  <div class='ocr_page' id='page_1' title='image "/cluster/home/n/w/nwhite01/storage/ocr_20150623/146/hvd.32044054760053/135.png"; bbox 0 0 4108 6188; ppageno 0'>
   <div class='ocr_carea' id='block_1_1' title="bbox 459 320 578 381">
    <p class='ocr_par' dir='ltr' id='par_1_1' title="bbox 459 320 578 381">
     <span class='ocr_line' id='line_1_1' title="bbox 459 320 578 381; baseline 0 -1"><span class='ocrx_word' id='word_1_1' title='bbox 459 320 578 381; x_wconf 78' lang='lat'>259</span> 
     </span>
    </p>
   </div>
   <div class='ocr_carea' id='block_1_2' title="bbox 1477 303 2865 378">
    <p class='ocr_par' dir='ltr' id='par_1_2' title="bbox 1477 303 2865 378">
     <span class='ocr_line' id='line_1_2' title="bbox 1477 303 2865 378; baseline -0.006 0"><span class='ocrx_word' id='word_1_2' title='bbox 1477 309 1819 378; x_wconf 84' lang='lat' dir='ltr'>OTHLONI</span> <span class='ocrx_word' id='word_1_3' title='bbox 1866 308 2215 376; x_wconf 81' lang='lat' dir='ltr'>MONACHI</span> <span class='ocrx_word' id='word_1_4' title='bbox 2262 314 2323 374; x_wconf 90' lang='lat' dir='ltr'>S.</span> <span class='ocrx_word' id='word_1_5' title='bbox 2372 303 2865 374; x_wconf 79' lang='lat' dir='ltr'>EMMEBAMMI</span> 
     </span>
    </p>
   </div>
   <div class='ocr_carea' id='block_1_3' title="bbox 3748 303 3869 368">
    <p class='ocr_par' dir='ltr' id='par_1_3' title="bbox 3748 303 3869 368">
     <span class='ocr_line' id='line_1_3' title="bbox 3748 303 3869 368; baseline 0 0"><span class='ocrx_word' id='word_1_6' title='bbox 3748 303 3869 368; x_wconf 74' lang='lat'>260</span> 
     </span>
    </p>
   </div>
   <div class='ocr_carea' id='block_1_4' title="bbox 466 438 3866 525">
    <p class='ocr_par' dir='ltr' id='par_1_4' title="bbox 466 438 3866 525">
     <span class='ocr_line' id='line_1_4' title="bbox 466 438 3866 525; baseline -0.004 -15"><span class='ocrx_word' id='word_1_7' title='bbox 466 470 636 525; x_wconf 88' lang='lat' dir='ltr'>spera</span> <span class='ocrx_word' id='word_1_8' title='bbox 667 452 877 507; x_wconf 86' lang='lat' dir='ltr'>cuncta</span> <span class='ocrx_word' id='word_1_9' title='bbox 904 462 1007 520; x_wconf 90' lang='lat' dir='ltr'>pro</span> <span class='ocrx_word' id='word_1_10' title='bbox 1038 447 1288 520; x_wconf 80' lang='lat' dir='ltr'>alicujus</span> <span class='ocrx_word' id='word_1_11' title='bbox 1318 448 1589 505; x_wconf 81' lang='lat' dir='ltr'>utilitatis</span> <span class='ocrx_word' id='word_1_12' title='bbox 1618 448 1705 504; x_wconf 88' lang='lat' dir='ltr'>vel</span> <span class='ocrx_word' id='word_1_13' title='bbox 1736 447 1968 520; x_wconf 87' lang='lat' dir='ltr'>pietatis</span> <span class='ocrx_word' id='word_1_14' title='bbox 1990 447 2105 503; x_wconf 89' lang='lat' dir='ltr'>dis-</span> <span class='ocrx_word' id='word_1_15' title='bbox 2132 448 2188 515; x_wconf 83' lang='grc' dir='ltr'><strong>Α</strong></span> <span class='ocrx_word' id='word_1_16' title='bbox 2218 450 2305 502; x_wconf 85' lang='lat' dir='ltr'>est</span> <span class='ocrx_word' id='word_1_17' title='bbox 2334 446 2490 518; x_wconf 90' lang='lat' dir='ltr'>quod</span> <span class='ocrx_word' id='word_1_18' title='bbox 2511 445 2596 501; x_wconf 89' lang='lat' dir='ltr'>vel</span> <span class='ocrx_word' id='word_1_19' title='bbox 2620 448 2890 517; x_wconf 88' lang='lat' dir='ltr'>parentes</span> <span class='ocrx_word' id='word_1_20' title='bbox 2921 441 3141 514; x_wconf 89' lang='lat' dir='ltr'>primos</span> <span class='ocrx_word' id='word_1_21' title='bbox 3188 454 3425 511; x_wconf 80' lang='lat' dir='ltr'>peccare</span> <span class='ocrx_word' id='word_1_22' title='bbox 3476 438 3745 511; x_wconf 82' lang='lat' dir='ltr'>permisit</span> <span class='ocrx_word' id='word_1_23' title='bbox 3776 441 3866 497; x_wconf 89' lang='lat' dir='ltr'>vel</span> 
     </span>
    </p>
   </div>
   <div class='ocr_carea' id='block_1_5' title="bbox 462 536 2111 614">
    <p class='ocr_par' dir='ltr' id='par_1_5' title="bbox 462 536 2111 614">
     <span class='ocr_line' id='line_1_5' title="bbox 462 536 2111 614; baseline -0.005 -17"><span class='ocrx_word' id='word_1_24' title='bbox 462 540 751 614; x_wconf 83' lang='lat' dir='ltr'>positione</span> <span class='ocrx_word' id='word_1_25' title='bbox 807 537 1067 593; x_wconf 84' lang='lat' dir='ltr'>decernit</span> <span class='ocrx_word' id='word_1_26' title='bbox 1120 536 1244 592; x_wconf 89' lang='lat' dir='ltr'>ﬁeri</span> <span class='ocrx_word' id='word_1_27' title='bbox 1308 537 1367 591; x_wconf 91' lang='lat' dir='ltr'>in</span> <span class='ocrx_word' id='word_1_28' title='bbox 1440 537 1680 591; x_wconf 92' lang='lat' dir='ltr'>mundo.</span> <span class='ocrx_word' id='word_1_29' title='bbox 1742 536 2111 605; x_wconf 84' lang='lat' dir='ltr'>Quacunque</span> 
     </span>
    </p>
   </div>
   <div class='ocr_carea' id='block_1_6' title="bbox 461 624 2110 697">
    <p class='ocr_par' dir='ltr' id='par_1_6' title="bbox 461 624 2110 697">
     <span class='ocr_line' id='line_1_6' title="bbox 461 624 2110 697; baseline -0.005 -12"><span class='ocrx_word' id='word_1_30' title='bbox 461 646 594 685; x_wconf 92' lang='lat' dir='ltr'>vero</span> <span class='ocrx_word' id='word_1_31' title='bbox 626 628 818 682; x_wconf 79' lang='lat' dir='ltr'>vilitas</span> <span class='ocrx_word' id='word_1_32' title='bbox 848 626 1119 682; x_wconf 85' lang='lat' dir='ltr'>humana</span> <span class='ocrx_word' id='word_1_33' title='bbox 1151 629 1372 681; x_wconf 85' lang='lat' dir='ltr'>natura</span> <span class='ocrx_word' id='word_1_34' title='bbox 1400 642 1467 681; x_wconf 90' lang='lat' dir='ltr'>ex</span> <span class='ocrx_word' id='word_1_35' title='bbox 1517 624 1859 697; x_wconf 88' lang='lat' dir='ltr'>parentibus</span> <span class='ocrx_word' id='word_1_36' title='bbox 1902 624 2110 695; x_wconf 86' lang='lat' dir='ltr'>primis</span> 
     </span>
    </p>
   </div>
   <div class='ocr_carea' id='block_1_7' title="bbox 462 713 2109 774">
    <p class='ocr_par' dir='ltr' id='par_1_7' title="bbox 462 713 2109 774">
     <span class='ocr_line' id='line_1_7' title="bbox 462 713 2109 774; baseline -0.005 1"><span class='ocrx_word' id='word_1_37' title='bbox 462 718 673 774; x_wconf 89' lang='lat' dir='ltr'>accidit</span> <span class='ocrx_word' id='word_1_38' title='bbox 696 716 755 771; x_wconf 92' lang='lat' dir='ltr'>in</span> <span class='ocrx_word' id='word_1_39' title='bbox 790 719 1018 771; x_wconf 90' lang='lat' dir='ltr'>tantum</span> <span class='ocrx_word' id='word_1_40' title='bbox 1069 716 1290 771; x_wconf 90' lang='lat' dir='ltr'>bonum</span> <span class='ocrx_word' id='word_1_41' title='bbox 1336 732 1502 771; x_wconf 90' lang='lat' dir='ltr'>versa</span> <span class='ocrx_word' id='word_1_42' title='bbox 1551 718 1639 770; x_wconf 91' lang='lat' dir='ltr'>est</span> <span class='ocrx_word' id='word_1_43' title='bbox 1686 732 1719 769; x_wconf 91' lang='lat' dir='ltr'>a</span> <span class='ocrx_word' id='word_1_44' title='bbox 1772 713 2012 768; x_wconf 91' lang='lat' dir='ltr'>Domino</span> <span class='ocrx_word' id='word_1_45' title='bbox 2044 716 2109 768; x_wconf 91' lang='lat' dir='ltr'>ut</span> 
     </span>
    </p>
   </div>
   <div class='ocr_carea' id='block_1_8' title="bbox 460 803 2109 877">
    <p class='ocr_par' dir='ltr' id='par_1_8' title="bbox 460 803 2109 877">
     <span class='ocr_line' id='line_1_8' title="bbox 460 803 2109 877; baseline -0.005 -14"><span class='ocrx_word' id='word_1_46' title='bbox 460 806 653 863; x_wconf 91' lang='lat' dir='ltr'>omnis</span> <span class='ocrx_word' id='word_1_47' title='bbox 680 804 966 877; x_wconf 74' lang='lat' dir='ltr'>superbia:</span> <span class='ocrx_word' id='word_1_48' title='bbox 995 804 1257 871; x_wconf 89' lang='lat' dir='ltr'>morbus,</span> <span class='ocrx_word' id='word_1_49' title='bbox 1290 805 1391 875; x_wconf 91' lang='lat' dir='ltr'>qui</span> <span class='ocrx_word' id='word_1_50' title='bbox 1420 803 1760 859; x_wconf 90' lang='lat' dir='ltr'>hominibus</span> <span class='ocrx_word' id='word_1_51' title='bbox 1794 804 1981 857; x_wconf 88' lang='lat' dir='ltr'>instar</span> <span class='ocrx_word' id='word_1_52' title='bbox 2010 817 2109 857; x_wconf 91' lang='lat' dir='ltr'>an-</span> 
     </span>
    </p>
   </div>
   <div class='ocr_carea' id='block_1_9' title="bbox 459 893 2104 968">
    <p class='ocr_par' dir='ltr' id='par_1_9' title="bbox 459 893 2104 968">
     <span class='ocr_line' id='line_1_9' title="bbox 459 893 2104 968; baseline -0.003 -18"><span class='ocrx_word' id='word_1_53' title='bbox 459 895 652 968; x_wconf 90' lang='lat' dir='ltr'>gelicae</span> <span class='ocrx_word' id='word_1_54' title='bbox 685 898 909 950; x_wconf 85' lang='lat' dir='ltr'>natura</span> <span class='ocrx_word' id='word_1_55' title='bbox 943 898 1142 965; x_wconf 87' lang='lat' dir='ltr'>posset</span> <span class='ocrx_word' id='word_1_56' title='bbox 1172 894 1330 959; x_wconf 92' lang='lat' dir='ltr'>oriri,</span> <span class='ocrx_word' id='word_1_57' title='bbox 1364 909 1432 947; x_wconf 91' lang='lat' dir='ltr'>ex</span> <span class='ocrx_word' id='word_1_58' title='bbox 1462 893 1570 948; x_wconf 91' lang='lat' dir='ltr'>hac</span> <span class='ocrx_word' id='word_1_59' title='bbox 1600 893 2104 962; x_wconf 87' lang='lat' dir='ltr'>comprimeretur.</span> 
     </span>
    </p>
   </div>
   <div class='ocr_carea' id='block_1_10' title="bbox 460 980 2105 1056">
    <p class='ocr_par' dir='ltr' id='par_1_10' title="bbox 460 980 2105 1056">
     <span class='ocr_line' id='line_1_10' title="bbox 460 980 2105 1056; baseline -0.003 -17"><span class='ocrx_word' id='word_1_60' title='bbox 460 986 718 1056; x_wconf 89' lang='lat' dir='ltr'>Denique</span> <span class='ocrx_word' id='word_1_61' title='bbox 749 1001 896 1055; x_wconf 90' lang='lat' dir='ltr'>opus</span> <span class='ocrx_word' id='word_1_62' title='bbox 925 1000 1097 1039; x_wconf 90' lang='lat' dir='ltr'>omne</span> <span class='ocrx_word' id='word_1_63' title='bbox 1120 983 1450 1054; x_wconf 84' lang='lat' dir='ltr'>pracedens</span> <span class='ocrx_word' id='word_1_64' title='bbox 1480 982 1745 1037; x_wconf 87' lang='lat' dir='ltr'>insinuat</span> <span class='ocrx_word' id='word_1_65' title='bbox 1775 980 1976 1035; x_wconf 89' lang='lat' dir='ltr'>factori</span> <span class='ocrx_word' id='word_1_66' title='bbox 1999 995 2105 1035; x_wconf 89' lang='lat' dir='ltr'>suo</span> 
     </span>
    </p>
   </div>
   <div class='ocr_carea' id='block_1_11' title="bbox 462 1069 2107 1146">
    <p class='ocr_par' dir='ltr' id='par_1_11' title="bbox 462 1069 2107 1146">
     <span class='ocr_line' id='line_1_11' title="bbox 462 1069 2107 1146; baseline -0.005 -16"><span class='ocrx_word' id='word_1_67' title='bbox 462 1091 576 1146; x_wconf 90' lang='lat' dir='ltr'>quo</span> <span class='ocrx_word' id='word_1_68' title='bbox 609 1075 779 1129; x_wconf 92' lang='lat' dir='ltr'>modo</span> <span class='ocrx_word' id='word_1_69' title='bbox 814 1075 1000 1129; x_wconf 82' lang='lat' dir='ltr'>facere</span> <span class='ocrx_word' id='word_1_70' title='bbox 1031 1073 1236 1127; x_wconf 85' lang='lat' dir='ltr'>debeat</span> <span class='ocrx_word' id='word_1_71' title='bbox 1266 1088 1538 1143; x_wconf 88' lang='lat' dir='ltr'>sequens.</span> <span class='ocrx_word' id='word_1_72' title='bbox 1570 1071 1661 1125; x_wconf 87' lang='lat' dir='ltr'>Sic</span> <span class='ocrx_word' id='word_1_73' title='bbox 1692 1073 1749 1125; x_wconf 87' lang='lat' dir='ltr'>et</span> <span class='ocrx_word' id='word_1_74' title='bbox 1777 1070 1892 1125; x_wconf 92' lang='lat' dir='ltr'>Deo</span> <span class='ocrx_word' id='word_1_75' title='bbox 1922 1069 2107 1124; x_wconf 91' lang='lat' dir='ltr'>omni-</span> 
     </span>
    </p>
   </div>
   <div class='ocr_carea' id='block_1_12' title="bbox 458 1160 2106 1235">
    <p class='ocr_par' dir='ltr' id='par_1_12' title="bbox 458 1160 2106 1235">
     <span class='ocr_line' id='line_1_12' title="bbox 458 1160 2106 1235; baseline -0.005 -16"><span class='ocrx_word' id='word_1_76' title='bbox 458 1164 683 1235; x_wconf 87' lang='lat' dir='ltr'>potenti</span> <span class='ocrx_word' id='word_1_77' title='bbox 715 1161 988 1235; x_wconf 87' lang='lat' dir='ltr'>angelicae</span> <span class='ocrx_word' id='word_1_78' title='bbox 1034 1160 1335 1233; x_wconf 86' lang='lat' dir='ltr'>dignitatis</span> <span class='ocrx_word' id='word_1_79' title='bbox 1387 1160 1630 1229; x_wconf 89' lang='lat' dir='ltr'>factura,</span> <span class='ocrx_word' id='word_1_80' title='bbox 1689 1176 1756 1215; x_wconf 91' lang='lat' dir='ltr'>ex</span> <span class='ocrx_word' id='word_1_81' title='bbox 1811 1162 1973 1230; x_wconf 88' lang='lat' dir='ltr'>patre</span> <span class='ocrx_word' id='word_1_82' title='bbox 2003 1173 2106 1229; x_wconf 90' lang='lat' dir='ltr'>per</span> 
     </span>
    </p>
   </div>
   <div class='ocr_carea' id='block_1_13' title="bbox 456 1245 2103 1324">
    <p class='ocr_par' dir='ltr' id='par_1_13' title="bbox 456 1245 2103 1324">
     <span class='ocr_line' id='line_1_13' title="bbox 456 1245 2103 1324; baseline -0.005 -17"><span class='ocrx_word' id='word_1_83' title='bbox 456 1252 793 1324; x_wconf 81' lang='lat' dir='ltr'>superbiam</span> <span class='ocrx_word' id='word_1_84' title='bbox 826 1251 991 1323; x_wconf 89' lang='lat' dir='ltr'>lapsa</span> <span class='ocrx_word' id='word_1_85' title='bbox 1033 1254 1089 1305; x_wconf 93' lang='lat' dir='ltr'>et</span> <span class='ocrx_word' id='word_1_86' title='bbox 1122 1266 1225 1321; x_wconf 92' lang='lat' dir='ltr'>per</span> <span class='ocrx_word' id='word_1_87' title='bbox 1253 1248 1362 1305; x_wconf 87' lang='lat' dir='ltr'>hoc</span> <span class='ocrx_word' id='word_1_88' title='bbox 1411 1248 1578 1320; x_wconf 89' lang='lat' dir='ltr'>quasi</span> <span class='ocrx_word' id='word_1_89' title='bbox 1612 1248 1906 1319; x_wconf 86' lang='lat' dir='ltr'>quoddam</span> <span class='ocrx_word' id='word_1_90' title='bbox 1938 1245 2103 1317; x_wconf 90' lang='lat' dir='ltr'>ﬁguli</span> 
     </span>
    </p>
   </div>
   <div class='ocr_carea' id='block_1_14' title="bbox 452 1335 2102 1406">
    <p class='ocr_par' dir='ltr' id='par_1_14' title="bbox 452 1335 2102 1406">
     <span class='ocr_line' id='line_1_14' title="bbox 452 1335 2102 1406; baseline -0.004 -9"><span class='ocrx_word' id='word_1_91' title='bbox 452 1358 555 1397; x_wconf 91' lang='lat' dir='ltr'>vas</span> <span class='ocrx_word' id='word_1_92' title='bbox 586 1342 644 1396; x_wconf 91' lang='lat' dir='ltr'>in</span> <span class='ocrx_word' id='word_1_93' title='bbox 676 1345 889 1396; x_wconf 90' lang='lat' dir='ltr'>terram</span> <span class='ocrx_word' id='word_1_94' title='bbox 947 1339 1161 1396; x_wconf 84' lang='lat' dir='ltr'>cadens</span> <span class='ocrx_word' id='word_1_95' title='bbox 1209 1340 1412 1406; x_wconf 87' lang='lat' dir='ltr'>fracta,</span> <span class='ocrx_word' id='word_1_96' title='bbox 1475 1337 1727 1393; x_wconf 89' lang='lat' dir='ltr'>ostendit</span> <span class='ocrx_word' id='word_1_97' title='bbox 1783 1335 1897 1391; x_wconf 90' lang='lat' dir='ltr'>alio</span> <span class='ocrx_word' id='word_1_98' title='bbox 1930 1336 2102 1391; x_wconf 91' lang='lat' dir='ltr'>modo</span> 
     </span>
    </p>
   </div>
   <div class='ocr_carea' id='block_1_15' title="bbox 453 1426 2100 1499">
    <p class='ocr_par' dir='ltr' id='par_1_15' title="bbox 453 1426 2100 1499">
     <span class='ocr_line' id='line_1_15' title="bbox 453 1426 2100 1499; baseline -0.002 -16"><span class='ocrx_word' id='word_1_99' title='bbox 453 1428 610 1484; x_wconf 89' lang='lat' dir='ltr'>aliud</span> <span class='ocrx_word' id='word_1_100' title='bbox 644 1446 743 1484; x_wconf 90' lang='lat' dir='ltr'>vas</span> <span class='ocrx_word' id='word_1_101' title='bbox 774 1444 901 1484; x_wconf 90' lang='lat' dir='ltr'>esse</span> <span class='ocrx_word' id='word_1_102' title='bbox 932 1428 1295 1499; x_wconf 86' lang='lat' dir='ltr'>ﬁngendum,</span> <span class='ocrx_word' id='word_1_103' title='bbox 1331 1443 1447 1482; x_wconf 92' lang='lat' dir='ltr'>non</span> <span class='ocrx_word' id='word_1_104' title='bbox 1497 1426 1664 1497; x_wconf 88' lang='lat' dir='ltr'>quasi</span> <span class='ocrx_word' id='word_1_105' title='bbox 1695 1426 1897 1498; x_wconf 89' lang='lat' dir='ltr'>ignaro</span> <span class='ocrx_word' id='word_1_106' title='bbox 1926 1428 2100 1480; x_wconf 84' lang='lat' dir='ltr'>tanta</span> 
     </span>
    </p>
   </div>
   <div class='ocr_carea' id='block_1_16' title="bbox 452 1516 2094 1585">
    <p class='ocr_par' dir='ltr' id='par_1_16' title="bbox 452 1516 2094 1585">
     <span class='ocr_line' id='line_1_16' title="bbox 452 1516 2094 1585; baseline -0.002 -13"><span class='ocrx_word' id='word_1_107' title='bbox 452 1518 738 1583; x_wconf 87' lang='lat' dir='ltr'>fractura,</span> <span class='ocrx_word' id='word_1_108' title='bbox 772 1518 872 1573; x_wconf 87' lang='lat' dir='ltr'>sed</span> <span class='ocrx_word' id='word_1_109' title='bbox 908 1521 971 1571; x_wconf 92' lang='lat' dir='ltr'>ut</span> <span class='ocrx_word' id='word_1_110' title='bbox 1003 1516 1171 1572; x_wconf 91' lang='lat' dir='ltr'>nobis</span> <span class='ocrx_word' id='word_1_111' title='bbox 1201 1520 1338 1571; x_wconf 90' lang='lat' dir='ltr'>nota</span> <span class='ocrx_word' id='word_1_112' title='bbox 1369 1516 1575 1571; x_wconf 86' lang='lat' dir='ltr'>ﬁerent</span> <span class='ocrx_word' id='word_1_113' title='bbox 1597 1532 1723 1585; x_wconf 84' lang='lat' dir='ltr'>qua</span> <span class='ocrx_word' id='word_1_114' title='bbox 1750 1516 1900 1570; x_wconf 88' lang='lat' dir='ltr'>facta</span> <span class='ocrx_word' id='word_1_115' title='bbox 1921 1518 2094 1581; x_wconf 88' lang='lat' dir='ltr'>sunt;</span> 
     </span>
    </p>
   </div>
   <div class='ocr_carea' id='block_1_17' title="bbox 452 1604 2101 1679">
    <p class='ocr_par' dir='ltr' id='par_1_17' title="bbox 452 1604 2101 1679">
     <span class='ocr_line' id='line_1_17' title="bbox 452 1604 2101 1679; baseline -0.001 -19"><span class='ocrx_word' id='word_1_116' title='bbox 452 1606 577 1679; x_wconf 89' lang='lat' dir='ltr'>ipse</span> <span class='ocrx_word' id='word_1_117' title='bbox 607 1607 822 1678; x_wconf 91' lang='lat' dir='ltr'>quippe</span> <span class='ocrx_word' id='word_1_118' title='bbox 853 1622 1221 1678; x_wconf 86' lang='lat' dir='ltr'>pranoscens</span> <span class='ocrx_word' id='word_1_119' title='bbox 1251 1605 1466 1672; x_wconf 89' lang='lat' dir='ltr'>omnia,</span> <span class='ocrx_word' id='word_1_120' title='bbox 1492 1609 1805 1676; x_wconf 87' lang='lat' dir='ltr'>antequam</span> <span class='ocrx_word' id='word_1_121' title='bbox 1831 1605 1993 1672; x_wconf 87' lang='lat' dir='ltr'>ﬁant,</span> <span class='ocrx_word' id='word_1_122' title='bbox 2016 1604 2101 1658; x_wconf 91' lang='lat' dir='ltr'>in-</span> 
     </span>
    </p>
   </div>
   <div class='ocr_carea' id='block_1_18' title="bbox 451 1693 2098 1766">
    <p class='ocr_par' dir='ltr' id='par_1_18' title="bbox 451 1693 2098 1766">
     <span class='ocr_line' id='line_1_18' title="bbox 451 1693 2098 1766; baseline -0.003 -14"><span class='ocrx_word' id='word_1_123' title='bbox 451 1694 649 1752; x_wconf 89' lang='lat' dir='ltr'>sinuat</span> <span class='ocrx_word' id='word_1_124' title='bbox 678 1696 847 1751; x_wconf 92' lang='lat' dir='ltr'>nobis</span> <span class='ocrx_word' id='word_1_125' title='bbox 878 1713 946 1751; x_wconf 89' lang='lat' dir='ltr'>ex</span> <span class='ocrx_word' id='word_1_126' title='bbox 975 1695 1437 1766; x_wconf 87' lang='lat' dir='ltr'>praecedentibus</span> <span class='ocrx_word' id='word_1_127' title='bbox 1464 1693 1715 1765; x_wconf 85' lang='lat' dir='ltr'>qualiter</span> <span class='ocrx_word' id='word_1_128' title='bbox 1745 1694 1941 1747; x_wconf 87' lang='lat' dir='ltr'>futura</span> <span class='ocrx_word' id='word_1_129' title='bbox 1958 1708 2098 1763; x_wconf 88' lang='lat' dir='ltr'>pen-</span> 
     </span>
    </p>
   </div>
   <div class='ocr_carea' id='block_1_19' title="bbox 452 1781 2097 1855">
    <p class='ocr_par' dir='ltr' id='par_1_19' title="bbox 452 1781 2097 1855">
     <span class='ocr_line' id='line_1_19' title="bbox 452 1781 2097 1855; baseline -0.003 -14"><span class='ocrx_word' id='word_1_130' title='bbox 452 1801 582 1841; x_wconf 86' lang='lat' dir='ltr'>sare</span> <span class='ocrx_word' id='word_1_131' title='bbox 612 1786 930 1841; x_wconf 90' lang='lat' dir='ltr'>debeamus</span> <span class='ocrx_word' id='word_1_132' title='bbox 972 1788 1376 1855; x_wconf 91' lang='lat' dir='ltr'>quantumque</span> <span class='ocrx_word' id='word_1_133' title='bbox 1424 1798 1659 1838; x_wconf 90' lang='lat' dir='ltr'>necesse</span> <span class='ocrx_word' id='word_1_134' title='bbox 1703 1786 1856 1837; x_wconf 88' lang='lat' dir='ltr'>esset</span> <span class='ocrx_word' id='word_1_135' title='bbox 1882 1781 2097 1836; x_wconf 89' lang='lat' dir='ltr'>mutari</span> 
     </span>
    </p>
   </div>
   <div class='ocr_carea' id='block_1_20' title="bbox 450 1870 2099 1944">
    <p class='ocr_par' dir='ltr' id='par_1_20' title="bbox 450 1870 2099 1944">
     <span class='ocr_line' id='line_1_20' title="bbox 450 1870 2099 1944; baseline -0.002 -15"><span class='ocrx_word' id='word_1_136' title='bbox 450 1873 776 1944; x_wconf 83' lang='lat' dir='ltr'>sequentia,</span> <span class='ocrx_word' id='word_1_137' title='bbox 804 1889 938 1927; x_wconf 92' lang='lat' dir='ltr'>cum</span> <span class='ocrx_word' id='word_1_138' title='bbox 972 1872 1227 1943; x_wconf 88' lang='lat' dir='ltr'>perirent</span> <span class='ocrx_word' id='word_1_139' title='bbox 1257 1872 1465 1944; x_wconf 87' lang='lat' dir='ltr'>prima.</span> <span class='ocrx_word' id='word_1_140' title='bbox 1499 1872 1658 1937; x_wconf 88' lang='lat' dir='ltr'>Quod</span> <span class='ocrx_word' id='word_1_141' title='bbox 1690 1870 1848 1926; x_wconf 90' lang='lat' dir='ltr'>enim</span> <span class='ocrx_word' id='word_1_142' title='bbox 1878 1871 1965 1925; x_wconf 91' lang='lat' dir='ltr'>vel</span> <span class='ocrx_word' id='word_1_143' title='bbox 1997 1888 2099 1926; x_wconf 90' lang='lat' dir='ltr'>an-</span> 
     </span>
    </p>
   </div>
   <div class='ocr_carea' id='block_1_21' title="bbox 448 1959 2100 2032">
    <p class='ocr_par' dir='ltr' id='par_1_21' title="bbox 448 1959 2100 2032">
     <span class='ocr_line' id='line_1_21' title="bbox 448 1959 2100 2032; baseline -0.001 -16"><span class='ocrx_word' id='word_1_144' title='bbox 448 1960 610 2032; x_wconf 83' lang='lat' dir='ltr'>gelos</span> <span class='ocrx_word' id='word_1_145' title='bbox 628 1961 913 2031; x_wconf 88' lang='lat' dir='ltr'>quosdam</span> <span class='ocrx_word' id='word_1_146' title='bbox 926 2005 939 2028; x_wconf 89' lang='lat'>,</span> <span class='ocrx_word' id='word_1_147' title='bbox 955 1960 1041 2015; x_wconf 90' lang='lat' dir='ltr'>vel</span> <span class='ocrx_word' id='word_1_148' title='bbox 1064 1959 1331 2015; x_wconf 88' lang='lat' dir='ltr'>homines</span> <span class='ocrx_word' id='word_1_149' title='bbox 1350 1960 1571 2031; x_wconf 87' lang='lat' dir='ltr'>primos</span> <span class='ocrx_word' id='word_1_150' title='bbox 1590 1960 1792 2015; x_wconf 88' lang='lat' dir='ltr'>cadere</span> <span class='ocrx_word' id='word_1_151' title='bbox 1810 1959 2100 2032; x_wconf 82' lang='lat' dir='ltr'>permisit,</span> 
     </span>
    </p>
   </div>
   <div class='ocr_carea' id='block_1_22' title="bbox 449 2048 2097 2121">
    <p class='ocr_par' dir='ltr' id='par_1_22' title="bbox 449 2048 2097 2121">
     <span class='ocr_line' id='line_1_22' title="bbox 449 2048 2097 2121; baseline 0.001 -18"><span class='ocrx_word' id='word_1_152' title='bbox 449 2050 519 2103; x_wconf 91' lang='lat' dir='ltr'>ad</span> <span class='ocrx_word' id='word_1_153' title='bbox 553 2049 839 2105; x_wconf 86' lang='lat' dir='ltr'>cautelam</span> <span class='ocrx_word' id='word_1_154' title='bbox 874 2048 1058 2104; x_wconf 89' lang='lat' dir='ltr'>nostri</span> <span class='ocrx_word' id='word_1_155' title='bbox 1089 2049 1241 2117; x_wconf 91' lang='lat' dir='ltr'>fecit,</span> <span class='ocrx_word' id='word_1_156' title='bbox 1298 2054 1361 2103; x_wconf 91' lang='lat' dir='ltr'>ut</span> <span class='ocrx_word' id='word_1_157' title='bbox 1390 2066 1492 2121; x_wconf 91' lang='lat' dir='ltr'>per</span> <span class='ocrx_word' id='word_1_158' title='bbox 1534 2048 1642 2104; x_wconf 90' lang='lat' dir='ltr'>hoc</span> <span class='ocrx_word' id='word_1_159' title='bbox 1688 2066 1792 2105; x_wconf 92' lang='lat' dir='ltr'>nos</span> <span class='ocrx_word' id='word_1_160' title='bbox 1824 2049 2097 2104; x_wconf 88' lang='lat' dir='ltr'>instructi</span> 
     </span>
    </p>
   </div>
   <div class='ocr_carea' id='block_1_23' title="bbox 448 2137 1369 2208">
    <p class='ocr_par' dir='ltr' id='par_1_23' title="bbox 448 2137 1369 2208">
     <span class='ocr_line' id='line_1_23' title="bbox 448 2137 1369 2208; baseline 0.001 -17"><span class='ocrx_word' id='word_1_161' title='bbox 448 2137 595 2191; x_wconf 89' lang='lat' dir='ltr'>nihil</span> <span class='ocrx_word' id='word_1_162' title='bbox 619 2138 688 2193; x_wconf 90' lang='lat' dir='ltr'>de</span> <span class='ocrx_word' id='word_1_163' title='bbox 723 2138 892 2192; x_wconf 91' lang='lat' dir='ltr'>nobis</span> <span class='ocrx_word' id='word_1_164' title='bbox 922 2154 1369 2208; x_wconf 86' lang='lat' dir='ltr'>prasumamus.</span> 
     </span>
    </p>
   </div>
   <div class='ocr_carea' id='block_1_24' title="bbox 519 2226 2099 2300">
    <p class='ocr_par' dir='ltr' id='par_1_24' title="bbox 519 2226 2099 2300">
     <span class='ocr_line' id='line_1_24' title="bbox 519 2226 2099 2300; baseline 0.002 -20"><span class='ocrx_word' id='word_1_165' title='bbox 519 2226 677 2281; x_wconf 90' lang='lat' dir='ltr'>Fecit</span> <span class='ocrx_word' id='word_1_166' title='bbox 706 2242 840 2298; x_wconf 90' lang='lat' dir='ltr'>ergo</span> <span class='ocrx_word' id='word_1_167' title='bbox 872 2227 1025 2282; x_wconf 91' lang='lat' dir='ltr'>Deus</span> <span class='ocrx_word' id='word_1_168' title='bbox 1059 2227 1115 2281; x_wconf 90' lang='lat' dir='ltr'>in</span> <span class='ocrx_word' id='word_1_169' title='bbox 1147 2227 1385 2282; x_wconf 89' lang='lat' dir='ltr'>homine</span> <span class='ocrx_word' id='word_1_170' title='bbox 1406 2227 1572 2299; x_wconf 91' lang='lat' dir='ltr'>lapso</span> <span class='ocrx_word' id='word_1_171' title='bbox 1593 2228 1746 2282; x_wconf 89' lang='lat' dir='ltr'>sicut</span> <span class='ocrx_word' id='word_1_172' title='bbox 1766 2227 1979 2299; x_wconf 89' lang='lat' dir='ltr'>aliquis</span> <span class='ocrx_word' id='word_1_173' title='bbox 2004 2244 2099 2300; x_wconf 88' lang='lat' dir='ltr'>pe-</span> 
     </span>
    </p>
   </div>
   <div class='ocr_carea' id='block_1_25' title="bbox 446 2315 2095 2389">
    <p class='ocr_par' dir='ltr' id='par_1_25' title="bbox 446 2315 2095 2389">
     <span class='ocr_line' id='line_1_25' title="bbox 446 2315 2095 2389; baseline 0.002 -20"><span class='ocrx_word' id='word_1_174' title='bbox 446 2315 767 2370; x_wconf 87' lang='lat' dir='ltr'>ritissimus</span> <span class='ocrx_word' id='word_1_175' title='bbox 790 2315 1051 2371; x_wconf 91' lang='lat' dir='ltr'>medicus</span> <span class='ocrx_word' id='word_1_176' title='bbox 1072 2316 1260 2371; x_wconf 89' lang='lat' dir='ltr'>facere</span> <span class='ocrx_word' id='word_1_177' title='bbox 1285 2316 1434 2372; x_wconf 89' lang='lat' dir='ltr'>solet</span> <span class='ocrx_word' id='word_1_178' title='bbox 1451 2318 1511 2371; x_wconf 93' lang='lat' dir='ltr'>in</span> <span class='ocrx_word' id='word_1_179' title='bbox 1530 2317 1767 2373; x_wconf 90' lang='lat' dir='ltr'>homine</span> <span class='ocrx_word' id='word_1_180' title='bbox 1781 2322 2014 2389; x_wconf 88' lang='lat' dir='ltr'>agroto.</span> <span class='ocrx_word' id='word_1_181' title='bbox 2036 2316 2095 2372; x_wconf 90' lang='lat' dir='ltr'>Si</span> 
     </span>
    </p>
   </div>
   <div class='ocr_carea' id='block_1_26' title="bbox 444 2402 2097 2478">
    <p class='ocr_par' dir='ltr' id='par_1_26' title="bbox 444 2402 2097 2478">
     <span class='ocr_line' id='line_1_26' title="bbox 444 2402 2097 2478; baseline 0.001 -20"><span class='ocrx_word' id='word_1_182' title='bbox 444 2403 600 2458; x_wconf 90' lang='lat' dir='ltr'>enim</span> <span class='ocrx_word' id='word_1_183' title='bbox 632 2402 933 2476; x_wconf 89' lang='lat' dir='ltr'>languoris</span> <span class='ocrx_word' id='word_1_184' title='bbox 973 2405 1102 2474; x_wconf 85' lang='lat' dir='ltr'>ejus</span> <span class='ocrx_word' id='word_1_185' title='bbox 1152 2405 1496 2475; x_wconf 88' lang='lat' dir='ltr'>qualitatem</span> <span class='ocrx_word' id='word_1_186' title='bbox 1546 2422 1869 2478; x_wconf 89' lang='lat' dir='ltr'>agnoscens</span> <span class='ocrx_word' id='word_1_187' title='bbox 1901 2409 2097 2477; x_wconf 87' lang='lat' dir='ltr'>sperat</span> 
     </span>
    </p>
   </div>
   <div class='ocr_carea' id='block_1_27' title="bbox 446 2493 2093 2564">
    <p class='ocr_par' dir='ltr' id='par_1_27' title="bbox 446 2493 2093 2564">
     <span class='ocr_line' id='line_1_27' title="bbox 446 2493 2093 2564; baseline 0.001 -17"><span class='ocrx_word' id='word_1_188' title='bbox 446 2508 579 2547; x_wconf 89' lang='lat' dir='ltr'>eum</span> <span class='ocrx_word' id='word_1_189' title='bbox 612 2508 783 2564; x_wconf 91' lang='lat' dir='ltr'>posse</span> <span class='ocrx_word' id='word_1_190' title='bbox 813 2493 1031 2560; x_wconf 88' lang='lat' dir='ltr'>sanari,</span> <span class='ocrx_word' id='word_1_191' title='bbox 1056 2494 1305 2564; x_wconf 90' lang='lat' dir='ltr'>suscipit</span> <span class='ocrx_word' id='word_1_192' title='bbox 1324 2511 1458 2549; x_wconf 90' lang='lat' dir='ltr'>eum</span> <span class='ocrx_word' id='word_1_193' title='bbox 1486 2497 1834 2551; x_wconf 91' lang='lat' dir='ltr'>sanandum.</span> <span class='ocrx_word' id='word_1_194' title='bbox 1860 2496 2023 2550; x_wconf 90' lang='lat' dir='ltr'>Tunc</span> <span class='ocrx_word' id='word_1_195' title='bbox 2046 2494 2093 2550; x_wconf 92' lang='lat' dir='ltr'>si</span> 
     </span>
    </p>
   </div>
   <div class='ocr_carea' id='block_1_28' title="bbox 445 2579 2097 2654">
    <p class='ocr_par' dir='ltr' id='par_1_28' title="bbox 445 2579 2097 2654">
     <span class='ocr_line' id='line_1_28' title="bbox 445 2579 2097 2654; baseline 0.002 -19"><span class='ocrx_word' id='word_1_196' title='bbox 445 2579 758 2635; x_wconf 88' lang='lat' dir='ltr'>inﬁrmitas</span> <span class='ocrx_word' id='word_1_197' title='bbox 781 2580 977 2653; x_wconf 85' lang='lat' dir='ltr'>exigit,</span> <span class='ocrx_word' id='word_1_198' title='bbox 996 2580 1249 2653; x_wconf 88' lang='lat' dir='ltr'>imponit</span> <span class='ocrx_word' id='word_1_199' title='bbox 1270 2582 1319 2637; x_wconf 92' lang='lat' dir='ltr'>ei</span> <span class='ocrx_word' id='word_1_200' title='bbox 1340 2582 1678 2653; x_wconf 89' lang='lat' dir='ltr'>emplastra,</span> <span class='ocrx_word' id='word_1_201' title='bbox 1699 2584 1941 2638; x_wconf 88' lang='lat' dir='ltr'>materia</span> <span class='ocrx_word' id='word_1_202' title='bbox 1958 2599 2097 2654; x_wconf 89' lang='lat' dir='ltr'>qua-</span> 
     </span>
    </p>
   </div>
   <div class='ocr_carea' id='block_1_29' title="bbox 444 2669 2088 2743">
    <p class='ocr_par' dir='ltr' id='par_1_29' title="bbox 444 2669 2088 2743">
     <span class='ocr_line' id='line_1_29' title="bbox 444 2669 2088 2743; baseline 0.002 -20"><span class='ocrx_word' id='word_1_203' title='bbox 444 2669 579 2724; x_wconf 91' lang='lat' dir='ltr'>dam</span> <span class='ocrx_word' id='word_1_204' title='bbox 598 2669 883 2743; x_wconf 88' lang='lat' dir='ltr'>vilissima</span> <span class='ocrx_word' id='word_1_205' title='bbox 898 2670 1193 2726; x_wconf 89' lang='lat' dir='ltr'>interdum</span> <span class='ocrx_word' id='word_1_206' title='bbox 1213 2671 1493 2741; x_wconf 88' lang='lat' dir='ltr'>confecta,</span> <span class='ocrx_word' id='word_1_207' title='bbox 1514 2673 1654 2727; x_wconf 92' lang='lat' dir='ltr'>adeo</span> <span class='ocrx_word' id='word_1_208' title='bbox 1674 2672 2088 2727; x_wconf 87' lang='lat' dir='ltr'>utanimalium</span> 
     </span>
    </p>
   </div>
   <div class='ocr_carea' id='block_1_30' title="bbox 441 2757 2092 2831">
    <p class='ocr_par' dir='ltr' id='par_1_30' title="bbox 441 2757 2092 2831">
     <span class='ocr_line' id='line_1_30' title="bbox 441 2757 2092 2831; baseline 0.001 -18"><span class='ocrx_word' id='word_1_209' title='bbox 441 2757 529 2813; x_wconf 93' lang='lat' dir='ltr'>vel</span> <span class='ocrx_word' id='word_1_210' title='bbox 559 2757 751 2813; x_wconf 91' lang='lat' dir='ltr'>avium</span> <span class='ocrx_word' id='word_1_211' title='bbox 774 2763 1024 2814; x_wconf 89' lang='lat' dir='ltr'>stercore</span> <span class='ocrx_word' id='word_1_212' title='bbox 1047 2759 1423 2827; x_wconf 88' lang='lat' dir='ltr'>misceantur,</span> <span class='ocrx_word' id='word_1_213' title='bbox 1448 2760 1720 2815; x_wconf 85' lang='lat' dir='ltr'>carnibus</span> <span class='ocrx_word' id='word_1_214' title='bbox 1742 2776 1974 2831; x_wconf 89' lang='lat' dir='ltr'>quoque</span> <span class='ocrx_word' id='word_1_215' title='bbox 1996 2778 2092 2815; x_wconf 90' lang='lat' dir='ltr'>ca-</span> 
     </span>
    </p>
   </div>
   <div class='ocr_carea' id='block_1_31' title="bbox 443 2842 2093 2921">
    <p class='ocr_par' dir='ltr' id='par_1_31' title="bbox 443 2842 2093 2921">
     <span class='ocr_line' id='line_1_31' title="bbox 443 2842 2093 2921; baseline 0.001 -20"><span class='ocrx_word' id='word_1_216' title='bbox 443 2863 608 2915; x_wconf 90' lang='lat' dir='ltr'>num,</span> <span class='ocrx_word' id='word_1_217' title='bbox 640 2847 728 2903; x_wconf 87' lang='lat' dir='ltr'>vel</span> <span class='ocrx_word' id='word_1_218' title='bbox 760 2842 1092 2915; x_wconf 84' lang='lat' dir='ltr'>vulnerum,</span> <span class='ocrx_word' id='word_1_219' title='bbox 1129 2864 1229 2903; x_wconf 90' lang='lat' dir='ltr'>seu</span> <span class='ocrx_word' id='word_1_220' title='bbox 1266 2849 1627 2921; x_wconf 86' lang='lat' dir='ltr'>serpentium</span> <span class='ocrx_word' id='word_1_221' title='bbox 1659 2854 1925 2920; x_wconf 87' lang='lat' dir='ltr'>agantur.</span> <span class='ocrx_word' id='word_1_222' title='bbox 1953 2850 2093 2903; x_wconf 84' lang='lat' dir='ltr'>Pra-</span> 
     </span>
    </p>
   </div>
   <div class='ocr_carea' id='block_1_32' title="bbox 442 2936 2090 3007">
    <p class='ocr_par' dir='ltr' id='par_1_32' title="bbox 442 2936 2090 3007">
     <span class='ocr_line' id='line_1_32' title="bbox 442 2936 2090 3007; baseline 0.002 -17"><span class='ocrx_word' id='word_1_223' title='bbox 442 2939 602 2992; x_wconf 89' lang='lat' dir='ltr'>terea</span> <span class='ocrx_word' id='word_1_224' title='bbox 632 2936 681 2992; x_wconf 92' lang='lat' dir='ltr'>si</span> <span class='ocrx_word' id='word_1_225' title='bbox 707 2952 854 3007; x_wconf 89' lang='lat' dir='ltr'>opus</span> <span class='ocrx_word' id='word_1_226' title='bbox 885 2942 996 3004; x_wconf 90' lang='lat' dir='ltr'>est,</span> <span class='ocrx_word' id='word_1_227' title='bbox 1030 2937 1397 2993; x_wconf 90' lang='lat' dir='ltr'>adustionem</span> <span class='ocrx_word' id='word_1_228' title='bbox 1444 2939 1707 2993; x_wconf 91' lang='lat' dir='ltr'>medicus</span> <span class='ocrx_word' id='word_1_229' title='bbox 1739 2938 1921 2994; x_wconf 86' lang='lat' dir='ltr'>addit.</span> <span class='ocrx_word' id='word_1_230' title='bbox 1954 2938 2090 2994; x_wconf 89' lang='lat' dir='ltr'>Tale</span> 
     </span>
    </p>
   </div>
   <div class='ocr_carea' id='block_1_33' title="bbox 444 3026 2084 3097">
    <p class='ocr_par' dir='ltr' id='par_1_33' title="bbox 444 3026 2084 3097">
     <span class='ocr_line' id='line_1_33' title="bbox 444 3026 2084 3097; baseline 0.001 -18"><span class='ocrx_word' id='word_1_231' title='bbox 444 3030 636 3079; x_wconf 89' lang='lat' dir='ltr'>autem</span> <span class='ocrx_word' id='word_1_232' title='bbox 671 3026 1037 3081; x_wconf 90' lang='lat' dir='ltr'>medicamen</span> <span class='ocrx_word' id='word_1_233' title='bbox 1076 3026 1346 3097; x_wconf 86' lang='lat' dir='ltr'>quamvis</span> <span class='ocrx_word' id='word_1_234' title='bbox 1404 3027 1472 3080; x_wconf 90' lang='lat' dir='ltr'>ad</span> <span class='ocrx_word' id='word_1_235' title='bbox 1509 3027 1817 3082; x_wconf 86' lang='lat' dir='ltr'>sanitatem</span> <span class='ocrx_word' id='word_1_236' title='bbox 1871 3028 2084 3092; x_wconf 90' lang='lat' dir='ltr'>carnis,</span> 
     </span>
    </p>
   </div>
   <div class='ocr_carea' id='block_1_34' title="bbox 444 3114 2087 3186">
    <p class='ocr_par' dir='ltr' id='par_1_34' title="bbox 444 3114 2087 3186">
     <span class='ocr_line' id='line_1_34' title="bbox 444 3114 2087 3186; baseline 0.002 -18"><span class='ocrx_word' id='word_1_237' title='bbox 444 3114 598 3169; x_wconf 90' lang='lat' dir='ltr'>sicut</span> <span class='ocrx_word' id='word_1_238' title='bbox 616 3114 714 3185; x_wconf 87' lang='lat' dir='ltr'>qui</span> <span class='ocrx_word' id='word_1_239' title='bbox 737 3114 953 3186; x_wconf 82' lang='lat' dir='ltr'>experti</span> <span class='ocrx_word' id='word_1_240' title='bbox 977 3121 1115 3170; x_wconf 91' lang='lat' dir='ltr'>sunt</span> <span class='ocrx_word' id='word_1_241' title='bbox 1136 3119 1446 3183; x_wconf 89' lang='lat' dir='ltr'>testantur,</span> <span class='ocrx_word' id='word_1_242' title='bbox 1472 3115 1853 3171; x_wconf 87' lang='lat' dir='ltr'>utilissimum</span> <span class='ocrx_word' id='word_1_243' title='bbox 1880 3116 2087 3172; x_wconf 90' lang='lat' dir='ltr'>sentia-</span> 
     </span>
    </p>
   </div>
   <div class='ocr_carea' id='block_1_35' title="bbox 2221 526 3873 607">
    <p class='ocr_par' dir='ltr' id='par_1_35' title="bbox 2221 526 3873 607">
     <span class='ocr_line' id='line_1_35' title="bbox 2221 526 3873 607; baseline -0.003 -16"><span class='ocrx_word' id='word_1_244' title='bbox 2221 552 2327 591; x_wconf 91' lang='lat' dir='ltr'>nos</span> <span class='ocrx_word' id='word_1_245' title='bbox 2358 550 2462 607; x_wconf 90' lang='lat' dir='ltr'>per</span> <span class='ocrx_word' id='word_1_246' title='bbox 2489 551 2688 591; x_wconf 89' lang='lat' dir='ltr'>eorum</span> <span class='ocrx_word' id='word_1_247' title='bbox 2720 530 3249 605; x_wconf 76' lang='lat' dir='ltr'>praevaricationem</span> <span class='ocrx_word' id='word_1_248' title='bbox 3282 526 3501 583; x_wconf 84' lang='lat' dir='ltr'>vilitate</span> <span class='ocrx_word' id='word_1_249' title='bbox 3534 527 3732 601; x_wconf 88' lang='lat' dir='ltr'>aliqua</span> <span class='ocrx_word' id='word_1_250' title='bbox 3762 529 3873 586; x_wconf 86' lang='lat' dir='ltr'>cir-</span> 
     </span>
    </p>
   </div>
   <div class='ocr_carea' id='block_1_36' title="bbox 2221 618 3869 693">
    <p class='ocr_par' dir='ltr' id='par_1_36' title="bbox 2221 618 3869 693">
     <span class='ocr_line' id='line_1_36' title="bbox 2221 618 3869 693; baseline -0.002 -13"><span class='ocrx_word' id='word_1_251' title='bbox 2221 625 2538 693; x_wconf 87' lang='lat' dir='ltr'>cumdedit,</span> <span class='ocrx_word' id='word_1_252' title='bbox 2581 624 2691 679; x_wconf 85' lang='lat' dir='ltr'>hoc</span> <span class='ocrx_word' id='word_1_253' title='bbox 2721 627 2909 678; x_wconf 89' lang='lat' dir='ltr'>totum</span> <span class='ocrx_word' id='word_1_254' title='bbox 2941 637 3044 693; x_wconf 89' lang='lat' dir='ltr'>pro</span> <span class='ocrx_word' id='word_1_255' title='bbox 3090 618 3299 676; x_wconf 86' lang='lat' dir='ltr'>salutis</span> <span class='ocrx_word' id='word_1_256' title='bbox 3331 621 3543 673; x_wconf 89' lang='lat' dir='ltr'>nostra</span> <span class='ocrx_word' id='word_1_257' title='bbox 3573 635 3754 677; x_wconf 87' lang='lat' dir='ltr'>causa</span> <span class='ocrx_word' id='word_1_258' title='bbox 3785 620 3869 677; x_wconf 89' lang='lat' dir='ltr'>fe-</span> 
     </span>
    </p>
   </div>
   <div class='ocr_carea' id='block_1_37' title="bbox 2219 706 3869 780">
    <p class='ocr_par' dir='ltr' id='par_1_37' title="bbox 2219 706 3869 780">
     <span class='ocr_line' id='line_1_37' title="bbox 2219 706 3869 780; baseline -0.002 -11"><span class='ocrx_word' id='word_1_259' title='bbox 2219 715 2368 769; x_wconf 90' lang='lat' dir='ltr'>cisse</span> <span class='ocrx_word' id='word_1_260' title='bbox 2391 713 2717 769; x_wconf 90' lang='lat' dir='ltr'>credendus</span> <span class='ocrx_word' id='word_1_261' title='bbox 2739 716 2847 768; x_wconf 86' lang='lat' dir='ltr'>est.</span> <span class='ocrx_word' id='word_1_262' title='bbox 2872 712 2938 767; x_wconf 91' lang='lat' dir='ltr'>Et</span> <span class='ocrx_word' id='word_1_263' title='bbox 2961 709 3096 765; x_wconf 90' lang='lat' dir='ltr'>licet</span> <span class='ocrx_word' id='word_1_264' title='bbox 3127 709 3183 763; x_wconf 93' lang='lat' dir='ltr'>in</span> <span class='ocrx_word' id='word_1_265' title='bbox 3206 708 3314 763; x_wconf 89' lang='lat' dir='ltr'>hoc</span> <span class='ocrx_word' id='word_1_266' title='bbox 3336 706 3542 762; x_wconf 85' lang='lat' dir='ltr'>divina</span> <span class='ocrx_word' id='word_1_267' title='bbox 3564 709 3869 780; x_wconf 89' lang='lat' dir='ltr'>sapientia</span> 
     </span>
    </p>
   </div>
   <div class='ocr_carea' id='block_1_38' title="bbox 2218 796 3871 875">
    <p class='ocr_par' dir='ltr' id='par_1_38' title="bbox 2218 796 3871 875">
     <span class='ocr_line' id='line_1_38' title="bbox 2218 796 3871 875; baseline -0.001 -17"><span class='ocrx_word' id='word_1_268' title='bbox 2218 802 2583 875; x_wconf 85' lang='lat' dir='ltr'>profunditas</span> <span class='ocrx_word' id='word_1_269' title='bbox 2615 805 2865 872; x_wconf 87' lang='lat' dir='ltr'>nequeat</span> <span class='ocrx_word' id='word_1_270' title='bbox 2897 799 3129 871; x_wconf 88' lang='lat' dir='ltr'>penitus</span> <span class='ocrx_word' id='word_1_271' title='bbox 3159 796 3519 869; x_wconf 86' lang='lat' dir='ltr'>investigari,</span> <span class='ocrx_word' id='word_1_272' title='bbox 3552 800 3871 869; x_wconf 82' lang='lat' dir='ltr'>quarenda</span> 
     </span>
    </p>
   </div>
   <div class='ocr_carea' id='block_1_39' title="bbox 2217 887 3873 962">
    <p class='ocr_par' dir='ltr' id='par_1_39' title="bbox 2217 887 3873 962">
     <span class='ocr_line' id='line_1_39' title="bbox 2217 887 3873 962; baseline -0.004 -14"><span class='ocrx_word' id='word_1_273' title='bbox 2217 898 2355 948; x_wconf 87' lang='lat' dir='ltr'>sunt</span> <span class='ocrx_word' id='word_1_274' title='bbox 2372 897 2567 947; x_wconf 90' lang='lat' dir='ltr'>tamen</span> <span class='ocrx_word' id='word_1_275' title='bbox 2587 890 2781 962; x_wconf 90' lang='lat' dir='ltr'>aliqua</span> <span class='ocrx_word' id='word_1_276' title='bbox 2795 887 3117 944; x_wconf 87' lang='lat' dir='ltr'>visibilium</span> <span class='ocrx_word' id='word_1_277' title='bbox 3135 902 3331 942; x_wconf 87' lang='lat' dir='ltr'>rerum</span> <span class='ocrx_word' id='word_1_278' title='bbox 3350 892 3719 959; x_wconf 88' lang='lat' dir='ltr'>argumenta,</span> <span class='ocrx_word' id='word_1_279' title='bbox 3741 887 3873 960; x_wconf 90' lang='lat' dir='ltr'>qui-</span> 
     </span>
    </p>
   </div>
   <div class='ocr_carea' id='block_1_40' title="bbox 2216 974 3868 1049">
    <p class='ocr_par' dir='ltr' id='par_1_40' title="bbox 2216 974 3868 1049">
     <span class='ocr_line' id='line_1_40' title="bbox 2216 974 3868 1049; baseline -0.002 -12"><span class='ocrx_word' id='word_1_280' title='bbox 2216 982 2327 1037; x_wconf 90' lang='lat' dir='ltr'>bus</span> <span class='ocrx_word' id='word_1_281' title='bbox 2353 981 2541 1036; x_wconf 89' lang='lat' dir='ltr'>eidem</span> <span class='ocrx_word' id='word_1_282' title='bbox 2574 979 2780 1034; x_wconf 87' lang='lat' dir='ltr'>divina</span> <span class='ocrx_word' id='word_1_283' title='bbox 2809 976 3108 1049; x_wconf 89' lang='lat' dir='ltr'>sapientia</span> <span class='ocrx_word' id='word_1_284' title='bbox 3158 974 3486 1031; x_wconf 90' lang='lat' dir='ltr'>intellectus</span> <span class='ocrx_word' id='word_1_285' title='bbox 3531 980 3729 1032; x_wconf 87' lang='lat' dir='ltr'>noster</span> <span class='ocrx_word' id='word_1_286' title='bbox 3758 978 3868 1034; x_wconf 87' lang='lat' dir='ltr'>do-</span> 
     </span>
    </p>
   </div>
   <div class='ocr_carea' id='block_1_41' title="bbox 2216 1065 3868 1136">
    <p class='ocr_par' dir='ltr' id='par_1_41' title="bbox 2216 1065 3868 1136">
     <span class='ocr_line' id='line_1_41' title="bbox 2216 1065 3868 1136; baseline -0.001 -11"><span class='ocrx_word' id='word_1_287' title='bbox 2216 1073 2414 1125; x_wconf 88' lang='lat' dir='ltr'>ceatur</span> <span class='ocrx_word' id='word_1_288' title='bbox 2455 1069 2825 1136; x_wconf 83' lang='lat' dir='ltr'>concordare,</span> <span class='ocrx_word' id='word_1_289' title='bbox 2859 1067 3015 1122; x_wconf 89' lang='lat' dir='ltr'>unde</span> <span class='ocrx_word' id='word_1_290' title='bbox 3044 1070 3099 1122; x_wconf 91' lang='lat' dir='ltr'>et</span> <span class='ocrx_word' id='word_1_291' title='bbox 3149 1082 3234 1132; x_wconf 91' lang='lat' dir='ltr'>ea,</span> <span class='ocrx_word' id='word_1_292' title='bbox 3275 1081 3403 1135; x_wconf 82' lang='lat' dir='ltr'>qua</span> <span class='ocrx_word' id='word_1_293' title='bbox 3449 1066 3575 1136; x_wconf 85' lang='lat' dir='ltr'>jam</span> <span class='ocrx_word' id='word_1_294' title='bbox 3605 1065 3868 1124; x_wconf 87' lang='lat' dir='ltr'>diximus</span> 
     </span>
    </p>
   </div>
   <div class='ocr_carea' id='block_1_42' title="bbox 2213 1154 3866 1229">
    <p class='ocr_par' dir='ltr' id='par_1_42' title="bbox 2213 1154 3866 1229">
     <span class='ocr_line' id='line_1_42' title="bbox 2213 1154 3866 1229; baseline -0.001 -16"><span class='ocrx_word' id='word_1_295' title='bbox 2213 1159 2284 1214; x_wconf 91' lang='lat' dir='ltr'>de</span> <span class='ocrx_word' id='word_1_296' title='bbox 2296 1158 2580 1214; x_wconf 89' lang='lat' dir='ltr'>vilissimo</span> <span class='ocrx_word' id='word_1_297' title='bbox 2593 1173 2801 1229; x_wconf 87' lang='lat' dir='ltr'>genere</span> <span class='ocrx_word' id='word_1_298' title='bbox 2814 1154 3170 1225; x_wconf 90' lang='lat' dir='ltr'>medendi,in</span> <span class='ocrx_word' id='word_1_299' title='bbox 3186 1157 3597 1227; x_wconf 88' lang='lat' dir='ltr'>argumentum</span> <span class='ocrx_word' id='word_1_300' title='bbox 3612 1156 3866 1228; x_wconf 86' lang='lat' dir='ltr'>sumpsi-</span> 
     </span>
    </p>
   </div>
   <div class='ocr_carea' id='block_1_43' title="bbox 2215 1241 3868 1318">
    <p class='ocr_par' dir='ltr' id='par_1_43' title="bbox 2215 1241 3868 1318">
     <span class='ocr_line' id='line_1_43' title="bbox 2215 1241 3868 1318; baseline 0 -16"><span class='ocrx_word' id='word_1_301' title='bbox 2215 1264 2348 1303; x_wconf 91' lang='lat' dir='ltr'>mus</span> <span class='ocrx_word' id='word_1_302' title='bbox 2378 1246 2557 1318; x_wconf 87' lang='lat' dir='ltr'>hujus</span> <span class='ocrx_word' id='word_1_303' title='bbox 2590 1247 2691 1303; x_wconf 90' lang='lat' dir='ltr'>rei.</span> <span class='ocrx_word' id='word_1_304' title='bbox 2727 1245 2785 1300; x_wconf 90' lang='lat' dir='ltr'>Si</span> <span class='ocrx_word' id='word_1_305' title='bbox 2817 1261 2954 1316; x_wconf 88' lang='lat' dir='ltr'>ergo</span> <span class='ocrx_word' id='word_1_306' title='bbox 2985 1261 3053 1299; x_wconf 90' lang='lat' dir='ltr'>ex</span> <span class='ocrx_word' id='word_1_307' title='bbox 3097 1243 3389 1299; x_wconf 90' lang='lat' dir='ltr'>medicina</span> <span class='ocrx_word' id='word_1_308' title='bbox 3417 1241 3517 1297; x_wconf 91' lang='lat' dir='ltr'>vili</span> <span class='ocrx_word' id='word_1_309' title='bbox 3546 1248 3738 1315; x_wconf 84' lang='lat' dir='ltr'>potest</span> <span class='ocrx_word' id='word_1_310' title='bbox 3769 1262 3868 1302; x_wconf 84' lang='lat' dir='ltr'>ac-</span> 
     </span>
    </p>
   </div>
   <div class='ocr_carea' id='block_1_44' title="bbox 2214 1332 3867 1407">
    <p class='ocr_par' dir='ltr' id='par_1_44' title="bbox 2214 1332 3867 1407">
     <span class='ocr_line' id='line_1_44' title="bbox 2214 1332 3867 1407; baseline -0.002 -16"><span class='ocrx_word' id='word_1_311' title='bbox 2214 1336 2367 1407; x_wconf 88' lang='lat' dir='ltr'>quiri</span> <span class='ocrx_word' id='word_1_312' title='bbox 2390 1335 2509 1390; x_wconf 90' lang='lat' dir='ltr'>ulla</span> <span class='ocrx_word' id='word_1_313' title='bbox 2530 1335 2749 1391; x_wconf 86' lang='lat' dir='ltr'>sanitas</span> <span class='ocrx_word' id='word_1_314' title='bbox 2775 1332 3110 1405; x_wconf 85' lang='lat' dir='ltr'>corporalis,</span> <span class='ocrx_word' id='word_1_315' title='bbox 3136 1332 3425 1387; x_wconf 86' lang='lat' dir='ltr'>credenda</span> <span class='ocrx_word' id='word_1_316' title='bbox 3446 1336 3534 1387; x_wconf 91' lang='lat' dir='ltr'>est</span> <span class='ocrx_word' id='word_1_317' title='bbox 3559 1332 3736 1387; x_wconf 90' lang='lat' dir='ltr'>etiam</span> <span class='ocrx_word' id='word_1_318' title='bbox 3761 1349 3867 1388; x_wconf 89' lang='lat' dir='ltr'>eo-</span> 
     </span>
    </p>
   </div>
   <div class='ocr_carea' id='block_1_45' title="bbox 2212 1418 3866 1496">
    <p class='ocr_par' dir='ltr' id='par_1_45' title="bbox 2212 1418 3866 1496">
     <span class='ocr_line' id='line_1_45' title="bbox 2212 1418 3866 1496; baseline -0.001 -18"><span class='ocrx_word' id='word_1_319' title='bbox 2212 1424 2344 1479; x_wconf 90' lang='lat' dir='ltr'>dem</span> <span class='ocrx_word' id='word_1_320' title='bbox 2369 1425 2540 1480; x_wconf 89' lang='lat' dir='ltr'>modo</span> <span class='ocrx_word' id='word_1_321' title='bbox 2563 1423 2863 1496; x_wconf 87' lang='lat' dir='ltr'>provenire</span> <span class='ocrx_word' id='word_1_322' title='bbox 2881 1421 3105 1477; x_wconf 89' lang='lat' dir='ltr'>sanitas</span> <span class='ocrx_word' id='word_1_323' title='bbox 3119 1418 3465 1492; x_wconf 91' lang='lat' dir='ltr'>spiritualis.</span> <span class='ocrx_word' id='word_1_324' title='bbox 3480 1420 3684 1476; x_wconf 90' lang='lat' dir='ltr'>Omnis</span> <span class='ocrx_word' id='word_1_325' title='bbox 3700 1438 3866 1477; x_wconf 89' lang='lat' dir='ltr'>nam-</span> 
     </span>
    </p>
   </div>
   <div class='ocr_carea' id='block_1_46' title="bbox 2212 1509 3864 1584">
    <p class='ocr_par' dir='ltr' id='par_1_46' title="bbox 2212 1509 3864 1584">
     <span class='ocr_line' id='line_1_46' title="bbox 2212 1509 3864 1584; baseline -0.001 -16"><span class='ocrx_word' id='word_1_326' title='bbox 2212 1529 2327 1584; x_wconf 90' lang='lat' dir='ltr'>que</span> <span class='ocrx_word' id='word_1_327' title='bbox 2357 1514 2531 1569; x_wconf 90' lang='lat' dir='ltr'>decor</span> <span class='ocrx_word' id='word_1_328' title='bbox 2562 1511 2813 1567; x_wconf 87' lang='lat' dir='ltr'>carnalis</span> <span class='ocrx_word' id='word_1_329' title='bbox 2848 1509 3014 1566; x_wconf 86' lang='lat' dir='ltr'>facile</span> <span class='ocrx_word' id='word_1_330' title='bbox 3062 1509 3323 1564; x_wconf 92' lang='lat' dir='ltr'>humana</span> <span class='ocrx_word' id='word_1_331' title='bbox 3374 1509 3551 1564; x_wconf 90' lang='lat' dir='ltr'>corda</span> <span class='ocrx_word' id='word_1_332' title='bbox 3580 1509 3759 1565; x_wconf 91' lang='lat' dir='ltr'>allicit</span> <span class='ocrx_word' id='word_1_333' title='bbox 3788 1512 3864 1566; x_wconf 88' lang='lat' dir='ltr'>ad</span> 
     </span>
    </p>
   </div>
   <div class='ocr_carea' id='block_1_47' title="bbox 2211 1597 3867 1671">
    <p class='ocr_par' dir='ltr' id='par_1_47' title="bbox 2211 1597 3867 1671">
     <span class='ocr_line' id='line_1_47' title="bbox 2211 1597 3867 1671; baseline -0.001 -13"><span class='ocrx_word' id='word_1_334' title='bbox 2211 1602 2541 1669; x_wconf 82' lang='lat' dir='ltr'>elationem,</span> <span class='ocrx_word' id='word_1_335' title='bbox 2569 1602 2669 1657; x_wconf 91' lang='lat' dir='ltr'>sed</span> <span class='ocrx_word' id='word_1_336' title='bbox 2692 1601 2886 1655; x_wconf 87' lang='lat' dir='ltr'>vilitas</span> <span class='ocrx_word' id='word_1_337' title='bbox 2902 1598 3167 1671; x_wconf 89' lang='lat' dir='ltr'>reprimit</span> <span class='ocrx_word' id='word_1_338' title='bbox 3178 1598 3249 1654; x_wconf 90' lang='lat' dir='ltr'>ad</span> <span class='ocrx_word' id='word_1_339' title='bbox 3265 1597 3681 1655; x_wconf 89' lang='lat' dir='ltr'>humilitatem.</span> <span class='ocrx_word' id='word_1_340' title='bbox 3705 1601 3867 1656; x_wconf 88' lang='lat' dir='ltr'>Ideo-</span> 
     </span>
    </p>
   </div>
   <div class='ocr_carea' id='block_1_48' title="bbox 2211 1688 3861 1764">
    <p class='ocr_par' dir='ltr' id='par_1_48' title="bbox 2211 1688 3861 1764">
     <span class='ocr_line' id='line_1_48' title="bbox 2211 1688 3861 1764; baseline 0 -19"><span class='ocrx_word' id='word_1_341' title='bbox 2211 1707 2322 1763; x_wconf 89' lang='lat' dir='ltr'>que</span> <span class='ocrx_word' id='word_1_342' title='bbox 2344 1692 2566 1764; x_wconf 88' lang='lat' dir='ltr'>placuit</span> <span class='ocrx_word' id='word_1_343' title='bbox 2590 1691 2704 1746; x_wconf 92' lang='lat' dir='ltr'>Deo</span> <span class='ocrx_word' id='word_1_344' title='bbox 2724 1695 2787 1745; x_wconf 89' lang='lat' dir='ltr'>ut</span> <span class='ocrx_word' id='word_1_345' title='bbox 2803 1690 3097 1745; x_wconf 88' lang='lat' dir='ltr'>hominem</span> <span class='ocrx_word' id='word_1_346' title='bbox 3117 1688 3218 1760; x_wconf 91' lang='lat' dir='ltr'>qui</span> <span class='ocrx_word' id='word_1_347' title='bbox 3236 1688 3295 1742; x_wconf 92' lang='lat' dir='ltr'>in</span> <span class='ocrx_word' id='word_1_348' title='bbox 3314 1688 3639 1743; x_wconf 86' lang='lat' dir='ltr'>maximum</span> <span class='ocrx_word' id='word_1_349' title='bbox 3654 1705 3861 1761; x_wconf 85' lang='lat' dir='ltr'>super-</span> 
     </span>
    </p>
   </div>
   <div class='ocr_carea' id='block_1_49' title="bbox 2210 1776 3860 1851">
    <p class='ocr_par' dir='ltr' id='par_1_49' title="bbox 2210 1776 3860 1851">
     <span class='ocr_line' id='line_1_49' title="bbox 2210 1776 3860 1851; baseline -0.001 -17"><span class='ocrx_word' id='word_1_350' title='bbox 2210 1780 2315 1834; x_wconf 87' lang='lat' dir='ltr'>bia</span> <span class='ocrx_word' id='word_1_351' title='bbox 2337 1779 2681 1851; x_wconf 86' lang='lat' dir='ltr'>languorem</span> <span class='ocrx_word' id='word_1_352' title='bbox 2705 1795 2772 1834; x_wconf 86' lang='lat' dir='ltr'>ex</span> <span class='ocrx_word' id='word_1_353' title='bbox 2806 1777 3157 1832; x_wconf 90' lang='lat' dir='ltr'>conditionis</span> <span class='ocrx_word' id='word_1_354' title='bbox 3196 1793 3313 1832; x_wconf 86' lang='lat' dir='ltr'>suae</span> <span class='ocrx_word' id='word_1_355' title='bbox 3344 1776 3550 1832; x_wconf 88' lang='lat' dir='ltr'>decore</span> <span class='ocrx_word' id='word_1_356' title='bbox 3590 1777 3860 1844; x_wconf 88' lang='lat' dir='ltr'>incurrit,</span> 
     </span>
    </p>
   </div>
   <div class='ocr_carea' id='block_1_50' title="bbox 2211 1864 3861 1941">
    <p class='ocr_par' dir='ltr' id='par_1_50' title="bbox 2211 1864 3861 1941">
     <span class='ocr_line' id='line_1_50' title="bbox 2211 1864 3861 1941; baseline -0.001 -18"><span class='ocrx_word' id='word_1_357' title='bbox 2211 1869 2487 1941; x_wconf 89' lang='lat' dir='ltr'>imposita</span> <span class='ocrx_word' id='word_1_358' title='bbox 2507 1868 2618 1924; x_wconf 92' lang='lat' dir='ltr'>sibi</span> <span class='ocrx_word' id='word_1_359' title='bbox 2641 1884 2819 1923; x_wconf 87' lang='lat' dir='ltr'>causa</span> <span class='ocrx_word' id='word_1_360' title='bbox 2838 1866 3081 1921; x_wconf 90' lang='lat' dir='ltr'>remedii</span> <span class='ocrx_word' id='word_1_361' title='bbox 3116 1865 3312 1937; x_wconf 90' lang='lat' dir='ltr'>aliquo</span> <span class='ocrx_word' id='word_1_362' title='bbox 3333 1864 3553 1921; x_wconf 88' lang='lat' dir='ltr'>vilitate</span> <span class='ocrx_word' id='word_1_363' title='bbox 3571 1866 3861 1937; x_wconf 89' lang='lat' dir='ltr'>perduce-</span> 
     </span>
    </p>
   </div>
   <div class='ocr_carea' id='block_1_51' title="bbox 2209 1954 3860 2027">
    <p class='ocr_par' dir='ltr' id='par_1_51' title="bbox 2209 1954 3860 2027">
     <span class='ocr_line' id='line_1_51' title="bbox 2209 1954 3860 2027; baseline -0.002 -14"><span class='ocrx_word' id='word_1_364' title='bbox 2209 1962 2296 2013; x_wconf 89' lang='lat' dir='ltr'>ret</span> <span class='ocrx_word' id='word_1_365' title='bbox 2327 1958 2398 2013; x_wconf 89' lang='lat' dir='ltr'>ad</span> <span class='ocrx_word' id='word_1_366' title='bbox 2428 1956 2779 2013; x_wconf 89' lang='lat' dir='ltr'>humilitatis</span> <span class='ocrx_word' id='word_1_367' title='bbox 2811 1957 3146 2011; x_wconf 89' lang='lat' dir='ltr'>sanitatem.</span> <span class='ocrx_word' id='word_1_368' title='bbox 3178 1954 3412 2010; x_wconf 89' lang='lat' dir='ltr'>Sanitas</span> <span class='ocrx_word' id='word_1_369' title='bbox 3444 1954 3659 2026; x_wconf 89' lang='lat' dir='ltr'>quippe</span> <span class='ocrx_word' id='word_1_370' title='bbox 3680 1955 3860 2027; x_wconf 90' lang='lat' dir='ltr'>spiri-</span> 
     </span>
    </p>
   </div>
   <div class='ocr_carea' id='block_1_52' title="bbox 2207 2043 3862 2116">
    <p class='ocr_par' dir='ltr' id='par_1_52' title="bbox 2207 2043 3862 2116">
     <span class='ocr_line' id='line_1_52' title="bbox 2207 2043 3862 2116; baseline -0.002 -15"><span class='ocrx_word' id='word_1_371' title='bbox 2207 2047 2384 2103; x_wconf 92' lang='lat' dir='ltr'>tualis</span> <span class='ocrx_word' id='word_1_372' title='bbox 2416 2064 2529 2102; x_wconf 93' lang='lat' dir='ltr'>non</span> <span class='ocrx_word' id='word_1_373' title='bbox 2561 2046 2673 2101; x_wconf 91' lang='lat' dir='ltr'>nisi</span> <span class='ocrx_word' id='word_1_374' title='bbox 2705 2044 2962 2100; x_wconf 90' lang='lat' dir='ltr'>remedio</span> <span class='ocrx_word' id='word_1_375' title='bbox 2986 2043 3309 2116; x_wconf 90' lang='lat' dir='ltr'>acquiritur</span> <span class='ocrx_word' id='word_1_376' title='bbox 3331 2043 3681 2099; x_wconf 87' lang='lat' dir='ltr'>humilitatis</span> <span class='ocrx_word' id='word_1_377' title='bbox 3706 2063 3719 2111; x_wconf 94' lang='lat'>;</span> <span class='ocrx_word' id='word_1_378' title='bbox 3749 2044 3862 2099; x_wconf 87' lang='lat' dir='ltr'>hu-</span> 
     </span>
    </p>
   </div>
   <div class='ocr_carea' id='block_1_53' title="bbox 2208 2132 3863 2192">
    <p class='ocr_par' dir='ltr' id='par_1_53' title="bbox 2208 2132 3863 2192">
     <span class='ocr_line' id='line_1_53' title="bbox 2208 2132 3863 2192; baseline -0.001 -1"><span class='ocrx_word' id='word_1_379' title='bbox 2208 2136 2425 2192; x_wconf 90' lang='lat' dir='ltr'>militas</span> <span class='ocrx_word' id='word_1_380' title='bbox 2453 2140 2647 2192; x_wconf 89' lang='lat' dir='ltr'>autem</span> <span class='ocrx_word' id='word_1_381' title='bbox 2671 2134 2932 2190; x_wconf 91' lang='lat' dir='ltr'>humana</span> <span class='ocrx_word' id='word_1_382' title='bbox 2945 2150 3059 2189; x_wconf 91' lang='lat' dir='ltr'>non</span> <span class='ocrx_word' id='word_1_383' title='bbox 3074 2132 3371 2189; x_wconf 90' lang='lat' dir='ltr'>obtinetur</span> <span class='ocrx_word' id='word_1_384' title='bbox 3383 2132 3497 2187; x_wconf 90' lang='lat' dir='ltr'>nisi</span> <span class='ocrx_word' id='word_1_385' title='bbox 3511 2132 3863 2189; x_wconf 87' lang='lat' dir='ltr'>contritione</span> 
     </span>
    </p>
   </div>
   <div class='ocr_carea' id='block_1_54' title="bbox 2208 2220 3865 2297">
    <p class='ocr_par' dir='ltr' id='par_1_54' title="bbox 2208 2220 3865 2297">
     <span class='ocr_line' id='line_1_54' title="bbox 2208 2220 3865 2297; baseline -0.002 -16"><span class='ocrx_word' id='word_1_386' title='bbox 2208 2226 2423 2297; x_wconf 84' lang='lat' dir='ltr'>aliqua.</span> <span class='ocrx_word' id='word_1_387' title='bbox 2445 2226 2525 2280; x_wconf 88' lang='lat' dir='ltr'>Ex</span> <span class='ocrx_word' id='word_1_388' title='bbox 2538 2225 2754 2296; x_wconf 90' lang='lat' dir='ltr'>quibus</span> <span class='ocrx_word' id='word_1_389' title='bbox 2772 2223 3048 2279; x_wconf 90' lang='lat' dir='ltr'>omnibus</span> <span class='ocrx_word' id='word_1_390' title='bbox 3063 2226 3258 2294; x_wconf 90' lang='lat' dir='ltr'>aperte</span> <span class='ocrx_word' id='word_1_391' title='bbox 3272 2221 3516 2293; x_wconf 84' lang='lat' dir='ltr'>potestis</span> <span class='ocrx_word' id='word_1_392' title='bbox 3534 2220 3865 2294; x_wconf 88' lang='lat' dir='ltr'>intelligere</span> 
     </span>
    </p>
   </div>
   <div class='ocr_carea' id='block_1_55' title="bbox 2207 2311 3863 2386">
    <p class='ocr_par' dir='ltr' id='par_1_55' title="bbox 2207 2311 3863 2386">
     <span class='ocr_line' id='line_1_55' title="bbox 2207 2311 3863 2386; baseline -0.002 -16"><span class='ocrx_word' id='word_1_393' title='bbox 2207 2316 2367 2386; x_wconf 90' lang='lat' dir='ltr'>quia,</span> <span class='ocrx_word' id='word_1_394' title='bbox 2403 2319 2465 2370; x_wconf 91' lang='lat' dir='ltr'>ut</span> <span class='ocrx_word' id='word_1_395' title='bbox 2496 2313 2781 2386; x_wconf 89' lang='lat' dir='ltr'>scriptum</span> <span class='ocrx_word' id='word_1_396' title='bbox 2812 2317 2939 2368; x_wconf 87' lang='lat' dir='ltr'>est:</span> <span class='ocrx_word' id='word_1_397' title='bbox 2972 2312 3192 2369; x_wconf 77' lang='lat' dir='ltr'>Fidelis</span> <span class='ocrx_word' id='word_1_398' title='bbox 3226 2312 3488 2366; x_wconf 81' lang='lat' dir='ltr'>Dominus</span> <span class='ocrx_word' id='word_1_399' title='bbox 3516 2313 3577 2366; x_wconf 84' lang='lat' dir='ltr'>in</span> <span class='ocrx_word' id='word_1_400' title='bbox 3604 2311 3863 2367; x_wconf 79' lang='lat' dir='ltr'>omnibus</span> 
     </span>
    </p>
   </div>
   <div class='ocr_carea' id='block_1_56' title="bbox 2203 2401 3858 2473">
    <p class='ocr_par' dir='ltr' id='par_1_56' title="bbox 2203 2401 3858 2473">
     <span class='ocr_line' id='line_1_56' title="bbox 2203 2401 3858 2473; baseline -0.001 -14"><span class='ocrx_word' id='word_1_401' title='bbox 2203 2405 2379 2459; x_wconf 86' lang='lat' dir='ltr'>verbis</span> <span class='ocrx_word' id='word_1_402' title='bbox 2408 2405 2538 2473; x_wconf 79' lang='lat' dir='ltr'>suis,</span> <span class='ocrx_word' id='word_1_403' title='bbox 2571 2412 2621 2459; x_wconf 89' lang='lat' dir='ltr'>et</span> <span class='ocrx_word' id='word_1_404' title='bbox 2642 2406 2863 2458; x_wconf 80' lang='lat' dir='ltr'>sanctus</span> <span class='ocrx_word' id='word_1_405' title='bbox 2882 2404 2943 2457; x_wconf 85' lang='lat' dir='ltr'>in</span> <span class='ocrx_word' id='word_1_406' title='bbox 2989 2402 3239 2457; x_wconf 84' lang='lat' dir='ltr'>omnibus</span> <span class='ocrx_word' id='word_1_407' title='bbox 3259 2401 3513 2472; x_wconf 81' lang='lat' dir='ltr'>operibus</span> <span class='ocrx_word' id='word_1_408' title='bbox 3532 2403 3650 2456; x_wconf 86' lang='lat' dir='ltr'>suis</span> <span class='ocrx_word' id='word_1_409' title='bbox 3668 2403 3858 2471; x_wconf 87' lang='lat' dir='ltr'>(Psal.</span> 
     </span>
    </p>
   </div>
   <div class='ocr_carea' id='block_1_57' title="bbox 2205 2489 3863 2565">
    <p class='ocr_par' dir='ltr' id='par_1_57' title="bbox 2205 2489 3863 2565">
     <span class='ocr_line' id='line_1_57' title="bbox 2205 2489 3863 2565; baseline -0.001 -18"><span class='ocrx_word' id='word_1_410' title='bbox 2205 2510 2386 2560; x_wconf 79' lang='lat' dir='ltr'>cxuv,</span> <span class='ocrx_word' id='word_1_411' title='bbox 2422 2494 2530 2565; x_wconf 91' lang='grc'>13),</span> <span class='ocrx_word' id='word_1_412' title='bbox 2562 2493 2701 2563; x_wconf 88' lang='lat' dir='ltr'>quia</span> <span class='ocrx_word' id='word_1_413' title='bbox 2729 2491 2945 2547; x_wconf 89' lang='lat' dir='ltr'>talibus</span> <span class='ocrx_word' id='word_1_414' title='bbox 2976 2489 3249 2546; x_wconf 90' lang='lat' dir='ltr'>remediis</span> <span class='ocrx_word' id='word_1_415' title='bbox 3280 2490 3615 2561; x_wconf 89' lang='lat' dir='ltr'>superbiam</span> <span class='ocrx_word' id='word_1_416' title='bbox 3648 2490 3863 2546; x_wconf 85' lang='lat' dir='ltr'>huma-</span> 
     </span>
    </p>
   </div>
   <div class='ocr_carea' id='block_1_58' title="bbox 2204 2578 3861 2654">
    <p class='ocr_par' dir='ltr' id='par_1_58' title="bbox 2204 2578 3861 2654">
     <span class='ocr_line' id='line_1_58' title="bbox 2204 2578 3861 2654; baseline -0.001 -17"><span class='ocrx_word' id='word_1_417' title='bbox 2204 2600 2340 2637; x_wconf 89' lang='lat' dir='ltr'>nam</span> <span class='ocrx_word' id='word_1_418' title='bbox 2373 2582 2637 2654; x_wconf 81' lang='lat' dir='ltr'>pravidit</span> <span class='ocrx_word' id='word_1_419' title='bbox 2685 2598 2815 2637; x_wconf 90' lang='lat' dir='ltr'>esse</span> <span class='ocrx_word' id='word_1_420' title='bbox 2864 2580 3298 2652; x_wconf 89' lang='lat' dir='ltr'>reprimendam</span> <span class='ocrx_word' id='word_1_421' title='bbox 3349 2580 3564 2652; x_wconf 89' lang='lat' dir='ltr'>quippe</span> <span class='ocrx_word' id='word_1_422' title='bbox 3594 2578 3861 2636; x_wconf 86' lang='lat' dir='ltr'>remedia.</span> 
     </span>
    </p>
   </div>
   <div class='ocr_carea' id='block_1_59' title="bbox 2203 2669 3859 2743">
    <p class='ocr_par' dir='ltr' id='par_1_59' title="bbox 2203 2669 3859 2743">
     <span class='ocr_line' id='line_1_59' title="bbox 2203 2669 3859 2743; baseline -0.001 -17"><span class='ocrx_word' id='word_1_423' title='bbox 2203 2671 2549 2743; x_wconf 86' lang='lat' dir='ltr'>spiritualia,</span> <span class='ocrx_word' id='word_1_424' title='bbox 2584 2688 2709 2743; x_wconf 83' lang='lat' dir='ltr'>qua</span> <span class='ocrx_word' id='word_1_425' title='bbox 2741 2669 2945 2725; x_wconf 88' lang='lat' dir='ltr'>multis</span> <span class='ocrx_word' id='word_1_426' title='bbox 2978 2674 3117 2725; x_wconf 87' lang='lat' dir='ltr'>sunt</span> <span class='ocrx_word' id='word_1_427' title='bbox 3148 2669 3464 2741; x_wconf 90' lang='lat' dir='ltr'>incognita,</span> <span class='ocrx_word' id='word_1_428' title='bbox 3497 2672 3555 2723; x_wconf 89' lang='lat' dir='ltr'>et</span> <span class='ocrx_word' id='word_1_429' title='bbox 3582 2685 3859 2741; x_wconf 89' lang='lat' dir='ltr'>corpora-</span> 
     </span>
    </p>
   </div>
   <div class='ocr_carea' id='block_1_60' title="bbox 2200 2757 3862 2833">
    <p class='ocr_par' dir='ltr' id='par_1_60' title="bbox 2200 2757 3862 2833">
     <span class='ocr_line' id='line_1_60' title="bbox 2200 2757 3862 2833; baseline -0.001 -19"><span class='ocrx_word' id='word_1_430' title='bbox 2200 2760 2356 2816; x_wconf 91' lang='lat' dir='ltr'>libus</span> <span class='ocrx_word' id='word_1_431' title='bbox 2388 2761 2596 2833; x_wconf 88' lang='lat' dir='ltr'>ﬁguris</span> <span class='ocrx_word' id='word_1_432' title='bbox 2636 2764 2693 2814; x_wconf 90' lang='lat' dir='ltr'>et</span> <span class='ocrx_word' id='word_1_433' title='bbox 2722 2758 3028 2831; x_wconf 87' lang='lat' dir='ltr'>exemplis,</span> <span class='ocrx_word' id='word_1_434' title='bbox 3061 2775 3185 2830; x_wconf 85' lang='lat' dir='ltr'>qua</span> <span class='ocrx_word' id='word_1_435' title='bbox 3233 2757 3507 2813; x_wconf 90' lang='lat' dir='ltr'>omnibus</span> <span class='ocrx_word' id='word_1_436' title='bbox 3538 2773 3682 2828; x_wconf 90' lang='lat' dir='ltr'>pene</span> <span class='ocrx_word' id='word_1_437' title='bbox 3714 2761 3862 2813; x_wconf 82' lang='lat' dir='ltr'>sunt</span> 
     </span>
    </p>
   </div>
   <div class='ocr_carea' id='block_1_61' title="bbox 2200 2848 3074 2920">
    <p class='ocr_par' dir='ltr' id='par_1_61' title="bbox 2200 2848 3074 2920">
     <span class='ocr_line' id='line_1_61' title="bbox 2200 2848 3074 2920; baseline -0.001 -16"><span class='ocrx_word' id='word_1_438' title='bbox 2200 2854 2355 2918; x_wconf 88' lang='lat' dir='ltr'>nota,</span> <span class='ocrx_word' id='word_1_439' title='bbox 2389 2851 2558 2905; x_wconf 89' lang='lat' dir='ltr'>docet</span> <span class='ocrx_word' id='word_1_440' title='bbox 2584 2865 2711 2905; x_wconf 89' lang='lat' dir='ltr'>esse</span> <span class='ocrx_word' id='word_1_441' title='bbox 2741 2848 3074 2920; x_wconf 84' lang='lat' dir='ltr'>quarenda.</span> 
     </span>
    </p>
   </div>
   <div class='ocr_carea' id='block_1_62' title="bbox 2829 2954 3212 3010">
    <p class='ocr_par' dir='ltr' id='par_1_62' title="bbox 2829 2954 3212 3010">
     <span class='ocr_line' id='line_1_62' title="bbox 2829 2954 3212 3010; baseline 0.003 -1"><span class='ocrx_word' id='word_1_442' title='bbox 2829 2954 3064 3010; x_wconf 86' lang='lat' dir='ltr'>CAPUT</span> <span class='ocrx_word' id='word_1_443' title='bbox 3118 2954 3212 3010; x_wconf 84' lang='lat' dir='ltr'>IX.</span> 
     </span>
    </p>
   </div>
   <div class='ocr_carea' id='block_1_63' title="bbox 2200 3043 3857 3115">
    <p class='ocr_par' dir='ltr' id='par_1_63' title="bbox 2200 3043 3857 3115">
     <span class='ocr_line' id='line_1_63' title="bbox 2200 3043 3857 3115; baseline 0 -15"><span class='ocrx_word' id='word_1_444' title='bbox 2200 3045 2339 3112; x_wconf 83' lang='lat' dir='ltr'>Quid</span> <span class='ocrx_word' id='word_1_445' title='bbox 2398 3046 2526 3099; x_wconf 86' lang='lat' dir='ltr'>boni</span> <span class='ocrx_word' id='word_1_446' title='bbox 2578 3045 2892 3114; x_wconf 82' lang='lat' dir='ltr'>spiritualis</span> <span class='ocrx_word' id='word_1_447' title='bbox 2954 3044 3119 3099; x_wconf 83' lang='lat' dir='ltr'>Iaicos</span> <span class='ocrx_word' id='word_1_448' title='bbox 3171 3043 3360 3099; x_wconf 81' lang='lat' dir='ltr'>docere</span> <span class='ocrx_word' id='word_1_449' title='bbox 3412 3046 3579 3115; x_wconf 83' lang='lat' dir='ltr'>possit</span> <span class='ocrx_word' id='word_1_450' title='bbox 3608 3046 3857 3100; x_wconf 79' lang='lat' dir='ltr'>varietas</span> 
     </span>
    </p>
   </div>
   <div class='ocr_carea' id='block_1_64' title="bbox 2373 3117 3664 3188">
    <p class='ocr_par' dir='ltr' id='par_1_64' title="bbox 2373 3117 3664 3188">
     <span class='ocr_line' id='line_1_64' title="bbox 2373 3117 3664 3188; baseline -0.001 -17"><span class='ocrx_word' id='word_1_451' title='bbox 2373 3122 2694 3188; x_wconf 82' lang='lat' dir='ltr'>temporum,</span> <span class='ocrx_word' id='word_1_452' title='bbox 2741 3118 2895 3187; x_wconf 86' lang='lat' dir='ltr'>copia</span> <span class='ocrx_word' id='word_1_453' title='bbox 2936 3117 3019 3170; x_wconf 85' lang='lat' dir='ltr'>vel</span> <span class='ocrx_word' id='word_1_454' title='bbox 3044 3118 3283 3187; x_wconf 82' lang='lat' dir='ltr'>penuria</span> <span class='ocrx_word' id='word_1_455' title='bbox 3308 3132 3514 3170; x_wconf 81' lang='lat' dir='ltr'>rerum.</span> <span class='ocrx_word' id='word_1_456' title='bbox 3557 3120 3664 3172; x_wconf 89' lang='lat' dir='ltr'>etc.</span> 
     </span>
    </p>
   </div>
   <div class='ocr_carea' id='block_1_65' title="bbox 438 3194 3854 3277">
    <p class='ocr_par' dir='ltr' id='par_1_65' title="bbox 438 3194 3854 3277">
     <span class='ocr_line' id='line_1_65' title="bbox 438 3194 3854 3277; baseline 0.001 -20"><span class='ocrx_word' id='word_1_457' title='bbox 438 3206 555 3272; x_wconf 86' lang='lat' dir='ltr'>tur,</span> <span class='ocrx_word' id='word_1_458' title='bbox 578 3220 755 3258; x_wconf 89' lang='lat' dir='ltr'>causa</span> <span class='ocrx_word' id='word_1_459' title='bbox 776 3207 969 3259; x_wconf 91' lang='lat' dir='ltr'>tamen</span> <span class='ocrx_word' id='word_1_460' title='bbox 993 3204 1191 3259; x_wconf 88' lang='lat' dir='ltr'>fetoris</span> <span class='ocrx_word' id='word_1_461' title='bbox 1215 3208 1271 3259; x_wconf 90' lang='lat' dir='ltr'>et</span> <span class='ocrx_word' id='word_1_462' title='bbox 1308 3203 1548 3260; x_wconf 89' lang='lat' dir='ltr'>vilitatis</span> <span class='ocrx_word' id='word_1_463' title='bbox 1586 3221 1701 3260; x_wconf 85' lang='lat' dir='ltr'>suae</span> <span class='ocrx_word' id='word_1_464' title='bbox 1738 3205 2082 3277; x_wconf 88' lang='lat' dir='ltr'>contegitur.</span> <span class='ocrx_word' id='word_1_465' title='bbox 2118 3194 2160 3260; x_wconf 91' lang='lat' dir='ltr'>C</span> <span class='ocrx_word' id='word_1_466' title='bbox 2270 3206 2378 3261; x_wconf 90' lang='lat' dir='ltr'>Sed</span> <span class='ocrx_word' id='word_1_467' title='bbox 2406 3205 2549 3260; x_wconf 86' lang='lat' dir='ltr'>satis</span> <span class='ocrx_word' id='word_1_468' title='bbox 2572 3206 2707 3259; x_wconf 93' lang='lat' dir='ltr'>hinc</span> <span class='ocrx_word' id='word_1_469' title='bbox 2729 3206 2950 3259; x_wconf 89' lang='lat' dir='ltr'>dictum</span> <span class='ocrx_word' id='word_1_470' title='bbox 2973 3205 3128 3275; x_wconf 86' lang='lat' dir='ltr'>;jam</span> <span class='ocrx_word' id='word_1_471' title='bbox 3149 3205 3591 3276; x_wconf 90' lang='lat' dir='ltr'>progrediamur</span> <span class='ocrx_word' id='word_1_472' title='bbox 3610 3208 3668 3260; x_wconf 92' lang='lat' dir='ltr'>et</span> <span class='ocrx_word' id='word_1_473' title='bbox 3692 3203 3854 3260; x_wconf 88' lang='lat' dir='ltr'>ultra</span> 
     </span>
    </p>
   </div>
   <div class='ocr_carea' id='block_1_66' title="bbox 441 3291 2085 3364">
    <p class='ocr_par' dir='ltr' id='par_1_66' title="bbox 441 3291 2085 3364">
     <span class='ocr_line' id='line_1_66' title="bbox 441 3291 2085 3364; baseline 0.001 -17"><span class='ocrx_word' id='word_1_474' title='bbox 441 3294 563 3358; x_wconf 82' lang='lat' dir='ltr'>Quo</span> <span class='ocrx_word' id='word_1_475' title='bbox 594 3291 768 3347; x_wconf 88' lang='lat' dir='ltr'>etiam</span> <span class='ocrx_word' id='word_1_476' title='bbox 800 3309 907 3347; x_wconf 90' lang='lat' dir='ltr'>nos</span> <span class='ocrx_word' id='word_1_477' title='bbox 938 3292 1180 3364; x_wconf 85' lang='lat' dir='ltr'>mystice</span> <span class='ocrx_word' id='word_1_478' title='bbox 1211 3293 1561 3349; x_wconf 89' lang='lat' dir='ltr'>instruimur</span> <span class='ocrx_word' id='word_1_479' title='bbox 1601 3299 1664 3349; x_wconf 89' lang='lat' dir='ltr'>ut</span> <span class='ocrx_word' id='word_1_480' title='bbox 1695 3310 1927 3349; x_wconf 90' lang='lat' dir='ltr'>omnem</span> <span class='ocrx_word' id='word_1_481' title='bbox 1957 3294 2085 3349; x_wconf 90' lang='lat' dir='ltr'>vili-</span> 
     </span>
    </p>
   </div>
   <div class='ocr_carea' id='block_1_67' title="bbox 442 3382 2087 3456">
    <p class='ocr_par' dir='ltr' id='par_1_67' title="bbox 442 3382 2087 3456">
     <span class='ocr_line' id='line_1_67' title="bbox 442 3382 2087 3456; baseline 0.002 -20"><span class='ocrx_word' id='word_1_482' title='bbox 442 3385 638 3448; x_wconf 84' lang='lat' dir='ltr'>tatem,</span> <span class='ocrx_word' id='word_1_483' title='bbox 663 3398 779 3454; x_wconf 91' lang='lat' dir='ltr'>qua</span> <span class='ocrx_word' id='word_1_484' title='bbox 799 3382 1143 3437; x_wconf 89' lang='lat' dir='ltr'>circumdati</span> <span class='ocrx_word' id='word_1_485' title='bbox 1167 3399 1395 3449; x_wconf 91' lang='lat' dir='ltr'>sumus,</span> <span class='ocrx_word' id='word_1_486' title='bbox 1421 3382 1689 3439; x_wconf 89' lang='lat' dir='ltr'>similiter</span> <span class='ocrx_word' id='word_1_487' title='bbox 1709 3387 2087 3456; x_wconf 90' lang='lat' dir='ltr'>contegamus</span> 
     </span>
    </p>
   </div>
   <div class='ocr_carea' id='block_1_68' title="bbox 440 3470 2088 3544">
    <p class='ocr_par' dir='ltr' id='par_1_68' title="bbox 440 3470 2088 3544">
     <span class='ocr_line' id='line_1_68' title="bbox 440 3470 2088 3544; baseline 0.002 -19"><span class='ocrx_word' id='word_1_488' title='bbox 440 3472 578 3542; x_wconf 89' lang='lat' dir='ltr'>quia</span> <span class='ocrx_word' id='word_1_489' title='bbox 608 3488 719 3526; x_wconf 92' lang='lat' dir='ltr'>non</span> <span class='ocrx_word' id='word_1_490' title='bbox 749 3472 949 3527; x_wconf 90' lang='lat' dir='ltr'>omnia</span> <span class='ocrx_word' id='word_1_491' title='bbox 978 3470 1145 3527; x_wconf 92' lang='lat' dir='ltr'>utilia</span> <span class='ocrx_word' id='word_1_492' title='bbox 1173 3477 1445 3527; x_wconf 90' lang='lat' dir='ltr'>constant</span> <span class='ocrx_word' id='word_1_493' title='bbox 1475 3472 1738 3529; x_wconf 90' lang='lat' dir='ltr'>honesta.</span> <span class='ocrx_word' id='word_1_494' title='bbox 1768 3473 2088 3544; x_wconf 91' lang='lat' dir='ltr'>Utrumque</span> 
     </span>
    </p>
   </div>
   <div class='ocr_carea' id='block_1_69' title="bbox 438 3558 2089 3631">
    <p class='ocr_par' dir='ltr' id='par_1_69' title="bbox 438 3558 2089 3631">
     <span class='ocr_line' id='line_1_69' title="bbox 438 3558 2089 3631; baseline 0.003 -19"><span class='ocrx_word' id='word_1_495' title='bbox 438 3558 622 3630; x_wconf 87' lang='lat' dir='ltr'>igitur</span> <span class='ocrx_word' id='word_1_496' title='bbox 650 3560 1011 3615; x_wconf 90' lang='lat' dir='ltr'>medicamen</span> <span class='ocrx_word' id='word_1_497' title='bbox 1047 3560 1364 3630; x_wconf 89' lang='lat' dir='ltr'>corporale,</span> <span class='ocrx_word' id='word_1_498' title='bbox 1406 3560 1707 3631; x_wconf 86' lang='lat' dir='ltr'>emplastri</span> <span class='ocrx_word' id='word_1_499' title='bbox 1738 3560 2004 3616; x_wconf 89' lang='lat' dir='ltr'>videlicet</span> <span class='ocrx_word' id='word_1_500' title='bbox 2032 3565 2089 3617; x_wconf 93' lang='lat' dir='ltr'>et</span> 
     </span>
    </p>
   </div>
   <div class='ocr_carea' id='block_1_70' title="bbox 439 3647 2081 3721">
    <p class='ocr_par' dir='ltr' id='par_1_70' title="bbox 439 3647 2081 3721">
     <span class='ocr_line' id='line_1_70' title="bbox 439 3647 2081 3721; baseline 0.003 -21"><span class='ocrx_word' id='word_1_501' title='bbox 439 3647 765 3702; x_wconf 88' lang='lat' dir='ltr'>adustionis</span> <span class='ocrx_word' id='word_1_502' title='bbox 797 3648 1064 3718; x_wconf 90' lang='lat' dir='ltr'>quamvis</span> <span class='ocrx_word' id='word_1_503' title='bbox 1095 3648 1450 3703; x_wconf 89' lang='lat' dir='ltr'>vilissimum</span> <span class='ocrx_word' id='word_1_504' title='bbox 1484 3648 1763 3716; x_wconf 88' lang='lat' dir='ltr'>videatur,</span> <span class='ocrx_word' id='word_1_505' title='bbox 1799 3666 2081 3721; x_wconf 89' lang='lat' dir='ltr'>magnum</span> 
     </span>
    </p>
   </div>
   <div class='ocr_carea' id='block_1_71' title="bbox 437 3734 2082 3807">
    <p class='ocr_par' dir='ltr' id='par_1_71' title="bbox 437 3734 2082 3807">
     <span class='ocr_line' id='line_1_71' title="bbox 437 3734 2082 3807; baseline 0.002 -18"><span class='ocrx_word' id='word_1_506' title='bbox 437 3739 635 3789; x_wconf 91' lang='lat' dir='ltr'>tamen</span> <span class='ocrx_word' id='word_1_507' title='bbox 651 3735 707 3788; x_wconf 89' lang='lat' dir='ltr'>in</span> <span class='ocrx_word' id='word_1_508' title='bbox 724 3751 787 3789; x_wconf 90' lang='lat' dir='ltr'>se</span> <span class='ocrx_word' id='word_1_509' title='bbox 803 3735 981 3790; x_wconf 89' lang='lat' dir='ltr'>habet</span> <span class='ocrx_word' id='word_1_510' title='bbox 994 3741 1404 3807; x_wconf 87' lang='lat' dir='ltr'>argumentum</span> <span class='ocrx_word' id='word_1_511' title='bbox 1424 3734 1748 3806; x_wconf 90' lang='lat' dir='ltr'>spiritualis</span> <span class='ocrx_word' id='word_1_512' title='bbox 1761 3738 2082 3807; x_wconf 84' lang='lat' dir='ltr'>medicina,</span> 
     </span>
    </p>
   </div>
   <div class='ocr_carea' id='block_1_72' title="bbox 439 3823 2085 3897">
    <p class='ocr_par' dir='ltr' id='par_1_72' title="bbox 439 3823 2085 3897">
     <span class='ocr_line' id='line_1_72' title="bbox 439 3823 2085 3897; baseline 0.004 -20"><span class='ocrx_word' id='word_1_513' title='bbox 439 3824 592 3878; x_wconf 85' lang='lat' dir='ltr'>unde</span> <span class='ocrx_word' id='word_1_514' title='bbox 616 3825 945 3880; x_wconf 89' lang='lat' dir='ltr'>necessaria</span> <span class='ocrx_word' id='word_1_515' title='bbox 962 3823 1242 3879; x_wconf 91' lang='lat' dir='ltr'>imitando</span> <span class='ocrx_word' id='word_1_516' title='bbox 1258 3824 1603 3880; x_wconf 90' lang='lat' dir='ltr'>moralitatis</span> <span class='ocrx_word' id='word_1_517' title='bbox 1623 3824 1793 3880; x_wconf 91' lang='lat' dir='ltr'>mella</span> <span class='ocrx_word' id='word_1_518' title='bbox 1814 3825 2085 3897; x_wconf 88' lang='lat' dir='ltr'>colligere</span> 
     </span>
    </p>
   </div>
   <div class='ocr_carea' id='block_1_73' title="bbox 437 3912 2087 3986">
    <p class='ocr_par' dir='ltr' id='par_1_73' title="bbox 437 3912 2087 3986">
     <span class='ocr_line' id='line_1_73' title="bbox 437 3912 2087 3986; baseline 0.002 -19"><span class='ocrx_word' id='word_1_519' title='bbox 437 3912 683 3983; x_wconf 87' lang='lat' dir='ltr'>potestis</span> <span class='ocrx_word' id='word_1_520' title='bbox 711 3931 722 3979; x_wconf 91' lang='lat'>;</span> <span class='ocrx_word' id='word_1_521' title='bbox 750 3914 895 3968; x_wconf 80' lang='lat' dir='ltr'>nihil</span> <span class='ocrx_word' id='word_1_522' title='bbox 927 3913 1104 3982; x_wconf 89' lang='lat' dir='ltr'>enim,</span> <span class='ocrx_word' id='word_1_523' title='bbox 1140 3918 1203 3967; x_wconf 91' lang='lat' dir='ltr'>ut</span> <span class='ocrx_word' id='word_1_524' title='bbox 1250 3914 1329 3967; x_wconf 89' lang='lat' dir='ltr'>ait</span> <span class='ocrx_word' id='word_1_525' title='bbox 1376 3913 1695 3985; x_wconf 88' lang='lat' dir='ltr'>Scriptura,</span> <span class='ocrx_word' id='word_1_526' title='bbox 1734 3916 1793 3969; x_wconf 89' lang='lat' dir='ltr'>in</span> <span class='ocrx_word' id='word_1_527' title='bbox 1825 3919 1987 3970; x_wconf 83' lang='lat' dir='ltr'>terris</span> <span class='ocrx_word' id='word_1_528' title='bbox 2026 3918 2087 3986; x_wconf 85' lang='lat' dir='ltr'>ﬁt</span> 
     </span>
    </p>
   </div>
   <div class='ocr_carea' id='block_1_74' title="bbox 434 4001 2083 4073">
    <p class='ocr_par' dir='ltr' id='par_1_74' title="bbox 434 4001 2083 4073">
     <span class='ocr_line' id='line_1_74' title="bbox 434 4001 2083 4073; baseline 0.005 -20"><span class='ocrx_word' id='word_1_529' title='bbox 434 4002 555 4054; x_wconf 82' lang='lat' dir='ltr'>sine</span> <span class='ocrx_word' id='word_1_530' title='bbox 585 4017 751 4055; x_wconf 85' lang='lat' dir='ltr'>causa</span> <span class='ocrx_word' id='word_1_531' title='bbox 783 4002 916 4071; x_wconf 89' lang='lat' dir='ltr'>(Job.</span> <span class='ocrx_word' id='word_1_532' title='bbox 952 4019 1006 4066; x_wconf 88' lang='lat' dir='ltr'>v,</span> <span class='ocrx_word' id='word_1_533' title='bbox 1039 4002 1118 4072; x_wconf 87' lang='lat'>6),</span> <span class='ocrx_word' id='word_1_534' title='bbox 1163 4006 1220 4056; x_wconf 90' lang='lat' dir='ltr'>et</span> <span class='ocrx_word' id='word_1_535' title='bbox 1268 4018 1394 4073; x_wconf 79' lang='lat' dir='ltr'>qua</span> <span class='ocrx_word' id='word_1_536' title='bbox 1444 4001 1789 4057; x_wconf 85' lang='lat' dir='ltr'>naturaliter</span> <span class='ocrx_word' id='word_1_537' title='bbox 1814 4004 2083 4061; x_wconf 91' lang='lat' dir='ltr'>videntur</span> 
     </span>
    </p>
   </div>
   <div class='ocr_carea' id='block_1_75' title="bbox 435 4086 2083 4167">
    <p class='ocr_par' dir='ltr' id='par_1_75' title="bbox 435 4086 2083 4167">
     <span class='ocr_line' id='line_1_75' title="bbox 435 4086 2083 4167; baseline 0.005 -26"><span class='ocrx_word' id='word_1_538' title='bbox 435 4086 592 4154; x_wconf 86' lang='lat' dir='ltr'>vilia,</span> <span class='ocrx_word' id='word_1_539' title='bbox 615 4093 884 4143; x_wconf 90' lang='lat' dir='ltr'>constant</span> <span class='ocrx_word' id='word_1_540' title='bbox 901 4095 956 4144; x_wconf 91' lang='lat' dir='ltr'>et</span> <span class='ocrx_word' id='word_1_541' title='bbox 980 4089 1405 4161; x_wconf 90' lang='lat' dir='ltr'>signiﬁcatione</span> <span class='ocrx_word' id='word_1_542' title='bbox 1427 4091 1702 4162; x_wconf 89' lang='lat' dir='ltr'>pretiosa.</span> <span class='ocrx_word' id='word_1_543' title='bbox 1738 4092 1879 4148; x_wconf 87' lang='lat' dir='ltr'>Nam</span> <span class='ocrx_word' id='word_1_544' title='bbox 1901 4094 1947 4149; x_wconf 90' lang='lat' dir='ltr'>si</span> <span class='ocrx_word' id='word_1_545' title='bbox 1983 4112 2083 4167; x_wconf 90' lang='lat' dir='ltr'>per</span> 
     </span>
    </p>
   </div>
   <div class='ocr_carea' id='block_1_76' title="bbox 435 4176 2078 4253">
    <p class='ocr_par' dir='ltr' id='par_1_76' title="bbox 435 4176 2078 4253">
     <span class='ocr_line' id='line_1_76' title="bbox 435 4176 2078 4253; baseline 0.006 -24"><span class='ocrx_word' id='word_1_546' title='bbox 435 4176 736 4231; x_wconf 87' lang='lat' dir='ltr'>sordidum</span> <span class='ocrx_word' id='word_1_547' title='bbox 757 4177 844 4233; x_wconf 91' lang='lat' dir='ltr'>vel</span> <span class='ocrx_word' id='word_1_548' title='bbox 870 4178 1115 4234; x_wconf 85' lang='lat' dir='ltr'>fetidum</span> <span class='ocrx_word' id='word_1_549' title='bbox 1137 4181 1497 4235; x_wconf 90' lang='lat' dir='ltr'>medicamen</span> <span class='ocrx_word' id='word_1_550' title='bbox 1518 4198 1758 4252; x_wconf 89' lang='lat' dir='ltr'>corpora</span> <span class='ocrx_word' id='word_1_551' title='bbox 1776 4189 2078 4253; x_wconf 89' lang='lat' dir='ltr'>sanantur,</span> 
     </span>
    </p>
   </div>
   <div class='ocr_carea' id='block_1_77' title="bbox 435 4265 2078 4344">
    <p class='ocr_par' dir='ltr' id='par_1_77' title="bbox 435 4265 2078 4344">
     <span class='ocr_line' id='line_1_77' title="bbox 435 4265 2078 4344; baseline 0.005 -24"><span class='ocrx_word' id='word_1_552' title='bbox 435 4281 541 4321; x_wconf 91' lang='lat' dir='ltr'>nec</span> <span class='ocrx_word' id='word_1_553' title='bbox 574 4265 827 4338; x_wconf 85' lang='lat' dir='ltr'>qualitas</span> <span class='ocrx_word' id='word_1_554' title='bbox 860 4266 1287 4336; x_wconf 89' lang='lat' dir='ltr'>medicaminis,</span> <span class='ocrx_word' id='word_1_555' title='bbox 1322 4269 1422 4323; x_wconf 89' lang='lat' dir='ltr'>sed</span> <span class='ocrx_word' id='word_1_556' title='bbox 1459 4270 1680 4325; x_wconf 89' lang='lat' dir='ltr'>sanitas</span> <span class='ocrx_word' id='word_1_557' title='bbox 1711 4271 1916 4328; x_wconf 86' lang='lat' dir='ltr'>exinde</span> <span class='ocrx_word' id='word_1_558' title='bbox 1950 4291 2078 4344; x_wconf 92' lang='lat' dir='ltr'>pro-</span> 
     </span>
    </p>
   </div>
   <div class='ocr_carea' id='block_1_78' title="bbox 431 4355 2077 4431">
    <p class='ocr_par' dir='ltr' id='par_1_78' title="bbox 431 4355 2077 4431">
     <span class='ocr_line' id='line_1_78' title="bbox 431 4355 2077 4431; baseline 0.005 -22"><span class='ocrx_word' id='word_1_559' title='bbox 431 4355 647 4411; x_wconf 91' lang='lat' dir='ltr'>cedens</span> <span class='ocrx_word' id='word_1_560' title='bbox 679 4360 975 4427; x_wconf 85' lang='lat' dir='ltr'>pensatur,</span> <span class='ocrx_word' id='word_1_561' title='bbox 1000 4373 1104 4411; x_wconf 92' lang='lat' dir='ltr'>cur</span> <span class='ocrx_word' id='word_1_562' title='bbox 1124 4357 1339 4413; x_wconf 91' lang='lat' dir='ltr'>mirum</span> <span class='ocrx_word' id='word_1_563' title='bbox 1364 4357 1451 4413; x_wconf 90' lang='lat' dir='ltr'>vel</span> <span class='ocrx_word' id='word_1_564' title='bbox 1474 4358 1862 4431; x_wconf 89' lang='lat' dir='ltr'>incongruum</span> <span class='ocrx_word' id='word_1_565' title='bbox 1885 4362 2077 4417; x_wconf 90' lang='lat' dir='ltr'>videa-</span> 
     </span>
    </p>
   </div>
   <div class='ocr_carea' id='block_1_79' title="bbox 429 4444 2077 4518">
    <p class='ocr_par' dir='ltr' id='par_1_79' title="bbox 429 4444 2077 4518">
     <span class='ocr_line' id='line_1_79' title="bbox 429 4444 2077 4518; baseline 0.005 -21"><span class='ocrx_word' id='word_1_566' title='bbox 429 4446 546 4514; x_wconf 90' lang='lat' dir='ltr'>tur,</span> <span class='ocrx_word' id='word_1_567' title='bbox 579 4444 629 4499; x_wconf 92' lang='lat' dir='ltr'>si</span> <span class='ocrx_word' id='word_1_568' title='bbox 659 4444 813 4501; x_wconf 91' lang='lat' dir='ltr'>Deus</span> <span class='ocrx_word' id='word_1_569' title='bbox 844 4445 1235 4518; x_wconf 88' lang='lat' dir='ltr'>omnipotens,</span> <span class='ocrx_word' id='word_1_570' title='bbox 1258 4448 1534 4517; x_wconf 85' lang='lat' dir='ltr'>prascius</span> <span class='ocrx_word' id='word_1_571' title='bbox 1564 4448 1827 4503; x_wconf 90' lang='lat' dir='ltr'>omnium</span> <span class='ocrx_word' id='word_1_572' title='bbox 1860 4451 2077 4506; x_wconf 85' lang='lat' dir='ltr'>futuro.</span> 
     </span>
    </p>
   </div>
   <div class='ocr_carea' id='block_1_80' title="bbox 428 4534 2155 4628">
    <p class='ocr_par' dir='ltr' id='par_1_80' title="bbox 428 4534 2155 4628">
     <span class='ocr_line' id='line_1_80' title="bbox 428 4534 2155 4628; baseline 0.005 -41"><span class='ocrx_word' id='word_1_573' title='bbox 428 4548 582 4605; x_wconf 89' lang='lat' dir='ltr'>rum,</span> <span class='ocrx_word' id='word_1_574' title='bbox 604 4534 870 4590; x_wconf 90' lang='lat' dir='ltr'>medicus</span> <span class='ocrx_word' id='word_1_575' title='bbox 891 4539 947 4589; x_wconf 91' lang='lat' dir='ltr'>et</span> <span class='ocrx_word' id='word_1_576' title='bbox 968 4535 1220 4591; x_wconf 89' lang='lat' dir='ltr'>salvator</span> <span class='ocrx_word' id='word_1_577' title='bbox 1241 4536 1506 4591; x_wconf 88' lang='lat' dir='ltr'>omnium</span> <span class='ocrx_word' id='word_1_578' title='bbox 1529 4536 1589 4591; x_wconf 92' lang='lat' dir='ltr'>in</span> <span class='ocrx_word' id='word_1_579' title='bbox 1612 4553 1673 4592; x_wconf 91' lang='lat' dir='ltr'>se</span> <span class='ocrx_word' id='word_1_580' title='bbox 1690 4538 2075 4608; x_wconf 89' lang='lat' dir='ltr'>credentium,</span> <span class='ocrx_word' id='word_1_581' title='bbox 2108 4564 2155 4628; x_wconf 82' lang='lat' dir='ltr'><strong>D</strong></span> 
     </span>
    </p>
   </div>
   <div class='ocr_carea' id='block_1_81' title="bbox 428 4622 2079 4698">
    <p class='ocr_par' dir='ltr' id='par_1_81' title="bbox 428 4622 2079 4698">
     <span class='ocr_line' id='line_1_81' title="bbox 428 4622 2079 4698; baseline 0.004 -20"><span class='ocrx_word' id='word_1_582' title='bbox 428 4622 623 4678; x_wconf 89' lang='lat' dir='ltr'>simile</span> <span class='ocrx_word' id='word_1_583' title='bbox 652 4622 874 4696; x_wconf 91' lang='lat' dir='ltr'>aliquid</span> <span class='ocrx_word' id='word_1_584' title='bbox 925 4625 986 4679; x_wconf 92' lang='lat' dir='ltr'>in</span> <span class='ocrx_word' id='word_1_585' title='bbox 1038 4625 1269 4698; x_wconf 81' lang='lat' dir='ltr'>aegrotis</span> <span class='ocrx_word' id='word_1_586' title='bbox 1317 4626 1627 4681; x_wconf 90' lang='lat' dir='ltr'>animabus</span> <span class='ocrx_word' id='word_1_587' title='bbox 1675 4626 1828 4695; x_wconf 90' lang='lat' dir='ltr'>fecit,</span> <span class='ocrx_word' id='word_1_588' title='bbox 1861 4645 2079 4685; x_wconf 90' lang='lat' dir='ltr'>sanans</span> 
     </span>
    </p>
   </div>
   <div class='ocr_carea' id='block_1_82' title="bbox 426 4711 2079 4787">
    <p class='ocr_par' dir='ltr' id='par_1_82' title="bbox 426 4711 2079 4787">
     <span class='ocr_line' id='line_1_82' title="bbox 426 4711 2079 4787; baseline 0.005 -21"><span class='ocrx_word' id='word_1_589' title='bbox 426 4728 524 4767; x_wconf 90' lang='lat' dir='ltr'>eas</span> <span class='ocrx_word' id='word_1_590' title='bbox 554 4711 644 4768; x_wconf 91' lang='lat' dir='ltr'>vel</span> <span class='ocrx_word' id='word_1_591' title='bbox 692 4714 887 4785; x_wconf 90' lang='lat' dir='ltr'>potius</span> <span class='ocrx_word' id='word_1_592' title='bbox 943 4715 1300 4786; x_wconf 79' lang='lat' dir='ltr'>praveniens</span> <span class='ocrx_word' id='word_1_593' title='bbox 1358 4731 1559 4770; x_wconf 88' lang='lat' dir='ltr'>earum</span> <span class='ocrx_word' id='word_1_594' title='bbox 1616 4714 1980 4787; x_wconf 89' lang='lat' dir='ltr'>languorem,</span> <span class='ocrx_word' id='word_1_595' title='bbox 2015 4723 2079 4774; x_wconf 90' lang='lat' dir='ltr'>ut</span> 
     </span>
    </p>
   </div>
   <div class='ocr_carea' id='block_1_83' title="bbox 427 4800 2072 4878">
    <p class='ocr_par' dir='ltr' id='par_1_83' title="bbox 427 4800 2072 4878">
     <span class='ocr_line' id='line_1_83' title="bbox 427 4800 2072 4878; baseline 0.005 -24"><span class='ocrx_word' id='word_1_596' title='bbox 427 4800 666 4871; x_wconf 91' lang='lat' dir='ltr'>quidam</span> <span class='ocrx_word' id='word_1_597' title='bbox 698 4803 991 4872; x_wconf 90' lang='lat' dir='ltr'>sapientes</span> <span class='ocrx_word' id='word_1_598' title='bbox 1025 4803 1235 4860; x_wconf 83' lang='lat' dir='ltr'>medici</span> <span class='ocrx_word' id='word_1_599' title='bbox 1279 4808 1462 4876; x_wconf 91' lang='lat' dir='ltr'>agunt</span> <span class='ocrx_word' id='word_1_600' title='bbox 1500 4820 1635 4859; x_wconf 90' lang='lat' dir='ltr'>cum</span> <span class='ocrx_word' id='word_1_601' title='bbox 1682 4804 1878 4877; x_wconf 90' lang='lat' dir='ltr'>aliquo</span> <span class='ocrx_word' id='word_1_602' title='bbox 1910 4806 2072 4878; x_wconf 89' lang='lat' dir='ltr'>igno-</span> 
     </span>
    </p>
   </div>
   <div class='ocr_carea' id='block_1_84' title="bbox 425 4887 2072 4967">
    <p class='ocr_par' dir='ltr' id='par_1_84' title="bbox 425 4887 2072 4967">
     <span class='ocr_line' id='line_1_84' title="bbox 425 4887 2072 4967; baseline 0.006 -26"><span class='ocrx_word' id='word_1_603' title='bbox 425 4887 529 4942; x_wconf 91' lang='lat' dir='ltr'>bili</span> <span class='ocrx_word' id='word_1_604' title='bbox 563 4890 874 4944; x_wconf 83' lang='lat' dir='ltr'>antidoto?</span> <span class='ocrx_word' id='word_1_605' title='bbox 903 4890 1063 4952; x_wconf 89' lang='lat' dir='ltr'>Quod</span> <span class='ocrx_word' id='word_1_606' title='bbox 1120 4897 1316 4948; x_wconf 90' lang='lat' dir='ltr'>tamen</span> <span class='ocrx_word' id='word_1_607' title='bbox 1376 4909 1483 4949; x_wconf 89' lang='lat' dir='ltr'>nos</span> <span class='ocrx_word' id='word_1_608' title='bbox 1536 4893 1700 4949; x_wconf 89' lang='lat' dir='ltr'>decet</span> <span class='ocrx_word' id='word_1_609' title='bbox 1747 4900 2072 4967; x_wconf 86' lang='lat' dir='ltr'>contegere,</span> 
     </span>
    </p>
   </div>
   <div class='ocr_carea' id='block_1_85' title="bbox 426 4975 2072 5054">
    <p class='ocr_par' dir='ltr' id='par_1_85' title="bbox 426 4975 2072 5054">
     <span class='ocr_line' id='line_1_85' title="bbox 426 4975 2072 5054; baseline 0.005 -24"><span class='ocrx_word' id='word_1_610' title='bbox 426 4975 580 5030; x_wconf 88' lang='lat' dir='ltr'>sicut</span> <span class='ocrx_word' id='word_1_611' title='bbox 609 4980 664 5030; x_wconf 88' lang='lat' dir='ltr'>et</span> <span class='ocrx_word' id='word_1_612' title='bbox 694 4976 867 5046; x_wconf 91' lang='lat' dir='ltr'>primi</span> <span class='ocrx_word' id='word_1_613' title='bbox 918 4984 1185 5047; x_wconf 88' lang='lat' dir='ltr'>parentes</span> <span class='ocrx_word' id='word_1_614' title='bbox 1234 4980 1511 5051; x_wconf 91' lang='lat' dir='ltr'>leguntur</span> <span class='ocrx_word' id='word_1_615' title='bbox 1561 4982 1787 5051; x_wconf 87' lang='lat' dir='ltr'>fecisse,</span> <span class='ocrx_word' id='word_1_616' title='bbox 1839 4984 2072 5054; x_wconf 89' lang='lat' dir='ltr'>quando</span> 
     </span>
    </p>
   </div>
   <div class='ocr_carea' id='block_1_86' title="bbox 425 5065 2068 5141">
    <p class='ocr_par' dir='ltr' id='par_1_86' title="bbox 425 5065 2068 5141">
     <span class='ocr_line' id='line_1_86' title="bbox 425 5065 2068 5141; baseline 0.005 -21"><span class='ocrx_word' id='word_1_617' title='bbox 425 5080 489 5121; x_wconf 89' lang='lat' dir='ltr'>se</span> <span class='ocrx_word' id='word_1_618' title='bbox 520 5065 711 5119; x_wconf 91' lang='lat' dir='ltr'>nudos</span> <span class='ocrx_word' id='word_1_619' title='bbox 742 5081 870 5121; x_wconf 90' lang='lat' dir='ltr'>esse</span> <span class='ocrx_word' id='word_1_620' title='bbox 901 5067 1299 5136; x_wconf 88' lang='lat' dir='ltr'>erubuerunt;</span> <span class='ocrx_word' id='word_1_621' title='bbox 1344 5086 1414 5123; x_wconf 90' lang='lat' dir='ltr'>ne</span> <span class='ocrx_word' id='word_1_622' title='bbox 1446 5069 1614 5125; x_wconf 90' lang='lat' dir='ltr'>nobis</span> <span class='ocrx_word' id='word_1_623' title='bbox 1646 5071 2068 5141; x_wconf 83' lang='lat' dir='ltr'>confusionem,</span> 
     </span>
    </p>
   </div>
   <div class='ocr_carea' id='block_1_87' title="bbox 424 5152 2068 5228">
    <p class='ocr_par' dir='ltr' id='par_1_87' title="bbox 424 5152 2068 5228">
     <span class='ocr_line' id='line_1_87' title="bbox 424 5152 2068 5228; baseline 0.006 -20"><span class='ocrx_word' id='word_1_624' title='bbox 424 5152 513 5209; x_wconf 91' lang='lat' dir='ltr'>vel</span> <span class='ocrx_word' id='word_1_625' title='bbox 545 5153 831 5209; x_wconf 91' lang='lat' dir='ltr'>conditori</span> <span class='ocrx_word' id='word_1_626' title='bbox 866 5158 1085 5222; x_wconf 89' lang='lat' dir='ltr'>nostro,</span> <span class='ocrx_word' id='word_1_627' title='bbox 1118 5155 1219 5227; x_wconf 92' lang='lat' dir='ltr'>qui</span> <span class='ocrx_word' id='word_1_628' title='bbox 1252 5172 1355 5227; x_wconf 91' lang='lat' dir='ltr'>per</span> <span class='ocrx_word' id='word_1_629' title='bbox 1402 5157 1738 5228; x_wconf 84' lang='lat' dir='ltr'>hujusmodi</span> <span class='ocrx_word' id='word_1_630' title='bbox 1786 5159 2068 5217; x_wconf 89' lang='lat' dir='ltr'>vilitatem</span> 
     </span>
    </p>
   </div>
   <div class='ocr_carea' id='block_1_88' title="bbox 424 5242 2068 5317">
    <p class='ocr_par' dir='ltr' id='par_1_88' title="bbox 424 5242 2068 5317">
     <span class='ocr_line' id='line_1_88' title="bbox 424 5242 2068 5317; baseline 0.006 -20"><span class='ocrx_word' id='word_1_631' title='bbox 424 5242 737 5299; x_wconf 89' lang='lat' dir='ltr'>humiliare</span> <span class='ocrx_word' id='word_1_632' title='bbox 768 5260 875 5299; x_wconf 91' lang='lat' dir='ltr'>nos</span> <span class='ocrx_word' id='word_1_633' title='bbox 908 5244 1182 5313; x_wconf 88' lang='lat' dir='ltr'>decrevit,</span> <span class='ocrx_word' id='word_1_634' title='bbox 1214 5244 1517 5301; x_wconf 88' lang='lat' dir='ltr'>videamur</span> <span class='ocrx_word' id='word_1_635' title='bbox 1554 5246 1829 5317; x_wconf 84' lang='lat' dir='ltr'>injuriam</span> <span class='ocrx_word' id='word_1_636' title='bbox 1862 5249 2068 5317; x_wconf 82' lang='lat' dir='ltr'>facere,</span> 
     </span>
    </p>
   </div>
   <div class='ocr_carea' id='block_1_89' title="bbox 422 5333 2068 5410">
    <p class='ocr_par' dir='ltr' id='par_1_89' title="bbox 422 5333 2068 5410">
     <span class='ocr_line' id='line_1_89' title="bbox 422 5333 2068 5410; baseline 0.005 -24"><span class='ocrx_word' id='word_1_637' title='bbox 422 5335 480 5386; x_wconf 87' lang='lat' dir='ltr'>et</span> <span class='ocrx_word' id='word_1_638' title='bbox 510 5337 731 5388; x_wconf 90' lang='lat' dir='ltr'>secreta</span> <span class='ocrx_word' id='word_1_639' title='bbox 762 5333 1112 5406; x_wconf 87' lang='lat' dir='ltr'>cogitatione</span> <span class='ocrx_word' id='word_1_640' title='bbox 1144 5349 1276 5389; x_wconf 89' lang='lat' dir='ltr'>eum</span> <span class='ocrx_word' id='word_1_641' title='bbox 1323 5351 1426 5407; x_wconf 89' lang='lat' dir='ltr'>per</span> <span class='ocrx_word' id='word_1_642' title='bbox 1463 5334 1571 5390; x_wconf 92' lang='lat' dir='ltr'>hoc</span> <span class='ocrx_word' id='word_1_643' title='bbox 1617 5335 1884 5395; x_wconf 88' lang='lat' dir='ltr'>incusare</span> <span class='ocrx_word' id='word_1_644' title='bbox 1914 5341 2068 5410; x_wconf 91' lang='lat' dir='ltr'>quod</span> 
     </span>
    </p>
   </div>
   <div class='ocr_carea' id='block_1_90' title="bbox 421 5422 2068 5497">
    <p class='ocr_par' dir='ltr' id='par_1_90' title="bbox 421 5422 2068 5497">
     <span class='ocr_line' id='line_1_90' title="bbox 421 5422 2068 5497; baseline 0.007 -22"><span class='ocrx_word' id='word_1_645' title='bbox 421 5435 529 5475; x_wconf 91' lang='lat' dir='ltr'>nos</span> <span class='ocrx_word' id='word_1_646' title='bbox 562 5422 822 5492; x_wconf 90' lang='lat' dir='ltr'>potentia</span> <span class='ocrx_word' id='word_1_647' title='bbox 851 5440 959 5479; x_wconf 91' lang='lat' dir='ltr'>sua</span> <span class='ocrx_word' id='word_1_648' title='bbox 988 5424 1178 5497; x_wconf 88' lang='lat' dir='ltr'>magis</span> <span class='ocrx_word' id='word_1_649' title='bbox 1209 5440 1387 5495; x_wconf 91' lang='lat' dir='ltr'>quam</span> <span class='ocrx_word' id='word_1_650' title='bbox 1418 5441 1485 5479; x_wconf 91' lang='lat' dir='ltr'>ex</span> <span class='ocrx_word' id='word_1_651' title='bbox 1524 5426 1749 5495; x_wconf 74' lang='lat' dir='ltr'>iustitia</span> <span class='ocrx_word' id='word_1_652' title='bbox 1778 5432 1894 5484; x_wconf 87' lang='lat' dir='ltr'>tam</span> <span class='ocrx_word' id='word_1_653' title='bbox 1926 5429 2068 5487; x_wconf 89' lang='lat' dir='ltr'>viles</span> 
     </span>
    </p>
   </div>
   <div class='ocr_carea' id='block_1_91' title="bbox 420 5509 2067 5587">
    <p class='ocr_par' dir='ltr' id='par_1_91' title="bbox 420 5509 2067 5587">
     <span class='ocr_line' id='line_1_91' title="bbox 420 5509 2067 5587; baseline 0.007 -24"><span class='ocrx_word' id='word_1_654' title='bbox 420 5509 545 5564; x_wconf 90' lang='lat' dir='ltr'>ﬁeri</span> <span class='ocrx_word' id='word_1_655' title='bbox 567 5511 920 5581; x_wconf 88' lang='lat' dir='ltr'>permiserit.</span> <span class='ocrx_word' id='word_1_656' title='bbox 946 5512 1109 5569; x_wconf 89' lang='lat' dir='ltr'>Talia</span> <span class='ocrx_word' id='word_1_657' title='bbox 1132 5518 1325 5570; x_wconf 90' lang='lat' dir='ltr'>autem</span> <span class='ocrx_word' id='word_1_658' title='bbox 1349 5515 1419 5569; x_wconf 90' lang='lat' dir='ltr'>de</span> <span class='ocrx_word' id='word_1_659' title='bbox 1439 5513 1559 5569; x_wconf 89' lang='lat' dir='ltr'>Deo</span> <span class='ocrx_word' id='word_1_660' title='bbox 1581 5515 1832 5587; x_wconf 88' lang='lat' dir='ltr'>cogitare</span> <span class='ocrx_word' id='word_1_661' title='bbox 1855 5523 1944 5574; x_wconf 91' lang='lat' dir='ltr'>est</span> <span class='ocrx_word' id='word_1_662' title='bbox 1964 5518 2067 5575; x_wconf 90' lang='lat' dir='ltr'>ali-</span> 
     </span>
    </p>
   </div>
   <div class='ocr_carea' id='block_1_92' title="bbox 416 5600 2067 5681">
    <p class='ocr_par' dir='ltr' id='par_1_92' title="bbox 416 5600 2067 5681">
     <span class='ocr_line' id='line_1_92' title="bbox 416 5600 2067 5681; baseline 0.007 -25"><span class='ocrx_word' id='word_1_663' title='bbox 416 5600 712 5680; x_wconf 72' lang='lat' dir='ltr'>quatenus</span> <span class='ocrx_word' id='word_1_664' title='bbox 733 5602 935 5664; x_wconf 83' lang='lat' dir='ltr'>contra</span> <span class='ocrx_word' id='word_1_665' title='bbox 950 5616 1083 5660; x_wconf 87' lang='lat' dir='ltr'>eum</span> <span class='ocrx_word' id='word_1_666' title='bbox 1103 5602 1428 5681; x_wconf 84' lang='lat' dir='ltr'>superbire,</span> <span class='ocrx_word' id='word_1_667' title='bbox 1449 5602 1735 5678; x_wconf 89' lang='lat' dir='ltr'>quidquid</span> <span class='ocrx_word' id='word_1_668' title='bbox 1753 5605 1906 5669; x_wconf 84' lang='lat' dir='ltr'>enim</span> <span class='ocrx_word' id='word_1_669' title='bbox 1920 5608 2067 5668; x_wconf 86' lang='lat' dir='ltr'>illud</span> 
     </span>
    </p>
   </div>
   <div class='ocr_carea' id='block_1_93' title="bbox 2200 3292 3856 3366">
    <p class='ocr_par' dir='ltr' id='par_1_93' title="bbox 2200 3292 3856 3366">
     <span class='ocr_line' id='line_1_93' title="bbox 2200 3292 3856 3366; baseline 0 -17"><span class='ocrx_word' id='word_1_670' title='bbox 2200 3295 2270 3349; x_wconf 90' lang='lat' dir='ltr'>ad</span> <span class='ocrx_word' id='word_1_671' title='bbox 2294 3311 2361 3349; x_wconf 87' lang='lat' dir='ltr'>ea</span> <span class='ocrx_word' id='word_1_672' title='bbox 2382 3294 2601 3350; x_wconf 89' lang='lat' dir='ltr'>scilicet</span> <span class='ocrx_word' id='word_1_673' title='bbox 2623 3311 2748 3365; x_wconf 90' lang='lat' dir='ltr'>qua</span> <span class='ocrx_word' id='word_1_674' title='bbox 2773 3297 2903 3365; x_wconf 91' lang='lat' dir='ltr'>post</span> <span class='ocrx_word' id='word_1_675' title='bbox 2925 3293 3045 3347; x_wconf 83' lang='lat' dir='ltr'>hac</span> <span class='ocrx_word' id='word_1_676' title='bbox 3082 3293 3343 3365; x_wconf 82' lang='lat' dir='ltr'>proxime</span> <span class='ocrx_word' id='word_1_677' title='bbox 3362 3292 3609 3348; x_wconf 90' lang='lat' dir='ltr'>dicenda</span> <span class='ocrx_word' id='word_1_678' title='bbox 3630 3310 3856 3366; x_wconf 89' lang='lat' dir='ltr'>propo-</span> 
     </span>
    </p>
   </div>
   <div class='ocr_carea' id='block_1_94' title="bbox 2198 3380 3852 3455">
    <p class='ocr_par' dir='ltr' id='par_1_94' title="bbox 2198 3380 3852 3455">
     <span class='ocr_line' id='line_1_94' title="bbox 2198 3380 3852 3455; baseline 0.001 -18"><span class='ocrx_word' id='word_1_679' title='bbox 2198 3383 2449 3438; x_wconf 90' lang='lat' dir='ltr'>suimus.</span> <span class='ocrx_word' id='word_1_680' title='bbox 2483 3382 2630 3437; x_wconf 91' lang='lat' dir='ltr'>Illud</span> <span class='ocrx_word' id='word_1_681' title='bbox 2662 3381 2817 3437; x_wconf 92' lang='lat' dir='ltr'>enim</span> <span class='ocrx_word' id='word_1_682' title='bbox 2853 3382 3186 3453; x_wconf 90' lang='lat' dir='ltr'>propositus</span> <span class='ocrx_word' id='word_1_683' title='bbox 3234 3380 3374 3437; x_wconf 89' lang='lat' dir='ltr'>ordo</span> <span class='ocrx_word' id='word_1_684' title='bbox 3424 3381 3602 3455; x_wconf 82' lang='lat' dir='ltr'>exigit</span> <span class='ocrx_word' id='word_1_685' title='bbox 3630 3387 3695 3437; x_wconf 92' lang='lat' dir='ltr'>ut</span> <span class='ocrx_word' id='word_1_686' title='bbox 3716 3384 3852 3455; x_wconf 89' lang='lat' dir='ltr'>jam</span> 
     </span>
    </p>
   </div>
   <div class='ocr_carea' id='block_1_95' title="bbox 2196 3471 3851 3544">
    <p class='ocr_par' dir='ltr' id='par_1_95' title="bbox 2196 3471 3851 3544">
     <span class='ocr_line' id='line_1_95' title="bbox 2196 3471 3851 3544; baseline 0 -17"><span class='ocrx_word' id='word_1_687' title='bbox 2196 3473 2463 3527; x_wconf 87' lang='lat' dir='ltr'>dicamus</span> <span class='ocrx_word' id='word_1_688' title='bbox 2491 3471 2652 3527; x_wconf 91' lang='lat' dir='ltr'>vobis</span> <span class='ocrx_word' id='word_1_689' title='bbox 2684 3471 2824 3542; x_wconf 92' lang='lat' dir='ltr'>quid</span> <span class='ocrx_word' id='word_1_690' title='bbox 2860 3471 3151 3543; x_wconf 89' lang='lat' dir='ltr'>signiﬁcet</span> <span class='ocrx_word' id='word_1_691' title='bbox 3190 3471 3440 3527; x_wconf 87' lang='lat' dir='ltr'>varietas</span> <span class='ocrx_word' id='word_1_692' title='bbox 3487 3475 3851 3544; x_wconf 87' lang='lat' dir='ltr'>temporum,</span> 
     </span>
    </p>
   </div>
   <div class='ocr_carea' id='block_1_96' title="bbox 2197 3560 3850 3633">
    <p class='ocr_par' dir='ltr' id='par_1_96' title="bbox 2197 3560 3850 3633">
     <span class='ocr_line' id='line_1_96' title="bbox 2197 3560 3850 3633; baseline -0.001 -16"><span class='ocrx_word' id='word_1_693' title='bbox 2197 3579 2322 3633; x_wconf 83' lang='lat' dir='ltr'>qua</span> <span class='ocrx_word' id='word_1_694' title='bbox 2348 3561 2661 3632; x_wconf 89' lang='lat' dir='ltr'>aliquando</span> <span class='ocrx_word' id='word_1_695' title='bbox 2680 3577 2940 3633; x_wconf 89' lang='lat' dir='ltr'>congrua</span> <span class='ocrx_word' id='word_1_696' title='bbox 2965 3564 3103 3616; x_wconf 91' lang='lat' dir='ltr'>sunt</span> <span class='ocrx_word' id='word_1_697' title='bbox 3125 3560 3195 3615; x_wconf 89' lang='lat' dir='ltr'>ad</span> <span class='ocrx_word' id='word_1_698' title='bbox 3229 3560 3500 3632; x_wconf 81' lang='lat' dir='ltr'>quaelibet</span> <span class='ocrx_word' id='word_1_699' title='bbox 3528 3562 3850 3633; x_wconf 86' lang='lat' dir='ltr'>operanda,</span> 
     </span>
    </p>
   </div>
   <div class='ocr_carea' id='block_1_97' title="bbox 2198 3650 3855 3722">
    <p class='ocr_par' dir='ltr' id='par_1_97' title="bbox 2198 3650 3855 3722">
     <span class='ocr_line' id='line_1_97' title="bbox 2198 3650 3855 3722; baseline 0 -16"><span class='ocrx_word' id='word_1_700' title='bbox 2198 3656 2262 3706; x_wconf 91' lang='lat' dir='ltr'>ut</span> <span class='ocrx_word' id='word_1_701' title='bbox 2292 3667 2412 3720; x_wconf 87' lang='lat' dir='ltr'>ver,</span> <span class='ocrx_word' id='word_1_702' title='bbox 2437 3654 2631 3716; x_wconf 85' lang='lat' dir='ltr'>astas,</span> <span class='ocrx_word' id='word_1_703' title='bbox 2664 3655 2985 3704; x_wconf 91' lang='lat' dir='ltr'>autumnus</span> <span class='ocrx_word' id='word_1_704' title='bbox 3011 3670 3025 3719; x_wconf 84' lang='lat'><strong>;</strong></span> <span class='ocrx_word' id='word_1_705' title='bbox 3063 3666 3215 3704; x_wconf 90' lang='lat' dir='ltr'>nunc</span> <span class='ocrx_word' id='word_1_706' title='bbox 3246 3665 3379 3704; x_wconf 89' lang='lat' dir='ltr'>vero</span> <span class='ocrx_word' id='word_1_707' title='bbox 3413 3650 3755 3722; x_wconf 85' lang='lat' dir='ltr'>incongrua,</span> <span class='ocrx_word' id='word_1_708' title='bbox 3784 3656 3855 3707; x_wconf 92' lang='lat' dir='ltr'>ut</span> 
     </span>
    </p>
   </div>
   <div class='ocr_carea' id='block_1_98' title="bbox 2194 3738 3850 3810">
    <p class='ocr_par' dir='ltr' id='par_1_98' title="bbox 2194 3738 3850 3810">
     <span class='ocr_line' id='line_1_98' title="bbox 2194 3738 3850 3810; baseline 0.001 -17"><span class='ocrx_word' id='word_1_709' title='bbox 2194 3739 2404 3795; x_wconf 89' lang='lat' dir='ltr'>hiems.</span> <span class='ocrx_word' id='word_1_710' title='bbox 2428 3739 2563 3794; x_wconf 89' lang='lat' dir='ltr'>Tria</span> <span class='ocrx_word' id='word_1_711' title='bbox 2584 3755 2837 3809; x_wconf 91' lang='lat' dir='ltr'>namque</span> <span class='ocrx_word' id='word_1_712' title='bbox 2852 3738 3044 3810; x_wconf 90' lang='lat' dir='ltr'>priora</span> <span class='ocrx_word' id='word_1_713' title='bbox 3060 3739 3118 3793; x_wconf 89' lang='lat' dir='ltr'>in</span> <span class='ocrx_word' id='word_1_714' title='bbox 3139 3738 3355 3810; x_wconf 89' lang='lat' dir='ltr'>quibus</span> <span class='ocrx_word' id='word_1_715' title='bbox 3374 3738 3595 3794; x_wconf 84' lang='lat' dir='ltr'>facilius</span> <span class='ocrx_word' id='word_1_716' title='bbox 3612 3742 3850 3810; x_wconf 88' lang='lat' dir='ltr'>operari</span> 
     </span>
    </p>
   </div>
   <div class='ocr_carea' id='block_1_99' title="bbox 2192 3827 3851 3900">
    <p class='ocr_par' dir='ltr' id='par_1_99' title="bbox 2192 3827 3851 3900">
     <span class='ocr_line' id='line_1_99' title="bbox 2192 3827 3851 3900; baseline 0.001 -18"><span class='ocrx_word' id='word_1_717' title='bbox 2192 3844 2532 3898; x_wconf 84' lang='lat' dir='ltr'>possumus,</span> <span class='ocrx_word' id='word_1_718' title='bbox 2557 3827 2850 3899; x_wconf 80' lang='lat' dir='ltr'>signiﬁcat</span> <span class='ocrx_word' id='word_1_719' title='bbox 2870 3828 3171 3898; x_wconf 87' lang='lat' dir='ltr'>prasentis</span> <span class='ocrx_word' id='word_1_720' title='bbox 3191 3828 3319 3882; x_wconf 87' lang='lat' dir='ltr'>vita</span> <span class='ocrx_word' id='word_1_721' title='bbox 3340 3832 3571 3900; x_wconf 90' lang='lat' dir='ltr'>tempus</span> <span class='ocrx_word' id='word_1_722' title='bbox 3591 3827 3663 3883; x_wconf 89' lang='lat' dir='ltr'>ad</span> <span class='ocrx_word' id='word_1_723' title='bbox 3687 3830 3851 3884; x_wconf 84' lang='lat' dir='ltr'>obti-</span> 
     </span>
    </p>
   </div>
   <div class='ocr_carea' id='block_1_100' title="bbox 2194 3916 3849 3989">
    <p class='ocr_par' dir='ltr' id='par_1_100' title="bbox 2194 3916 3849 3989">
     <span class='ocr_line' id='line_1_100' title="bbox 2194 3916 3849 3989; baseline 0.003 -19"><span class='ocrx_word' id='word_1_724' title='bbox 2194 3917 2445 3972; x_wconf 88' lang='lat' dir='ltr'>nendam</span> <span class='ocrx_word' id='word_1_725' title='bbox 2478 3916 2705 3971; x_wconf 92' lang='lat' dir='ltr'>veniam</span> <span class='ocrx_word' id='word_1_726' title='bbox 2738 3933 3102 3985; x_wconf 90' lang='lat' dir='ltr'>concessum,</span> <span class='ocrx_word' id='word_1_727' title='bbox 3156 3918 3224 3971; x_wconf 92' lang='lat' dir='ltr'>de</span> <span class='ocrx_word' id='word_1_728' title='bbox 3279 3934 3393 3989; x_wconf 88' lang='lat' dir='ltr'>quo</span> <span class='ocrx_word' id='word_1_729' title='bbox 3445 3922 3500 3973; x_wconf 88' lang='lat' dir='ltr'>et</span> <span class='ocrx_word' id='word_1_730' title='bbox 3527 3918 3849 3989; x_wconf 85' lang='lat' dir='ltr'>Apostolus</span> 
     </span>
    </p>
   </div>
   <div class='ocr_carea' id='block_1_101' title="bbox 2193 4006 3853 4077">
    <p class='ocr_par' dir='ltr' id='par_1_101' title="bbox 2193 4006 3853 4077">
     <span class='ocr_line' id='line_1_101' title="bbox 2193 4006 3853 4077; baseline 0.002 -17"><span class='ocrx_word' id='word_1_731' title='bbox 2193 4006 2372 4061; x_wconf 88' lang='lat' dir='ltr'>dicit:</span> <span class='ocrx_word' id='word_1_732' title='bbox 2408 4010 2539 4061; x_wconf 84' lang='lat' dir='ltr'>Ecce</span> <span class='ocrx_word' id='word_1_733' title='bbox 2568 4023 2715 4060; x_wconf 85' lang='lat' dir='ltr'>nunc</span> <span class='ocrx_word' id='word_1_734' title='bbox 2747 4016 2956 4077; x_wconf 84' lang='lat' dir='ltr'>tempus</span> <span class='ocrx_word' id='word_1_735' title='bbox 3003 4007 3356 4077; x_wconf 82' lang='lat' dir='ltr'>acceptabile,</span> <span class='ocrx_word' id='word_1_736' title='bbox 3403 4022 3521 4061; x_wconf 78' lang='lat' dir='ltr'>ecce</span> <span class='ocrx_word' id='word_1_737' title='bbox 3549 4023 3696 4061; x_wconf 88' lang='lat' dir='ltr'>nunc</span> <span class='ocrx_word' id='word_1_738' title='bbox 3723 4007 3853 4064; x_wconf 83' lang='lat' dir='ltr'>dies</span> 
     </span>
    </p>
   </div>
   <div class='ocr_carea' id='block_1_102' title="bbox 2193 4084 3850 4167">
    <p class='ocr_par' dir='ltr' id='par_1_102' title="bbox 2193 4084 3850 4167">
     <span class='ocr_line' id='line_1_102' title="bbox 2193 4084 3850 4167; baseline 0.003 -18"><span class='ocrx_word' id='word_1_739' title='bbox 2193 4096 2389 4151; x_wconf 82' lang='lat' dir='ltr'>salutis</span> <span class='ocrx_word' id='word_1_740' title='bbox 2433 4096 2509 4165; x_wconf 85' lang='grc' dir='ltr'>(Π</span> <span class='ocrx_word' id='word_1_741' title='bbox 2544 4096 2668 4151; x_wconf 81' lang='lat' dir='ltr'>Cor.</span> <span class='ocrx_word' id='word_1_742' title='bbox 2702 4084 2883 4166; x_wconf 66' lang='grc' dir='ltr'>νιξὲ).</span> <span class='ocrx_word' id='word_1_743' title='bbox 2916 4095 3116 4151; x_wconf 88' lang='lat' dir='ltr'>Hiems</span> <span class='ocrx_word' id='word_1_744' title='bbox 3178 4100 3395 4162; x_wconf 89' lang='lat' dir='ltr'>autem,</span> <span class='ocrx_word' id='word_1_745' title='bbox 3428 4112 3554 4167; x_wconf 84' lang='lat' dir='ltr'>qua</span> <span class='ocrx_word' id='word_1_746' title='bbox 3587 4097 3850 4154; x_wconf 86' lang='lat' dir='ltr'>maxime</span> 
     </span>
    </p>
   </div>
   <div class='ocr_carea' id='block_1_103' title="bbox 2192 4184 3847 4257">
    <p class='ocr_par' dir='ltr' id='par_1_103' title="bbox 2192 4184 3847 4257">
     <span class='ocr_line' id='line_1_103' title="bbox 2192 4184 3847 4257; baseline 0.002 -19"><span class='ocrx_word' id='word_1_747' title='bbox 2192 4185 2389 4257; x_wconf 91' lang='lat' dir='ltr'>inepta</span> <span class='ocrx_word' id='word_1_748' title='bbox 2420 4190 2510 4240; x_wconf 89' lang='lat' dir='ltr'>est</span> <span class='ocrx_word' id='word_1_749' title='bbox 2539 4185 2609 4239; x_wconf 91' lang='lat' dir='ltr'>ad</span> <span class='ocrx_word' id='word_1_750' title='bbox 2643 4185 3004 4255; x_wconf 89' lang='lat' dir='ltr'>operandum</span> <span class='ocrx_word' id='word_1_751' title='bbox 3038 4184 3334 4256; x_wconf 87' lang='lat' dir='ltr'>signiﬁcat</span> <span class='ocrx_word' id='word_1_752' title='bbox 3372 4184 3600 4240; x_wconf 88' lang='lat' dir='ltr'>extrimi</span> <span class='ocrx_word' id='word_1_753' title='bbox 3624 4186 3847 4255; x_wconf 88' lang='lat' dir='ltr'>judicii</span> 
     </span>
    </p>
   </div>
   <div class='ocr_carea' id='block_1_104' title="bbox 2192 4272 3845 4346">
    <p class='ocr_par' dir='ltr' id='par_1_104' title="bbox 2192 4272 3845 4346">
     <span class='ocr_line' id='line_1_104' title="bbox 2192 4272 3845 4346; baseline 0.001 -18"><span class='ocrx_word' id='word_1_754' title='bbox 2192 4279 2446 4345; x_wconf 88' lang='lat' dir='ltr'>tempus,</span> <span class='ocrx_word' id='word_1_755' title='bbox 2473 4290 2586 4346; x_wconf 92' lang='lat' dir='ltr'>quo</span> <span class='ocrx_word' id='word_1_756' title='bbox 2610 4272 2768 4328; x_wconf 90' lang='lat' dir='ltr'>nulla</span> <span class='ocrx_word' id='word_1_757' title='bbox 2790 4273 3101 4328; x_wconf 87' lang='lat' dir='ltr'>fructuosa</span> <span class='ocrx_word' id='word_1_758' title='bbox 3117 4272 3470 4345; x_wconf 64' lang='lat' dir='ltr'>paenitentia</span> <span class='ocrx_word' id='word_1_759' title='bbox 3486 4289 3661 4344; x_wconf 90' lang='lat' dir='ltr'>opera</span> <span class='ocrx_word' id='word_1_760' title='bbox 3674 4290 3845 4330; x_wconf 86' lang='lat' dir='ltr'>exer—</span> 
     </span>
    </p>
   </div>
   <div class='ocr_carea' id='block_1_105' title="bbox 2190 4362 3847 4435">
    <p class='ocr_par' dir='ltr' id='par_1_105' title="bbox 2190 4362 3847 4435">
     <span class='ocr_line' id='line_1_105' title="bbox 2190 4362 3847 4435; baseline 0.002 -18"><span class='ocrx_word' id='word_1_761' title='bbox 2190 4363 2303 4418; x_wconf 91' lang='lat' dir='ltr'>ceri</span> <span class='ocrx_word' id='word_1_762' title='bbox 2328 4368 2602 4435; x_wconf 88' lang='lat' dir='ltr'>possunt;</span> <span class='ocrx_word' id='word_1_763' title='bbox 2620 4364 2773 4418; x_wconf 89' lang='lat' dir='ltr'>unde</span> <span class='ocrx_word' id='word_1_764' title='bbox 2795 4367 2849 4417; x_wconf 89' lang='lat' dir='ltr'>et</span> <span class='ocrx_word' id='word_1_765' title='bbox 2869 4363 3153 4417; x_wconf 91' lang='lat' dir='ltr'>Dominus</span> <span class='ocrx_word' id='word_1_766' title='bbox 3169 4362 3224 4417; x_wconf 92' lang='lat' dir='ltr'>in</span> <span class='ocrx_word' id='word_1_767' title='bbox 3241 4362 3548 4434; x_wconf 81' lang='lat' dir='ltr'>Evangelia</span> <span class='ocrx_word' id='word_1_768' title='bbox 3563 4363 3847 4422; x_wconf 87' lang='lat' dir='ltr'>admonet</span> 
     </span>
    </p>
   </div>
   <div class='ocr_carea' id='block_1_106' title="bbox 2188 4451 3845 4522">
    <p class='ocr_par' dir='ltr' id='par_1_106' title="bbox 2188 4451 3845 4522">
     <span class='ocr_line' id='line_1_106' title="bbox 2188 4451 3845 4522; baseline 0.003 -16"><span class='ocrx_word' id='word_1_769' title='bbox 2188 4452 2423 4508; x_wconf 87' lang='lat' dir='ltr'>dicens:</span> <span class='ocrx_word' id='word_1_770' title='bbox 2462 4454 2621 4507; x_wconf 85' lang='lat' dir='ltr'>Orate</span> <span class='ocrx_word' id='word_1_771' title='bbox 2648 4468 2719 4507; x_wconf 86' lang='lat' dir='ltr'>ne</span> <span class='ocrx_word' id='word_1_772' title='bbox 2743 4455 2879 4522; x_wconf 79' lang='lat' dir='ltr'>fuga</span> <span class='ocrx_word' id='word_1_773' title='bbox 2919 4455 3095 4507; x_wconf 80' lang='lat' dir='ltr'>vestra</span> <span class='ocrx_word' id='word_1_774' title='bbox 3141 4454 3239 4522; x_wconf 81' lang='lat' dir='ltr'>ﬁat</span> <span class='ocrx_word' id='word_1_775' title='bbox 3280 4451 3459 4508; x_wconf 89' lang='lat' dir='ltr'>hieme</span> <span class='ocrx_word' id='word_1_776' title='bbox 3486 4452 3570 4507; x_wconf 87' lang='lat' dir='ltr'>vel</span> <span class='ocrx_word' id='word_1_777' title='bbox 3599 4451 3845 4512; x_wconf 79' lang='lat' dir='ltr'>Sabbato</span> 
     </span>
    </p>
   </div>
   <div class='ocr_carea' id='block_1_107' title="bbox 2187 4540 3848 4615">
    <p class='ocr_par' dir='ltr' id='par_1_107' title="bbox 2187 4540 3848 4615">
     <span class='ocr_line' id='line_1_107' title="bbox 2187 4540 3848 4615; baseline 0.002 -20"><span class='ocrx_word' id='word_1_778' title='bbox 2187 4541 2404 4611; x_wconf 82' lang='lat' dir='ltr'>(Matth.</span> <span class='ocrx_word' id='word_1_779' title='bbox 2456 4558 2606 4608; x_wconf 75' lang='lat' dir='ltr'>xxiv,</span> <span class='ocrx_word' id='word_1_780' title='bbox 2669 4542 2779 4611; x_wconf 82' lang='lat'>20),</span> <span class='ocrx_word' id='word_1_781' title='bbox 2830 4541 2999 4611; x_wconf 89' lang='lat' dir='ltr'>quasi</span> <span class='ocrx_word' id='word_1_782' title='bbox 3057 4540 3308 4596; x_wconf 91' lang='lat' dir='ltr'>diceret:</span> <span class='ocrx_word' id='word_1_783' title='bbox 3363 4541 3557 4597; x_wconf 88' lang='lat' dir='ltr'>Estote</span> <span class='ocrx_word' id='word_1_784' title='bbox 3605 4558 3848 4615; x_wconf 88' lang='lat' dir='ltr'>semper</span> 
     </span>
    </p>
   </div>
   <div class='ocr_carea' id='block_1_108' title="bbox 2188 4629 3844 4703">
    <p class='ocr_par' dir='ltr' id='par_1_108' title="bbox 2188 4629 3844 4703">
     <span class='ocr_line' id='line_1_108' title="bbox 2188 4629 3844 4703; baseline 0.002 -18"><span class='ocrx_word' id='word_1_785' title='bbox 2188 4629 2444 4697; x_wconf 91' lang='lat' dir='ltr'>solliciti,</span> <span class='ocrx_word' id='word_1_786' title='bbox 2497 4647 2569 4685; x_wconf 91' lang='lat' dir='ltr'>ne</span> <span class='ocrx_word' id='word_1_787' title='bbox 2615 4646 2960 4685; x_wconf 91' lang='lat' dir='ltr'>concessum</span> <span class='ocrx_word' id='word_1_788' title='bbox 3010 4632 3245 4702; x_wconf 91' lang='lat' dir='ltr'>tempus</span> <span class='ocrx_word' id='word_1_789' title='bbox 3292 4629 3478 4686; x_wconf 88' lang='lat' dir='ltr'>venia</span> <span class='ocrx_word' id='word_1_790' title='bbox 3526 4631 3844 4703; x_wconf 87' lang='lat' dir='ltr'>perdentes</span> 
     </span>
    </p>
   </div>
   <div class='ocr_carea' id='block_1_109' title="bbox 2186 4718 3845 4792">
    <p class='ocr_par' dir='ltr' id='par_1_109' title="bbox 2186 4718 3845 4792">
     <span class='ocr_line' id='line_1_109' title="bbox 2186 4718 3845 4792; baseline 0.002 -18"><span class='ocrx_word' id='word_1_791' title='bbox 2186 4724 2347 4789; x_wconf 91' lang='lat' dir='ltr'>tunc,</span> <span class='ocrx_word' id='word_1_792' title='bbox 2381 4736 2514 4775; x_wconf 90' lang='lat' dir='ltr'>cum</span> <span class='ocrx_word' id='word_1_793' title='bbox 2548 4719 2750 4775; x_wconf 91' lang='lat' dir='ltr'>nullus</span> <span class='ocrx_word' id='word_1_794' title='bbox 2779 4722 2945 4775; x_wconf 88' lang='lat' dir='ltr'>locus</span> <span class='ocrx_word' id='word_1_795' title='bbox 2965 4724 3056 4775; x_wconf 89' lang='lat' dir='ltr'>est</span> <span class='ocrx_word' id='word_1_796' title='bbox 3074 4718 3274 4790; x_wconf 86' lang='lat' dir='ltr'>venia,</span> <span class='ocrx_word' id='word_1_797' title='bbox 3292 4736 3423 4775; x_wconf 87' lang='lat' dir='ltr'>eam</span> <span class='ocrx_word' id='word_1_798' title='bbox 3445 4719 3663 4777; x_wconf 80' lang='lat' dir='ltr'>frustra</span> <span class='ocrx_word' id='word_1_799' title='bbox 3685 4737 3845 4792; x_wconf 82' lang='lat' dir='ltr'>qua-</span> 
     </span>
    </p>
   </div>
   <div class='ocr_carea' id='block_1_110' title="bbox 2186 4808 3841 4883">
    <p class='ocr_par' dir='ltr' id='par_1_110' title="bbox 2186 4808 3841 4883">
     <span class='ocr_line' id='line_1_110' title="bbox 2186 4808 3841 4883; baseline 0.002 -19"><span class='ocrx_word' id='word_1_800' title='bbox 2186 4808 2348 4864; x_wconf 87' lang='lat' dir='ltr'>ratis.</span> <span class='ocrx_word' id='word_1_801' title='bbox 2373 4810 2655 4865; x_wconf 88' lang='lat' dir='ltr'>Eumdem</span> <span class='ocrx_word' id='word_1_802' title='bbox 2679 4823 2910 4880; x_wconf 89' lang='lat' dir='ltr'>quoque</span> <span class='ocrx_word' id='word_1_803' title='bbox 2925 4824 3165 4864; x_wconf 89' lang='lat' dir='ltr'>sensum</span> <span class='ocrx_word' id='word_1_804' title='bbox 3179 4808 3318 4864; x_wconf 91' lang='lat' dir='ltr'>alibi</span> <span class='ocrx_word' id='word_1_805' title='bbox 3333 4810 3595 4881; x_wconf 90' lang='lat' dir='ltr'>apertius</span> <span class='ocrx_word' id='word_1_806' title='bbox 3613 4810 3841 4883; x_wconf 82' lang='lat' dir='ltr'>profert</span> 
     </span>
    </p>
   </div>
   <div class='ocr_carea' id='block_1_111' title="bbox 2183 4897 3844 4969">
    <p class='ocr_par' dir='ltr' id='par_1_111' title="bbox 2183 4897 3844 4969">
     <span class='ocr_line' id='line_1_111' title="bbox 2183 4897 3844 4969; baseline 0.003 -18"><span class='ocrx_word' id='word_1_807' title='bbox 2183 4897 2382 4954; x_wconf 90' lang='lat' dir='ltr'>dicens</span> <span class='ocrx_word' id='word_1_808' title='bbox 2414 4916 2428 4955; x_wconf 86' lang='lat'><strong>:</strong></span> <span class='ocrx_word' id='word_1_809' title='bbox 2465 4899 2692 4969; x_wconf 83' lang='lat' dir='ltr'>Vigilate</span> <span class='ocrx_word' id='word_1_810' title='bbox 2716 4913 2846 4969; x_wconf 87' lang='lat' dir='ltr'>ergo</span> <span class='ocrx_word' id='word_1_811' title='bbox 2870 4900 3023 4954; x_wconf 83' lang='lat' dir='ltr'>omni</span> <span class='ocrx_word' id='word_1_812' title='bbox 3051 4906 3292 4969; x_wconf 87' lang='lat' dir='ltr'>tempore</span> <span class='ocrx_word' id='word_1_813' title='bbox 3319 4907 3555 4965; x_wconf 83' lang='lat' dir='ltr'>orantes,</span> <span class='ocrx_word' id='word_1_814' title='bbox 3587 4903 3648 4954; x_wconf 85' lang='lat' dir='ltr'>ut</span> <span class='ocrx_word' id='word_1_815' title='bbox 3675 4899 3844 4969; x_wconf 73' lang='lat' dir='ltr'>digni</span> 
     </span>
    </p>
   </div>
   <div class='ocr_carea' id='block_1_112' title="bbox 2183 4986 3839 5060">
    <p class='ocr_par' dir='ltr' id='par_1_112' title="bbox 2183 4986 3839 5060">
     <span class='ocr_line' id='line_1_112' title="bbox 2183 4986 3839 5060; baseline 0.003 -21"><span class='ocrx_word' id='word_1_816' title='bbox 2183 4986 2498 5043; x_wconf 85' lang='lat' dir='ltr'>habeamini</span> <span class='ocrx_word' id='word_1_817' title='bbox 2522 4988 2723 5060; x_wconf 81' lang='lat' dir='ltr'>fugere</span> <span class='ocrx_word' id='word_1_818' title='bbox 2753 5001 2879 5057; x_wconf 60' lang='lat' dir='ltr'>qua</span> <span class='ocrx_word' id='word_1_819' title='bbox 2905 4993 3141 5042; x_wconf 82' lang='lat' dir='ltr'>ventura</span> <span class='ocrx_word' id='word_1_820' title='bbox 3182 4995 3312 5043; x_wconf 83' lang='lat' dir='ltr'>sunt</span> <span class='ocrx_word' id='word_1_821' title='bbox 3353 4987 3501 5044; x_wconf 86' lang='lat' dir='ltr'>vobis</span> <span class='ocrx_word' id='word_1_822' title='bbox 3528 4989 3679 5059; x_wconf 83' lang='lat' dir='ltr'>(Luc.</span> <span class='ocrx_word' id='word_1_823' title='bbox 3712 5005 3839 5059; x_wconf 73' lang='lat' dir='ltr'>xxx,</span> 
     </span>
    </p>
   </div>
   <div class='ocr_carea' id='block_1_113' title="bbox 2180 5076 3838 5150">
    <p class='ocr_par' dir='ltr' id='par_1_113' title="bbox 2180 5076 3838 5150">
     <span class='ocr_line' id='line_1_113' title="bbox 2180 5076 3838 5150; baseline 0.001 -17"><span class='ocrx_word' id='word_1_824' title='bbox 2180 5078 2292 5150; x_wconf 88' lang='lat'>36).</span> <span class='ocrx_word' id='word_1_825' title='bbox 2328 5077 2434 5132; x_wconf 90' lang='lat' dir='ltr'>Pro</span> <span class='ocrx_word' id='word_1_826' title='bbox 2464 5077 2727 5149; x_wconf 90' lang='lat' dir='ltr'>ejusdem</span> <span class='ocrx_word' id='word_1_827' title='bbox 2760 5076 3043 5149; x_wconf 89' lang='lat' dir='ltr'>temporis</span> <span class='ocrx_word' id='word_1_828' title='bbox 3075 5093 3214 5133; x_wconf 90' lang='lat' dir='ltr'>cura</span> <span class='ocrx_word' id='word_1_829' title='bbox 3260 5076 3596 5133; x_wconf 90' lang='lat' dir='ltr'>adhibenda</span> <span class='ocrx_word' id='word_1_830' title='bbox 3646 5078 3838 5135; x_wconf 86' lang='lat' dir='ltr'>Isaias</span> 
     </span>
    </p>
   </div>
   <div class='ocr_carea' id='block_1_114' title="bbox 2180 5165 3837 5240">
    <p class='ocr_par' dir='ltr' id='par_1_114' title="bbox 2180 5165 3837 5240">
     <span class='ocr_line' id='line_1_114' title="bbox 2180 5165 3837 5240; baseline 0.001 -18"><span class='ocrx_word' id='word_1_831' title='bbox 2180 5165 2465 5240; x_wconf 90' lang='lat' dir='ltr'>propheta</span> <span class='ocrx_word' id='word_1_832' title='bbox 2495 5166 2769 5220; x_wconf 90' lang='lat' dir='ltr'>admonet</span> <span class='ocrx_word' id='word_1_833' title='bbox 2798 5165 2999 5222; x_wconf 91' lang='lat' dir='ltr'>dicens</span> <span class='ocrx_word' id='word_1_834' title='bbox 3024 5183 3036 5221; x_wconf 91' lang='lat'>:</span> <span class='ocrx_word' id='word_1_835' title='bbox 3089 5168 3329 5235; x_wconf 68' lang='lat' dir='ltr'>Quaerite</span> <span class='ocrx_word' id='word_1_836' title='bbox 3370 5167 3667 5223; x_wconf 84' lang='lat' dir='ltr'>Dominum</span> <span class='ocrx_word' id='word_1_837' title='bbox 3696 5167 3837 5224; x_wconf 85' lang='lat' dir='ltr'>dum</span> 
     </span>
    </p>
   </div>
   <div class='ocr_carea' id='block_1_115' title="bbox 2179 5255 3833 5328">
    <p class='ocr_par' dir='ltr' id='par_1_115' title="bbox 2179 5255 3833 5328">
     <span class='ocr_line' id='line_1_115' title="bbox 2179 5255 3833 5328; baseline 0 -16"><span class='ocrx_word' id='word_1_838' title='bbox 2179 5257 2423 5312; x_wconf 85' lang='lat' dir='ltr'>inveniri</span> <span class='ocrx_word' id='word_1_839' title='bbox 2475 5261 2665 5326; x_wconf 79' lang='lat' dir='ltr'>potest,</span> <span class='ocrx_word' id='word_1_840' title='bbox 2700 5256 2947 5311; x_wconf 85' lang='lat' dir='ltr'>invocate</span> <span class='ocrx_word' id='word_1_841' title='bbox 2994 5272 3118 5311; x_wconf 87' lang='lat' dir='ltr'>eum</span> <span class='ocrx_word' id='word_1_842' title='bbox 3164 5255 3295 5311; x_wconf 82' lang='lat' dir='ltr'>dum</span> <span class='ocrx_word' id='word_1_843' title='bbox 3344 5272 3514 5328; x_wconf 80' lang='lat' dir='ltr'>prope</span> <span class='ocrx_word' id='word_1_844' title='bbox 3566 5260 3642 5312; x_wconf 80' lang='lat' dir='ltr'>est</span> <span class='ocrx_word' id='word_1_845' title='bbox 3690 5259 3833 5327; x_wconf 78' lang='lat' dir='ltr'>(Isa.</span> 
     </span>
    </p>
   </div>
   <div class='ocr_carea' id='block_1_116' title="bbox 2180 5343 3840 5418">
    <p class='ocr_par' dir='ltr' id='par_1_116' title="bbox 2180 5343 3840 5418">
     <span class='ocr_line' id='line_1_116' title="bbox 2180 5343 3840 5418; baseline 0.001 -17"><span class='ocrx_word' id='word_1_846' title='bbox 2180 5363 2267 5417; x_wconf 86' lang='lat' dir='ltr'>Lv,</span> <span class='ocrx_word' id='word_1_847' title='bbox 2290 5346 2366 5417; x_wconf 88' lang='grc'>6).</span> <span class='ocrx_word' id='word_1_848' title='bbox 2394 5344 2572 5410; x_wconf 86' lang='lat' dir='ltr'>Quasi</span> <span class='ocrx_word' id='word_1_849' title='bbox 2594 5343 2748 5399; x_wconf 90' lang='lat' dir='ltr'>enim</span> <span class='ocrx_word' id='word_1_850' title='bbox 2772 5343 2971 5416; x_wconf 89' lang='lat' dir='ltr'>procul</span> <span class='ocrx_word' id='word_1_851' title='bbox 2995 5344 3201 5415; x_wconf 88' lang='lat' dir='ltr'>aberit,</span> <span class='ocrx_word' id='word_1_852' title='bbox 3228 5362 3361 5401; x_wconf 91' lang='lat' dir='ltr'>cum</span> <span class='ocrx_word' id='word_1_853' title='bbox 3385 5344 3609 5402; x_wconf 89' lang='lat' dir='ltr'>nullius</span> <span class='ocrx_word' id='word_1_854' title='bbox 3631 5361 3840 5418; x_wconf 85' lang='lat' dir='ltr'>pecca-</span> 
     </span>
    </p>
   </div>
   <div class='ocr_carea' id='block_1_117' title="bbox 2178 5432 3837 5508">
    <p class='ocr_par' dir='ltr' id='par_1_117' title="bbox 2178 5432 3837 5508">
     <span class='ocr_line' id='line_1_117' title="bbox 2178 5432 3837 5508; baseline 0.001 -18"><span class='ocrx_word' id='word_1_855' title='bbox 2178 5436 2320 5491; x_wconf 90' lang='lat' dir='ltr'>toris</span> <span class='ocrx_word' id='word_1_856' title='bbox 2354 5450 2551 5508; x_wconf 90' lang='lat' dir='ltr'>preces</span> <span class='ocrx_word' id='word_1_857' title='bbox 2574 5432 2860 5489; x_wconf 86' lang='lat' dir='ltr'>exaudiet.</span> <span class='ocrx_word' id='word_1_858' title='bbox 2884 5433 3204 5490; x_wconf 88' lang='lat' dir='ltr'>Sabbatum</span> <span class='ocrx_word' id='word_1_859' title='bbox 3226 5440 3444 5503; x_wconf 87' lang='lat' dir='ltr'>autem,</span> <span class='ocrx_word' id='word_1_860' title='bbox 3478 5434 3635 5507; x_wconf 93' lang='lat' dir='ltr'>quod</span> <span class='ocrx_word' id='word_1_861' title='bbox 3660 5434 3837 5491; x_wconf 82' lang='lat' dir='ltr'>addi-</span> 
     </span>
    </p>
   </div>
   <div class='ocr_carea' id='block_1_118' title="bbox 2177 5522 3834 5599">
    <p class='ocr_par' dir='ltr' id='par_1_118' title="bbox 2177 5522 3834 5599">
     <span class='ocr_line' id='line_1_118' title="bbox 2177 5522 3834 5599; baseline 0.002 -20"><span class='ocrx_word' id='word_1_862' title='bbox 2177 5530 2302 5580; x_wconf 89' lang='lat' dir='ltr'>tum</span> <span class='ocrx_word' id='word_1_863' title='bbox 2324 5528 2413 5580; x_wconf 89' lang='lat' dir='ltr'>est</span> <span class='ocrx_word' id='word_1_864' title='bbox 2434 5523 2634 5591; x_wconf 91' lang='lat' dir='ltr'>hiemi,</span> <span class='ocrx_word' id='word_1_865' title='bbox 2670 5522 2808 5594; x_wconf 91' lang='lat' dir='ltr'>quia</span> <span class='ocrx_word' id='word_1_866' title='bbox 2834 5524 2989 5595; x_wconf 88' lang='lat' dir='ltr'>apud</span> <span class='ocrx_word' id='word_1_867' title='bbox 3016 5524 3249 5581; x_wconf 84' lang='lat' dir='ltr'>Judaos</span> <span class='ocrx_word' id='word_1_868' title='bbox 3280 5524 3525 5580; x_wconf 87' lang='lat' dir='ltr'>festivus</span> <span class='ocrx_word' id='word_1_869' title='bbox 3556 5528 3645 5581; x_wconf 89' lang='lat' dir='ltr'>est</span> <span class='ocrx_word' id='word_1_870' title='bbox 3676 5525 3834 5599; x_wconf 85' lang='lat' dir='ltr'>dies,</span> 
     </span>
    </p>
   </div>
   <div class='ocr_carea' id='block_1_119' title="bbox 2176 5612 3833 5710">
    <p class='ocr_par' dir='ltr' id='par_1_119' title="bbox 2176 5612 3833 5710">
     <span class='ocr_line' id='line_1_119' title="bbox 2176 5612 3833 5710; baseline 0.001 -40"><span class='ocrx_word' id='word_1_871' title='bbox 2176 5630 2293 5691; x_wconf 92' lang='lat' dir='ltr'>quo</span> <span class='ocrx_word' id='word_1_872' title='bbox 2322 5614 2591 5674; x_wconf 85' lang='lat' dir='ltr'>homines</span> <span class='ocrx_word' id='word_1_873' title='bbox 2621 5629 2798 5692; x_wconf 89' lang='lat' dir='ltr'>quam</span> <span class='ocrx_word' id='word_1_874' title='bbox 2829 5612 3079 5676; x_wconf 86' lang='lat' dir='ltr'>maxime</span> <span class='ocrx_word' id='word_1_875' title='bbox 3106 5614 3362 5690; x_wconf 81' lang='lat' dir='ltr'>gaudere</span> <span class='ocrx_word' id='word_1_876' title='bbox 3391 5612 3603 5691; x_wconf 89' lang='lat' dir='ltr'>solent,</span> <span class='ocrx_word' id='word_1_877' title='bbox 3634 5613 3833 5710; x_wconf 68' lang='lat' dir='ltr'>signi:</span> 
     </span>
    </p>
   </div>
  </div>
