4108 6188
227 300 332 359 261

1205 295 1352 357 LIB.
1397 295 1500 357 DE
1545 294 1927 360 ADMONI'I‘.
1973 291 2269 362 CLERIC.
2319 296 2418 361 ET
2462 296 2656 363 LAlC.

3516 304 3636 368 262

227 432 362 487 ﬂeat
391 427 577 486 otium
600 427 901 502 quodlibet
921 427 1126 486 inutile
1154 428 1243 486 vel
1276 433 1508 502 tempus
1540 431 1874 504 incongruaa
1904 432 1960 498 Α
2063 432 2122 486 In
2151 431 2355 504 primis
2374 449 2628 505 nemque
2656 434 2913 493 diximus
2932 435 3097 493 vobis
3121 438 3412 510 quomodo
3443 441 3638 497 studia

229 519 438 574 laetitiae
465 537 479 586 ;
510 517 599 574 vel
649 519 791 590 quia
820 518 1059 574 Sabbati
1093 519 1215 575 dies
1245 523 1502 575 extrema
1531 524 1620 574 est
1653 520 1708 574 in
1742 519 1882 576 heb-

228 607 610 680 domada,per
633 607 744 663 hoc
773 607 1162 664 admonemur
1181 625 1252 664 ne
1281 609 1340 663 in
1363 609 1641 664 extremis
1670 608 1885 664 solum-

228 697 533 763 modo,sed
564 696 730 769 prius
761 696 916 751 mala
937 701 1138 753 nostra
1168 697 1882 771 fugiamus.Quamobrem

229 786 383 858 quod
415 785 705 842 Dominus
734 786 1042 841 admonuit
1058 803 1130 842 ne
1151 786 1210 840 in
1241 787 1490 842 Sabbato
1520 787 1657 859 fuga
1685 790 1886 842 nostra

232 877 527 946 ﬁat,docet
557 892 628 930 ne
658 874 716 929 in
750 876 1057 947 praesentis
1082 876 1213 931 vitae
1238 875 1464 931 deliciis
1495 876 1669 948 positi
1689 876 1886 930 futura

233 964 449 1040 gaudia
478 969 921 1037 postponamus.
942 965 1090 1030 Quia
1135 964 1316 1036 igitur
1346 964 1593 1020 audistis
1627 981 1729 1036 per
1759 964 1883 1018 hie-

235 1071 388 1110 mem
413 1053 772 1126 quibusdam
796 1052 1100 1110 laboribus
1128 1054 1512 1126 incongruam
1533 1054 1775 1110 extremi
1791 1054 1883 1124 iu-

233 1143 366 1199 dicii
397 1147 635 1215 tempus
666 1141 1026 1215 praesignari,
1070 1143 1351 1198 attendite
1403 1142 1543 1215 quid
1593 1143 1765 1198 modo
1796 1143 1884 1197 fa-

234 1232 506 1289 ciendum
537 1231 616 1288 sit
641 1231 975 1299 vobis,dum
1008 1232 1155 1288 bene
1187 1232 1424 1304 possitis
1446 1237 1504 1288 et
1533 1232 1660 1287 vita
1685 1231 1884 1286 lumen

231 1321 482 1390 habetis,
507 1337 695 1393 neque
725 1321 882 1376 enim
914 1321 1080 1377 vobis
1109 1320 1405 1377 excusatio
1427 1325 1609 1378 restat
1638 1320 1758 1376 ulla
1778 1338 1883 1393 pro

233 1409 561 1466 litterarum
595 1409 943 1482 ignorantia,
981 1425 1114 1464 cum
1147 1409 1206 1464 in
1239 1408 1430 1465 hieme
1461 1410 1771 1465 notissima
1799 1409 1885 1464 le-

236 1515 367 1572 gere
389 1498 632 1554 valeatis
663 1514 790 1569 quae
822 1501 962 1554 sunt
990 1497 1153 1553 vobis
1184 1497 1462 1554 facienda.

304 1589 522 1644 Deinde
536 1603 672 1643 vero
693 1586 1006 1643 dicendum
1021 1586 1160 1658 quid
1185 1586 1510 1659 quotidiani
1533 1603 1670 1642 esus
1694 1603 1886 1643 neces-

236 1677 378 1734 sitas
423 1677 589 1734 vobis
633 1677 841 1731 innuat
889 1677 1223 1748 agendum;
1256 1676 1518 1747 undique
1565 1676 1722 1731 enim
1754 1675 1884 1731 illos

236 1767 402 1823 ﬂores
433 1766 686 1837 habetis,
719 1782 786 1822 ex
817 1765 1031 1837 quibus
1061 1764 1310 1835 alicujus
1339 1765 1739 1821 aedificationis
1771 1764 1887 1820 mel

234 1856 499 1928 colligere
519 1854 916 1918 valetis.Quod
943 1870 1078 1926 ergo
1103 1855 1371 1926 cogimur
1393 1870 1607 1925 corpus
1627 1854 1886 1925 quotidie

236 1947 490 2013 reﬁcere,
517 1950 581 2000 ut
604 1943 960 2000 robustiores
979 1945 1167 2000 simus
1199 1944 1269 1999 ad
1303 1959 1548 2015 quaaque
1569 1942 1892 2015 corporalia

235 2034 752 2106 studia,significat
776 2033 946 2089 nobis
975 2032 1236 2106 quotidie
1254 2050 1401 2105 opus
1425 2049 1552 2088 esse
1582 2032 1736 2090 refici
1760 2032 1890 2088 cibo

233 2123 550 2197 spirituali,
581 2123 641 2178 id
677 2127 764 2178 est
794 2122 1061 2178 doctrina
1090 2121 1332 2192 ccclesti,
1357 2137 1427 2176 ne
1457 2121 1799 2177 deficiamus
1829 2121 1888 2176 in

232 2213 636 2285 labore,quem
664 2212 890 2285 jugiter
919 2211 1209 2268 sustinere
1241 2211 1522 2266 debemus
1551 2216 1610 2266 et
1641 2227 1743 2282 pro
1774 2226 1890 2266 ser-

232 2304 418 2359 vitute
449 2302 649 2358 divina
675 2305 732 2358 et
777 2318 881 2373 pro
913 2305 1282 2373 peccatorum
1324 2305 1661 2356 nostrorum
1692 2298 1890 2354 indul-

231 2394 447 2466 gentia.
481 2391 608 2448 Nisi
637 2391 794 2448 enim
825 2391 980 2446 Deus
1011 2389 1384 2462 omnipotens
1414 2405 1546 2443 cum
1579 2387 1891 2444 refectione

235 2482 455 2539 carnali
489 2479 858 2554 spiritualem
879 2479 1048 2536 vellet
1068 2478 1766 2552 significari,decrevisset
1786 2478 1894 2532 uti-

235 2589 347 2645 que
376 2572 437 2626 in
470 2571 744 2643 praescuti
773 2571 892 2625 vita
915 2568 1071 2625 idem
1106 2569 1226 2624 fore
1257 2568 1410 2639 quod
1445 2570 1501 2622 et
1531 2567 1590 2622 in
1639 2567 1841 2623 futura
1874 2583 1888 2632 ;

235 2661 316 2716 ibi
347 2676 609 2732 namque
638 2659 932 2715 invenitur
963 2656 1162 2714 nullus
1193 2656 1292 2728 qui
1323 2655 1642 2728 corporalis
1675 2655 1786 2710 cibi
1813 2671 1901 2711 re-

236 2751 491 2807 fectione
521 2753 816 2823 pascatur.

304 2840 509 2896 Adhuc
557 2839 874 2895 dicendum
919 2841 1100 2894 restat
1149 2837 1288 2909 quid
1333 2837 1500 2908 copia
1547 2839 1603 2891 et
1651 2834 1898 2908 penuria

239 2929 583 2986 substantiae
618 2925 934 3000 corporalis
983 2927 1226 2994 innuat;
1262 2943 1398 2982 nam
1443 2940 1544 2997 per
1583 2929 1897 2996 utramque

245 3035 459 3092 magna
487 3023 544 3075 et
574 3017 908 3074 necessaria
951 3016 1178 3072 cunctis
1211 3013 1476 3071 doctrina
1507 3018 1894 3069 monstratur.

242 3111 314 3164 Et
334 3110 500 3181 copia
517 3107 759 3178 quidem
783 3107 985 3161 edocet
1001 3103 1320 3177 quia,sicut
1334 3103 1462 3176 ipsa
1483 3102 1743 3158 laetitiam
1769 3102 1898 3157 vitae

1916 1815 1964 1878 B

1994 521 2192 592 apium
2225 521 2440 577 imitari
2473 522 2750 590 debeatis,
2783 525 3124 598 colligentes
3149 545 3219 584 ex
3240 529 3417 584 variis
3448 529 3637 586 homi-

1993 610 2169 666 nibus
2189 610 2273 668 vel
2306 611 2678 676 rebus,velut
2707 630 2774 669 ex
2803 615 3441 683 ﬂoribus,dulcedinem
3461 618 3637 675 virtu-

1993 702 2118 754 tum
2146 719 2160 771 ;
2195 698 2404 755 deinde
2435 699 2576 771 quid
2609 700 2935 758 immensus
2963 703 3103 759 solis
3132 705 3408 777 splendor
3448 707 3636 780 signi-

1995 788 2144 844 ﬁcet.
2178 788 2397 844 Deinde
2430 787 2684 843 diximus
2714 790 2786 845 de
2806 791 3032 847 trifaria
3061 792 3445 866 intelligentia
3473 796 3532 851 in
3556 813 3640 852 re-

1998 878 2110 933 bus
2141 877 2470 933 visibilibus
2502 878 2832 934 retinenda:
2853 881 3046 952 prima
3077 883 3314 952 quidem
3343 889 3452 953 est,
3481 902 3638 956 qua-

2001 981 2068 1021 ex
2098 965 2508 1038 temporalium
2540 967 2827 1022 bonorum
2860 969 3292 1040 pulchritudine
3335 972 3503 1028 docet
3533 990 3640 1030 nos

2005 1055 2375 1111 considerare
2405 1072 2580 1128 quam
2611 1056 2873 1128 speciosa
2901 1057 3021 1113 sint
3067 1063 3282 1115 aeterna
3324 1061 3513 1130 bona;
3547 1078 3643 1117 se-

1995 1144 2185 1200 cunda
2216 1144 2477 1200 insinuat
2507 1161 2574 1200 ex
2612 1146 2813 1202 eadem
2845 1147 3280 1217 pulchritudine
3311 1151 3642 1220 probandos

1995 1247 2122 1288 esse
2153 1232 2646 1300 homines,utrum
2679 1233 2863 1289 Deum
2894 1234 3142 1307 diligant
3171 1237 3304 1309 plus
3335 1254 3512 1310 quam
3537 1243 3645 1294 ter-

1993 1338 2134 1377 rena
2164 1321 2436 1392 quaelibet
2464 1348 2474 1383 ;
2527 1322 2699 1378 tertia
2728 1323 2945 1379 indicat
2973 1326 3126 1396 quod
3157 1331 3434 1382 creaturae
3463 1328 3643 1384 totius

1995 1411 2316 1468 adversitas
2348 1411 2591 1483 ipsaque
2611 1411 2882 1468 humanae
2906 1417 3125 1468 natura:
3155 1415 3347 1472 vilitas
3364 1432 3432 1472 ex
3453 1416 3642 1472 homi-

1994 1516 2137 1555 num
2170 1499 2493 1570 primorum
2539 1501 3006 1572 praevaricatione
3037 1503 3314 1572 evenerit,
3347 1506 3448 1560 sed
3481 1522 3644 1562 eam-

1994 1590 2126 1644 dem
2157 1589 2567 1644 adversitatem
2589 1594 2647 1645 et
2677 1589 2958 1646 vilitatem
2983 1595 3134 1647 Deus
3155 1591 3213 1646 in
3247 1590 3505 1664 aliquam
3528 1593 3644 1648 uti-

1992 1677 2217 1734 litatem
2278 1677 2534 1734 hominis
2583 1678 2870 1734 convertit
2916 1697 2929 1746 ;
2980 1679 3188 1736 deinde
3235 1681 3433 1749 etiam,
3502 1682 3642 1754 quid

1994 1766 2243 1822 hiemale
2274 1771 2508 1839 tempus
2540 1767 2609 1822 ad
2629 1783 2804 1838 opera
2835 1769 3103 1839 quaedam
3125 1769 3475 1841 ineptum,et
3505 1770 3645 1842 quid

1999 1852 2324 1924 quotidiani
2349 1869 2485 1909 esus
2512 1855 3118 1926 necessitas,quidque
3144 1856 3308 1928 copia
3329 1862 3384 1913 et
3405 1858 3651 1929 penuria

1998 1941 2316 2014 corporalis
2347 1942 2686 1998 substantiae
2717 1943 3068 2015 significent,
3111 1944 3485 2016 protulimus.
3517 1946 3650 2010 Quae

1998 2031 2278 2087 nimirum
2312 2031 2529 2099 omnia,
2558 2032 2694 2103 quia
2725 2049 2790 2088 ex
2822 2033 3181 2103 quotidianis
3235 2035 3650 2106 experimentis

2002 2125 2249 2192 possunt
2267 2120 2431 2176 vobis
2451 2137 2578 2175 esse
2600 2120 3216 2187 notissima,attendite
3229 2125 3253 2193 j
3266 2123 3456 2196 ugiter
3470 2141 3652 2195 quan-

2000 2213 2117 2265 tam
2151 2209 2590 2265 azdiﬁcationem
2621 2211 2826 2264 exinde
2854 2212 3090 2282 possitis
3116 2213 3652 2284 capere,imitantes

2001 2299 2222 2355 scilicet
2261 2315 2409 2370 opus
2458 2299 2657 2370 apium
2704 2300 2762 2354 in
2795 2299 3138 2355 collectione
3185 2301 3490 2356 virtutum.
3521 2302 3652 2357 Jam

2000 2389 2156 2443 enim
2192 2386 2350 2444 nulla
2381 2388 2677 2444 excusatio
2710 2393 2975 2443 remanet
2996 2388 3160 2445 vobis
3191 2407 3295 2461 pro
3325 2389 3656 2446 litterarum

1999 2477 2348 2548 ignorantia,
2372 2477 2860 2548 quandoquidem
2891 2477 2949 2531 in
2969 2477 3060 2532 his
3088 2478 3262 2532 rebus
3293 2494 3441 2548 quas
3473 2479 3659 2550 quoti-

2004 2566 2095 2622 die
2123 2565 2332 2620 videtis
2361 2565 2448 2620 vel
2482 2566 2700 2621 auditis
2733 2563 2819 2620 vel
2851 2565 3046 2637 aliquo
3092 2567 3265 2621 modo
3293 2567 3546 2635 sentitis,
3580 2567 3663 2622 di-

2001 2655 2148 2710 vinae
2198 2654 2499 2726 religionis
2549 2654 2812 2710 notitiam
2864 2654 3023 2710 velut
3065 2654 3122 2710 in
3152 2654 3318 2710 libris
3350 2671 3661 2727 agnoscere

2005 2743 2230 2800 valetis.
2281 2744 2409 2798 Haec
2439 2743 2678 2815 quidem
2728 2743 2950 2800 monita
3000 2745 3072 2798 ad
3104 2743 3283 2799 laicos
3332 2743 3664 2816 specialiter

2007 2834 2162 2888 dicta
2192 2835 2330 2889 sint.

2078 2921 2297 2978 Deinde
2325 2937 2460 2978 vero
2492 2926 2611 2978 tam
2645 2922 2885 2979 clericos
2917 2938 3096 2994 quam
3127 2921 3309 2979 laicos
3339 2923 3664 2979 admonens

2008 3027 2210 3081 precor
2241 3015 2304 3066 ut
2323 3011 2690 3067 attendentes
2719 3011 3059 3068 continuam
3091 3012 3242 3068 aeris
3293 3012 3664 3084 temperiem,
3737 3065 3748 3070 ς

2011 3117 2137 3172 quin
2189 3099 2443 3171 peccatis
2494 3100 2712 3155 nostris
2759 3100 3150 3171 exigentibus,
3202 3100 3284 3155 ita
3330 3118 3433 3173 per
3479 3117 3666 3156 annos

241 3198 551 3271 praesentis
584 3194 1238 3268 auget,sollicitudinem
1271 3192 1507 3260 minuit,
1530 3193 1613 3248 ita
1643 3196 1700 3246 et
1731 3189 1898 3262 spiri-
1929 3187 1972 3254 C
2005 3190 2131 3260 jam
2155 3187 2373 3244 multos
2394 3189 2741 3244 imminebat
2762 3193 2821 3242 ut
2846 3193 2947 3243 aut
2966 3187 3326 3244 immensum
3351 3190 3667 3261 frigus,aut

243 3287 437 3344 tuales
467 3285 773 3355 divitias,id
798 3289 888 3340 est
915 3284 1158 3339 virtutes
1188 3283 1396 3338 animae
1428 3298 1663 3338 omnem
1696 3283 1902 3336 futurae

245 3375 608 3432 calamitatis
626 3373 940 3430 etmiserize
963 3371 1422 3427 sollicitudinem
1448 3370 1726 3424 minuunt
1749 3373 1906 3424 aeter-

247 3481 459 3538 naeque
489 3461 872 3520 beatitudinis
889 3465 1107 3534 augent
1131 3458 1622 3533 gaudia.Penuria
1642 3474 1775 3513 vero
1798 3457 1906 3512 hoc

247 3556 506 3625 indicat,
539 3553 679 3623 quia
704 3553 851 3608 sicut
879 3552 1008 3624 ipsa
1054 3549 1411 3622 patientibus
1442 3565 1570 3602 eam
1602 3562 1905 3602 marorem

245 3644 471 3719 ingerit
504 3641 906 3714 multiplicem,
941 3645 1138 3713 utpote
1170 3639 1270 3711 qui
1300 3638 1576 3709 ignorant
1603 3637 1756 3690 unde
1793 3634 1906 3691 sibi

248 3736 472 3790 victum
506 3735 779 3804 quaerant
799 3731 924 3787 sine
946 3747 1061 3802 quo
1091 3729 1283 3783 vivere
1308 3726 1714 3799 nequeunt,ita
1744 3722 1910 3797 spiri-

257 3823 433 3879 tualis
461 3822 596 3878 vitae
620 3821 837 3876 damna
859 3824 1085 3875 aeternae
1117 3815 1513 3872 damnationis
1535 3814 1911 3886 praefigurant

262 3913 536 3967 lamenta.
591 3911 738 3966 Cum
789 3908 971 3981 igitur
1018 3906 1202 3977 vobis,
1251 3921 1283 3960 ο
1319 3905 1522 3960 fratres
1554 3899 1912 3968 charissimi,

256 4001 436 4058 variis
467 3999 662 4056 modis
679 3999 903 4054 dictum
929 3996 1006 4054 sit
1027 3995 1276 4068 qualiter
1300 3993 1425 4050 sine
1447 3991 1657 4047 litteris
1680 3989 1911 4063 religio-

259 4109 334 4148 sae
362 4091 494 4149 vita:
526 4088 825 4146 tramitem
872 4086 1172 4158 exquirere
1215 4088 1271 4140 et
1299 4083 1372 4138 in’
1403 4099 1470 4138 ea
1517 4081 1782 4137 incedere
1812 4096 1910 4134 va-

223 4178 737 4246 'leatis,attendite
752 4178 972 4250 jugiter
993 4176 1066 4230 ad
1088 4173 1322 4246 singula
1338 4172 1604 4244 quaejam
1631 4168 1908 4236 diximus,

253 4277 312 4327 et
363 4286 434 4326 ea
478 4270 537 4324 in
589 4267 864 4324 cordibus
910 4264 1116 4321 vestris
1146 4261 1350 4320 sedula
1377 4265 1618 4316 tractate
1648 4275 1807 4314 cura.
1842 4256 1914 4314 Ut

253 4365 458 4417 autem
489 4376 557 4416 ea
599 4357 833 4414 facilius
863 4354 1130 4413 recolatis
1176 4357 1234 4409 et
1285 4350 1547 4407 tenacius
1594 4347 1916 4404 inhereant

254 4450 537 4509 cordibus
566 4448 801 4521 vestris,
833 4447 975 4504 libet
1001 4445 1132 4518 ipsa
1159 4443 1412 4501 breviter
1440 4441 1716 4513 repetere.

2012 3279 2306 3333 immensa
2338 3276 2554 3348 pluvia,
2598 3276 2686 3332 vel
2736 3276 3124 3347 intemperata
3182 3275 3415 3330 siccitas
3442 3276 3668 3330 fructus

2014 3372 2184 3422 terra;
2233 3381 2615 3436 corrumpens
2664 3365 2857 3420 famen
2925 3363 3321 3418 miserandam
3391 3363 3666 3430 efficeret,

2021 3461 2194 3528 atque
2224 3454 2604 3510 formidantes
2636 3468 2707 3508 ne
2738 3455 3012 3522 corrupta
3035 3449 3346 3524 iniquitate
3375 3455 3533 3505 terra
3562 3465 3669 3505 ne-

2016 3545 2272 3601 cessaria
2290 3543 2570 3598 alimenta
2598 3541 2833 3614 penitus
2853 3541 3098 3612 deneget
3122 3539 3211 3595 vel
3231 3538 3460 3611 aliquos
3480 3536 3669 3594 homi-

2017 3651 2120 3690 nes
2151 3630 2638 3696 absorbeat,sicut
2665 3630 2722 3684 in
2747 3628 3100 3701 quibusdam
3131 3627 3446 3700 locis,proh
3465 3625 3662 3682 dolori

2019 3723 2243 3778 noviter
2273 3721 2535 3777 evenisse
2556 3718 2792 3789 dicitur,
2843 3717 3180 3773 abstineant
3200 3733 3262 3773 se
3291 3715 3666 3787 aliquatenus

2020 3829 2053 3866 a
2080 3810 2255 3867 solita
2285 3807 2528 3865 avaritia
2553 3812 2609 3864 et
2638 3807 2862 3878 rapina,
2920 3822 3026 3861 nec
3059 3822 3175 3860 non
3207 3803 3447 3859 lascivia
3476 3801 3676 3858 multi-

2021 3899 2392 3972 plicibusque
2415 3897 2764 3970 nugis,quas
2785 3895 3150 3952 stolidissimi
3173 3893 3409 3964 quidam
3433 3893 3504 3947 ab
3523 3895 3677 3946 exte-

2022 3989 2102 4044 ris
2134 3988 2474 4044 nationibus
2507 3987 2565 4040 in
2598 3986 2703 4042 bas
2747 3984 3008 4057 regiones
3046 3999 3150 4055 per
3179 3981 3478 4037 insolitam
3510 3995 3677 4036 rasu-

2021 4094 2146 4133 ram
2173 4082 2228 4133 et
2249 4081 2692 4132 monstruosum
2717 4073 2997 4130 vestitum
3015 4070 3369 4127 detulerunt.
3393 4068 3519 4124 Nisi
3541 4083 3677 4138 ergo

2022 4165 2366 4238 hujusmodi
2399 4164 2649 4221 stultitia
2695 4163 3077 4234 relinquatur,
3113 4177 3229 4217 non
3261 4159 3452 4216 solum
3485 4159 3542 4213 in
3573 4172 3674 4214 eos

2025 4257 2125 4328 qui
2159 4257 2400 4327 faciunt,
2435 4255 2536 4311 sed
2595 4253 2771 4310 etiam
2802 4252 2903 4325 qui
2947 4249 3341 4320 consentiunt,
3392 4245 3672 4304 divinitus

2021 4344 2372 4402 vindicatur.
