4108 6188
461 283 579 345 263

1475 278 1819 341 OTHLONI
1865 277 2229 341 MONAGHI‘
2261 279 2325 339 S.
2371 272 2869 339 EMMERKMM‘I

3749 280 3879 341 ΞΜ

1348 616 2138 719 EIUSDEM
2227 617 3013 719 0THLONI

1048 852 1265 974 DE
1351 851 2213 975 DOCTRINA
2306 853 3287 977 SPIRITUALI

1674 1111 2011 1197 LIBER
2068 1112 2689 1199 ME'I‘RICUS

1394 1312 1536 1367 CUM
1566 1314 1752 1368 ALIIS
1789 1314 2076 1369 DIVERSI
2114 1313 2915 1372 GENERIS‘CARMINIBUS‘.

604 1467 802 1521 Erutus
831 1481 901 1520 ex
945 1464 1059 1520 cod.
1090 1481 1192 1519 ms.
1229 1465 1427 1536 inclyti
1454 1473 1506 1520 et
1534 1466 1847 1545 imperiales
1876 1466 2282 1545 τηοῃιῑδιεῃξίΔ
2316 1468 2719 1545 Είῃηξᾳνατηγηί
2750 1468 3152 1525 Ratisbonensis
3182 1470 3241 1524 R.
3277 1471 3339 1524 D.
3373 1475 3439 1525 P.
3476 1474 3724 1545 Ragnar-0

1697 1536 1924 1592 Reirher
1955 1539 2309 1594 Benedictin
2347 1538 2662 1595 Mellz’ce—nsi.

756 1688 942 1760 (Apud
976 1688 1042 1744 R.
1078 1688 1137 1744 P.
1174 1688 1534 1744 Bernardum
1566 1687 1821 1756 Pezium,
1857 1688 2159 1743 Theseum
2191 1688 2384 1745 Anecd.
2416 1690 2640 1755 noviss.,
2667 1696 2808 1745 tom.
2844 1688 2942 1759 III,
2975 1695 3139 1764 parte
3167 1706 3230 1762 It,’
3263 1706 3396 1767 pag.
3435 1686 3583 1767 430.)

659 1977 921 2035 INCIPIT
961 1979 1329 2036 PROLOGUS
1374 1981 1646 2037 LIBELLI
1685 1981 1907 2037 HUJUS

461 2086 504 2140 Ο
536 2086 990 2157 quicuncunque
1017 2088 1183 2158 cupis
1214 2104 1560 2160 cognoscere
1592 2089 1747 2144 dicta
1776 2090 1984 2146 salutis

461 2174 527 2229 Et
558 2191 824 2230 sermone
856 2176 1013 2231 brevi
1044 2176 1129 2230 vis
1162 2177 1232 2230 ad
1267 2176 1463 2232 divina
1493 2180 1736 2245 moueri,

456 2265 641 2319 Aures
670 2268 795 2319 tam
824 2264 1037 2320 mentis
1067 2280 1244 2335 quam
1276 2265 1536 2337 corporis
1558 2266 1669 2321 huc
1700 2283 1904 2338 precor
1923 2272 2108 2339 aptes,

459 2351 606 2407 Nam
639 2351 739 2408 tali
772 2353 965 2408 studio
997 2353 1276 2408 doctrinae
1303 2354 1543 2410 verbula
1588 2372 1790 2426 promo

461 2439 535 2494 Ut
562 2456 689 2511 quae
722 2456 824 2512 per
852 2441 1045 2497 varios
1078 2442 1318 2498 deberes
1350 2459 1606 2514 quaerere
1638 2443 1842 2509 libros,

458 2527 516 2581 Si
548 2544 712 2584 mora
741 2529 1037 2599 quaerendi
1069 2531 1298 2585 minuat
1330 2531 1436 2586 tibi
1468 2537 1597 2587 vota
1630 2532 1876 2604 legendi,

459 2616 519 2671 Si
552 2632 669 2687 qua
698 2616 783 2671 vel
815 2617 1075 2673 obscurae
1108 2620 1398 2675 sententia
1425 2619 1600 2692 longa
1631 2621 1827 2692 ﬁgurae

459 2705 539 2759 Te
570 2704 768 2759 minus
801 2704 1093 2761 intentum
1126 2708 1413 2763 conducat
1444 2709 1515 2764 ad
1545 2710 1674 2781 ipsa
1703 2709 2040 2779 legendum,

460 2792 589 2847 Haec
618 2793 728 2848 sub
760 2794 1075 2866 succincta,
1109 2812 1215 2851 nec
1248 2814 1360 2851 non
1404 2797 1577 2870 plana
1606 2798 1828 2853 ratione

464 2880 640 2935 Isthic
672 2880 906 2955 inventa
930 2882 1101 2938 citius
1132 2884 1327 2954 capias
1360 2886 1731 2953 documenta,

459 2969 648 3038 Atque
678 2984 781 3039 per
809 2969 917 3025 hos
947 2970 1118 3035 ritus,
1145 2971 1301 3027 velut
1330 2972 1524 3029 infans
1555 2973 1703 3030 lacte
1735 2976 1993 3031 nutritus

460 3054 655 3111 Sicubi
686 3059 992 3129 repereris,
1030 3060 1253 3130 majora
1283 3078 1583 3133 capessere
1614 3065 1824 3134 possis.

463 3144 585 3211 Hic,
616 3160 775 3217 rogo,
810 3162 882 3201 ne
912 3162 1140 3217 quaeras
1167 3148 1254 3203 vel
1285 3150 1641 3206 continentia
1672 3152 1827 3207 dicta

461 3230 591 3287 Sive
622 3234 828 3289 modos
859 3236 1027 3289 metri
1058 3238 1253 3307 majus
1286 3255 1463 3308 quam
1496 3240 1770 3311 dogmata
1799 3241 1980 3307 verbi,

459 3320 593 3384 Quae
620 3318 755 3376 licet
784 3322 1027 3377 urbanis
1056 3339 1287 3393 possem
1321 3325 1592 3381 decorare
1619 3328 1900 3399 camenis,

455 3407 622 3462 Absit
653 3414 717 3464 ut
746 3409 855 3465 hoc
885 3412 1171 3480 studium,
1199 3430 1312 3484 quo
1347 3415 1516 3471 credo
1552 3417 1665 3472 Deo
1701 3416 1994 3485 famulari,

455 3496 662 3552 Moliar
692 3497 961 3554 humanae
992 3500 1107 3555 ritu
1137 3502 1444 3559 sustollere
1478 3522 1723 3577 pompm.

454 3585 600 3641 Nam
633 3586 682 3640 si
715 3593 1008 3658 quaeretur
1037 3606 1141 3644 cur
1168 3592 1437 3647 versibus
1468 3592 1587 3648 haec
1629 3595 1992 3665 copulentur,

455 3672 729 3736 Quamvis
761 3691 863 3745 pro
892 3676 1051 3730 verbi
1086 3677 1291 3733 faciam
1325 3695 1503 3734 causa
1533 3681 1852 3749 breviandi,

452 3761 568 3815 Nec
600 3778 711 3817 non
744 3768 1049 3834 propterea
1078 3780 1435 3835 cognoscens
1467 3768 1763 3824 studiosos

454 3850 727 3921 Quosque
757 3852 946 3923 magis
970 3854 1138 3906 metri
1172 3869 1350 3924 quam
1384 3871 1563 3925 prosa:
1595 3856 2101 3925 intendere,dictis

450 3938 588 3993 Tale
620 3938 758 4009 quid
790 3939 1027 3995 illorum
1062 3941 1275 3997 studiis
1302 3949 1501 4014 aptare
1532 3945 1813 4018 volebam,

453 4029 562 4079 Per
587 4026 741 4095 quod
774 4027 1006 4098 utrique
1038 4028 1261 4084 homini
1297 4037 1493 4103 posset
1518 4034 1780 4091 doctrina
1812 4039 2097 4096 adhiberi.

451 4116 581 4167 Haec
612 4118 700 4167 est
731 4129 964 4170 summa
994 4121 1213 4185 tamen,
1247 4121 1522 4189 quoniam
1570 4126 1870 4181 metricam
1905 4127 2098 4184 hacte-

1752 4218 1887 4286 [nus
1914 4221 2096 4274 artem

452 4287 588 4343 Plus
620 4305 794 4361 quam
828 4294 1158 4363 prosaicam
1193 4297 1449 4354 dictandi
1483 4318 1641 4358 more
1671 4303 1951 4376 colebam,

448 4376 563 4433 Nec
588 4383 815 4436 mutare
843 4381 1059 4454 stylum
1091 4392 1491 4457 properantem
1526 4390 1680 4459 quivi
1721 4391 2021 4449 aliorsum.

448 4467 623 4523 Porro
655 4470 809 4540 quod
854 4471 1148 4527 interdum
1183 4476 1476 4548 subjungo
1509 4495 1763 4535 consona
1794 4483 1984 4549 verba,

448 4560 583 4623 Quae
605 4574 759 4614 nunc
794 4560 1111 4616 multorum
1144 4564 1362 4620 nimius
1392 4567 1685 4622 desiderat
1714 4586 1880 4637 usus,

445 4645 563 4701 Hoc
595 4663 829 4719 quoque
861 4650 1167 4707 verborum
1200 4654 1332 4724 plus
1358 4655 1561 4711 ordine
1593 4659 1953 4714 convenienti

446 4734 692 4808 Insuper
714 4738 953 4810 antiqua
986 4740 1056 4795 de
1087 4744 1514 4798 consuetudine
1548 4745 1671 4812 feci,

443 4824 587 4877 Cum
620 4840 712 4879 me
744 4827 967 4881 decrevi
999 4835 1183 4885 crtare
1206 4832 1575 4888 scholaribus
1606 4836 1755 4890 orsis

444 4911 629 4973 Quam
662 4913 991 4984 cuicunque
1021 4918 1191 4973 velim
1225 4937 1326 4991 per
1358 4921 1495 4977 talia
1522 4922 1673 4978 dicta
1708 4923 1950 4994 placere.

445 4998 569 5052 Imo
592 5014 695 5068 per
724 4999 831 5055 hoc
867 5004 1059 5073 majus
1091 5008 1295 5062 studeo
1331 5009 1448 5063 fore
1480 5011 1640 5066 mitis
1672 5018 1728 5067 et
1759 5021 1948 5085 aptus.

439 5086 622 5151 Quod,
658 5104 790 5143 cum
824 5106 996 5146 nosse
1028 5095 1238 5165 prober
1268 5096 1521 5166 pretioso
1555 5100 1768 5155 famine
1802 5104 1983 5175 fungi,

441 5175 608 5231 Disco
639 5180 831 5233 tamen
867 5180 1039 5235 subdi
1073 5182 1281 5237 divinae
1310 5185 1645 5256 rusticitati,

441 5262 573 5325 Quae
606 5266 812 5320 mundi
843 5267 963 5323 fata
990 5272 1183 5325 minus
1212 5273 1550 5345 assequitur
1578 5292 1875 5346 generosa.

441 5349 601 5406 Unde
634 5355 857 5410 utinam
893 5375 1073 5428 prosae
1113 5361 1373 5417 studium
1406 5366 1817 5422 tantummodo
1857 5370 2087 5435 scirem,

439 5438 520 5494 Ne
546 5442 679 5511 quis
712 5458 804 5498 me
836 5447 1038 5503 metris
1083 5450 1354 5507 extollere
1384 5452 1528 5508 velle
1561 5458 1791 5525 putaret
1825 5456 1836 5510 ι

438 5530 921 5604 Quandoquidem
946 5538 1165 5596 noviter
1187 5543 1488 5599 mundana
1505 5541 1831 5617 relinquere
1856 5546 2086 5610 discens

2136 1987 2191 2053 Α
2221 1984 2381 2048 Quod
2414 1983 2498 2039 vel
2530 1985 2912 2042 versificando
2944 1986 3163 2059 aliquid
3210 1988 3369 2045 fruor
3397 1994 3520 2045 arte
3549 1990 3768 2063 priore,

2223 2070 2359 2143 Hoc,
2394 2073 2594 2140 fateor,
2622 2075 2833 2131 faciam
2866 2092 3078 2148 magno
3112 2094 3228 2133 non
3279 2079 3499 2150 absque
3540 2080 3766 2136 timore;

2222 2161 2330 2215 Sed
2365 2161 2646 2233 quianon
2678 2163 2846 2219 aliter
2868 2181 3108 2221 sensum
3138 2168 3310 2223 modo
3333 2185 3595 2240 promere
3624 2187 3893 2241 possum:

2218 2252 2406 2320 Atque
2437 2268 2582 2323 opus
2613 2257 2701 2307 est
2729 2253 2903 2309 variis
2944 2260 3161 2311 memet
3190 2257 3588 2330 constringere
3617 2259 3799 2328 curis,
3824 2298 3825 2301 η

2220 2337 2301 2393 Ne
2335 2338 2485 2395 male
2514 2345 2841 2412 torpentem
2875 2344 3159 2400 seducant
3190 2344 3310 2401 otia
3342 2352 3617 2403 mentem.

2220 2425 2279 2481 Si
2312 2428 2451 2500 quid
2482 2428 2592 2484 erit
2622 2447 2863 2501 pravum
2897 2444 3064 2488 sacra
3110 2436 3285 2490 verba
3332 2441 3584 2494 retexere
3633 2444 3823 2496 metro
3860 2459 3876 2496 ε

2223 2516 2279 2571 1d
2306 2521 2480 2585 Deus,
2515 2523 2578 2572 ut
2610 2536 2799 2591 spero,
2832 2521 2940 2577 sub
2973 2521 3145 2594 culpa
3174 2523 3285 2579 fert
3308 2526 3543 2595 leviori;

2221 2605 2369 2668 Quin
2402 2607 2589 2678 magis
2619 2624 2687 2663 ex
2717 2614 2835 2664 toto
2867 2627 2983 2682 quo
3014 2612 3268 2668 dimittet
3296 2629 3499 2684 precor
3541 2615 3761 2688 ipsum.

2220 2698 2293 2748 At
2324 2699 2380 2749 te
2410 2696 2751 2767 suppliciter
2779 2714 2975 2769 posco,
3010 2700 3110 2771 qui
3140 2700 3349 2774 legeris
3379 2703 3511 2772 ista,

2218 2782 2274 2835 Si
2306 2798 2482 2853 quam
2514 2786 2769 2856 reperias
2801 2786 2895 2842 hic
2924 2804 3053 2844 esse
3078 2782 3567 2862 superﬂUitatem,

2220 2870 2353 2933 Quae
2384 2871 2461 2927 sit
2490 2890 2592 2929 seu
2624 2879 2808 2930 metro
2841 2876 2926 2931 vel
2960 2878 3018 2931 in
3052 2877 3170 2934 ullo
3201 2881 3447 2937 crimine
3478 2883 3647 2954 facta,

2220 2959 2378 3015 Hanc
2407 2963 2651 3034 propria
2686 2980 2864 3020 causa
2893 2969 3177 3023 mercedis
3206 2971 3418 3027 rectius
3450 2977 3633 3044 aptes.

2218 3048 2379 3120 Saepe
2410 3051 2597 3123 magis
2630 3069 2839 3109 sensus
2870 3071 3045 3126 quam
3088 3058 3258 3113 metri
3289 3060 3422 3129 jura
3451 3068 3686 3118 secutus

2220 3136 2430 3209 Legem
2462 3139 2800 3211 syllabicam
2828 3144 3126 3217 paulisper
3151 3146 3559 3207 discutiebam.

2220 3229 2443 3295 Dector,
2480 3229 2550 3283 ad
2599 3235 2923 3287 extremum
2964 3251 3163 3306 precor
3230 3237 3337 3293 hoc
3385 3255 3563 3311 quam
3613 3242 3877 3301 maxime

3645 3331 3875 3399 [solum

2214 3404 2514 3469 Quatenus
2544 3406 2754 3463 Othoni
2790 3413 3143 3484 quandoque
3172 3414 3316 3471 velis
3346 3420 3696 3488 memorari;

2214 3492 2341 3560 Qui,
2376 3492 2508 3550 licet
2536 3496 2828 3561 indoctus,
2862 3498 2981 3555 haec
3008 3518 3139 3557 sum
3172 3521 3516 3577 componere
3550 3508 3740 3565 nisus.

2639 3604 2999 3662 INCIPIUNT
3054 3610 3426 3667 CAPITULA.

2286 3688 2325 3741 Ι.
2359 3688 2823 3749 Ρτωίθιὶυηευιει.
2850 3697 2984 3760 Qum
3014 3696 3132 3752 sint
3164 3699 3539 3770 potissimum
3571 3704 3872 3762 docenda.

2212 3776 2279 3829 ΙΙ.
2316 3777 2394 3831 De
2426 3778 2538 3833 fide
2568 3786 2780 3836 sanctzs
2812 3784 3115 3842 Trinitatis
3160 3792 3216 3843 et
3245 3788 3560 3847 Dominiczs
3590 3793 3877 3852 incarna-

2280 3863 2475 3920 tionis.

2210 3953 2306 4007 Ill.
2327 3956 2487 4044 Quia
2516 3956 2796 4016 dcbemus
2829 3964 3206 4029 crcdere,Deo
3230 3968 3472 4040 dignum
3508 3971 3728 4044 aliquid
3753 3990 3877 4031 nec

2280 4042 2391 4096 dici
2423 4061 2527 4099 nec
2557 4049 2865 4120 excogitari
2894 4067 3085 4122 posse.

2208 4130 2299 4185 IV.
2333 4133 2447 4186 Cur
2477 4139 2787 4205 Deus,cum
2816 4139 2893 4193 sit
2920 4139 3294 4215 incorporeus
3326 4151 3499 4219 atque
3523 4149 3885 4223 ineffabilia,

2280 4237 2472 4277 rerum
2507 4225 2893 4295 corporalium
2926 4229 3265 4304 designetur
3292 4236 3611 4294 vocabulis.

2205 4307 2271 4362 V.
2308 4311 2467 4375 Quod
2503 4312 2645 4368 ﬁdes
2677 4315 2803 4370 sine
2833 4318 3107 4388 operibus
3138 4328 3369 4380 mortua
3400 4326 3495 4380 sit.

2204 4396 2296 4451 Vl.
2330 4398 2409 4453 De
2435 4399 2548 4457 fide
2577 4401 2816 4459 caelesti.

2203 4485 2326 4541 Vll.
2362 4487 2441 4543 De
2471 4489 2779 4547 dilectione
2811 4495 2906 4548 Dei
2935 4500 2992 4551 et
3020 4499 3288 4569 proximi.

2204 4574 2353 4630 VIII.
2390 4582 2466 4632 De
2506 4577 2853 4637 humilitate.

2208 4664 2295 4720 IX.
2331 4665 2409 4721 De
2436 4668 2731 4738 patientia.

2205 4752 2269 4807 X.
2303 4753 2383 4809 De
2413 4756 2691 4814 orationis
2723 4762 2912 4818 modo.
2972 4770 2989 4787 ‘

2206 4842 2298 4897 ΧΙ.
2334 4848 2410 4898 De
2438 4843 2604 4902 libris
2635 4849 2941 4919 gentilium
2974 4854 3224 4913 vitandis
3254 4866 3312 4914 et
3343 4862 3415 4917 de
3444 4864 3637 4919 studio
3671 4881 3876 4921 sacrae

2278 4931 2557 4989 lectionis.

2365 5022 2755 5113 Despirituali
2788 5029 3098 5103 Scriptura”:
3129 5053 3306 5093 sacrae
3340 5039 3744 5113 intelligentia.

2203 5108 2345 5163 XIII.
2378 5112 2806 5171 Admonitionis
2833 5135 3024 5175 sermo
3046 5124 3115 5178 ad
3139 5125 3377 5184 clericos
3395 5148 3408 5197 ;
3426 5108 3589 5201 prius
3612 5131 3883 5202 quidem

2273 5199 2344 5253 ad
2378 5198 2530 5265 illos,
2565 5202 2664 5272 qui
2714 5204 2768 5258 in
2804 5210 3080 5277 pastorali
3131 5198 3467 5273 consistunt
3518 5219 3819 5291 regimine
3864 5243 3882 5288 ;

2272 5287 2481 5343 deinde
2510 5305 2642 5345 vero
2666 5292 2736 5346 ad
2764 5300 2990 5369 eos,qui
3010 5302 3203 5359 studio
3230 5287 3639 5364 tantummodo
3658 5287 3885 5366 adhes?

2272 5382 2401 5431 rent
2429 5377 2722 5436 saecularis
2754 5385 3029 5443 scientiae.

2197 5464 2337 5521 XIV.
2360 5466 2437 5523 De
2469 5484 2710 5525 casuum
2746 5488 3007 5533 meorum
3040 5478 3522 5556 relatione,quam
3546 5486 3640 5542 hic
3662 5487 3888 5560 adjeci

2267 5558 2338 5612 ad
2370 5561 2854 5633 compescendam
2887 5567 3266 5638 pertinaciam
3322 5573 3479 5631 cieri.
