4098 6172
274 252 376 316 Ξῦὗ

1415 245 1538 316 ”Ι)Ε
1585 245 1981 321 ΒΟΟΤΗΙΝᾹ
2026 247 2487 322 SPIBITUALI.

3548 260 3664 326 966

276 386 378 442 XV.
403 385 660 450 Qualiter
679 383 814 458 post
843 378 1208 460 aegritudinis
1234 387 1402 443 variae
1421 387 1649 459 ﬂagella
1680 387 1752 443 ad
1785 404 1908 443 mo-
1937 397 1992 456 Α
2025 389 2133 444 Par
2161 390 2237 445 sit
2265 391 2564 461 majestas,
2599 408 2706 464 par
2727 409 2944 450 numen
2974 398 3030 449 et
3060 409 3179 450 una
3207 399 3486 467 potestas,

338 474 566 530 nasticzs
583 475 971 547 professionis
1000 475 1145 531 redii
1174 481 1326 532 vota.

274 563 401 619 XVI.
434 563 580 628 Quia
601 580 721 619 non
753 563 944 619 solum
975 565 1168 637 palam
1207 564 1525 637 professus,
1585 566 1685 621 sed
1731 566 1906 621 etiam

334 653 517 724 quivis
539 651 766 709 occulte
787 654 1006 709 mundo
1025 653 1673 724 abrenuntians,illicite
1687 659 1909 727 repetat

334 744 632 799 mundana

268 831 658 896 XVII.Quanta
669 831 930 904 pericula
945 833 1284 889 tentationis
1301 833 1360 888 in
1382 832 1548 889 initio
1563 832 1905 906 pertulerim

332 921 744 977 conversionis.

267 1010 446 1067 XVIII.
471 1011 632 1077 Quod
654 1009 775 1066 haec
801 1014 1012 1066 cuncta
1040 1013 1113 1067 ad
1139 1012 1362 1068 clerum
1403 1012 1559 1069 dicta
1590 1028 1706 1068 non
1740 1011 1908 1067 aliter

330 1116 361 1153 a
390 1115 484 1156 me
511 1099 626 1156 nisi
656 1100 1067 1172 compatientis
1097 1117 1294 1158 amore
1326 1102 1445 1158 sint
1475 1101 1723 1174 prolata.

267 1187 395 1244 XIX.
426 1188 762 1244 Admonitio
793 1189 970 1244 etiam
1001 1190 1154 1245 facta
1176 1190 1247 1246 ad
1279 1189 1478 1246 laicos.

268 1277 370 1332 XX.
403 1277 548 1343 Quia
578 1277 722 1332 nihil
753 1281 979 1333 aeternae
1028 1279 1205 1334 saluti
1253 1282 1698 1351 proponendum
1732 1281 1828 1349 sit,

267 1366 398 1421 XXI.
431 1369 512 1422 De
543 1365 653 1421 cibi
685 1369 978 1438 potusque
1005 1367 1285 1439 parcitate
1315 1369 1619 1423 servanda.

266 1455 418 1510 XXII.
442 1456 525 1511 De
553 1456 748 1511 somni
771 1457 966 1528 quiete
995 1459 1394 1528 temperanda.

269 1544 455 1600 XXIII.
490 1545 570 1600 De
602 1544 930 1616 abjiciendo
962 1545 1228 1617 pretiosae
1260 1547 1440 1602 vestis
1463 1546 1643 1602 cultu.

268 1633 440 1689 XXIV.
463 1633 545 1689 De
571 1632 725 1689 vana
752 1633 942 1705 gloria
961 1635 1258 1707 fugienda.

269 1721 420 1779 XXV.
452 1727 536 1779 De
563 1723 882 1780 obdientia.

268 1812 446 1869 XXVI.
511 1813 673 1877 Quod
729 1829 833 1886 pro
883 1813 1055 1869 rebus
1113 1813 1332 1882 dubiis,
1385 1829 1531 1886 quas
1559 1814 1640 1868 nil
1670 1813 1910 1885 prodest

329 1903 496 1973 scire,
525 1919 643 1958 non
667 1903 746 1958 sit
775 1902 1015 1973 quaestio
1048 1902 1334 1969 facienda,

268 1991 630 2057 XXVII.Quia
651 1990 817 2047 facile
841 1991 896 2044 in
931 2008 991 2045 re
1021 1991 1334 2047 notissima
1353 1996 1410 2047 et
1441 1996 1642 2064 aperta
1661 1995 1907 2062 erretur,

333 2081 444 2138 nisi
476 2081 646 2137 bonis
677 2079 952 2152 operibus
984 2081 1243 2136 veritatis
1266 2081 1511 2136 scientia
1533 2081 1911 2137 conﬁrmetur

268 2170 508 2226 XXVIII.
539 2170 618 2226 De
648 2169 1136 2242 concupiscentiis
1167 2169 1421 2226 carnalis
1452 2169 1772 2226 tentatione
1811 2186 1908 2226 su-

329 2260 605 2332 peranda.

265 2349 452 2404 XXIX.
487 2349 568 2404 De
598 2348 840 2404 honoris
865 2352 922 2404 et
945 2348 1235 2420 primatus
1266 2347 1582 2405 ambitione
1612 2347 1905 2420 fugienda.

265 2437 422 2494 XXX.
455 2438 617 2502 Quod
648 2437 786 2492 licet
814 2436 1082 2494 homines
1112 2438 1372 2510 potentia
1393 2439 1736 2506 abutantur,
1757 2439 1914 2508 pote-

332 2531 515 2582 states
535 2531 732 2583 tamen
759 2543 794 2581 a
822 2526 1070 2582 Domino
1087 2526 1250 2597 juste
1275 2529 1506 2582 dantur.

263 2616 455 2672 XXXI.
481 2615 737 2679 Qualiter
776 2616 849 2671 ad
881 2619 1228 2688 potestatem
1259 2615 1507 2688 quisque
1564 2614 1909 2688 promoveri,

335 2711 392 2762 et
423 2723 528 2761 cur
559 2705 774 2761 iterum
805 2705 1011 2760 eadem
1037 2705 1244 2761 debeat
1274 2704 1544 2776 relinqui.

265 2794 485 2851 XXXII.
516 2793 686 2858 Quali
713 2811 858 2849 cura
879 2810 1006 2849 sese
1035 2798 1093 2850 et
1123 2795 1471 2851 commissos
1503 2796 1692 2849 rector
1737 2809 1915 2848 unus-

333 2885 585 2956 quisque
615 2883 823 2939 debeat
847 2882 1162 2938 custodire.

265 2973 508 3029 XXXIII.
543 2971 624 3027 De
654 2971 1008 3028 discretonis
1033 2972 1264 3028 virtute.

2019 479 2288 534 Personis
2316 481 2528 547 trinus,
2563 481 2716 536 Deus
2745 482 2804 536 in
2837 484 3082 540 decitate
3111 485 3211 540 sed
3239 501 3415 541 unus.

2019 568 2133 622 lloc
2160 584 2392 640 quoque
2422 570 2796 638 credendum,
2832 589 3097 644 puraque
3126 574 3240 628 ﬁde
3271 573 3664 643 retinendum,

2017 657 2178 720 Quod
2211 656 2467 712 Verbum
2500 658 2706 729 Patris,
2740 659 3003 715 Salvator
3035 659 3257 717 scilicet
3286 663 3443 719 orbis

2019 748 2096 799 Ac
2144 747 2425 802 Dominus
2455 751 2672 814 noster,
2706 765 2808 820 per
2837 764 3012 820 quem
3045 754 3185 805 sunt
3215 757 3422 808 cuncta
3451 755 3664 823 creata,

2016 834 2160 889 Cum
2195 835 2341 890 foret
2371 841 2642 904 aeternus,
2673 842 2810 893 ante
2840 839 3038 894 omnia
3069 839 3285 896 saecula
3309 847 3486 898 natus

2018 921 2398 996 quualisque
2433 925 2583 980 Patri
2607 942 2710 997 pro
2742 926 3048 997 majestate
3081 929 3343 1000 perenni,

2017 1013 2322 1084 Temporis
2352 1013 2411 1067 in
2444 1014 2558 1070 ﬁne
2590 1014 2810 1072 missus
2841 1015 3130 1072 Genitoris
3162 1017 3233 1072 ab
3265 1033 3415 1085 arce,

2021 1100 2092 1155 Ut
2122 1118 2228 1156 nos
2252 1103 2321 1157 de
2347 1103 2606 1158 tenebris
2646 1108 2939 1160 revocaret
2967 1105 3332 1176 perditionis,

2017 1190 2219 1246 Carnis
2244 1208 2395 1246 onus
2423 1208 2568 1247 verae
2594 1194 2918 1264 susceperit
2941 1210 3009 1248 ex
3039 1194 3318 1263 muliere;

2019 1279 2152 1342 Quae
2183 1283 2379 1335 tamen
2403 1279 2620 1336 intacta
2649 1282 2972 1353 permansit
3000 1286 3057 1338 et
3087 1283 3381 1350 inviolata,

2019 1367 2245 1422 Gaudia
2267 1369 2487 1425 habens
2518 1370 2723 1425 matris
2755 1387 2888 1426 cum
2911 1375 3221 1428 stemmate
3267 1373 3661 1445 virginitatis;

2018 1457 2155 1511 Post
2184 1457 2303 1512 haec
2335 1458 2394 1512 in
2426 1459 2595 1514 terris
2626 1459 2843 1531 degens
2875 1460 2986 1515 sub
3019 1461 3276 1534 imagine
3305 1463 3498 1518 carnis

2018 1545 2253 1617 Absque
2283 1547 2413 1602 dolo
2443 1548 2622 1602 vitam
2652 1547 2812 1605 solus
2832 1549 3182 1622 transegerit
3207 1550 3420 1614 istam;

2020 1635 2086 1689 Et
2116 1651 2231 1706 quo
2262 1637 2565 1707 perﬁceret
2595 1638 2764 1707 cujus
2797 1655 2974 1694 causa
3003 1639 3371 1711 adveniebat,

2019 1725 2127 1780 Pro
2162 1724 2366 1780 mundi
2384 1724 2557 1797 culpa
2586 1743 2797 1798 passus
2829 1727 3174 1786 discrimina
3202 1729 3390 1785 multa

2019 1813 2204 1869 Morte
2226 1830 2334 1868 sua
2362 1814 2562 1886 primae
2595 1815 2883 1870 destruxit
2907 1817 3045 1886 jura
3071 1816 3285 1885 ruinae;

2016 1906 2204 1974 Atque
2235 1904 2590 1976 resurgendo
2623 1905 2845 1960 dederit
2871 1904 3114 1976 vestigia
3144 1907 3385 1974 mundo,

2017 1991 2098 2046 Ne
2131 1991 2265 2063 quis
2292 1993 2558 2064 desperet
2588 1994 2940 2065 quandoque
2972 2011 3275 2066 resurgere
3305 1998 3530 2065 semet;

2019 2081 2181 2144 Quod
2215 2079 2444 2136 rediens
2475 2081 2636 2137 coelis
2669 2083 2832 2139 sedet
2858 2084 2929 2138 ad
2962 2084 3225 2139 dextram
3257 2085 3573 2154 Ge'nitoris,

2021 2169 2159 2225 Inde
2191 2171 2506 2226 revertenti
2538 2188 2670 2226 cum
2704 2176 2930 2243 sceptro
2953 2172 3222 2242 jndiciali

2021 2257 2280 2313 Reddere
2310 2259 2380 2314 de
2419 2259 2585 2316 factis
2615 2261 2900 2316 rationem
2935 2262 3142 2318 debeat
3171 2263 3386 2329 omnis,

2021 2348 2130 2402 Pro
2146 2347 2489 2419 meritisque
2508 2350 2692 2405 vicem
2712 2350 2905 2421 capiat
2921 2354 3059 2405 tunc
3072 2350 3322 2423 quisque
3334 2367 3673 2425 perennem,

2552 2455 2970 2512 CAPITULUM
3003 2457 3100 2512 III.

2027 2549 2168 2615 Quia
2197 2550 2487 2604 debeamus
2507 2545 2743 2612 credere,
2776 2547 2886 2600 Deo
2915 2545 3144 2616 dignum
3178 2545 3392 2617 aliquid
3420 2562 3519 2603 nec
3565 2545 3680 2603 dici

2588 2633 2687 2672 nec
2713 2618 3014 2688 excogitari
3035 2633 3208 2688 posse.

2023 2709 2168 2765 Hinc
2198 2707 2378 2781 igitur
2407 2721 2630 2778 nequeo
2656 2705 2760 2760 tibi
2792 2704 3042 2761 multum
3096 2707 3350 2778 pandere
3405 2709 3598 2777 verbo,

2023 2798 2138 2854 Nec
2161 2798 2304 2853 satis
2328 2795 2600 2868 amplecti
2631 2795 2806 2849 datur
2834 2795 2943 2850 hoc
2972 2799 3184 2850 nostris
3207 2797 3420 2852 rationi

2022 2886 2103 2942 De
2133 2904 2248 2958 quo
2278 2885 2373 2940 vix
2403 2884 2624 2955 aliquid
2654 2884 2908 2954 perfecta
2936 2884 3176 2940 scientia
3211 2885 3412 2940 sentit.

2023 2975 2126 3030 Vis
2157 2975 2370 3030 etenim
2404 2977 2570 3028 tanta
2599 2977 2797 3028 manet
2826 2972 2885 3026 in
2915 2972 3129 3028 virtute
3159 2989 3416 3046 superna

262 3062 499 3118 XXXIV.
560 3065 639 3117 De
697 3077 763 3118 eo
796 3061 952 3133 quod
985 3058 1204 3128 nullus,
1243 3060 1607 3133 quantalibet
1627 3059 1916 3131 sapientia
2027 3064 2117 3130 Ut,
2152 3064 2354 3135 quovis
2383 3062 2574 3117 valeat
2602 3061 2860 3116 hominis
2892 3062 3199 3132 procedere
3231 3079 3460 3130 sensus,

331 3151 417 3208 vel
447 3151 768 3206 virtutibus
797 3151 1036 3219 ditetur,
1069 3165 1131 3205 se
1159 3150 1218 3203 in
1273 3149 1546 3222 praesenti
1591 3150 1712 3205 vita
1749 3164 1914 3206 secu-
1944 3134 1987 3202 C
2025 3154 2095 3209 Et
2126 3134 2302 3224 quota
2327 3151 2403 3207 sit
2433 3149 2635 3220 lingua
2665 3149 2878 3204 divinis
2897 3148 3174 3204 laudibus
3208 3155 3361 3221 apta,

331 3257 464 3296 rum
496 3238 938 3313 perfectumque
972 3239 1306 3294 arbitretur.

263 3329 475 3387 XXXV.
509 3335 591 3384 De
643 3328 921 3386 orationis
980 3327 1264 3383 instantia
1301 3330 1360 3382 et
1396 3327 1535 3399 quia
1565 3343 1736 3383 nemo
1765 3326 1917 3382 difﬁ-

331 3421 470 3476 dere
501 3417 711 3474 debeat
739 3419 810 3472 de
840 3417 943 3472 Dei
975 3415 1394 3472 misericordia.
1630 3415 1632 3417 ’

264 3506 517 3564 XXXVI.
578 3505 741 3570 Quod
799 3503 1254 3560 conversationis
1315 3505 1530 3558 sanctae
1578 3501 1813 3557 initium
1843 3503 1919 3558 sit

335 3595 598 3666 difﬁcile,
633 3594 731 3650 sed
758 3594 1002 3664 juvante
1032 3592 1260 3649 Christo
1293 3592 1458 3648 labor
1485 3591 1768 3665 levigetur
1792 3607 1920 3664 per—

338 3682 701 3742 severantia.

269 3774 534 3832 XXXVII.
570 3773 721 3840 Quia
748 3769 901 3827 nulli
931 3771 1140 3826 debeat
1170 3771 1556 3843 incongruum
1579 3769 1666 3826 vel
1705 3769 1922 3825 mirum

334 3864 517 3920 videri
549 3862 712 3935 quod
739 3865 943 3917 tantus
970 3860 1136 3916 labor
1164 3864 1374 3932 agatur
1403 3875 1506 3932 pro
1522 3859 1643 3914 vita
1659 3858 1920 3931 perenni.

268 3953 571 4011 XXXVIII.
599 3950 680 4007 Ut
702 3950 968 4007 divinum
999 3965 1147 4022 opus
1177 3965 1312 4004 cum
1371 3965 1472 4020 spe
1519 3947 1923 4004 retributionis

337 4050 566 4100 aeternae
589 4039 843 4096 ﬁdeliter
872 4039 1167 4110 agendum
1198 4038 1295 4093 sit.

269 4130 513 4187 XXXIX.
535 4127 875 4185 Exhertatio
928 4126 1216 4198 generalis
1247 4142 1350 4197 pro
1382 4125 1576 4182 labore
1617 4125 1780 4198 regni
1813 4141 1924 4181 coe-

343 4219 534 4276 lestis.

682 4305 1099 4362 CAPITULUM
1140 4303 1445 4360 PRIMUM.

518 4397 734 4469 Incipit
765 4396 983 4452 libellus
1011 4394 1076 4451 de
1103 4394 1352 4451 doctrina
1396 4392 1682 4466 spirituali

275 4488 446 4542 Sicut
474 4487 555 4542 ait
582 4485 800 4541 Paulus
830 4483 1025 4541 divina
1044 4484 1168 4556 lege
1197 4483 1477 4556 probatus
1501 4500 1513 4537 :

277 4576 535 4648 Spiritus
566 4578 660 4631 est
687 4573 825 4646 vita,
857 4590 1016 4630 mors
1041 4573 1232 4629 carnis
1253 4570 1628 4643 Philosophia
1652 4588 1666 4638 ;

279 4663 429 4720 Hinc
458 4665 605 4720 satis
637 4663 849 4720 imbuti
879 4661 1176 4734 fugiamus
1198 4663 1475 4733 dogmata
1497 4659 1723 4726 mundi,

281 4753 350 4809 Et
373 4755 542 4822 juxta
569 4752 722 4808 vires
754 4751 968 4808 Christi
997 4751 1346 4806 documenta
1375 4751 1710 4820 sequentes,

282 4841 564 4910 Quilibet,
598 4858 630 4898 ο
662 4841 864 4910 lector,
895 4856 1068 4912 quem
1091 4839 1332 4911 spiritus
1362 4839 1572 4894 excitat
1602 4837 1792 4907 ardor,

289 4929 642 4986 Incedamus
671 4930 781 4986 iter
809 4930 965 5002 quod
993 4945 1098 4985 nos
1128 4929 1296 4984 docet
1326 4926 1425 4982 ille
1456 4926 1773 4999 magister;

286 5018 404 5076 Sed
429 5019 571 5091 quia
585 5020 903 5076 credulitas
932 5018 1112 5074 totius
1133 5033 1369 5074 summa
1394 5019 1627 5071 tenetur

285 5107 355 5163 Et
390 5109 558 5180 quasi
590 5108 950 5181 principium
981 5107 1186 5162 divinae
1215 5105 1361 5178 legis
1391 5104 1674 5161 habetur:

293 5195 508 5253 Isthaac
541 5201 631 5253 est
659 5198 867 5252 merito
889 5197 1104 5252 nostris
1126 5193 1412 5250 sermonis
1439 5192 1618 5266 origo.

879 5283 1288 5340 CAPITULUM
1311 5281 1382 5336 II.

2029 3241 2120 3296 Nil
2154 3240 2268 3295 nisi
2300 3237 2620 3294 scintillam
2651 3237 2743 3291 vix
2775 3252 3039 3307 promere
3059 3237 3251 3307 possit
3280 3242 3337 3293 et
3363 3237 3524 3292 illam
3555 3253 3568 3291 :

2031 3329 2177 3396 Quid
2213 3343 2457 3400 persona
2481 3325 2599 3394 Dei,
2632 3325 2773 3395 quid
2808 3324 2884 3380 sit
2913 3324 3248 3379 substantia
3291 3324 3534 3390 summi,

2031 3416 2321 3488 Quidquid
2337 3414 2395 3468 id
2413 3419 2520 3484 est,
2542 3412 2682 3485 quid
2701 3411 2952 3484 quisque
2973 3415 3165 3483 potest
3180 3411 3397 3468 ist‘hinc
3412 3411 3678 3479 recitare,

2033 3508 2216 3562 Immo
2247 3504 2421 3560 etiam
2450 3505 2737 3574 quantum
2761 3501 3224 3573 possitmundus
3256 3499 3433 3557 simul
3464 3501 3678 3570 omnis,

2031 3594 2316 3652 Collatum
2349 3591 2592 3648 Domino
2615 3589 2946 3646 ratiuncula
2964 3591 3097 3661 jure
3126 3594 3386 3646 vocatur.

2032 3684 2196 3740 Unde
2225 3699 2354 3738 reor
2381 3681 2640 3754 primum
2671 3697 2775 3752 pro
2805 3678 3147 3736 credulitate
3168 3678 3474 3735 sciendum

2033 3773 2113 3828 De
2139 3771 2387 3828 Domino
2408 3768 2639 3825 nullum
2671 3785 2777 3825 nos
2808 3768 2981 3841 digne
3003 3785 3175 3840 posse
3205 3767 3501 3840 loquelam

2034 3862 2145 3918 Sed
2177 3877 2282 3917 nec
2311 3863 2506 3915 mente
2537 3858 2666 3930 capi
2692 3858 2937 3930 dignum
2973 3857 3111 3930 quid
3145 3857 3408 3930 principe
3434 3856 3564 3913 tali.

2033 3950 2180 4005 Cum
2210 3949 2383 4021 longe
2413 3945 2626 4003 melius
2660 3948 2856 4003 animo
2889 3963 3067 4018 quam
3097 3962 3234 4003 voce
3264 3947 3485 4003 feratur

2033 4039 2063 4095 J
2072 4056 2140 4094 us
2173 4039 2308 4093 ﬁdei
2338 4054 2481 4093 verze
2511 4036 2806 4108 compellit
2829 4053 2934 4092 nos
2973 4036 3298 4108 perhibere.

2033 4132 2181 4184 Nam
2211 4127 2439 4200 quoties
2457 4127 2686 4197 justum
2718 4126 3126 4191 metuendum,
3163 4125 3283 4181 sive
3339 4125 3682 4198 benignum,

2035 4221 2150 4272 Aut
2179 4215 2398 4287 aliquid
2428 4214 2542 4270 tale
2567 4214 2944 4285 perhibemus
2975 4215 3046 4269 ab
3079 4213 3490 4286 Omnipotente
3515 4233 3527 4283 ;

2037 4307 2162 4362 Non
2184 4309 2383 4361 tamen
2413 4303 2569 4358 hunc
2600 4304 2728 4358 ideo
2759 4303 3068 4375 explanare
3095 4303 3359 4359 valemus

2048 4397 2343 4462 Quantum
2376 4409 2554 4449 causa
2582 4393 2746 4464 petit,
2779 4391 2964 4447 virtus
2994 4395 3053 4447 et
3081 4395 3246 4447 tanta
3282 4396 3577 4460 meretur;

1962 4503 2009 4568 Β
2043 4485 2152 4540 Sed
2185 4483 2326 4554 quia
2357 4482 2608 4554 perfecte
2628 4480 2791 4537 nulla
2820 4480 3050 4552 capitur
3088 4479 3310 4568 ratione

2046 4572 2276 4628 Sufﬁcit
2304 4571 2414 4628 hoc
2444 4570 2701 4638 sibimet,
2732 4569 2871 4640 qnid
2906 4572 3107 4624 nostra
3151 4567 3406 4624 valentia
3448 4567 3701 4639 prabet,

2044 4662 2207 4717 Sicut
2239 4660 2532 4716 clementi.
2565 4675 2681 4713 non
2712 4662 2994 4727 tanquam
3025 4655 3204 4712 ullius
3236 4656 3428 4728 egenti
3459 4681 3473 4725 ;

2041 4751 2183 4821 Ejus
2214 4749 2428 4822 quippe
2459 4748 2588 4803 sitis
2620 4749 2831 4802 nostra:
2863 4746 2929 4800 ﬁt
2957 4760 3136 4801 causa
3165 4745 3372 4801 salutis

2046 4839 2170 4903 Qua
2192 4855 2298 4894 nos
2331 4842 2542 4893 aeterno
2574 4835 2697 4892 vult
2722 4851 2921 4891 secum
2951 4835 3163 4891 ducere
3187 4851 3386 4908 regno,

2051 4927 2412 4999 Nos,quibus
2435 4925 2741 4981 arbitrium
2761 4924 2983 4980 confert
3002 4923 3063 4979 in
3095 4928 3344 4996 utroque
3368 4923 3690 4980 tenendum

2050 5018 2165 5071 Aut
2195 5019 2483 5087 praecepta
2513 5014 2625 5086 sui,
2657 5013 2746 5070 vel
2774 5016 2907 5069 vota
2927 5014 3228 5069 attendere
3256 5013 3460 5069 nostri.

2675 5118 3088 5176 CAPITULUM
3109 5119 3203 5174 IV.

2062 5211 2172 5267 Cur
2224 5210 2384 5279 Deus,
2444 5224 2570 5264 cum
2632 5210 2718 5281 sit_
2757 5211 3114 5281 incorporeus
3167 5214 3348 5281 atque,
3375 5209 3694 5281 ine/fabilis,

2249 5297 2439 5337 rerum
2458 5279 2842 5351 corporalium
2860 5279 3176 5350 designetur
3200 5279 3496 5347 vocabulis,

293 5375 379 5431 De
399 5375 505 5444 ﬁde
528 5379 738 5433 sanctae
772 5376 1064 5431 Trinitatis
1113 5381 1162 5429 et
1199 5371 1495 5429 Dominicae
1535 5371 1948 5426 incarnationis
2053 5370 2146 5426 Nil
2174 5370 2256 5425 ibi
2289 5385 2655 5441 corporeum,
2687 5368 2834 5426 nihil
2867 5369 3194 5425 humanum
3225 5369 3347 5426 fore
3379 5370 3544 5441 scito,

292 5464 448 5520 Ecce
467 5465 582 5521 ﬁde
608 5469 815 5521 sancta
841 5464 1017 5520 debes
1047 5461 1346 5536 exquirere
1369 5463 1601 5526 cuncta,

2057 5459 2167 5516 Sed
2192 5458 2276 5514 sic
2309 5458 2665 5514 immensum
2695 5461 2817 5513 tam
2849 5456 2996 5513 mira
3025 5457 3151 5530 lege
3177 5463 3449 5532 coaptum

297 5555 473 5623 Quod
514 5554 709 5627 Pater,
740 5558 800 5612 et
846 5553 1050 5621 Natus,
1085 5568 1190 5610 nec
1219 5568 1334 5608 non
1391 5552 1450 5608 et
1480 5548 1732 5623 Spiritus
1779 5549 1947 5607 almu
2061 5548 2133 5607 Ut
2162 5545 2582 5622 superexcellat
2627 5545 2744 5603 vim
2791 5544 3027 5617 linguae,
3067 5548 3283 5604 mentis
3330 5553 3387 5604 et
3441 5561 3699 5606 omnem.

583 5685 851 5745 ΡΑτιιοι..
900 5679 1153 5746 CXLVI.

3383 5675 3420 5735 9
