4098 6172
393 290 507 350 267

396 426 573 478 Porro
598 417 751 491 quod
786 414 1047 469 humana
1077 409 1342 481 signatur
1373 423 1524 479 saepe
1548 407 1754 479 ﬁgura,

398 513 466 565 Et
496 509 649 581 quod
682 506 981 573 nostrapte
1012 502 1339 555 commotus
1372 496 1587 571 dicitur
1644 511 1791 565 esse,

397 604 509 655 Seu
541 612 674 652 cum
705 596 968 665 placatus
1000 586 1302 643 mutabilis
1334 587 1690 652 insinuatur,

400 688 518 742 Hoc
548 684 805 756 quodam
837 684 1046 735 nostrae
1076 676 1415 748 perhibetur
1453 690 1613 728 more
1671 671 1933 744 loquelae.

398 775 545 831 Nam
579 772 715 844 quia
746 787 848 843 per
876 768 1140 841 proprios
1171 766 1281 820 erit
1323 761 1669 818 innarabilis
1703 778 1866 828 usus,

403 864 505 921 Cui
536 880 652 918 non
683 865 773 915 est
802 859 906 921 ira,
937 857 1027 912 cui
1060 853 1416 928 perturbatio
1449 851 1629 917 nulla,

405 950 497 1008 Nil
523 949 612 1005 cui
638 946 941 1017 contingit,
976 944 1076 998 sed
1110 957 1341 1012 semper
1372 939 1525 994 idem
1553 942 1710 993 tenet
1738 953 1884 1005 esse,

401 1042 477 1095 At
506 1056 609 1094 nos
642 1035 917 1092 mortales
946 1032 1123 1087 variis
1153 1030 1447 1086 erroribus
1480 1028 1595 1082 acti

396 1134 461 1183 In
495 1127 665 1184 certis
697 1126 871 1179 rebus
903 1122 1169 1177 studium
1200 1120 1460 1174 conferre
1492 1118 1769 1185 solemus,

402 1216 617 1274 Usibus
649 1213 925 1269 humanis
957 1212 1055 1266 dat
1087 1211 1254 1281 signa
1284 1226 1400 1263 suae
1435 1207 1690 1279 pietatis,

404 1307 468 1362 In
503 1305 718 1377 quibus
760 1317 1067 1358 assumens
1091 1303 1298 1354 nostra:
1331 1296 1584 1368 speciem
1614 1294 1859 1349 rationis

408 1395 497 1449 Ad
521 1391 989 1465 cognoscendum
1022 1387 1190 1442 nobis
1226 1390 1522 1456 utcunque
1555 1384 1790 1438 feretur.

406 1482 667 1554 Denique
680 1480 811 1552 quis
824 1478 1127 1533 hominum
1144 1478 1341 1548 posset
1358 1489 1705 1545 cognoscere
1719 1473 2052 1538 Summum,

408 1571 516 1638 Qui
549 1568 949 1641 superexcedit
978 1567 1247 1621 humanae
1271 1564 1390 1618 vim
1422 1562 1686 1631 rationis,

406 1661 477 1716 Ni
512 1660 701 1732 specie
724 1674 922 1713 rerum
956 1654 1315 1711 manifestari
1346 1650 1667 1709 voluisset?

410 1750 626 1805 Idcirco
658 1748 750 1802 his
780 1748 954 1801 rebus
984 1746 1065 1799 ita
1086 1746 1385 1812 nostrapte
1417 1742 1632 1811 figurat

409 1838 524 1895 Ceu
558 1839 721 1893 Pater
750 1836 820 1890 ad
853 1838 1019 1888 natos
1050 1832 1207 1887 fandi
1241 1830 1551 1885 mutaverit
1583 1845 1746 1883 usus.

414 1927 566 1981 Dum
598 1924 897 1979 blanditur
917 1921 1001 1976 eis
1032 1920 1226 1992 aliquo
1258 1924 1421 1974 motu
1454 1918 1724 1973 levitatis.

416 2015 489 2071 Ut
518 2031 621 2087 per
652 2012 820 2084 signa
850 2010 1037 2066 sciant
1063 2025 1192 2080 qum
1214 2025 1329 2063 non
1361 2011 1612 2079 possunt
1642 2006 1867 2061 ratione
1897 2024 1909 2073 ;

412 2103 557 2159 Nam
588 2100 745 2159 velut
776 2098 1007 2166 infanti,
1041 2097 1156 2152 nisi
1187 2095 1370 2169 signis
1401 2097 1572 2151 verba
1593 2100 1896 2167 gerantur,

409 2193 501 2249 Nil
542 2192 757 2248 sentire
789 2191 994 2255 datur;
1029 2186 1112 2241 sic
1135 2203 1241 2241 nos
1273 2185 1549 2257 quoniam
1582 2184 1923 2256 peregrinis,

413 2283 607 2338 Donec
636 2280 695 2335 in
728 2279 864 2335 orbe
895 2293 1122 2345 sumus,
1157 2275 1482 2329 infantibus
1512 2274 1931 2340 assimilamur,

411 2371 537 2427 Non
567 2369 680 2424 nisi
716 2384 818 2439 per
848 2365 1152 2438 speculum
1194 2364 1409 2419 sentire
1466 2379 1719 2434 superna
1775 2362 2058 2417 valemus.

411 2459 543 2514 Jam
580 2458 631 2512 si
662 2456 997 2528 linguarum
1030 2453 1159 2508 laus
1190 2456 1467 2507 consonet
1488 2452 1933 2522 omnigenarum

414 2546 540 2602 Non
573 2545 781 2601 colitur
812 2547 963 2599 recte
984 2542 1094 2596 nisi
1130 2558 1276 2612 pura
1315 2538 1676 2595 credulitate.

413 2637 593 2700 Quem
617 2635 798 2689 fateor
822 2636 1013 2686 mente
1044 2647 1223 2701 supra
1254 2630 1407 2700 quod
1450 2629 1664 2682 dicitur
1693 2645 1820 2683 esse

410 2724 542 2779 Sola
572 2724 716 2778 fides
743 2721 966 2792 recipit,
1002 2722 1156 2790 quod
1191 2718 1386 2773 nullus
1442 2734 1631 2772 sermo
1662 2716 1891 2772 valebit.

966 2807 1221 2863 CAPITU
1234 2807 1317 2861 LU
1329 2808 1381 2861 Μ
1414 2807 1480 2860 V.

665 2900 813 2971 Quod
844 2900 974 2969 ﬁdes
1002 2900 1122 2953 sine
1149 2898 1400 2967 Operibus
1433 2899 1647 2950 mortua
1677 2898 1771 2951 sit.

414 2997 544 3046 Haec
576 2990 658 3044 ita
686 2989 988 3044 confessus
1030 3002 1258 3041 morum
1319 2989 1480 3056 potes
1539 2985 1750 3039 addere
1798 3001 2055 3057 gressus,

410 3086 521 3135 Per
552 3096 698 3151 quos
730 3078 837 3133 rite
868 3076 1026 3147 sapis
1058 3092 1188 3146 quae
1220 3075 1293 3128 sit
1325 3073 1589 3128 doctrina
1611 3073 1825 3128 suavis.

408 3170 555 3224 Nam
587 3170 651 3221 ﬁt
679 3184 825 3222 vana
856 3166 1019 3231 ﬁdes,
1056 3180 1123 3218 ex
1154 3163 1261 3217 hac
1294 3164 1343 3218 si
1392 3168 1558 3233 gesta
1587 3163 1808 3217 recides
1839 3182 1851 3230 ;

405 3260 485 3313 Ac
516 3258 732 3312 frustra
758 3254 967 3319 credis,
1002 3252 1049 3308 si
1077 3252 1293 3307 credita
1329 3268 1443 3306 non
1480 3252 1738 3323 operaris

405 3346 622 3402 Verum
655 3343 961 3399 daemoniis
994 3359 1062 3397 ex
1096 3341 1203 3396 hoc
1235 3341 1427 3395 studio
1470 3340 1766 3407 similaris,

407 3434 517 3499 Qui
548 3434 809 3489 facienda
840 3432 1052 3497 sciunt,
1087 3431 1188 3486 sed
1219 3431 1275 3484 in
1308 3430 1467 3484 omni
1502 3446 1660 3484 more
1682 3430 1983 3485 resistunt.

409 3525 736 3597 Propterea,
772 3522 875 3591 ﬁli,
909 3538 1033 3592 quae
1056 3520 1284 3591 profero
1315 3519 1546 3573 cautius
1578 3519 1750 3573 audi:

411 3614 519 3676 Qui
547 3613 653 3666 tibi
684 3614 784 3666 dat
812 3615 1021 3679 totum,
1047 3610 1116 3663 de
1148 3613 1201 3662 te
1261 3622 1493 3677 quoque
1518 3608 1727 3677 quaerit
1776 3608 2054 3680 idipsum,

407 3700 637 3756 Scilicet
670 3705 733 3754 ut
762 3699 1018 3771 primum
1054 3696 1186 3750 ﬁdei
1218 3696 1413 3765 capias
1444 3698 1886 3763 documentum,

409 3791 553 3846 Exin
576 3788 850 3862 jungaris
882 3787 993 3843 sibi
1021 3782 1498 3840 convenientibus
1526 3783 1689 3838 actis.

408 3879 500 3934 Nil
523 3896 669 3950 opus
701 3878 922 3947 absque
954 3874 1087 3939 ﬁde,
1122 3890 1226 3927 nec
1257 3871 1573 3927 credulitas
1605 3872 1729 3927 sine
1762 3873 1931 3928 facto.

403 3968 508 4021 His
539 3966 720 4037 igitur
749 3963 919 4018 dictis
950 3961 1198 4015 breviter
1226 3960 1357 4014 licet
1377 3964 1498 4014 esto
1521 3960 1728 4027 ﬁdelis,

406 4056 595 4125 Atque
625 4052 835 4107 dehinc
867 4051 1003 4105 audi
1037 4066 1233 4115 sensu,
1258 4066 1479 4120 precor,
1512 4049 1792 4119 interiori,

408 4145 542 4208 Quae
570 4141 659 4196 lex
686 4141 990 4204 virtutum,
1026 4139 1178 4210 quod
1209 4138 1285 4193 sit
1316 4138 1447 4192 ﬁdei
1508 4155 1739 4209 quoque
1796 4143 2047 4195 scutum.

404 4231 553 4285 Nam
584 4245 762 4299 super
793 4228 885 4282 his
917 4228 1093 4282 etiam
1147 4242 1417 4281 sermone
1477 4227 1634 4281 brevi
1695 4226 1799 4280 tibi
1858 4227 2049 4283 dicam

403 4320 517 4375 Sed
549 4317 823 4389 quoniam
861 4317 993 4371 ﬁdei
1023 4333 1154 4387 spes
1177 4316 1441 4386 proxima
1470 4315 1642 4370 debet
1675 4314 1895 4383 haberi,

399 4408 547 4464 Hinc
576 4407 812 4478 aliquod
845 4407 1087 4460 verbum
1110 4420 1239 4459 reor
1267 4421 1394 4460 esse
1434 4404 1598 4475 prius
1656 4405 2045 4473 referendum,

400 4496 582 4568 Cujus
614 4498 684 4551 ab
718 4493 949 4550 indiciis
980 4494 1197 4549 sentire
1230 4494 1531 4564 sequentia
1562 4492 1773 4563 possis,

397 4591 503 4642 Fer
532 4586 687 4658 quod
719 4592 775 4641 et
804 4584 1047 4640 edoctus
1075 4583 1271 4654 capias
1294 4582 1527 4638 exordia
1555 4582 1769 4653 majus.

942 4672 1352 4728 CAPITULUM
1383 4672 1475 4726 VI.

976 4763 1048 4815 De
1076 4778 1167 4832 spe
1197 4763 1414 4817 caelesti.

391 4854 535 4909 Cum
573 4853 823 4908 necdum
855 4850 1071 4922 sapias,
1108 4849 1251 4903 nihil
1284 4849 1647 4922 impossibile
1680 4851 1861 4905 dicas.

390 4942 473 4996 Ne
502 4940 775 4996 detrahas
804 4939 887 4993 illi
921 4939 1017 4993 cui
1048 4944 1255 4992 cuncta
1285 4938 1562 4993 facillima
1591 4941 1878 5005 constant,

390 5031 461 5086 Et
491 5030 590 5101 qui
622 5030 691 5083 de
708 5028 889 5082 nihilo
922 5031 1110 5081 totum
1142 5027 1452 5096 plasmavit
1484 5027 1541 5080 in
1573 5026 1720 5097 ipso,

388 5118 612 5190 Quique
638 5117 800 5171 dabit
828 5115 1051 5170 cunctis
1084 5120 1145 5167 ut
1170 5114 1229 5167 in
1262 5115 1386 5185 ipso
1408 5115 1596 5169 vivere
1628 5115 1876 5185 possint.

388 5212 562 5263 Extra
593 5224 655 5261 se
695 5222 830 5277 ergo
859 5205 1021 5258 locus
1054 5203 1279 5257 vivendi
1313 5220 1425 5257 non
1459 5203 1568 5258 erit
1592 5203 1767 5258 ullus.

1401 272 1740 336 OTHLONI
1787 269 2137 333 MONAGHI
2184 271 2249 331 S.
2298 268 2792 333 EMMERAMMI

2070 410 2119 474 Α
2155 402 2271 458 Hac
2298 402 2473 459 etiam
2506 418 2683 459 causa
2710 401 2901 458 veniet
2929 399 3174 455 tentatio
3203 401 3367 454 tanta

3683 266 3805 329 268

2154 492 2227 547 Ut
2256 492 2696 564 blasphemetur
2724 490 3035 547 clementia
3064 489 3318 561 Spiritus
3353 488 3517 557 almi,

2154 582 2223 635 Et
2248 598 2360 636 non
2394 598 2517 637 esse
2550 588 2701 637 Deus
2734 584 3014 637 tractetur
3044 579 3197 651 apud
3232 578 3541 635 sceleratos

2155 674 2301 726 Ante
2332 672 2531 742 procul
2563 672 2738 726 dubio
2772 687 2949 743 quam
2981 668 3317 725 destituaris
3351 668 3420 724 ab
3454 667 3576 735 illo,

2156 760 2263 824 Qui
2300 764 2467 815 Pater
2496 761 2886 831 omnipotens,
2921 759 3020 830 qui
3054 775 3186 831 spes
3218 762 3306 813 est
3332 758 3507 813 unica
3554 757 3706 813 vita.

2155 849 2410 904 Arbitrio
2442 850 2675 921 preprio
2701 849 2806 903 tibi
2839 852 3087 904 mortem
3120 847 3496 920 proposuisti,

2157 938 2318 993 Unde
2347 938 2534 993 libens
2564 943 2733 1010 gusta
2760 955 2889 1009 qum
2920 938 3037 991 sint
3067 936 3417 993 suavissima
3459 940 3641 1009 gesta,

2158 1032 2236 1081 Ac
2268 1027 2399 1099 quis
2430 1032 2737 1099 provectus
2769 1026 2946 1081 divini
2978 1025 3364 1097 discipulatus

2158 1116 2286 1170 Mox
2315 1116 2548 1171 virtutis
2578 1134 2723 1187 opus
2756 1132 2919 1187 spem
2949 1120 3287 1186 perpetuam
3317 1114 3423 1170 tibi
3455 1118 3691 1186 praestat

2158 1205 2226 1258 Et
2255 1205 2450 1261 vivens
2480 1206 2707 1261 Christo
2739 1210 2862 1260 stas
2894 1205 3251 1260 conﬁdenter
3277 1204 3338 1259 in
3370 1204 3519 1276 ipso.

2671 1292 3087 1349 CAPITULUM
3117 1292 3238 1347 VII.

2541 1385 2613 1439 De
2641 1384 2931 1438 dilectione
2951 1384 3049 1437 Dei
3074 1390 3128 1438 et
3156 1383 3418 1453 proximi.

2164 1472 2299 1526 Esto
2328 1471 2425 1526 Dei
2461 1472 2664 1539 cultor,
2699 1474 2798 1528 sed
2834 1476 2888 1527 et
2911 1472 3039 1543 ejus
3062 1488 3233 1527 verus
3265 1475 3493 1527 amator

2165 1559 2329 1613 Hunc
2357 1558 2535 1616 nimis
2564 1561 2783 1617 intente
2813 1578 2946 1615 cum
2978 1564 3099 1616 tota
3129 1560 3305 1632 dilige
3337 1565 3531 1618 mente

2167 1647 2401 1703 Scilicet
2432 1653 2495 1704 ut
2530 1650 2699 1706 labiis
2732 1652 3037 1707 concordet
3068 1651 3313 1722 spiritus
3345 1650 3560 1707 omnis.

2094 1782 2141 1845 Β
2170 1737 2255 1792 Sit
2286 1737 2390 1792 tibi
2423 1756 2693 1795 summus
2723 1756 2906 1807 amor,
2938 1740 3073 1796 totis
3105 1756 3172 1795 ex
3203 1740 3426 1797 viribus
3457 1741 3653 1809 ardor,

2176 1826 2433 1889 Qualiter
2462 1827 2616 1884 hunc
2643 1828 2866 1900 laudes,
2901 1830 3195 1901 quijudex
3222 1834 3309 1886 est
3358 1847 3534 1902 super
3590 1846 3823 1899 omnes,

2174 1915 2355 1970 Totus
2382 1917 2599 1988 ubique
2622 1935 2886 1986 manens,
2912 1922 3099 1974 totum
3131 1919 3240 1974 sub
3279 1919 3415 1991 jure
3473 1920 3820 1976 recondens.

2174 2004 2298 2059 Non
2332 2004 2479 2061 alias
2500 2006 2602 2060 ulli
2637 2006 2968 2064 laudandus
2999 2009 3164 2064 adest
3188 2009 3423 2077 rationi,

2175 2093 2337 2149 Mens
2358 2094 2471 2150 nisi
2501 2095 2705 2151 devota
2727 2097 2957 2152 studeat
2988 2113 3323 2169 praeponere
3353 2097 3517 2153 nulla

2185 2182 2427 2238 Servitio
2450 2183 2570 2253 tali,
2603 2186 2755 2255 quod
2783 2186 2990 2240 debeat
3020 2185 3436 2257 Omnipotenti.

2173 2272 2279 2326 Hic
2312 2271 2488 2327 timor
2517 2278 2605 2328 est
2652 2274 2881 2329 Domini
2932 2276 3250 2330 servandus
3309 2291 3505 2331 amore
3562 2276 3833 2347 perenni,

2176 2363 2243 2414 Et
2270 2361 2363 2415 via
2383 2361 2642 2432 culturae,
2678 2380 2854 2434 quam
2886 2363 2976 2418 lex
3006 2365 3172 2419 docet
3203 2368 3375 2436 atque
3396 2364 3690 2437 prophetae

2169 2450 2397 2505 Audisti
2428 2451 2706 2524 primum,
2742 2470 2896 2508 nunc
2922 2454 3163 2509 auribus
3186 2455 3332 2509 adde
3363 2455 3715 2525 secundum,

2172 2539 2331 2603 Quod
2368 2556 2471 2609 par
2492 2540 2627 2595 huic
2654 2541 2837 2597 fertur
2858 2542 3155 2614 similique
3185 2544 3542 2613 tenorejube
3560 2547 3694 2599 tur:

2170 2624 2405 2697 Diligito
2434 2628 2690 2700 fratrem,
2718 2630 2867 2685 sicut
2890 2635 2945 2685 te
3000 2629 3217 2702 diligis,
3252 2648 3503 2687 omnem.

2168 2713 2240 2768 At
2271 2715 2318 2769 si
2353 2718 2670 2786 quaesieris,
2705 2736 2877 2789 quem
2911 2719 3099 2774 dicam
3132 2720 3365 2775 nomine
3398 2719 3635 2775 fratris?

2169 2802 2253 2856 En
2277 2802 2409 2858 ﬁdei
2444 2806 2636 2861 socius
2668 2810 2843 2861 frater
2872 2811 3008 2862 tuus
3047 2812 3221 2879 atque
3254 2809 3636 2880 propinquus,

2170 2893 2361 2952 Unius
2392 2894 2661 2951 Ecclesiae
2690 2896 2828 2966 quia
2851 2896 3007 2951 fonte
3038 2902 3277 2952 renatus
3309 2902 3571 2969 uterque.

2170 2985 2331 3051 Quod
2361 2985 2463 3039 tibi
2488 2984 2573 3039 vis
2607 2985 2727 3039 ﬁeri
2762 2985 2988 3040 tribuas
3018 2985 3318 3057 aequaliter
3345 2986 3587 3042 ommni.

2168 3079 2405 3130 Hostem
2440 3090 2540 3144 per
2571 3075 2882 3128 Dominum
2907 3075 3006 3130 sed
3032 3079 3088 3129 et
3118 3075 3174 3129 in
3201 3092 3261 3130 se
3310 3075 3486 3148 dilige
3544 3076 3820 3133 charum.

2091 3150 2132 3215 C
2171 3164 2313 3219 Nam
2339 3161 2550 3217 delicta
2577 3162 2703 3232 tibi,
2738 3163 2787 3217 si
2820 3167 2881 3218 tu
2910 3162 3204 3219 dimiseris
3226 3163 3381 3218 hosti
3406 3182 3419 3220 :

2174 3252 2231 3307 Si
2265 3269 2376 3307 non
2411 3252 2524 3307 ista
2558 3252 2719 3319 facis,
2752 3269 2867 3306 non
2901 3269 3095 3308 servas
3130 3253 3341 3307 foedera
3374 3252 3557 3323 pacis.

2685 3341 3096 3397 CAPITULUM
3151 3341 3295 3397 VIII.

2763 3432 2838 3485 De
2884 3432 3216 3487 humilitate.

2169 3520 2698 3591 Quantumcunque
2728 3536 2909 3590 queas
2940 3524 3284 3577 mansuetus
3314 3520 3374 3575 in
3393 3520 3667 3577 omnibus
3691 3527 3827 3579 esto

2171 3608 2234 3662 Et
2266 3613 2457 3663 tecum
2480 3614 2665 3664 tracta
2697 3610 2910 3664 mentis
2947 3611 3165 3665 cervice
3197 3611 3439 3666 subacta

2166 3697 2310 3760 Quid
2341 3702 2517 3768 queat
2546 3697 2724 3753 ullius
2765 3698 3003 3769 impune
3034 3699 3309 3770 superbia
3340 3700 3549 3755 carnis.

2171 3786 2413 3850 Quando
2430 3801 2533 3856 per
2547 3785 2695 3840 hanc
2714 3786 2915 3857 lapsus
2936 3787 3323 3860 archangelus
3344 3793 3434 3844 est
3450 3787 3825 3861 reprobatus.

2166 3872 2305 3927 Ecce
2339 3875 2493 3944 quod
2528 3874 2621 3929 hic
2653 3875 2863 3930 cecidit
2889 3876 2985 3947 qui
3022 3876 3121 3931 tali
3143 3875 3365 3932 lumine
3399 3876 3561 3933 fulsit

2166 3961 2237 4015 Ut
2261 3962 2442 4017 divini
2470 3964 2659 4035 operis
2690 3964 3264 4035 praecellentissimus
3306 3971 3498 4021 esset:

2162 4053 2281 4105 Hoc
2313 4051 2389 4105 sit
2418 4052 2490 4106 ad
2514 4053 2845 4123 exemplum
2879 4070 3109 4125 semper
3138 4054 3281 4110 satis
3322 4055 3600 4110 omnibus
3622 4070 3823 4111 unum

2162 4138 2364 4193 Infelix
2395 4156 2591 4207 causa,
2624 4158 2749 4212 quae
2782 4146 3012 4197 tantum
3044 4144 3248 4198 mersit
3283 4143 3361 4197 lin
3411 4143 3530 4198 ima

2163 4228 2277 4281 Cur
2308 4227 2507 4300 igitur,
2540 4229 2752 4297 pulvis,
2786 4232 2999 4303 azquaIi
3025 4248 3186 4287 more
3226 4232 3498 4304 superbis
3526 4231 3555 4286 ?

2162 4315 2331 4370 Ferre
2348 4319 2593 4387 putasne
2607 4317 2795 4373 lutum
2808 4320 2981 4391 ,quod
2997 4337 3101 4375 nec
3115 4321 3300 4392 potuit
3313 4337 3545 4392 quoque
3562 4320 3825 4377 ferrum?

2160 4402 2533 4470 Disce,miser
2554 4406 2710 4463 disce
2741 4409 2882 4479 quid
2905 4409 3093 4479 possit
3114 4408 3299 4481 gloria
3343 4413 3527 4480 terrae,

2078 4516 2124 4579 D
2155 4494 2298 4546 Cum
2328 4492 2509 4548 virtus
2541 4494 2689 4563 caeli,
2724 4496 2963 4567 delapsa
2994 4500 3154 4552 statu
3195 4497 3449 4568 deitatis,

2156 4579 2389 4635 Viribus
2420 4586 2476 4636 et
2506 4584 2759 4654 propriis
2794 4585 3092 4641 conﬁdens
3123 4590 3278 4641 stare
3302 4586 3564 4658 nequivit
3593 4605 3605 4654 ;

2157 4668 2267 4723 Sed
2299 4670 2473 4726 rebus
2496 4674 2732 4742 quantis
2764 4678 2957 4743 pateat
2986 4675 3276 4730 sententia
3306 4674 3459 4731 talis.

2158 4758 2285 4812 Haec
2320 4763 2710 4816 mansuetudo
2739 4777 2841 4816 nec
2871 4762 3216 4834 degustatur
3246 4764 3316 4817 ab
3341 4762 3481 4831 ullo,

2155 4844 2223 4898 Ni
2255 4845 2417 4901 labor
2449 4850 2722 4905 assiduus
2745 4850 3005 4906 carnales
3036 4855 3248 4905 atterat
3278 4855 3473 4906 aastus.

2152 4933 2250 4988 Vis
2284 4936 2405 4989 ﬁeri
2431 4937 2588 4992 mitis
2611 4938 2639 4991 ‘?
2662 4938 3015 4993 desiderium
3048 4939 3181 5010 fuge
3222 4939 3417 4994 carnis
3445 4958 3458 4995 ε

2151 5022 2273 5077 Non
2301 5022 2450 5079 alius
2481 5042 2615 5097 ergo
2646 5026 2859 5098 poteris
2887 5027 3006 5081 fore
3033 5032 3261 5097 pectore
3290 5045 3493 5101 prono.

2695 5115 3102 5171 CAPITULUM
3133 5116 3225 5174 IX.

2788 5205 2861 5260 De
2885 5207 3160 5277 patientia

381 5296 530 5350 Nam
557 5295 683 5364 tibi,
710 5292 980 5366 quisquis
1012 5293 1145 5360 eris,
1182 5292 1280 5363 qui
1342 5297 1532 5346 tecum
1592 5290 1674 5345 sic
1736 5290 2037 5346 meditaris

382 5384 456 5439 Ut
485 5384 637 5439 Deus
668 5389 769 5438 aut
803 5387 1052 5453 nequeat
1078 5381 1351 5452 cuiquam
1382 5381 1469 5435 vel
1502 5397 1738 5451 parcere
1789 5380 1951 5449 nolit,

379 5472 461 5530 De
491 5472 749 5527 bonitate
774 5471 863 5526 sui
894 5471 1107 5525 ﬁducia
1138 5469 1299 5526 nulla
1330 5470 1575 5533 videtur,

387 5561 631 5641 Yivendi
664 5576 834 5620 curas
856 5560 994 5633 quia
1024 5558 1385 5633 desperando
1418 5575 1675 5617 recusas.

2148 5291 2344 5346 Rebus
2376 5292 2432 5347 in
2466 5294 2721 5351 adversis
2754 5310 2826 5350 ne
2856 5300 3051 5351 motus
3084 5297 3447 5365 destituaris,

2147 5380 2256 5435 Sed
2290 5397 2517 5453 semper
2547 5385 2713 5438 crede
2740 5388 2790 5439 te
2822 5389 3033 5439 cuncta
3063 5385 3183 5455 pati
3219 5386 3525 5440 meruisse.

2144 5472 2330 5540 Aptus
2361 5467 2516 5525 enim
2549 5470 2675 5525 vitae
2708 5471 2843 5527 talis
2877 5472 3210 5528 decernitur
3241 5489 3391 5544 esse,

2141 5554 2248 5619 Qui
2279 5560 2554 5613 constans
2588 5559 2807 5630 patitur
2836 5577 2963 5633 quae
2995 5577 3085 5639 res
3136 5561 3382 5625 adversa
3440 5564 3721 5625 minatur.
