4098 6172
278 363 390 422 269

275 494 338 548 Et
363 491 561 549 nullus
618 505 748 547 vere
781 491 992 564 poterit
1021 508 1130 548 sua
1157 493 1354 548 debita
1385 494 1538 561 flere,

275 583 336 637 Ni
364 581 530 653 prius
563 597 632 637 ex
662 579 792 636 aliis
819 579 980 636 illata
1007 579 1197 637 libens
1228 581 1502 652 patiatur.

273 670 355 727 Nil
385 669 665 742 quoniam
681 669 942 742 patimur
956 671 1109 739 quod
1129 687 1245 726 non
1265 671 1578 743 aliquando
1598 689 1908 730 meremur.

268 763 333 816 At
359 761 408 816 si
441 760 576 835 quis
603 759 828 831 patitur
856 760 1011 830 quod
1045 775 1107 815 se
1137 777 1252 817 non
1269 761 1403 831 jure
1435 761 1672 830 fatetur,

269 851 374 906 Hoc
404 849 653 905 dicendo
687 847 849 903 nefas
889 849 1201 904 Dominum
1233 853 1485 904 testatur
1517 849 1810 922 iniquum,

268 938 362 1002 Qui
392 942 626 994 constat
655 935 815 993 solus
839 937 1022 1007 judex
1052 955 1229 1009 super
1256 939 1677 1010 omniajustus

269 1027 519 1100 Denique
548 1025 626 1081 nil
647 1026 1017 1098 justum,nisi
1049 1028 1204 1098 quod
1229 1027 1568 1099 perhibetur
1591 1029 1662 1084 ad
1688 1029 1906 1100 ipsum.

824 1115 1235 1172 CAPITULUM
1269 1116 1335 1171 X.

800 1207 876 1261 De
904 1207 1171 1261 orationis
1201 1205 1361 1261 modo

268 1298 350 1354 Sis
377 1295 518 1370 vigil
549 1297 606 1351 in
641 1295 912 1368 precibus
944 1299 1000 1350 et
1029 1295 1101 1350 ad
1127 1295 1235 1351 has
1256 1312 1488 1368 semper
1511 1295 1831 1352 studiosus.

266 1387 401 1444 Nam
424 1385 570 1442 nulli
602 1386 726 1442 sola
752 1385 1032 1457 poscendi
1069 1384 1290 1441 sufficit
1323 1385 1486 1453 hora,

265 1476 366 1531 Sed
405 1475 598 1546 magis
620 1474 919 1528 incassum
954 1473 1128 1527 fuerit
1153 1476 1347 1528 motus
1378 1471 1692 1541 labiorum,

264 1565 324 1618 Ni
355 1580 587 1636 quoque
616 1579 758 1618 cura
785 1562 972 1634 precis
1008 1563 1274 1615 firmetur
1303 1560 1570 1618 moribus
1599 1562 1774 1634 aptis.

262 1655 456 1709 Omnis
487 1652 643 1708 enim
671 1667 919 1723 poscens
951 1668 1056 1722 par
1087 1656 1175 1704 est
1203 1655 1285 1718 ut,
1317 1651 1365 1704 si
1425 1651 1547 1722 ipse
1576 1655 1827 1722 petatur,

259 1743 545 1807 Quantum
575 1741 663 1796 vis
695 1743 952 1811 praestat,
983 1738 1081 1794 alii
1113 1739 1423 1795 tribuendo
1455 1740 1753 1811 rependat.

256 1831 466 1903 Hisque
497 1830 690 1886 modis
721 1833 916 1885 certus
949 1827 1134 1901 possit
1155 1844 1387 1900 sperare
1418 1829 1685 1900 petenda.

253 1919 367 1976 Non
396 1920 600 1993 ignota
629 1917 1144 1989 loquor,quoniam
1172 1916 1390 1972 morale
1416 1921 1668 1984 tenetur,

254 2008 318 2064 Ut
347 2025 519 2080 quem
550 2007 800 2079 quisque
826 2007 1122 2078 petit,ejus
1145 2023 1383 2078 quoque
1429 2010 1564 2062 vota
1615 2010 1899 2078 sequatur

249 2099 383 2154 Ecce
413 2098 547 2170 quis
572 2097 804 2169 ignorat
833 2096 971 2167 quia
1001 2101 1347 2150 cunctorum
1379 2096 1732 2164 moderator,

248 2187 474 2242 Arbiter
493 2190 912 2251 aternus,cum
940 2184 1014 2239 sit
1045 2183 1267 2239 nullius
1291 2200 1530 2256 egenus,

248 2275 586 2347 Omnigenis
616 2273 891 2346 precibus
919 2273 1279 2329 incessanter
1309 2277 1474 2344 rogat
1505 2289 1732 2342 omnes,

247 2363 316 2420 Ut
340 2364 498 2420 vitiis
529 2361 744 2436 spretis
765 2363 894 2432 jam
925 2365 1334 2417 convertamur
1359 2361 1429 2416 ad
1452 2360 1680 2433 ipsum.

244 2454 349 2508 Sed
381 2453 656 2525 precibus
681 2452 860 2507 tantis
891 2451 939 2506 si
971 2467 1085 2507 non
1116 2451 1479 2506 intendimus
1509 2468 1691 2522 aeque,

244 2543 543 2607 Quomodo
572 2557 696 2613 qua:
729 2539 983 2612 petimus
1015 2557 1275 2612 unquam
1305 2556 1537 2612 sperare
1584 2539 1848 2596 valemus
1870 2540 1896 2594 ‘?

239 2631 294 2686 Si
323 2647 549 2703 pauper
572 2631 754 2698 socio,
785 2629 836 2684 si
865 2631 1114 2702 quisque
1149 2630 1432 2702 probatus
1463 2629 1672 2694 amico,

239 2719 525 2776 Exhibitis
556 2720 754 2789 rebus,
789 2723 997 2774 curant
1028 2718 1370 2790 impendere
1400 2719 1612 2786 foedus,

237 2808 305 2864 Ut
342 2810 469 2865 vice
498 2812 775 2864 votorum
812 2808 952 2863 certi
984 2807 1102 2863 sint
1131 2808 1203 2863 ad
1237 2808 1611 2878 rogitandum

233 2898 429 2953 Cordis
459 2897 882 2964 scrutator,cui
918 2896 1172 2952 materiis
1205 2895 1518 2962 similatur,

237 2986 304 3041 Et
331 2987 488 3042 Deus
510 2985 1014 3057 immensus,quid
1046 3001 1218 3058 posse
1247 2984 1335 3039 vel
1365 3001 1492 3041 esse
1522 2987 1784 3056 putatur,

239 3075 422 3144 Quod,
452 3074 619 3130 velut
638 3078 913 3146 exceptus
941 3073 1186 3130 rationis
1219 3074 1290 3129 ab
1325 3075 1527 3129 ordine
1559 3072 1744 3141 solus,

240 3164 485 3219 Ostensu
525 3164 783 3235 quodam
814 3166 1119 3235 reputatur
1149 3163 1255 3218 rite
1285 3162 1522 3235 rogari?

240 3251 324 3307 Ah
356 3252 548 3324 qualis
581 3255 727 3308 ratio
755 3252 767 3306 ἔ
802 3252 947 3324 proh
970 3269 1146 3324 quam
1181 3256 1564 3324 praaposterus
1597 3253 1761 3318 ordo,

245 3342 483 3406 Quando
514 3347 794 3397 creaturae
826 3341 1110 3396 Dominus
1132 3342 1504 3413 postponitur
1533 3341 1691 3396 omni
1718 3340 1729 3393 l

244 3431 485 3486 Tractas
517 3430 679 3486 hunc
709 3435 862 3486 certe
893 3429 1048 3485 velut
1073 3434 1377 3501 exceptum
1406 3429 1628 3484 ratione

244 3519 526 3592 Quodque
552 3521 716 3576 nefas
748 3519 1040 3588 dictu,ceu
1072 3523 1434 3591 postremum
1469 3518 1611 3575 colis
1642 3522 1794 3584 actu,

244 3606 383 3664 Cum
409 3626 662 3680 poscens
691 3609 991 3664 hominem
1016 3609 1203 3679 precis
1235 3608 1517 3679 impendis
1540 3607 1651 3662 sibi
1682 3607 1891 3680 legem,

241 3699 423 3761 Quam
460 3698 661 3753 minus
693 3697 953 3769 impendi
985 3697 1303 3753 decreveris
1333 3696 1727 3768 Omnipotenti

237 3785 378 3856 Ejus
399 3787 628 3857 judicio
660 3787 800 3857 quid
833 3787 897 3840 fit
919 3786 1274 3858 quandoque
1304 3801 1504 3842 severo

237 3877 379 3930 Cum
407 3876 588 3931 modo
620 3875 865 3930 convicti
899 3875 1121 3930 ratione
1153 3875 1269 3931 oris
1301 3892 1533 3946 quoque
1565 3876 1748 3932 nostri

233 3963 369 4020 Plus
401 3964 782 4020 simulatores
803 3964 1112 4019 videamur
1139 3980 1318 4035 quam
1348 3964 1747 4036 deprecantes,

231 4053 289 4106 Si
318 4051 468 4108 nihil
499 4054 562 4108 in
595 4053 774 4108 rebus
805 4053 1118 4107 Dominum
1151 4051 1398 4122 rogitare
1427 4052 1696 4121 velimus,

233 4139 299 4194 Et
332 4143 492 4214 quod
515 4141 724 4214 lingua
753 4146 942 4208 sonat,
978 4140 1148 4196 aliter
1175 4158 1283 4196 vox
1309 4140 1516 4196 intima
1545 4144 1776 4212 promat
1800 4143 1823 4196 Ρ

235 4228 395 4286 Unde
427 4234 604 4304 putat
643 4247 816 4286 nemo
847 4230 1164 4287 Dominum
1199 4230 1804 4302 poscens,simulando

231 4323 352 4374 Aut
374 4319 667 4386 exaudiri,
695 4319 784 4375 vel
808 4319 1138 4391 quidquam
1170 4335 1342 4391 posse
1373 4319 1602 4374 mereri.

237 4407 442 4464 Nonne
477 4409 624 4464 satis
656 4408 900 4479 dignum
930 4407 1155 4463 cunctis
1186 4406 1533 4462 mortalibus
1562 4411 1750 4464 exstat

239 4497 403 4560 Quod
436 4501 652 4569 preter
685 4496 1082 4569 legis,necnon
1115 4495 1405 4568 praeconia
1433 4499 1656 4566 vatum,

241 4584 350 4640 Per
379 4587 687 4658 proprium
718 4586 930 4642 Natum
963 4586 1239 4657 dignatus
1268 4585 1453 4640 visere
1485 4586 1817 4651 mumdum,

238 4672 390 4729 Dum
420 4676 717 4747 quosdam
749 4674 967 4741 docuit,
1000 4674 1128 4730 aliis
1158 4673 1423 4745 exempla
1451 4673 1734 4746 reliquit?

241 4760 445 4820 Nonne
475 4781 578 4835 per
610 4764 730 4819 hinc
756 4780 987 4835 semper
1014 4762 1170 4818 velut
1188 4779 1361 4818 orans
1382 4763 1656 4818 admonet
1687 4779 1890 4819 omnes

246 4847 326 4904 Ut
351 4851 438 4906 vel
473 4853 666 4909 adhuc
700 4853 904 4910 miseri
940 4852 1237 4925 fugiamus
1266 4851 1438 4906 noxia
1469 4852 1676 4908 mundi

243 4943 329 4993 Ac
361 4940 427 4994 de
457 4941 769 5012 praeteritis
799 4941 1028 4997 veniam
1063 4940 1132 4995 de
1163 4940 1336 4995 corde
1367 4957 1640 5012 rogemus
1671 4941 1698 4994 ?

245 5026 405 5090 Quod
437 5030 530 5084 vix
559 5029 981 5103 speraturghoc
1011 5028 1198 5102 poscit
1220 5033 1287 5083 ut
1316 5028 1410 5084 ille
1441 5034 1690 5101 petatur,

251 5114 323 5169 Et
352 5133 463 5173 non
497 5121 970 5191 cessetur,donec
1001 5135 1136 5190 spes
1169 5123 1323 5174 certa
1357 5119 1652 5189 probetur.

249 5201 398 5260 Nam
425 5208 561 5278 quia
592 5207 671 5263 nil
695 5208 846 5280 justi
878 5207 1114 5280 propria
1141 5207 1194 5261 vi
1223 5207 1370 5262 ferre
1399 5225 1706 5280 queamus,

254 5290 375 5349 Hoc
404 5311 633 5368 quoque
659 5296 921 5353 declarat
951 5297 1103 5368 quod
1137 5312 1240 5350 nec
1275 5295 1442 5351 nobis
1473 5297 1625 5352 bona
1656 5313 1789 5369 spes
1809 5301 1898 5354 est

249 5380 321 5436 Ni
353 5385 620 5454 precibus
652 5387 873 5443 nostris
906 5385 1055 5440 hanc
1085 5384 1298 5440 Christi
1330 5386 1519 5458 gratia
1549 5386 1762 5442 mittat.

245 5472 322 5525 At
354 5487 488 5529 cum
519 5492 651 5548 spes
672 5477 804 5544 erit,
841 5490 1010 5530 mens
1039 5472 1168 5546 ipsa
1188 5475 1396 5545 probat
1424 5474 1750 5530 dubitantis
1777 5493 1790 5542 ;

239 5558 396 5616 Nam
428 5565 525 5634 qui
555 5569 685 5621 vota
715 5564 840 5633 Dei,
866 5580 995 5635 quis
1026 5567 1164 5618 sunt
1192 5561 1492 5635 implenda
1518 5562 1759 5633 petenti,

235 5647 379 5730 ᾘεσ
409 5651 628 5729 fragilis
659 5654 775 5714 vita
806 5655 1094 5729 quantum
1118 5651 1418 5726 permittat
1449 5651 1692 5727 agenda.

1450 362 1550 421 DE
1596 361 1988 423 DOCTRINA
2037 363 2504 427 SPIRITUALI.

1929 1871 1976 1936 B

3567 378 3684 437 270

1946 499 2000 563 Α
2031 497 2249 552 Sectari
2281 497 2545 569 negligit,
2571 501 2759 572 precis
2789 503 2914 572 ejus
2949 519 3082 576 spes
3107 509 3409 562 vacuatur.

2025 585 2169 657 Ergo
2200 585 2294 641 hic
2326 586 2430 642 rite
2466 587 2610 658 petit
2635 590 2735 661 qui
2769 590 2942 647 dictis
2974 598 3101 648 orat
3131 599 3186 649 et
3225 596 3389 652 actis.

2022 672 2114 728 Sic
2147 678 2202 728 et
2233 674 2531 746 apostolici
2564 678 2893 750 completur
2914 681 3109 752 jussio
3139 683 3322 750 verbi,

2023 764 2146 827 Qua
2177 764 2447 834 precibus
2479 765 2662 822 sacris
2694 785 2998 840 nunquam
3031 788 3261 829 cessare
3286 773 3582 834 docemur.

2570 872 2985 932 CAPITULUM
3030 878 3118 934 XI.

2095 959 2164 1014 De
2203 960 2359 1015 lzbrz’s
2415 962 2729 1088 gentiliuml
2758 966 2998 1091 vitandis
3055 976 3106 1023 et
3155 969 3222 1025 de
3277 971 3457 1028 studio
3493 989 3667 1031 sacra

2731 1051 2786 1090 ec
2812 1052 2971 1091 zonis.

2731 1051 2899 1091 εσιιθη
2909 1053 2971 1092 ιδ.

2019 1116 2220 1173 Libros
2251 1119 2451 1176 devita
2481 1123 2582 1194 qui
2615 1123 2758 1179 dant
2788 1126 3044 1182 carnalia
3068 1128 3235 1196 scita,

2019 1204 2089 1260 Ut
2119 1207 2334 1263 sentire
2365 1225 2512 1279 quas
2544 1211 2826 1267 librorum
2858 1214 3013 1269 dicta
3043 1232 3344 1274 sacrorum
3372 1237 3384 1274 :

2015 1288 2161 1350 Nam
2193 1295 2370 1351 simul
2399 1297 2726 1356 hishaarens
2759 1304 2948 1358 nescis
2982 1303 3227 1363 meliora
3255 1308 3528 1380 probare.

2017 1383 2224 1456 Utpote
2255 1387 2570 1458 depressus
2603 1390 2854 1447 carnalis
2884 1394 3138 1464 pondere
3167 1413 3400 1455 sensus.

2015 1475 2175 1539 Quod
2207 1475 2298 1530 vix
2330 1494 2581 1548 namque
2613 1480 2790 1551 sapis,
2821 1481 2869 1537 si
2901 1485 3059 1538 totus
3090 1484 3149 1539 in
3180 1485 3290 1541 hoc
3342 1489 3665 1560 adhiberis,

2015 1563 2314 1626 Quomodo
2347 1566 2648 1638 dispersus
2681 1568 2821 1624 illud
2855 1572 3070 1628 sentire
3101 1573 3318 1630 valebis
3346 1578 3374 1631 ?

2012 1651 2287 1724 Nunquid
2321 1657 2439 1710 tam
2460 1655 2592 1710 vilis
2623 1657 2743 1712 fore
2781 1659 2949 1716 lectio
2989 1668 3192 1718 sancta
3223 1666 3504 1736 probatur

2013 1740 2084 1796 Ut
2116 1742 2322 1797 merito
2361 1743 2527 1799 libris
2559 1746 2636 1800 sit
2652 1750 3054 1818 postponenda
3084 1753 3344 1822 profanis
3365 1756 3392 1809 ?

2011 1831 2125 1884 Aut
2153 1835 2242 1886 est
2270 1836 2389 1886 tam
2422 1833 2607 1889 facilis
2641 1852 2755 1905 quo
2789 1853 2891 1891 nec
2913 1837 2988 1892 sit
3017 1837 3195 1910 digna
3227 1840 3445 1910 labore,

2006 1922 2167 1973 Hanc
2197 1919 2353 1990 quia,
2389 1921 2742 1993 philosophi,
2769 1925 2966 1979 studio
2999 1928 3351 1998 postponitis
3379 1932 3592 1988 omni?

2006 2007 2269 2079 Denique
2299 2009 2347 2064 si
2382 2009 2704 2077 facilis,cur
2729 2011 2889 2068 illam
2920 2014 3276 2087 despicietis,

2007 2098 2490 2168 Quandoquidem
2518 2099 2687 2172 longe
2720 2101 2798 2156 sit
2821 2102 3030 2173 judicii
3061 2105 3346 2176 gravioris

2006 2187 2288 2256 Spernere
2311 2186 2635 2242 doctrinam
2668 2189 2872 2244 divinae
2905 2190 3047 2262 legis
3079 2196 3386 2264 apertam?

2004 2276 2076 2329 At
2103 2274 2151 2328 si
2183 2275 2480 2331 difficilem
2513 2281 2715 2332 contra
2744 2279 3064 2349 perhibetis
3097 2285 3384 2355 eamdem,

2005 2363 2073 2417 Et
2104 2363 2302 2419 minus
2329 2364 2544 2421 idcirco
2567 2371 2766 2422 vestrae
2799 2372 2956 2440 patet
2987 2371 3288 2442 agnitioni,

2005 2450 2120 2506 Cur
2150 2453 2221 2507 ad
2253 2453 2598 2510 discendum
2629 2457 2954 2527 reprobatis
2986 2458 3142 2514 dicta
3175 2460 3439 2536 piorum,

2004 2541 2145 2595 Cum
2181 2541 2544 2598 dimittentes
2566 2543 2815 2615 patriam
2848 2545 3183 2618 pariterque
3230 2554 3522 2622 parentes,

2003 2632 2082 2685 Ac
2113 2630 2256 2686 satis
2283 2631 2516 2703 impigri
2541 2631 2666 2688 loca
2697 2650 2799 2705 per
2831 2634 3061 2691 diversa
3089 2642 3368 2710 vagantes

2003 2719 2240 2775 Nisibus
2271 2719 2626 2776 omnimodis
2657 2723 2860 2777 mundi
2895 2724 3167 2797 perplexa
3193 2728 3450 2798 petatis?

2006 2808 2086 2863 En
2126 2809 2196 2863 ad
2229 2814 2544 2881 utrumque
2569 2809 2710 2865 nihil
2742 2814 3057 2869 excusandi
3091 2815 3376 2872 retinetis.

2003 2897 2120 2953 Hoc
2145 2903 2411 2970 superest
2440 2899 2654 2968 solum,
2679 2901 2968 2973 deponere
2997 2910 3168 2959 sueta
3200 2905 3514 2974 malorum,

2002 2985 2072 3040 l'lt
2100 3003 2199 3056 pro
2231 2987 2566 3043 commissis
2597 2989 2824 3044 veniam
2855 2991 3165 3064 deposcere
3199 3009 3454 3066 semper.

2001 3075 2080 3128 Ad
2114 3076 2268 3145 quod
2299 3077 2456 3131 enim
2489 3077 2851 3149 fertur,quod
2880 3079 3048 3136 lectio
3080 3086 3284 3138 sancta
3311 3084 3576 3156 profatur

2003 3163 2328 3220 Psalmistae
2366 3166 2556 3221 verbis
2589 3184 2694 3222 nos
2728 3168 2827 3222 tali
2859 3186 2998 3224 voce
3028 3173 3324 3228 monentis
3352 3192 3364 3230 :

1925 3236 1966 3303 ί]
2005 3252 2048 3307 Ο
2086 3253 2808 3326 vos,terrigenae,studiosa
2839 3263 3033 3312 mente
3063 3263 3287 3324 vacate,

2002 3343 2188 3412 Atque
2206 3341 2393 3396 videte
2413 3343 2915 3413 ipsum,quoniam
2938 3345 3091 3400 Deus
3114 3346 3486 3418 omnipotens
3511 3365 3645 3404 sum

2003 3429 2282 3485 Gentibus
2308 3433 2364 3484 et
2389 3431 2556 3485 terris
2587 3431 2764 3486 nimis
2795 3432 3081 3486 exaltatus
3143 3434 3378 3506 ubique.

2004 3522 2124 3585 Quo
2157 3534 2292 3590 ergo
2327 3522 2475 3572 Deus
2499 3517 2681 3588 jussit
2710 3517 3012 3574 credentes
3043 3535 3275 3576 cernere
3298 3520 3439 3592 quid
3473 3522 3572 3593 sit,

2003 3606 2122 3662 Sub
2154 3606 2430 3679 qualique
2452 3606 2650 3662 schola
2682 3605 2831 3662 valet
2861 3624 2989 3663 esse
3018 3608 3240 3664 vacatio
3271 3612 3435 3666 tanta
3463 3611 3491 3664 ?

2004 3696 2268 3751 Forsitan
2299 3712 2367 3750 ex
2388 3694 2585 3766 aliquo
2618 3695 2929 3765 quaerenda
2957 3694 3082 3751 haec
3119 3712 3325 3752 norma
3381 3697 3645 3770 profano,

2001 3785 2076 3840 Ut
2105 3788 2274 3840 sunt:
2304 3783 2600 3852 Horatius,
2630 3782 2932 3838 Terentius
2963 3789 3020 3839 et
3047 3784 3370 3841 Juvenalis.

2000 3879 2082 3929 Ac
2113 3873 2310 3945 plures
2339 3872 2438 3928 alii
2465 3889 2613 3944 quos
2643 3876 2900 3927 sectatur
2929 3872 3128 3928 schola
3159 3875 3389 3945 mundi,

2000 3963 2108 4018 Pro
2135 3962 2328 4018 studio
2361 3961 2551 4016 carnis
2578 3961 2836 4017 carnalia
2865 3962 3021 4017 dicta
3046 3962 3319 4033 ferentes,

2000 4052 2074 4107 Ut
2104 4068 2205 4123 per
2234 4068 2332 4107 eos
2364 4050 2533 4106 nobis
2566 4051 2860 4123 pandatur
2886 4049 2977 4106 lex
3009 4050 3266 4123 pietatis,

2002 4139 2289 4196 Instinctu
2318 4139 2546 4195 Satanae
2578 4140 2676 4210 qui
2707 4143 2985 4212 promunt
3013 4141 3272 4212 pessima
3301 4157 3548 4215 qumque
3569 4144 3596 4198 ‘I

1999 4228 2130 4283 Haec
2161 4228 2240 4282 ita
2271 4227 2537 4283 nonnulli
2571 4243 2843 4299 perverso
2877 4244 3037 4286 more
3069 4229 3348 4285 fatentur.

2000 4320 2108 4371 Ast
2138 4316 2410 4387 equidem
2441 4316 2955 4386 dico,cognoscens
2985 4317 3368 4389 exprimento,

1998 4405 2195 4461 Hostis
2226 4405 2297 4459 ab
2328 4404 2553 4476 antiqui
2587 4404 2846 4460 stimulis
2877 4405 2985 4462 hos
3016 4407 3320 4478 exagitari,

2002 4493 2110 4558 Qui
2139 4492 2336 4549 studio
2367 4509 2581 4548 vanam
2614 4492 2934 4549 recolentes
2965 4493 3408 4566 philosophiam

1925 4602 1971 4667 D
2002 4585 2288 4638 Avertunt
2317 4599 2558 4638 sensum
2593 4583 2665 4638 de
2694 4583 2860 4638 libris
2892 4583 3338 4649 catholicorum,

2000 4671 2228 4727 Scilicet
2259 4675 2326 4726 ut
2357 4688 2546 4726 mores
2575 4688 2643 4726 ex
2666 4671 2954 4727 illecebris
2983 4672 3301 4738 venientes,

2001 4762 2155 4825 Quos
2179 4760 2356 4814 nimis
2386 4759 2621 4830 oblique
2650 4759 2892 4831 gentilia
2922 4759 3097 4816 verba
3129 4763 3418 4830 retexunt,

2005 4851 2192 4904 Tanto
2224 4848 2429 4919 majori
2460 4847 2628 4902 libitu
2661 4849 2718 4903 in
2751 4866 2810 4903 se
2831 4853 3307 4906 commoveantur

2005 4938 2229 5002 Quanto
2262 4937 2395 5009 plus
2416 4937 2578 4992 dictu
2607 4936 2695 4992 vel
2728 4938 2799 4993 ab
2833 4939 3036 4995 auditu
3072 4941 3432 5011 repetantur,

2005 5028 2073 5082 Et
2104 5026 2187 5083 sic
2218 5025 2515 5081 constricti
2548 5031 2883 5082 contemnat
2912 5029 3187 5101 dogmata
3219 5026 3458 5096 Christi,

2003 5118 2118 5172 Aut
2148 5115 2305 5171 velut
2333 5115 2520 5186 ignari
2555 5131 2792 5187 peccare
2815 5117 3012 5174 minus
3042 5118 3372 5184 videantur,

2006 5205 2065 5261 Si
2097 5206 2447 5261 documenta
2476 5204 2577 5259 Dei
2609 5222 2805 5261 coram
2836 5224 2897 5263 se
2929 5224 3056 5263 raro
3087 5206 3378 5278 legantur,

2008 5295 2204 5350 Hostis
2232 5311 2408 5348 enum
2441 5298 2638 5349 noster
2669 5296 2918 5351 nimium
2949 5299 3220 5351 versutus
3253 5295 3313 5348 in
3345 5308 3551 5349 omnes

2009 5385 2160 5438 Dum
2194 5399 2298 5454 per
2324 5382 2536 5454 dogma
2558 5382 2658 5438 Dei
2691 5385 2897 5440 metuit
2930 5384 3216 5456 quosdam
3251 5381 3531 5450 revocari,

2008 5472 2223 5544 Ingerit
2251 5470 2344 5526 his
2368 5471 2628 5540 taedium,
2662 5490 2733 5528 ne
2766 5472 3105 5544 velcupiant
3133 5470 3324 5544 legere
3354 5470 3554 5542 ipsum

2009 5561 2154 5616 Hinc
2176 5576 2409 5631 quoque
2439 5561 2592 5632 quod
2626 5561 2796 5618 multi
2818 5561 3011 5618 divino
3043 5561 3313 5633 dogmate
3344 5559 3487 5621 culti

2009 5653 2199 5710 Causa
2227 5649 2506 5708 doctrinae
2540 5650 2789 5709 caalestis
2831 5665 3229 5725 composuere.
