4108 6188
414 304 525 365 2³71

1426 296 1769 356 OTHLONI
1813 294 2167 359 MONACHI
2213 295 2275 355 S.
2323 291 2819 356 EMMEBAMMI

3697 295 3820 355 272

413 437 532 493 Hoc
563 435 735 491 modo
766 447 943 506 quam
974 428 1508 502 plures,carnaliter
1538 429 1652 484 heu
1687 430 1698 483 l
1732 428 2049 501 sapientes,
2081 431 2138 498 Α
2166 427 2433 498 Hic,quia
2470 426 2742 496 ccelestis,
2777 426 3015 498 paribus
3037 439 3265 497 quoque
3321 425 3580 497 pascitur
3636 426 3791 484 escis

414 526 485 583 Et
511 524 724 580 Christi
757 537 967 577 nomen
999 519 1347 575 verbotenus
1378 518 1749 590 accipientes,

413 614 630 670 Auditu
661 615 889 667 tantum
933 609 1253 665 decernunt
1283 625 1409 663 esse
1441 607 1775 680 legendum,

416 704 541 760 Non
569 701 935 757 attendentes
962 699 1101 770 quia
1130 696 1347 753 Paulus
1379 697 1534 752 dicat
1564 698 1635 751 ad
1669 712 1875 753 omnes
1899 712 1911 750 :

415 791 577 865 Legis
606 808 722 846 non
755 789 1183 856 auditores,sed
1215 804 1342 842 eam
1366 787 1665 854 facientes,

409 881 477 937 Hi
510 879 867 953 potiusjusti
898 882 1210 934 censentur
1241 876 1312 931 ab
1344 876 1771 949 Omnipotente.

407 969 892 1039 Quosinfrunitos
920 982 1223 1038 nunquam
1256 966 1494 1020 studeas
1528 965 1767 1020 imitari.

408 1060 558 1125 Quin
588 1059 709 1115 haec
741 1058 865 1113 sola
888 1057 1001 1113 sibi
1033 1056 1110 1111 sit
1140 1072 1316 1109 causa
1346 1054 1596 1125 legendi,

406 1149 481 1205 Ut
519 1147 784 1203 facienda
814 1145 965 1202 scias
988 1149 1043 1200 ct
1075 1148 1138 1199 ut
1164 1143 1286 1197 hac
1315 1143 1607 1213 operando
1640 1142 1878 1197 revisas.

409 1238 491 1294 Ne
515 1237 669 1310 quod
702 1236 851 1293 scire
882 1236 1054 1289 datur
1082 1233 1210 1299 tibi,
1231 1231 1522 1303 judicium
1555 1236 1865 1287 statuatur.

940 1321 1349 1379 CAPITULUM
1383 1321 1503 1376 XII.

566 1421 646 1472 De
673 1413 953 1487 spirituali
983 1413 1282 1483 Scriptura:
1309 1427 1478 1466 sacrae
1510 1410 1907 1481 intelligentia.

412 1506 679 1577 Undique
711 1503 1013 1574 falluntur,
1039 1501 1215 1557 etiam
1247 1499 1329 1555 nil
1350 1500 1498 1555 scire
1530 1499 1852 1571 probantur

418 1595 526 1662 Qui
578 1594 779 1667 prisca:
811 1592 957 1665 legis
987 1591 1075 1647 vel
1107 1590 1262 1645 dicta
1292 1606 1469 1645 sacrae
1500 1587 1771 1644 novitatis

405 1683 632 1740 Carnali
664 1687 892 1739 tantum
914 1698 1093 1737 sensu
1125 1679 1479 1751 perpendere
1514 1679 1802 1748 quaerunt.

406 1774 609 1829 Omnis
640 1772 940 1842 Scriptura
972 1769 1110 1840 quia
1131 1768 1357 1823 ccelitus
1390 1767 1706 1834 insinuata,

408 1861 887 1929 Quamvis‘omne
908 1874 1093 1929 genus
1124 1860 1389 1911 assumat
1418 1856 1491 1910 ab
1523 1855 1807 1910 exteriori.

412 1950 487 2005 Ut
514 1967 617 2022 per
646 1947 877 2003 carnale
908 1948 1111 2002 doceat
1140 1962 1247 2000 nos
1281 1944 1605 2016 spirituale,

406 2039 492 2094 Ad
516 2038 770 2110 speciem
796 2036 984 2091 nostri
1014 2034 1204 2091 solum
1237 2035 1410 2088 datur
1439 2033 1752 2103 interioris,

410 2128 517 2191 Qui
551 2130 863 2182 renovatus
894 2126 1071 2179 homo
1102 2123 1441 2179 Dominiest
1472 2121 2052 2194 plasmantisimago,

401 2219 589 2288 Atque
610 2233 710 2288 per
739 2215 899 2270 hunc
929 2216 1139 2269 cuncta
1158 2212 1529 2268 decernimus
1560 2211 1844 2267 exteriora
1868 2229 1880 2279 ;

410 2306 556 2361 Nam
589 2305 715 2361 coeli
736 2319 1145 2377 regnum,cum
1170 2307 1335 2357 terra)
1366 2301 1444 2357 sit
1469 2300 1818 2368 similatum,

406 2396 476 2450 Et
508 2410 763 2466 prasens
795 2394 909 2449 vita
938 2397 1193 2448 ventura:
1226 2390 1304 2446 sit
1336 2391 1502 2461 quasi
1536 2391 1742 2455 forma,

408 2483 650 2555 Mystice
680 2482 947 2554 signatur
976 2479 1259 2552 quidquid
1293 2479 1511 2533 mundo
1545 2477 1865 2532 famulatur
1892 2494 1904 2544 ;

407 2573 550 2627 Tam
586 2574 719 2626 nota
743 2570 1025 2625 librorum
1051 2584 1227 2639 quam
1252 2571 1463 2622 cuncta
1493 2566 1706 2621 crcatio
1740 2581 1955 2635 rerum,

412 2661 529 2716 Nec
559 2675 674 2731 quo
706 2658 957 2714 carnalis
980 2662 1248 2727 aspectus
1278 2656 1514 2711 tendere
1546 2655 1732 2725 quibit

406 2749 654 2804 Interior
672 2748 833 2803 visus
864 2746 1001 2801 illuc
1032 2745 1440 2801 tantummodo
1472 2744 1674 2809 debet;

408 2839 518 2893 Sed
552 2854 653 2909 per
682 2835 985 2892 historiam
1017 2851 1246 2905 semper
1279 2836 1437 2887 notet
1468 2831 1823 2903 allegoriam.

412 2927 579 2982 Nunc
607 2926 746 2997 quid
780 2924 1081 2996 praesentis
1114 2923 1191 2976 sit
1212 2922 1558 2993 signiﬁcatio
1592 2919 1796 2975 mundi

410 3014 480 3067 Et
510 3012 649 3083 quid
682 3012 993 3082 Scriptura:
1025 3010 1247 3081 species
1280 3009 1399 3063 haec
1430 3008 1637 3063 intima
1664 3024 1861 3076 sacra),

411 3101 492 3156 De
528 3118 644 3172 qua
674 3117 864 3155 sermo
897 3100 1108 3172 agitur,
1146 3099 1299 3169 quod
1322 3097 1552 3169 planius
1583 3098 1869 3152 efﬁciatur

412 3189 755 3261 Exemplum
787 3189 1082 3260 quoddam
1105 3188 1247 3242 satis
1277 3185 1600 3241 enarrabile
1621 3203 1834 3257 ponam
1862 3202 1873 3239 :

410 3279 556 3334 Ecce
586 3277 746 3332 vides
768 3277 927 3332 nasci
960 3276 1156 3348 paleas
1188 3292 1319 3330 cum
1354 3275 1616 3347 germine
1646 3275 1809 3346 grani
1843 3294 1855 3342 ;

410 3372 684 3422 Attamen
708 3366 884 3421 unius
914 3382 1190 3437 pressura
1221 3365 1378 3420 aliud
1414 3365 1768 3420 moderatur.

409 3456 685 3527 Nunquid
717 3472 849 3511 cum
884 3454 1065 3526 paleis
1087 3454 1311 3509 comedi
1345 3454 1634 3509 frumenta
1666 3453 1899 3524 parabis
1922 3453 1949 3507 ?

409 3547 571 3611 Quod
600 3548 757 3616 patet
787 3544 1145 3611 atteritur,ut
1175 3544 1329 3613 quod
1360 3545 1501 3596 latet
1547 3542 1682 3596 hinc
1725 3546 2052 3598 renovetur.

408 3634 663 3704 Sic,quir
678 3649 781 3703 per
802 3631 997 3703 paleas
1029 3631 1276 3689 carnalis
1305 3629 1423 3685 vita
1453 3634 1707 3698 notatur,

408 3723 481 3777 Et
509 3722 675 3795 grani
706 3721 893 3777 titulis
925 3720 1193 3792 signatur
1223 3718 1567 3791 spiritualis.

408 3811 663 3883 Spiritus
690 3826 825 3882 ergo
848 3811 1005 3864 intra
1026 3807 1237 3880 patula:
1268 3807 1408 3863 latet
1438 3808 1637 3863 abdita
1667 3808 1858 3863 carnis

408 3898 677 3961 Quolibet
704 3904 769 3953 ut
799 3914 1050 3970 granum
1081 3898 1192 3953 sub
1224 3896 1543 3951 visceribus
1574 3898 1895 3969 palearum.

408 3988 481 4042 Ni
511 4004 641 4043 caro
671 3992 922 4054 terrena,
950 3986 1105 4041 vitiis
1128 3984 1421 4041 natalibus
1452 3990 1577 4041 orta

409 4077 543 4140 Quae
571 4092 673 4147 per
702 4075 833 4129 Adae
863 4073 1095 4145 culpam
1127 4073 1354 4129 cunctis
1376 4075 1720 4131 mortalibus
1743 4077 1981 4144 heerent,

410 4169 605 4221 Instar
634 4165 949 4221 aristarum
980 4180 1315 4236 pressuram
1342 4165 1467 4235 jam
1500 4166 1755 4237 patiatur

406 4254 478 4310 Et
506 4253 811 4310 desideriis
842 4253 1174 4309 carnalibus
1196 4252 1288 4307 hic
1318 4254 1621 4323 moriatur,

406 4345 492 4399 Ad
524 4361 687 4416 spem
720 4343 1035 4399 mandendi
1067 4342 1298 4399 venient
1328 4343 1525 4398 minus
1554 4343 1763 4399 intima
1791 4344 1977 4415 grani,

414 4434 534 4489 Hoc
555 4434 740 4499 est,ad
774 4433 1034 4504 requiem
1065 4433 1239 4487 ﬂatus
1270 4432 1473 4503 nequit
1502 4432 1584 4487 ire
1614 4450 1951 4504 perennem,

413 4523 536 4586 Qua
566 4522 733 4578 cibus
765 4526 853 4577 est
886 4520 1134 4589 Domini,
1166 4520 1436 4591 quisquis
1467 4521 1790 4591 pervenerit
1819 4519 1975 4576 illuc.

404 4613 537 4677 Quae
568 4611 794 4683 loquor,
826 4611 1094 4677 attende;
1130 4626 1252 4680 qua:
1283 4610 1951 4675 testiﬁcor,memorare:

403 4703 516 4755 Cur
545 4701 722 4756 simul
763 4705 990 4756 exortas
1023 4714 1322 4755 secernere
1355 4699 1558 4755 niteris
1588 4699 1799 4755 herbas
1819 4699 1846 4753 ?

402 4789 533 4844 Jam
565 4789 733 4844 cibus
764 4806 898 4860 ergo
933 4794 1093 4856 tuus,
1124 4790 1332 4844 tritura
1360 4787 1779 4859 puriﬁcandus,

404 4876 585 4939 Quam
606 4876 780 4947 plana
811 4877 997 4947 specie
1027 4877 1387 4932 demonstrat
1427 4877 1809 4947 signiﬁcando

404 4965 504 5034 Te,
529 4965 630 5035 qui
663 4964 912 5034 peccatis
943 4971 1252 5035 conceptus
1284 4970 1457 5020 natus
1490 4966 1724 5021 haberis

409 5054 477 5109 Et
507 5052 748 5125 posthac
780 5054 975 5107 forsan
1000 5050 1272 5122 delapsus
1305 5070 1365 5108 es
1397 5054 1465 5107 ad
1501 5054 1655 5109 mala
1684 5054 1887 5125 multa,

402 5142 537 5206 Quae
567 5160 682 5198 non
716 5149 926 5197 natura
954 5142 1271 5208 victus,sed
1304 5146 1509 5212 sponte
1548 5144 1808 5214 gerebas,

398 5233 483 5286 Ad
512 5248 733 5286 ccenam
767 5230 997 5286 Domini
1032 5228 1245 5300 pariter
1274 5230 1481 5284 debere
1525 5233 1734 5302 parari,

401 5319 457 5373 Si
488 5323 682 5374 tamen
716 5319 874 5374 illius
906 5334 1119 5374 mensae
1150 5318 1315 5390 cupis
1334 5319 1628 5374 associari.

400 5408 547 5467 Nam
582 5426 681 5465 ceu
718 5414 780 5463 tu
804 5407 994 5464 lautas
1028 5409 1240 5478 quaeris
1281 5408 1596 5463 ferventius
1622 5426 1803 5478 escas,

398 5498 493 5556 Sic
524 5514 621 5555 cor
649 5499 963 5555 contritum
996 5504 1145 5554 Deus
1177 5496 1353 5569 exigit
1382 5497 1439 5550 in
1474 5495 1899 5555 holocaustum.

399 5590 654 5663 Tu,quia
684 5594 969 5661 terrenus,
989 5588 1252 5648 carnales
1284 5586 1480 5660 diligis
1510 5603 1663 5656 esus,

2168 516 2295 572 Tali
2328 533 2581 586 namque
2604 516 2795 583 modo,
2829 532 2934 571 nec
2957 532 3072 571 non
3105 514 3287 570 simili
3309 515 3534 571 ratione

2166 606 2307 661 Visa
2334 605 2420 661 vel
2457 605 2658 661 audita
2689 604 2922 676 sapiens
2957 604 3267 677 przesentia
3298 607 3527 675 cuncta,

2169 697 2303 760 Quae
2332 694 2481 749 bene
2503 695 2628 766 jam
2660 692 3091 764 sentis,quibus
3123 697 3179 747 et
3201 692 3509 749 carnaliter
3535 692 3742 767 haras,

2168 784 2407 856 Semper
2436 783 2492 837 id
2525 784 2759 839 adverte
2790 782 2931 853 quid
2963 781 3349 854 spiritualiter
3378 783 3590 838 edant:

2168 872 2259 927 Sic
2289 873 2465 928 etiam
2488 890 2664 928 sacrae
2698 871 3009 943 Scriptura
3041 870 3355 944 aenigmata
3386 888 3649 944 quasque.

2166 963 2443 1026 Quamvis
2475 978 2779 1033 corporeas
2811 961 2869 1014 in
2904 961 2987 1015 eis
3018 962 3116 1015 det
3140 960 3334 1016 littera
3361 961 3579 1017 formas

2168 1052 2235 1106 Et
2265 1052 2370 1106 sub
2402 1051 2650 1106 terrenis
2682 1053 2959 1105 maneant
2988 1066 3266 1121 expressa
3298 1050 3523 1121 figuris,

2168 1142 2253 1195 Ad
2289 1140 2414 1195 coeli
2450 1139 2876 1212 regnum,quod
2906 1137 3213 1209 spirituale
3244 1139 3543 1211 probatur,

2167 1230 2665 1285 Transformanda
2694 1231 2931 1283 manent
2960 1222 3016 1281 in
3052 1227 3293 1299 spiritus
3325 1228 3641 1300 agnitione.

2168 1320 2370 1375 Carnis
2395 1318 2549 1374 enim
2584 1335 2794 1374 sensus
2824 1318 2974 1373 sicut
3006 1317 3307 1373 terrestria
3335 1318 3530 1386 sentit,

2170 1407 2263 1462 Sic
2289 1407 2623 1463 intellectus
2654 1406 2849 1462 divina
2869 1406 2997 1461 luce
3028 1406 3279 1462 refectus

2166 1497 2353 1567 Atque
2384 1496 2529 1551 ﬁdes
2581 1512 2725 1567 pura
2754 1495 2992 1567 sapiunt
3021 1495 3278 1552 coelestia
3298 1496 3476 1567 jura;

2166 1583 2257 1639 Nil
2288 1583 2565 1655 quoniam
2591 1584 2651 1639 in
2682 1584 2839 1639 coelis
2873 1584 3307 1640 substantivum
3340 1585 3641 1657 retinetur,

2166 1675 2344 1745 Cujus
2375 1674 2431 1728 in
2464 1674 2573 1729 hoc
2609 1675 2827 1729 mundo
2859 1673 3163 1745 speculum
3195 1690 3310 1730 non
3344 1674 3419 1730 sit
3447 1674 3536 1731 vel
3596 1674 3816 1749 imago,

2166 1764 2234 1818 Et
2265 1765 2334 1819 de
2375 1762 2848 1834 consimili,quod
2879 1780 2995 1818 non
3025 1763 3212 1835 possit
3242 1762 3531 1836 speculari

2168 1853 2322 1907 Inter
2350 1851 2599 1907 carnalis
2629 1852 2943 1924 aenigmata
2974 1851 3346 1919 conditionis,

2169 1942 2445 2004 Quamvis
2477 1941 2735 2013 perpigri
2767 1958 2873 1996 nos
2905 1940 3091 1996 simus
3123 1941 3193 1997 ad
3224 1941 3334 1997 hoc
3365 1942 3813 2013 speculandum.

2170 2031 2280 2086 Sed
2314 2048 2386 2086 ne
2418 2032 2571 2102 quod
2605 2031 2791 2085 refero
2824 2030 3077 2086 dubitari
3100 2031 3287 2102 possit
3325 2032 3397 2086 ab
3429 2030 3570 2101 ullo,

2166 2119 2466 2182 Quoddam
2491 2136 2593 2191 pro
2617 2118 2853 2191 speculo
2885 2135 3074 2191 genus
3104 2119 3352 2192 exempli
3384 2120 3704 2192 perhibebo

2166 2207 2272 2263 Per
2292 2208 2588 2280 quodjam
2622 2209 2834 2263 melius
2866 2209 3138 2281 cognosci
3171 2213 3377 2265 caetera
3398 2215 3647 2283 possunt
3674 2229 3686 2267 :

2164 2297 2289 2352 Scis
2322 2297 2635 2353 Dominum
2665 2301 2832 2353 terra;
2866 2298 3069 2353 merito
3101 2316 3133 2353 a
3164 2298 3416 2371 propriis
3434 2300 3721 2372 venerari,

2165 2386 2328 2441 Haud
2362 2403 2529 2442 secus
2552 2391 2608 2442 et
2632 2391 2856 2458 patrem
2879 2392 3245 2459 matremque
3270 2388 3393 2443 suis
3425 2390 3820 2447 venerandos?

2165 2475 2273 2539 Qui
2304 2480 2522 2542 tamen,
2551 2476 2621 2529 ad
2654 2476 2873 2531 summi
2904 2480 3112 2530 nutum
3139 2477 3327 2531 Patris
3358 2479 3721 2551 aequiparati,

2164 2563 2254 2618 Nil
2278 2563 2433 2619 aliud
2459 2581 2598 2621 sane
2631 2570 2899 2619 constant
2929 2565 3231 2636 speculum
3263 2566 3375 2622 nisi
3408 2568 3704 2639 quoddam

2166 2654 2452 2708 Omnibus
2484 2654 2841 2725 appositum,
2875 2654 3100 2711 cunctis
3134 2655 3190 2709 in
3224 2657 3395 2711 corde
3423 2660 3737 2714 statutum.

2164 2743 2438 2813 Nunquid
2472 2742 2786 2811 nescimus,
2820 2743 3085 2814 nunquid
3119 2746 3333 2800 sentire
3364 2745 3700 2818 nequimus,

2165 2832 2288 2895 Qua
2319 2832 2541 2887 ratione
2571 2837 2722 2887 Deus
2754 2832 2881 2887 ρο)ιί
2911 2837 3193 2904 ἰρινῐιωᾳυθ
3214 2833 3469 2906 Creator,

2165 2921 2374 2975 Omnia
2403 2921 2792 2992 complectens
2824 2926 2881 2976 et
2910 2925 3098 2977 totum
3122 2923 3362 2978 numine
3393 2923 3646 2996 replens,

2164 3008 2381 3064 Debeat
2410 3027 2441 3063 a
2474 3009 2723 3082 propriis
2746 3014 2904 3065 sator
2924 3028 2957 3064 a
2986 3009 3156 3065 factis
3188 3012 3477 3080 venerari,

2163 3097 2219 3151 Si
2252 3098 2364 3151 ﬁxa
2398 3098 2609 3153 mentis
2642 3100 2763 3153 acie
2793 3099 3022 3154 novisse
3054 3100 3371 3171 probamur

2086 3176 2128 3241 C
2167 3188 2325 3252 Quod
2362 3186 2587 3242 factura
2612 3188 2722 3241 sibi
2755 3189 2837 3242 sic
2869 3188 3212 3243 alterutrum
3242 3192 3573 3247 veneranda
3600 3195 3691 3248 est

2167 3279 2307 3343 Hoc,
2338 3275 2471 3331 licet
2502 3277 2752 3331 exterius
2786 3277 2844 3331 in
2876 3278 3043 3333 factis
3074 3277 3537 3352 dissimulamus,

2168 3365 2415 3421 Interius
2446 3371 2597 3421 certe
2630 3366 2797 3421 nobis
2828 3371 3031 3422 notum
3064 3367 3128 3422 fit
3159 3372 3375 3439 aperte,

2166 3454 2223 3509 Si
2254 3458 2444 3509 tamen
2480 3471 2607 3510 esse
2637 3461 2817 3511 Deum
2849 3457 3257 3528 cognoscimus
3287 3462 3463 3529 atque
3526 3460 3811 3516 fatemur.

2164 3542 2309 3597 Hinc
2342 3547 2429 3598 est
2459 3544 2612 3615 quod
2650 3543 2947 3613 Dominus,
2977 3543 3231 3599 ccelestia
3247 3545 3394 3599 dans
3452 3546 3811 3618 rudimenta,

2166 3632 2469 3702 Proposuit
2492 3638 2702 3687 cuncta
2740 3648 2841 3704 per
2871 3636 3087 3687 formas
3115 3632 3525 3705 parabolarum
3550 3651 3565 3702 ;

2164 3720 2396 3775 Scilicet
2428 3726 2492 3775 ut
2530 3721 2683 3776 notis
2715 3725 3022 3792 exponeret
3054 3721 3171 3777 alta
3200 3721 3405 3794 ﬁguris

2164 3809 2282 3864 Hoc
2315 3809 2492 3864 simul
2525 3810 2772 3883 aznigma
2800 3810 3039 3866 dictavit
3063 3827 3166 3883 per
3194 3827 3303 3866 sua
3335 3812 3524 3884 signa,

2163 3899 2296 3962 Quae
2321 3899 2401 3955 sic
2433 3900 2684 3955 exterius
2718 3900 2983 3955 mirando
3015 3900 3224 3955 fecerat
3251 3917 3382 3967 usu,

2163 3987 2236 4043 Ut
2264 3993 2457 4044 tamen
2488 3989 2735 4044 interius
2766 3990 2983 4044 ferrent
3012 3988 3187 4045 aliam
3212 3990 3519 4056 rationem,

2162 4077 2285 4140 Qua
2308 4078 2462 4133 velut
2490 4077 2549 4132 in
2581 4077 2816 4148 speculo
2847 4078 3148 4133 studiosus
3182 4078 3435 4149 quisque
3460 4076 3677 4134 videbit

2164 4167 2463 4232 Quomodo
2494 4170 2749 4221 venturae
2775 4182 3032 4238 praesens
3062 4167 3178 4223 vita
3207 4167 3592 4236 assimiletur,

2164 4255 2301 4310 Inde
2330 4256 2506 4311 etiam
2536 4260 2733 4311 vatum
2767 4254 3206 4328 quamplurima
3234 4256 3386 4312 dicta
3419 4257 3652 4329 piorum

2161 4342 2501 4413 Mysterium
2534 4342 2659 4398 coeli
2691 4343 3043 4415 depromunt
3063 4343 3476 4415 parabolatim.

2162 4431 2304 4486 Hinc
2334 4437 2388 4487 et
2417 4432 2635 4487 Paulus
2667 4433 2747 4487 ait
2779 4446 2792 4486 :
2827 4432 3070 4503 Speculo
3103 4450 3259 4489 nunc
3283 4432 3579 4489 cernimus
3598 4430 3705 4488 illa

2084 4545 2128 4609 D
2160 4523 2293 4584 Quae
2324 4521 2468 4576 facie
2490 4521 2560 4575 ad
2585 4521 2789 4576 faciem
2821 4523 3173 4593 quandoque
3202 4522 3397 4578 videre
3448 4536 3774 4591 meremur,

2163 4609 2492 4681 Nam,quod
2526 4608 2606 4665 ait
2635 4610 2960 4682 speculum,
2994 4627 3250 4682 praesens
3280 4609 3542 4683 intelligo
3570 4609 3818 4665 Smclum

2162 4699 2321 4762 Quod
2349 4698 2804 4770 velutimpresso
2838 4699 3129 4755 similatur
3159 4717 3290 4755 cera
3319 4699 3531 4771 sigillo,

2161 4788 2231 4843 Ut
2261 4805 2438 4859 supra
2471 4787 2607 4855 dixi,
2644 4804 2820 4859 regno
2853 4790 3147 4844 confertur
3177 4788 3395 4862 olympi
3432 4806 3446 4844 :

2159 4878 2225 4931 Et
2255 4876 2465 4931 Christi
2490 4893 2756 4948 regnum,
2792 4878 2947 4948 quod
2978 4882 3207 4934 constat
3233 4879 3351 4933 vita
3378 4877 3646 4950 perenni,

2158 4969 2234 5019 Ut
2260 4964 2473 5035 lapidis
2504 4966 2739 5020 ﬁrmum
2764 4982 2994 5038 semper
3024 4968 3235 5022 durare
3273 4965 3560 5038 sigillum.

2159 5055 2269 5109 Sed
2295 5071 2399 5109 nec
2423 5054 2482 5107 in
2513 5054 2738 5109 inferno
2763 5056 3198 5111 substantivum
3230 5056 3366 5127 quid
3421 5054 3673 5110 habetur

2156 5144 2334 5213 Cujus
2364 5142 2423 5196 in
2455 5143 2563 5197 hac
2584 5142 2701 5198 vita
2732 5144 2807 5198 sit
2838 5161 2949 5199 non
2979 5144 3351 5214 aliquatenus
3383 5143 3618 5198 umbra.

2157 5233 2303 5288 Nam
2334 5248 2576 5286 cernens
2605 5233 2876 5287 umbram
2909 5233 3147 5289 dubitas
3178 5232 3297 5288 fore
3328 5231 3586 5304 corporis
3608 5231 3781 5289 illam
3804 5238 3840 5291 Ρ

2157 5322 2252 5377 Sic
2278 5336 2510 5392 quoque
2541 5326 2888 5392 praesentem
2918 5321 3034 5377 noli
3066 5322 3334 5377 diffidere
3364 5321 3659 5376 mundum

2156 5412 2227 5466 Et
2256 5410 2383 5465 vita
2415 5414 2471 5464 et
2497 5411 2701 5465 mortis
2733 5411 2980 5466 formam
3004 5416 3232 5483 gestare
3264 5402 3556 5483 perennis.

2155 5501 2260 5555 Hic
2296 5500 2606 5570 utriusque
2639 5499 2839 5555 schola
2868 5501 3216 5570 discendi,et
3246 5515 3402 5554 nunc
3433 5497 3545 5554 erit
3584 5497 3739 5557 hora

2156 5590 2220 5646 In
2256 5605 2369 5661 qua
2401 5588 2652 5662 quisque
2681 5588 2835 5661 legat
2859 5591 3012 5663 quod
3044 5606 3105 5649 se
3137 5606 3369 5664 semper
3397 5588 3534 5648 velit
3561 5590 3719 5651 esse.
