4098 6172
293 372 406 433 273
1362 431 1365 433 .
1474 376 1574 436 DE
1619 375 2014 436 DOCTRINA
2059 377 2522 438 SPlltl'l‘UALl.
3585 368 3701 426 274

291 505 491 562 Libera
551 501 700 560 colla
751 509 1012 576 manent,
1075 507 1465 582 quodcunque
1518 507 1707 581 magis
1752 507 1943 580 placet
1971 515 2025 580 Α
2055 513 2198 565 Cum
2229 509 2490 566 Carnalis
2522 509 2694 565 homo
2720 509 2892 565 fuerit
2921 507 3166 564 sortitus
3196 505 3500 572 honorem,

1660 596 1864 667 [omni,

295 684 420 741 Sive
448 700 657 741 vacare
686 685 870 742 sacris
898 686 986 742 vel
1017 687 1208 743 adhuc
1241 687 1457 744 hmrere
1488 686 1770 760 profanis.

293 774 452 830 Unde
485 775 676 846 magis
708 775 868 831 disee
895 793 1020 848 quae
1053 777 1130 832 sit
1162 777 1452 848 sapientia
1480 777 1628 844 vitae,

292 862 364 918 Ut
392 880 526 935 quae
550 869 686 919 sunt
719 881 957 921 sursum
992 866 1188 938 sapias
1219 883 1321 938 per
1345 868 1588 938 mystica
1629 883 1850 934 rerum,

291 954 475 1024 Atque
505 952 660 1009 scias
689 953 842 1011 clare
873 955 1183 1027 Scripturae
1217 973 1430 1012 arcana
1461 957 1724 1029 probare.

2059 600 2164 655 Par
2193 605 2282 656 est
2302 599 2593 671 jumentis
2623 603 2678 654 et
2699 598 3024 655 consimilis
3043 600 3244 652 manet
3267 595 3406 651 illis.

2053 689 2169 745 Nos
2199 689 2376 761 igitur
2396 690 2632 744 brutum
2667 705 2853 760 genus
2882 689 2992 743 hoc
3014 704 3220 743 sumus
3249 691 3306 742 et
3341 681 3584 740 resoluti

2052 778 2238 835 Altius
2269 780 2453 834 edocti
2488 796 2653 834 sacra
2684 778 3085 833 moderamina
3114 776 3281 848 legis,

2052 869 2179 940 Qui,
2214 886 2346 924 cum
2372 868 2593 940 praelati
2627 884 2970 923 maneamus
3001 867 3059 920 in
3093 869 3216 920 arte
3235 864 3448 929 librali,

2052 957 2124 1013 Ut
2157 975 2301 1030 pene
2327 958 2554 1013 vivendi
2589 957 2829 1028 reliquis
2861 955 3126 1026 exempla
3155 955 3450 1023 daremus,

291 1041 436 1097 Nam
470 1043 734 1098 studium
766 1045 960 1100 carnis
993 1045 1137 1100 nihil
1170 1049 1258 1100 est
1291 1046 1406 1101 nisi
1438 1047 1692 1102 formula
1735 1047 1939 1102 mortis
2049 1053 2138 1115 Et,
2162 1047 2209 1104 si
2242 1065 2331 1103 res
2365 1051 2600 1120 peteret,
2634 1045 2859 1102 occasio
2891 1048 3092 1100 sancta
3113 1043 3354 1109 veniret,

289 1130 505 1186 Verum
537 1147 672 1186 cum
704 1132 893 1188 recolo
923 1135 1314 1205 quorumdam
1345 1139 1577 1206 pectora
1609 1151 1774 1204 eaea,

293 1219 524 1275 Scilicet
553 1219 788 1276 illorum
822 1223 945 1293 qui,
974 1227 1162 1278 semet
1193 1223 1252 1277 in
1286 1228 1407 1278 arte
1441 1223 1634 1278 librali

290 1308 585 1365 lactantes
615 1314 870 1380 tantum,
895 1311 1093 1367 minus
1121 1311 1272 1367 hanc
1302 1311 1470 1368 factis
1501 1313 1828 1381 imitantur,

290 1398 424 1454 Inde
459 1397 663 1454 dolens
693 1404 748 1454 et
773 1401 1136 1471 compatiens
1165 1401 1299 1474 plus
1329 1401 1521 1457 dicere
1552 1419 1727 1474 cogor

289 1489 408 1544 Sim
440 1487 580 1544 licet
607 1487 837 1555 inculti,
870 1506 975 1545 nec
1003 1507 1120 1546 non
1151 1491 1442 1546 sermonis
1483 1491 1685 1563 inepti,

291 1577 384 1632 Ast
413 1580 715 1650 utcunque
747 1595 896 1651 queo
925 1579 1015 1634 vel
1045 1580 1298 1652 paucula
1321 1581 1549 1654 profero
1581 1581 1773 1635 verba.

293 1665 354 1720 Et
382 1666 634 1722 fortasse
657 1667 846 1738 juvat,
879 1685 1012 1724 cum
1045 1670 1115 1725 de
1145 1669 1311 1725 libris
1342 1669 1727 1742 perhibemus,

290 1755 390 1822 Qui
414 1755 646 1827 prosint
677 1757 904 1813 cunctis
935 1759 994 1812 in
1026 1757 1152 1830 lege
1182 1775 1350 1814 saera
1372 1757 1672 1829 studiosis,

2051 1138 2157 1193 Pro
2190 1137 2323 1193 fidei
2355 1137 2528 1192 sociis
2558 1138 2734 1192 etiam
2766 1140 3012 1190 mortem
3045 1137 3396 1204 pateremur,

2049 1226 2326 1282 Labimur
2354 1227 2412 1281 in
2449 1226 2654 1298 primis
2693 1224 3104 1295 congressibus
3135 1220 3453 1292 impietatis

2047 1317 2352 1386 Tanquam
2386 1315 2462 1370 nil
2500 1315 2612 1370 nisi
2646 1319 2848 1369 contra
2878 1313 3029 1367 vires
3058 1309 3280 1365 inimici
3319 1327 3331 1376 ;

2045 1406 2115 1460 Et
2143 1406 2297 1476 quod
2331 1405 2521 1460 adhuc
2556 1404 2791 1476 gravius
2813 1400 3326 1470 miserabiliusque
3352 1398 3599 1464 videtur,

2047 1495 2174 1550 Non
2206 1495 2396 1550 solum
2431 1494 2690 1566 fugimus
2721 1509 2834 1564 quo
2866 1489 3237 1562 praecipimur
3266 1490 3387 1542 fore
3414 1503 3620 1541 murus

2045 1583 2152 1639 Sed
2185 1584 2501 1638 commissa
2531 1583 2705 1638 etiam
2739 1582 3083 1645 lacerantes,
3117 1594 3275 1632 more
3319 1577 3615 1648 luporum,

2045 1673 2316 1736 Quaedam
2346 1677 2666 1738 vastamus,
2701 1670 2970 1742 quaedam
3002 1667 3154 1722 male
3186 1665 3594 1731 destituemus,

2045 1761 2190 1817 Nam
2223 1762 2459 1833 quibus,
2494 1765 2558 1815 ut
2587 1764 2803 1831 patres,
2837 1759 3183 1813 deberemus
3213 1757 3351 1810 dare
3379 1753 3621 1824 victum,

289 1849 363 1949 fc
394 1845 497 1915 qui
530 1844 593 1949 in
616 1844 710 1900 his
736 1846 962 1918 typicus
993 1847 1198 1903 doceat
1224 1863 1331 1903 nos
1364 1864 1622 1919 quaerere
1651 1863 1882 1914 sensus,
1970 1885 2016 1949 Β
2046 1850 2106 1906 Si
2136 1850 2224 1906 vis
2254 1849 2373 1904 ulla
2394 1849 2503 1904 loci
2534 1848 2622 1904 vel
2655 1865 2827 1903 casus
2860 1848 3122 1918 posceret
3153 1843 3310 1912 anni,

288 1933 341 1990 Si
368 1950 504 1990 mox
531 1933 779 1990 lectores
811 1934 1007 2006 aliquo
1039 1953 1341 1992 sermones
1364 1953 1692 2004 monemus,

292 2023 371 2089 Ut,
405 2023 507 2094 qui
540 2023 682 2093 sint,
715 2024 963 2095 discant,
997 2030 1054 2081 et
1080 2026 1152 2081 ab
1185 2025 1407 2081 illicitis
1439 2025 1808 2100 resipiscant.

288 2111 542 2184 Denique
573 2129 732 2168 nunc
763 2112 935 2168 multi
968 2115 1195 2171 diverso
1227 2131 1418 2171 errore
1448 2130 1798 2186 gravamur;

289 2200 502 2256 Idcirco
533 2206 593 2257 et
618 2201 798 2258 variis
827 2202 1046 2259 instare
1076 2204 1220 2260 libet
1250 2203 1648 2270 monimentis,

287 2288 354 2344 Ut
381 2290 481 2360 qui
508 2307 629 2346 non
660 2308 802 2360 uno,
832 2291 1040 2348 saltem
1073 2310 1140 2348 ex
1170 2293 1283 2348 alio
1315 2292 1652 2348 aedificetur.

810 2406 1213 2464 CAPITULUM
1254 2408 1402 2463 XIII.

289 2495 686 2568 Λάπιοηίιίοω
717 2512 893 2552 sermo
937 2497 1010 2552 ad
1052 2496 1319 2553 clericos:
1369 2497 1529 2568 prius

2045 1940 2148 1995 His
2180 1943 2245 1994 ut
2274 1943 2535 2012 raptores
2567 1936 2876 1992 crudeliter
2905 1934 3296 2001 advenientes,

2047 2030 2154 2085 Illa
2178 2034 2569 2101 asportamus,
2607 2027 2761 2098 quod
2795 2025 2906 2082 erit
2935 2021 3266 2079 miserabile
3303 2019 3484 2088 dictu,

2045 2121 2179 2184 Quae
2213 2120 2398 2191 pietas
2429 2118 2618 2173 aliena
2639 2116 2800 2172 dedit
2830 2132 2932 2188 pro
2956 2113 3189 2169 nomine
3221 2109 3431 2165 Christi
3463 2123 3477 2162 :

2044 2210 2186 2265 Cum
2212 2212 2540 2279 peccatores
2571 2205 2875 2260 malefacta
2905 2203 2996 2259 sui
3027 2206 3357 2258 metuentes

2041 2298 2126 2352 Ad
2151 2314 2255 2352 nos
2287 2313 2388 2367 pro
2417 2295 2598 2351 veniae
2629 2311 2807 2349 causa
2839 2293 3064 2364 fugient
3088 2289 3400 2361 capienda},

2043 2386 2144 2442 His
2175 2391 2276 2442 aut
2303 2383 2613 2448 terribiles,
2649 2382 2780 2454 plus
2807 2397 2986 2454 quam
3019 2381 3315 2450 resposeat
3353 2380 3411 2432 et
3448 2390 3614 2442 usus,

1624 2497 1806 2551 “idem
1857 2496 1933 2551 ad
2042 2476 2154 2531 Seu
2187 2474 2500 2548 plusquam
2529 2473 2700 2528 liceat
2728 2471 3045 2528 clementes
3074 2465 3456 2522 inveniemur.

356 2567 477 2639 illos
507 2569 607 2638 qui
634 2568 692 2622 in
718 2569 990 2638 pastorali
1007 2569 1208 2639 degunt
1228 2553 1502 2637 regimine
1524 2585 1545 2630 ,°
1577 2553 1780 2624 deinde
1809 2584 1932 2622 vero
2040 2563 2143 2620 Vel
2166 2564 2542 2636 designantes
2573 2578 2750 2632 super
2771 2559 2863 2614 his
2895 2560 3202 2614 decernere
3233 2553 3558 2626 quidquam

353 2638 431 2720 ad.
452 2655 547 2720 eos
571 2641 671 2710 qui
697 2639 874 2696 studio
903 2638 1190 2696 adhaerent
1229 2641 1518 2697 saecularis
1559 2639 1930 2694 tantummodo

352 2711 620 2768 scientia.

288 2825 328 2881 Ο
357 2825 452 2897 qui
482 2826 786 2883 confidens
816 2827 874 2881 in
906 2827 1218 2899 multiplici
1248 2828 1470 2882 ratione

291 2915 490 2970 Temet
521 2933 698 2972 nosse
732 2921 906 2988 putas
938 2933 1042 2988 pro
1074 2916 1240 2973 falsis
1268 2934 1404 2972 vera
1432 2917 1697 2988 probare,

286 3005 390 3058 Aut
419 3004 642 3060 idcirco
673 3005 864 3078 magis
892 3005 1188 3062 imbutum
1211 3011 1266 3061 te
1298 3005 1596 3061 meditaris

286 3091 580 3155 Quatenus
615 3094 686 3148 ad
719 3094 982 3150 studium
1010 3095 1286 3166 peccandi
1319 3093 1557 3150 liberior
1586 3094 1688 3159 sis,

292 3181 398 3236 Seu
427 3182 680 3239 Domino
711 3185 908 3253 majus
940 3184 1181 3256 impune
1210 3184 1482 3239 resistere
1512 3182 1723 3254 possis,

285 3275 400 3325 Aut
429 3271 844 3344 hujuscemodi
877 3271 1017 3328 vitio
1045 3289 1395 3344 quocunque
1423 3271 1703 3327 tumescis

287 3359 595 3432 Designate
625 3361 742 3416 Deo
773 3361 884 3417 sub
916 3360 1054 3417 cleri
1084 3361 1438 3426 conditione,

283 3447 409 3504 Jam
442 3448 622 3504 liceat
651 3449 856 3521 paucis
887 3450 957 3505 ad
1000 3455 1057 3505 te
1086 3449 1416 3522 pertingere
1443 3448 1656 3504 verbis.

286 3539 397 3592 Cur
430 3539 737 3594 rationalis
769 3539 880 3595 hoc
900 3539 1015 3594 tale
1045 3539 1268 3594 malum
1298 3538 1623 3605 meditaris,

287 3625 354 3681 L't
387 3643 489 3698 per
519 3628 674 3683 dona
703 3629 828 3699 Dei,
863 3645 989 3700 qua:
1022 3629 1349 3684 contulerat
1379 3627 1485 3682 tibi
1518 3630 1742 3698 sponte,

285 3713 419 3769 Plus
450 3715 585 3771 aliis
613 3717 857 3772 demens
888 3717 1022 3772 hinc
1054 3716 1350 3773 extollaris
1375 3717 1432 3770 in
1461 3717 1695 3788 ipsum?

283 3803 366 3858 Ad
398 3809 659 3860 mentem
691 3823 898 3861 revoca
926 3807 1138 3862 Iudaeae
1172 3806 1361 3879 plebis
1393 3805 1629 3874 olivam,

285 3891 416 3954 Quae
443 3894 719 3950 Patribus
753 3896 975 3951 sanctis
1008 3895 1278 3966 quamvis
1311 3893 1538 3950 exculta
1568 3891 1775 3948 fuisset

280 3985 357 4036 Ac
387 3981 536 4055 legis
565 3987 780 4039 sanctas
803 3985 1118 4040 meruisset
1146 3985 1300 4040 dona
1327 3990 1542 4050 tenere,

278 4069 420 4126 Hinc
447 4069 584 4128 licet
604 4078 664 4128 et
691 4073 961 4129 Christus
984 4074 1157 4145 juxta
1181 4088 1415 4129 carnem
1448 4072 1594 4126 foret
1623 4073 1807 4135 ortus,

279 4157 422 4215 Cum
453 4177 518 4216 se
545 4165 701 4217 stare
734 4162 861 4218 suis
894 4161 1066 4218 vellet
1096 4162 1385 4218 confidere
1412 4159 1612 4227 ramis,

279 4253 469 4319 Atque
500 4250 836 4322 superbiret
857 4251 929 4306 de
958 4250 1106 4322 legis
1136 4249 1471 4314 traditione,

276 4336 675 4395 Contemnens
705 4339 882 4395 subdi
916 4339 1192 4395 doctrinae
1221 4337 1533 4410 spirituali,

275 4425 406 4481 Mox
437 4428 686 4499 pracisa
715 4429 844 4484 suis
872 4429 1046 4500 cmpit
1076 4443 1431 4484 marcescere
1472 4427 1671 4492 ramis,

279 4513 336 4568 Si
368 4515 524 4572 Deus
556 4533 693 4589 ergo
724 4533 902 4572 coma:
934 4533 1040 4573 nec
1070 4515 1356 4572 naturalis
1386 4514 1544 4571 olivae

287 4601 527 4660 Parcere
557 4605 834 4676 decrevit,
868 4607 1012 4660 dum
1041 4613 1244 4660 contra
1272 4605 1440 4660 illum
1473 4603 1623 4660 male
1655 4604 1838 4670 saevit,

284 4690 400 4747 Nec
431 4693 563 4760 tibi,
597 4693 701 4766 qui
733 4694 918 4766 gratis
949 4694 1265 4749 miserante
1291 4693 1406 4748 Deo
1447 4692 1755 4764 repararis,

276 4779 346 4835 Et
371 4781 533 4838 velut
561 4783 789 4854 abjecto
822 4783 1129 4855 plantatus
1161 4799 1222 4838 es
1253 4799 1321 4838 ex
1351 4781 1624 4848 oleastro,

279 4868 340 4925 Si
372 4871 556 4926 simul
591 4872 842 4938 insanis,
874 4876 1072 4942 parcet
1092 4887 1304 4927 manus
1326 4870 1776 4944 Omnipotentis.

278 4957 360 5014 Ne
392 4961 481 5017 sis
501 4961 772 5034 ingratus
805 4966 926 5017 tam
961 4959 1240 5016 mirandae
1272 4960 1497 5032 pietati,

278 5046 412 5110 Quae
448 5049 559 5105 tibi
590 5055 798 5122 sponte
830 5049 990 5105 dedit
1021 5049 1177 5122 quod
1198 5050 1325 5120 jam
1357 5053 1566 5105 natura
1597 5049 1842 5122 negavit.

279 5134 402 5193 Heu
434 5153 620 5212 genus
655 5139 771 5196 hoc
793 5139 1105 5196 hominum
1138 5138 1454 5194 sublimius
1485 5138 1840 5194 attitulatum

278 5227 421 5282 Tam
459 5227 574 5284 cito
605 5246 710 5302 pro
743 5228 898 5285 facili
929 5227 1204 5284 vitiorum
1235 5226 1469 5284 turbine
1497 5227 1666 5300 pelli!

274 5315 368 5371 Ah
399 5317 609 5374 sceleri
641 5317 883 5373 solitum
911 5333 1098 5389 genus
1122 5317 1231 5371 hoc
1261 5321 1317 5372 et
1344 5317 1414 5372 ad
1438 5317 1642 5372 infima
1663 5333 1934 5389 pronum,

277 5405 467 5463 Tanto
495 5423 559 5477 se
587 5406 736 5463 velle
763 5406 1008 5462 Domino
1035 5406 1225 5477 magis
1256 5422 1382 5460 esse
1424 5405 1699 5461 rebellem

279 5493 512 5558 Quanto
541 5494 678 5567 plus
706 5495 840 5550 aliis
866 5494 1168 5566 praefertur
1188 5493 1510 5550 honoribus
1544 5493 1715 5549 almis

277 5584 388 5639 Est
415 5585 649 5644 snemin
678 5600 883 5641 verum
912 5584 1066 5655 quod
1097 5600 1288 5640 sermo
1310 5584 1410 5638 dat
1454 5582 1864 5640 Ecclesiarum.

279 5674 451 5743 Quod
483 5689 716 5749 quoque
739 5673 1008 5748 praedixit
1038 5672 1402 5746 Psalmorum
1424 5672 1684 5730 carmine
1716 5674 1894 5732 David
1923 5691 1935 5733 :

2041 2653 2232 2710 Nostri
2266 2651 2510 2722 cautela,
2544 2655 2773 2706 tantum
2805 2646 3232 2704 committimus
3262 2643 3381 2698 illis

2039 2743 2194 2806 Quos
2218 2741 2632 2798 sceleratorum
2667 2738 2856 2794 socios
2882 2736 3126 2792 existere
3155 2733 3395 2790 scimus.

2039 2832 2176 2899 Nos,
2202 2829 2341 2902 quia
2369 2828 2667 2885 constricti
2698 2827 2808 2883 sub
2839 2824 3232 2882 sollicitudine
3261 2819 3468 2876 mundi

2039 2920 2360 2991 Officioque
2391 2917 2556 2974 ducis
2579 2918 2898 2988 jungentes
2927 2916 3029 2969 aut
3056 2911 3179 2967 vice
3221 2909 3395 2981 regis,

2040 3009 2378 3064 Commissa:
2413 3006 2598 3079 plebis
2630 3022 2831 3060 curam
2863 3018 3107 3076 pensare
3139 2998 3455 3071 nequimus
3481 2991 3493 3050 ξ

2039 3097 2470 3168 Indignumque
2501 3097 2646 3150 foret
2670 3098 2790 3149 tam
2822 3093 3008 3148 claros
3037 3096 3276 3161 tamque
3304 3088 3578 3159 .potentes

2043 3185 2320 3256 Degeneri
2351 3185 2534 3239 turbae
2567 3201 2673 3238 nos
2704 3183 2863 3254 ipsos
2896 3179 3294 3251 suppeditare.

1964 3250 2005 3315 C
2043 3250 2194 3330 Sunt
2225 3273 2322 3328 alii
2352 3274 2570 3345 plures,
2604 3250 2745 3342 quis
2768 3250 3071 3323 conveniat
3097 3268 3261 3320 labor
3290 3264 3409 3322 ille.

2043 3365 2115 3420 Ut
2142 3363 2353 3434 vulgus
2383 3363 2628 3416 doceant
2647 3363 2703 3413 et
2732 3361 2797 3412 ut
2826 3355 3109 3426 exemplis
3135 3356 3283 3409 bene
3306 3351 3578 3423 prmsint;

2040 3452 2156 3508 Nos
2190 3450 2393 3508 mundi
2425 3464 2710 3520 proceres,
2745 3463 2849 3500 nos
2872 3447 3099 3500 constat
3129 3444 3200 3497 ad
3233 3441 3350 3496 otia
3389 3443 3577 3506 natos,

2045 3542 2232 3612 thue
2261 3555 2497 3604 canum,
2529 3536 2834 3592 voluroum
2867 3537 3154 3588 sectemur
3183 3530 3410 3586 ludicra
3429 3531 3681 3594 tantum,

2043 3631 2177 3698 Seu,
2211 3642 2576 3701 quaecunque
2607 3624 2854 3697 placent,
2888 3621 2980 3676 his
3002 3619 3225 3675 deliciis
3247 3617 3576 3690 potiamur:

2045 3720 2191 3776 Nam
2221 3719 2349 3773 vitae
2380 3717 2560 3786 hujus
2591 3731 2729 3787 opes
2755 3712 2886 3768 illos
2918 3714 3188 3782 qumrunt
3215 3707 3496 3776 seniores,

2043 3809 2149 3873 Qui
2181 3825 2361 3880 supra
2391 3805 2563 3862 dictis
2594 3804 2868 3859 studeant
2899 3800 3173 3856 insistere
3201 3797 3380 3864 ludis,

2042 3898 2158 3953 Nec
2189 3896 2363 3952 fuerit
2392 3896 2563 3950 luxus
2597 3893 2751 3965 quod
2784 3890 2989 3946 mundi
3016 3887 3274 3961 postulat
3303 3902 3472 3941 usus.

2041 3991 2195 4056 Haec,
2229 3987 2278 4041 si
2302 4002 2417 4040 non
2450 3985 2629 4049 dictu,
2662 3987 2859 4037 tamen
2893 3980 3266 4034 affirmantur
3293 3976 3354 4032 in
3386 3977 3542 4042 actu,

2043 4075 2206 4132 Sicut
2235 4078 2290 4129 et
2319 4073 2443 4144 ipse
2476 4072 2681 4144 probat
2707 4087 2834 4124 mos
2866 4068 3004 4124 cleri
3038 4067 3442 4139 quotidianus.

2041 4165 2144 4220 Est
2173 4167 2229 4219 et
2253 4162 2442 4218 abduc
2472 4161 2672 4216 vitium
2708 4156 2950 4231 reliquis
2981 4173 3220 4228 compar
3247 4154 3616 4211 referendum

2040 4254 2182 4324 Ejus
2203 4252 2360 4308 enim
2393 4251 2611 4306 crimen
2645 4251 2743 4320 qui
2767 4254 3041 4320 speratur
3061 4247 3201 4317 quid
3234 4245 3449 4300 habere

2039 4346 2226 4396 Causa
2255 4344 2451 4394 manet
2482 4338 2650 4394 nobis
2683 4337 2946 4408 ejusdem
2977 4337 3150 4390 rebus
3181 4333 3363 4389 abuti.

2039 4431 2202 4486 Tunc
2233 4429 2416 4499 raptis
2443 4428 2617 4483 rebus
2648 4427 2929 4480 miserum
2964 4442 3075 4478 non
3110 4422 3347 4493 corrigit
3371 4421 3547 4487 ullus,

2038 4518 2111 4573 Ut
2146 4534 2244 4590 pro
2277 4515 2610 4573 commissis
2640 4513 3011 4585 aliquatenus
3044 4511 3138 4566 hic
3169 4513 3471 4581 reparatus

1964 4619 2008 4683 D
2040 4605 2229 4663 Possit
2259 4609 2548 4678 perpetua:
2577 4604 2846 4658 ﬂammas
2878 4601 3118 4656 evadere
3158 4614 3362 4670 pcenae.

2043 4697 2151 4750 Sed
2181 4695 2313 4766 quis
2344 4699 2466 4748 tam
2499 4694 2707 4746 doctus
2739 4705 3075 4761 percurrere
3107 4684 3340 4758 singula
3380 4687 3579 4756 posset

2041 4789 2107 4839 In
2139 4784 2353 4856 quibus
2383 4787 2653 4837 auotores
2683 4778 2969 4836 scelerum
2993 4775 3395 4832 convincimur
3425 4789 3574 4840 esse,

2041 4874 2180 4941 Nos,
2214 4872 2311 4945 qui
2345 4869 2476 4944 plus
2500 4869 2629 4926 aliis
2661 4869 2860 4925 divina
2888 4866 3118 4939 negotia
3149 4866 3418 4921 scimus?

2041 4962 2368 5020 Dummodo
2400 4965 2597 5017 noster
2617 4959 2805 5015 honor
2828 4957 3072 5014 celebris
3103 4957 3385 5012 habeatur
3412 4953 3472 5009 in
3513 4952 3651 5009 orbe

2043 5055 2112 5109 Et
2135 5051 2308 5108 variis
2338 5050 2569 5123 pompis
2600 5047 2908 5104 rutilantes
2937 5045 3262 5102 efficiamur

2044 5141 2136 5197 Nil
2162 5145 2358 5196 manet
2385 5138 2632 5193 illaesum
2666 5155 2768 5209 per
2800 5154 2905 5192 nos
2929 5140 3226 5207 utcunque
3257 5136 3553 5205 patratum

2045 5236 2162 5286 Aut
2192 5229 2340 5284 male
2372 5228 2662 5300 poscendo
2695 5243 2819 5294 seu,
2855 5227 3009 5298 quod
3044 5225 3233 5296 pejus,
3265 5221 3567 5293 rapiendo.

2046 5319 2153 5384 Qui
2186 5317 2473 5389 complere
2505 5316 2709 5388 nequit
2740 5317 3045 5383 damnum,
3079 5313 3162 5369 vel
3197 5315 3388 5367 mente
3438 5308 3688 5382 parabit,

2048 5409 2142 5464 Sic
2177 5408 2314 5478 fuga
2343 5409 2647 5461 doctorum
2675 5405 2831 5459 necis
2853 5407 3040 5458 exstat
3070 5419 3249 5457 causa
3279 5404 3653 5472 sequentum,

2048 5503 2162 5553 Nec
2195 5496 2422 5568 gravior
2453 5495 2656 5568 pestis,
2688 5511 2820 5548 cum
2858 5497 3053 5564 pastor
3083 5491 3189 5546 erit
3219 5491 3410 5562 gregis
3445 5488 3652 5545 hostis.

2048 5589 2193 5642 Nam
2218 5585 2393 5640 nimis
2424 5587 2698 5640 audacter
2721 5585 2859 5638 dum
2894 5582 3084 5638 clerus
3115 5581 3379 5638 abutitur
3421 5581 3579 5649 orbe,

2047 5673 2193 5742 Quid
2224 5677 2362 5730 tunc
2392 5674 2609 5730 indocti
2641 5676 2892 5746 possunt
2917 5670 3084 5729 aliter
3113 5670 3402 5740 meditari,
