4098 6172
338 316 341 319 ’
402 357 519 420 275

407 492 479 549 Ni
509 488 727 565 pariter
756 490 981 549 cunctis
1010 507 1276 563 perversa
1304 492 1483 549 licere
1497 499 1734 550 reantur

278 604 295 623 ι
404 584 539 638 Jam
575 582 782 638 merito
813 581 1025 637 ﬂemus
1045 582 1145 654 qui
1176 582 1315 638 talia
1338 584 1512 639 corda
1541 589 1830 639 tenemus.

412 672 535 730 Imo
567 671 693 726 dies
722 670 975 737 venient,
1012 671 1057 725 si
1094 688 1206 726 non
1231 690 1555 745 purgamur
1585 673 1642 727 in
1676 673 1823 739 istis,

411 761 687 827 Quamvis
718 777 876 815 nunc
905 760 1060 815 risus
1093 777 1199 815 nos
1231 766 1472 833 occupet
1503 762 1948 831 immoderatus,

409 850 555 905 Cum
589 848 755 905 dolor
788 854 1039 905 aeternus
1071 850 1473 905 circumvallat
1504 852 1868 905 cruciandos.

410 939 559 1006 Quid
590 938 723 1011 plus
752 939 969 994 Judaeis
1002 940 1233 1011 agimus
1266 940 1411 994 bene
1444 940 1527 994 vel
1560 940 1890 1008 Pharisazis,

412 1031 570 1096 Quos
603 1028 747 1083 foris
782 1028 1006 1084 albatos
1038 1028 1310 1101 legimus,
1339 1029 1434 1084 sed
1465 1035 1696 1100 pectore
1724 1030 1904 1084 fmdos
1927 1029 1953 1083 ?

413 1118 563 1172 Dum
597 1121 825 1173 tantum
858 1117 1061 1190 lingua
1089 1117 1359 1173 volumus
1392 1118 1680 1189 complere
1721 1122 1936 1172 statuta

414 1207 490 1263 Ut
516 1207 659 1262 mihi
692 1208 801 1262 fert
823 1208 1078 1274 animus,
1114 1208 1357 1279 pejores,
1392 1207 1543 1262 heu!
1580 1224 1784 1262 sumus
1816 1206 1952 1261 illis.

412 1296 661 1352 Maxime
694 1296 742 1351 si
776 1297 1102 1368 quidquam
1135 1300 1341 1367 praeter
1372 1296 1582 1369 legalia
1610 1297 1849 1361 scirent,

415 1384 484 1441 Hi
515 1385 762 1441 fortasse
795 1385 990 1440 minus
1016 1389 1137 1441 tam
1163 1385 1330 1441 triste
1366 1386 1525 1440 nefas
1560 1389 1962 1457 sequerentur.

413 1476 488 1529 At
517 1491 622 1529 nas
652 1474 709 1528 in
744 1474 910 1528 libris
941 1492 1055 1529 non
1088 1474 1280 1529 solum
1315 1475 1534 1530 crimen
1567 1491 1790 1539 eorum,

415 1564 525 1619 Sed
563 1580 794 1635 quoque
825 1563 1144 1619 multorum
1176 1570 1477 1619 cernentes
1508 1569 1672 1636 gesta
1724 1562 1991 1629 aiiorum,

418 1652 694 1718 Quaadam
727 1652 1038 1726 compisita
1070 1671 1174 1725 pro
1197 1654 1454 1708 vindicta
1484 1653 1885 1723 reproborum,

417 1741 526 1797 Pro
557 1741 753 1797 bravio
783 1742 1050 1811 quaedam
1085 1742 1372 1813 sperando
1407 1742 1567 1795 dicta
1595 1741 1851 1812 piorum,

419 1830 578 1885 Scire
609 1829 844 1901 quidem
877 1834 1176 1887 transacta
1207 1830 1361 1884 velut
1392 1829 1700 1901 prazsentia
1732 1828 1993 1901 quimus,

418 1917 535 1973 Nec
564 1922 760 1973 tamen
785 1934 819 1973 a
846 1917 1087 1989 paribus
1113 1918 1270 1973 vitiis
1302 1935 1530 1974 cessare
1561 1919 1859 1973 timemus.

418 2009 538 2061 Hos
568 2022 956 2074 exsecramur,
991 2009 1144 2078 quod
1179 2014 1300 2063 tam
1325 2024 1596 2079 perversa
1624 2007 1958 2072 studebant,

417 2094 545 2149 Non
578 2096 947 2151 attendentes
965 2096 1102 2168 quia
1133 2113 1238 2151 nos
1268 2096 1423 2151 idem
1454 2100 1611 2151 tenet
1643 2112 1821 2163 error,

418 2183 527 2247 Qui
556 2189 842 2257 praecepta
872 2186 970 2241 Dei
995 2184 1167 2241 labiis
1198 2188 1425 2240 tantum
1457 2202 1820 2241 veneramur.

421 2273 536 2347 Ipsi
563 2291 773 2347 nempe
802 2274 1008 2345 Deum,
1044 2279 1326 2347 tanquam
1361 2291 1489 2342 nos,
1524 2291 1621 2329 ore
1652 2273 1919 2329 colebant

416 2364 745 2419 Attestante
774 2364 890 2419 Deo
923 2381 1024 2435 per
1055 2365 1218 2419 Isaiae
1252 2364 1409 2419 dicta
1439 2363 1751 2436 prephetae.

419 2452 554 2515 Quae
586 2452 806 2523 pariter
835 2452 1105 2508 Christus
1136 2453 1353 2508 Judaeis
1384 2457 1583 2523 postea
1628 2452 1770 2506 dicit
1804 2470 1816 2505 :

420 2539 552 2596 Haec
582 2539 747 2611 plebs
781 2556 873 2595 me
906 2540 1079 2596 labiis
1104 2540 1241 2595 colit
1271 2545 1327 2595 et
1356 2541 1527 2596 corde
1559 2545 1648 2596 est
1677 2538 1879 2612 procul
1901 2556 2065 2596 ame.

420 2629 584 2700 Saepe
610 2628 847 2699 quidem
878 2628 1177 2700 loquimur
1209 2630 1277 2683 de
1310 2629 1637 2700 cognitione
1664 2646 1918 2700 superna

422 2717 492 2771 Et
520 2733 656 2771 cum
689 2718 1017 2789 magnificis
1051 2718 1426 2789 perhibemus
1458 2718 1657 2772 cceiica
1685 2717 1895 2787 verbis,

422 2805 688 2861 Pondera
718 2811 1002 2878 ponentes
1044 2807 1239 2878 gravia
1272 2807 1327 2861 in
1361 2806 1637 2862 humeros
1669 2805 1938 2871 aliorum,

424 2897 558 2960 Quae
590 2911 695 2951 nec
725 2912 859 2950 cum
891 2895 1072 2968 digito
1103 2895 1372 2950 volumus
1404 2896 1739 2967 contingere
1760 2899 1960 2949 nostro

422 2987 533 3039 Ceu
566 2983 812 3039 Domino
844 3001 985 3039 cura
1014 3001 1130 3039 non
1162 2984 1239 3039 sit
1262 3001 1364 3056 pro
1395 2984 1613 3039 talibus
1649 2983 1768 3037 ulla

422 3073 498 3127 Ac
525 3089 632 3128 nos
672 3076 980 3144 peccantes
1010 3073 1183 3129 solita
1212 3090 1326 3128 non
1359 3077 1567 3145 arguat
1607 3073 1711 3128 ira.

426 3160 601 3233 Eligit
629 3178 766 3233 ergo
796 3162 1012 3233 locum,
1049 3179 1165 3234 quo
1196 3162 1555 3217 conveniatis
1587 3163 1645 3217 in
1680 3179 1863 3217 unum

1416 360 1759 423 OTHLONI
1806 358 2159 423 MONACHI
2206 356 2271 421 S.
2318 356 2809 421 EMMERAMMI

3693 352 3813 419 2'76

2080 495 2136 560 Α
2164 491 2271 556 Qui
2302 508 2478 548 sensu
2512 509 2685 564 pravo
2714 489 3018 547 dialectica
3046 488 3221 545 verba
3249 489 3610 562 frequentas,

2167 581 2267 636 Vel
2301 597 2683 652 quoscunque
2712 580 2892 635 libros
2924 579 3117 635 studio
3149 579 3354 635 mundi
3385 579 3671 651 pretiosos

2168 670 2430 725 Attendis
2462 674 2691 725 tantum
2715 671 2852 741 quid
2887 671 2995 724 sub
3027 674 3081 724 te
3112 669 3189 723 sit
3219 670 3608 740 moderatum,

2171 760 2317 823 Quot
2350 759 2596 830 speciale
2628 760 2803 813 decus
2835 758 3090 814 hominis
3114 758 3443 813 substantia
3488 763 3701 829 gestet,

2170 848 2351 918 Cujus
2385 849 2617 903 facturae
2649 847 2878 902 c'ollatio
2904 848 2981 902 sit
3011 848 3203 902 minor
3233 848 3305 903 ad
3337 850 3391 902 te
3422 867 3435 915 ;

2170 941 2442 1009 Magnum
2475 938 2689 1008 quippe
2719 936 2823 991 tibi
2852 936 3040 992 brutis
3072 941 3345 1009 priestare
3371 937 3601 993 videtur

2171 1026 2239 1081 Et
2270 1026 2513 1097 reliquis
2539 1026 2735 1093 rebus,
2768 1043 2893 1097 quae
2924 1026 3255 1081 consistunt
3276 1026 3400 1081 sine
3432 1043 3634 1096 sensu,

2171 1116 2295 1171 Non
2328 1120 2391 1169 ut
2412 1116 2471 1169 in
2499 1115 2591 1170 his
2614 1132 2839 1186 quaeras
2871 1132 2973 1170 cur
3002 1116 3079 1170 sit
3109 1115 3385 1171 distantia
3414 1116 3547 1172 talis

2173 1206 2329 1259 Inter
2350 1221 2446 1259 eas
2474 1209 2531 1259 et
2561 1209 2636 1273 te,
2670 1205 2717 1258 si
2751 1208 2977 1259 tantum
3012 1205 3092 1259 sis
3144 1204 3335 1259 minor
3381 1204 3524 1273 ullo,

2171 1294 2277 1348 Sed
2313 1310 2427 1363 quo
2463 1293 2735 1348 sublimis
2770 1294 2918 1348 Deus
2950 1294 3007 1347 in
3042 1294 3232 1349 medio
3263 1293 3512 1349 videaris

2173 1386 2363 1453 Atque
2389 1399 2490 1453 per
2518 1382 2627 1437 hoc
2648 1382 2840 1437 valeas
2873 1386 3032 1437 tanto
3064 1384 3323 1438 securior
3353 1398 3501 1452 esse,

2176 1471 2401 1526 Illicitis
2432 1471 2607 1526 rebus
2639 1475 2916 1542 tantoque
2948 1471 3219 1527 licentius
3252 1473 3337 1526 uti

2175 1564 2400 1625 Quanto
2432 1560 2714 1631 praecellis
2746 1560 2865 1615 haec
2894 1561 3091 1615 omnia
3124 1560 3177 1615 vi
3211 1561 3453 1616 rationis

2176 1650 2306 1705 Haec
2337 1654 2425 1704 est
2453 1666 2708 1721 namque
2741 1653 2849 1704 tuae
2881 1650 3172 1705 conflictio
3202 1650 3601 1721 philosophiae.

2177 1739 2221 1793 Ο
2252 1738 2416 1793 labor
2440 1739 2553 1794 heu
2586 1738 2797 1809 qualis,
2833 1755 3006 1810 quem
3032 1740 3141 1793 fert
3170 1738 3414 1795 intentio
3445 1739 3580 1796 talis
3606 1741 3617 1794 l

2098 1866 2145 1929 Β
2179 1831 2361 1894 Quam
2394 1828 2739 1883 tenebrosus
2770 1845 2953 1899 amor,
3009 1845 3123 1899 quo
3163 1827 3310 1884 lucis
3361 1829 3658 1899 spernitur
3696 1832 3821 1887 Au-

3583 1924 3707 1975 ctor
3730 1921 3743 1975 ι

3583 1936 3610 1975 c

2177 2008 2319 2061 Ecce
2351 2010 2521 2060 tuum
2545 2005 2806 2061 studium
2836 2023 3029 2062 coram
3054 2011 3107 2062 te
3137 2012 3255 2063 stat
3284 1920 3610 2076 recitatum,

2175 2096 2254 2149 Ac
2281 2096 2450 2165 cujus
2480 2112 2658 2151 causa
2685 2096 2910 2151 moliris
2942 2096 3163 2152 discere
3185 2097 3390 2163 multa,

2176 2185 2358 2248 Quam
2393 2184 2590 2240 minus
2616 2186 2847 2256 agnosci
2885 2189 3142 2241 tractans
3176 2186 3423 2241 fortasse
3448 2186 3665 2258 putasti
3693 2205 3706 2241 :

2176 2274 2392 2329 Verum
2426 2274 2519 2328 fnr
2548 2278 2751 2345 captus
2783 2278 2839 2330 et
2867 2274 3012 2346 legis
3045 2291 3203 2330 more
3235 2279 3471 2331 coactus

2177 2363 2422 2418 Prodere
2442 2363 2657 2435 quippe
2686 2364 2839 2419 valet
2870 2364 3011 2419 furti
3040 2364 3249 2434 socios,
3277 2365 3379 2420 sed
3409 2369 3465 2419 et
3494 2368 3695 2435 artem,

2176 2455 2290 2507 Nec
2322 2453 2609 2524 cujusque
2641 2452 2754 2507 doli
2790 2452 2921 2524 plus
2954 2454 3267 2525 quisquam
3301 2454 3521 2509 noverit
3542 2472 3685 2510 usus

2176 2540 2360 2603 Quam
2393 2540 2491 2611 qui
2523 2557 2624 2612 per
2655 2541 2865 2597 similis
2890 2542 3193 2599 machinas
3218 2542 3479 2599 interfuit
3498 2543 3658 2615 artis,

2177 2630 2453 2693 Quamvis
2484 2631 2555 2683 ad
2588 2647 2780 2685 mores
2811 2636 3182 2687 convertatur
3214 2633 3505 2689 meliores.

2178 2719 2337 2790 Saepe
2366 2719 2543 2773 etiam
2575 2720 2804 2789 vitium,
2840 2721 2992 2792 quod
3024 2738 3138 2776 non
3168 2722 3548 2794 cognovimus
3580 2727 3711 2779 actu

2178 2807 2426 2863 Alterius
2460 2808 2631 2863 dictis
2662 2813 2763 2863 aut
2792 2809 3057 2865 moribus
3087 2811 3475 2882 experiemur.

2178 2893 2270 2949 Sic
2303 2895 2400 2965 qui
2427 2896 2736 2951 mundanae
2769 2897 3029 2954 recolens
3059 2900 3336 2970 figmenta
3366 2901 3581 2973 sophia:

2178 2987 2309 3037 Haec
2336 3000 2464 3039 mea
2488 2984 2641 3039 dicta
2661 2984 2826 3058 legis,
2859 2990 3069 3043 testata
3099 2992 3210 3042 tuaa
3243 2990 3417 3045 decus
3447 2989 3609 3056 artis,

2177 3072 2378 3127 Judice
2409 3076 2485 3141 te,
2519 3076 2700 3128 testor
2730 3074 2869 3146 quia
2900 3093 2991 3131 me
3022 3081 3159 3133 tuus
3189 3078 3345 3134 haud
3374 3078 3513 3135 latet
3547 3096 3729 3145 error,

2181 3162 2293 3215 Seu
2319 3160 2622 3217 recolendo
2654 3162 2848 3234 ipsum
2878 3163 2967 3220 vel
2999 3168 3401 3237 cognoscendo
3433 3168 3686 3235 aliunde,

419 3251 536 3305 Vos
567 3250 783 3321 quibus
814 3255 904 3308 est
932 3251 1182 3321 licitum,
1216 3268 1321 3307 nec
1352 3268 1466 3307 non
1500 3267 1776 3307 concessa
1814 3255 2069 3323 potestas
2097 3240 2140 3307 C
2180 3249 2361 3306 Multa
2389 3249 2522 3305 licet
2552 3252 2788 3323 referas,
2824 3270 2895 3307 ne
2927 3271 3041 3325 quo
3072 3257 3274 3311 tendas
3307 3257 3590 3318 videatur.

420 3338 541 3395 Sub
571 3339 852 3410 pastorali
882 3357 1024 3395 cura
1054 3345 1385 3396 convertere
1418 3341 1730 3408 mundum,

420 3427 497 3483 Ut
526 3444 661 3483 cum
688 3428 765 3485 sit
801 3432 1037 3501 tempus
1067 3430 1266 3499 veniae,
1301 3446 1492 3485 mores
1523 3444 1892 3498 renovamus,

346 3540 349 3541 ν
423 3521 504 3571 Ac
536 3516 690 3573 sicut
720 3534 824 3589 per
853 3535 960 3574 nos
992 3518 1248 3590 primum
1274 3518 1582 3590 frigescere
1613 3518 1807 3590 ccepit,

422 3605 519 3661 Sic
551 3623 707 3662 nunc
738 3624 773 3662 a
802 3606 972 3663 nobis
1002 3607 1315 3662 recalescat
1344 3624 1509 3661 amor
1535 3606 1800 3678 pietatis;

426 3694 573 3749 Nam
603 3694 796 3750 varios
828 3711 1025 3761 casus,
1058 3712 1205 3765 quos
1238 3696 1453 3766 perfert
1482 3696 1575 3749 hic
1596 3696 1767 3750 modo
1790 3697 2067 3767 mundus,

424 3782 691 3839 Arbitror
711 3800 779 3839 ex
809 3783 1023 3839 nostris
1057 3799 1297 3855 prorsus
1329 3782 1662 3855 contingere
1692 3782 1899 3855 culpis.

424 3871 520 3927 Sic
549 3871 729 3945 igitur
757 3876 916 3927 totus
946 3872 1342 3943 corrumpitur
1368 3872 1625 3943 undique
1657 3872 1934 3941 mundus,

424 3959 567 4015 Cum
599 3959 736 4016 cleri
768 3959 1027 4015 ofﬁcium
1058 3964 1317 4015 sectatur
1345 3977 1493 4032 opus
1522 3960 1804 4017 laicorum

422 4051 494 4102 Et
524 4047 740 4119 pariter
763 4047 895 4101 laici
927 4050 1270 4103 statuuntur
1298 4048 1356 4103 in
1388 4049 1592 4104 ordine
1628 4049 1785 4104 cieri.

426 4136 538 4191 Sed
566 4134 769 4207 dispar
797 4133 967 4207 longe
995 4140 1299 4206 peccatum
1334 4141 1562 4193 constat
1596 4141 1935 4211 utrumque.

427 4222 691 4294 Denique
721 4222 856 4295 plus
895 4228 1160 4295 peccant,
1212 4225 1314 4296 qui
1363 4224 1533 4297 plura
1582 4227 1819 4282 sciendo
1863 4229 2071 4299 proba-

1808 4317 1999 4387 [bant;

2181 3340 2341 3405 Quod
2377 3339 2625 3396 simulas
2657 3342 2859 3409 scitur,
2895 3360 3009 3415 quo
3042 3345 3232 3401 tendis
3263 3349 3319 3400 et
3347 3346 3402 3400 id
3432 3346 3715 3419 sapietur.

2179 3427 2293 3483 Nec
2324 3427 2489 3484 labor
2518 3429 2613 3485 hic
2644 3447 2896 3503 magnus
2924 3449 3055 3488 vere
3078 3434 3143 3489 fit
3172 3434 3554 3506 simplicitati,

2181 3516 2253 3571 Ut
2284 3517 2694 3574 circumductae
2725 3520 2945 3577 variam
2978 3524 3318 3596 paradigma
3348 3523 3611 3597 loquela,

2182 3608 2245 3660 In
2282 3624 2397 3678 qua
2421 3624 2555 3680 spes
2586 3610 2778 3665 omnis
2810 3611 3118 3666 mundanae
3153 3613 3389 3685 ponitur
3430 3615 3569 3670 artis

2181 3695 2324 3750 Cum
2357 3696 2598 3752 defferre
2630 3697 2787 3770 loqui
2812 3700 3084 3757 facundia
3113 3718 3350 3758 summa
3376 3707 3630 3774 putatur,

2182 3784 2392 3839 Mentis
2424 3788 2731 3859 perspicua
2751 3789 2935 3859 possit
2965 3790 3305 3861 dignoscere
3335 3790 3480 3849 luce.

2180 3876 2288 3929 Sed
2321 3876 2420 3948 qui
2447 3877 2754 3933 verborum
2788 3880 3059 3936 conflictu
3088 3880 3275 3937 credis
3306 3881 3366 3937 in
3398 3881 3513 3938 ullo
3535 3886 3559 3935 ?

2182 3964 2343 4020 Certe
2374 3982 2475 4037 per
2504 3967 2767 4038 proprios
2798 3968 2971 4025 citius
3002 3970 3367 4043 cognosceris
3394 3975 3580 4039 actus,

2182 4054 2458 4117 Quamvis
2479 4059 2565 4111 tot
2595 4056 2829 4129 linguas
2850 4076 3052 4131 posses
3083 4060 3329 4117 retinere
3359 4066 3502 4133 quot
3540 4066 3703 4123 artus
3736 4079 3749 4117 :

2184 4143 2491 4199 Fructibus
2516 4161 2650 4217 ergo
2678 4147 2800 4201 suis
2823 4149 2995 4204 arbor
3026 4151 3397 4221 cognoscitur
3428 4151 3644 4220 omnis,

2179 4230 2303 4285 Non
2337 4232 2624 4288 miramur
2655 4234 2810 4290 enim
2844 4236 2913 4291 de
2942 4244 3177 4294 versuta
3208 4239 3451 4295 ratione.

2181 4319 2322 4383 Quis
2352 4320 2540 4377 ullum
2573 4323 2791 4379 crimen
2822 4326 3032 4398 poterit
3062 4327 3155 4385 vix
3184 4328 3331 4384 ferre
3363 4333 3661 4401 stuporem
3688 4330 3718 4384 ?

428 4398 651 4472 Cuique
695 4400 869 4456 datur
907 4400 1184 4473 multum,
1230 4410 1524 4475 quaeretur
1563 4404 1634 4459 ab
1686 4405 1794 4459 hoc
1842 4423 2073 4479 quoque
2182 4408 2327 4465 Nam
2355 4427 2469 4482 quo
2500 4428 2818 4484 cognoscas
2852 4432 2959 4470 nos
2992 4416 3225 4487 ignaros
3256 4398 3624 4487 minus—esse,

1698 4494 1997 4564 [multum.

2182 4504 2262 4551 Ac
2294 4516 2407 4555 non
2442 4501 2641 4555 mirari
2674 4519 2800 4573 qua":
2831 4503 2906 4558 sit
2934 4506 3192 4561 versutia
3223 4507 3452 4576 mundi,

425 4577 534 4643 Qui
564 4594 751 4652 genus
780 4583 837 4635 et
866 4580 1144 4653 speciem,
1178 4581 1505 4653 proprium,
1546 4597 1857 4638 commune
1903 4585 2069 4641 doce-
2102 4605 2148 4670 D
2182 4589 2365 4652 Quam
2396 4594 2457 4643 tu
2486 4590 2737 4646 carnalis
2768 4592 3029 4664 appellas
3056 4593 3510 4667 philosophiam,

1871 4673 1993 4744 [ris,

431 4759 466 4812 Α
499 4758 769 4816 rationali
800 4759 899 4831 qui
935 4760 1051 4816 scis
1077 4760 1307 4831 differre
1334 4761 1585 4816 animale

424 4847 505 4902 Ex
537 4848 840 4920 adjective,
868 4848 967 4919 qui
1001 4865 1234 4904 summa
1266 4866 1436 4905 nosse
1466 4850 1718 4919 laboras,

428 4935 574 5001 Quo,
609 4951 767 5008 rogo,
803 4936 1087 4991 subvertit
1116 4942 1171 4992 te
1199 4942 1360 4991 tanta
1390 4940 1599 5010 cupido
1632 4940 1870 5009 sciendi,

429 5023 511 5079 Ne
539 5024 719 5080 simul
750 5025 1017 5079 attendas
1048 5024 1166 5079 haec
1196 5030 1375 5080 temet
1401 5033 1610 5083 cuncta
1643 5046 1877 5085 monere

430 5115 729 5179 Quatenus
757 5128 1043 5185 agnoscas
1071 5114 1211 5185 quid
1245 5114 1321 5169 sit
1342 5115 1495 5170 Deus
1515 5119 1730 5188 etquid
1750 5119 2069 5175 homullus.

428 5202 730 5259 Numlibet
757 5202 828 5257 ad
862 5201 1085 5273 lapides
1115 5202 1201 5257 vel
1235 5204 1305 5257 ad
1340 5203 1459 5257 ulla
1489 5206 1765 5262 animalia
1794 5210 1947 5263 fatur

424 5290 499 5346 Ut
530 5292 741 5348 collata
760 5291 866 5346 tibi
900 5294 1191 5346 testantur
1219 5296 1272 5347 te
1302 5295 1697 5350 venerandum
1716 5297 1742 5350 ‘?

421 5381 501 5435 ’l‘e
531 5380 719 5452 magis
751 5380 1071 5451 alloquitur
1100 5381 1384 5454 quidquid
1420 5384 1637 5439 mundo
1669 5386 1970 5457 retinetur,

418 5469 522 5524 Cui
554 5474 921 5525 suntcuncta
952 5469 1125 5525 etiam
1160 5472 1426 5527 mirando
1457 5474 1692 5528 subdita
1722 5480 1865 5529 nutu

420 5557 494 5615 Ut
526 5558 719 5614 studio
752 5558 929 5614 simili
963 5559 1046 5616 sis
1075 5561 1346 5616 subditus
1378 5562 1502 5634 ipse
1534 5563 1739 5617 datori.

416 5648 522 5707 Vis
552 5661 746 5705 autem
781 5648 891 5705 dici
927 5665 1042 5722 quo
1076 5667 1241 5707 mens
1274 5656 1374 5707 tua
1404 5652 1817 5724 praecipitetur,

2180 4677 2260 4731 En
2298 4678 2503 4733 mundi
2534 4680 2832 4751 proprium
2852 4686 2940 4736 est
2961 4682 3253 4755 duplicem
3277 4701 3515 4740 sensum
3539 4684 3840 4744 retinere:

2187 4765 2378 4822 Unum
2408 4784 2543 4823 voce
2576 4769 2747 4834 feras,
2781 4769 2959 4825 alium
2987 4772 3096 4826 sub
3129 4776 3361 4843 pectore
3390 4773 3586 4829 volvas
3614 4792 3627 4841 ;

2185 4855 2419 4926 Optima
2448 4872 2583 4911 voce
2612 4858 2871 4928 quidem,
2908 4861 3006 4915 sed
3038 4865 3264 4931 pectore
3295 4862 3555 4931 pessima
3577 4862 3746 4920 nisus
3773 4883 3792 4933 ;

2186 4948 2294 4999 Pro
2327 4945 2582 5000 bonitate
2615 4946 2858 5015 malum,
2897 4965 3000 5019 pro
3031 4965 3161 5003 vero
3194 4949 3437 5007 reddere
3468 4951 3720 5021 falsum;

2186 5032 2563 5088 Dissimulare
2594 5036 2747 5104 quod
2780 5051 2864 5099 es,
2898 5037 2999 5091 sed
3032 5037 3183 5108 quod
3212 5055 3327 5093 non
3350 5056 3412 5095 es
3438 5040 3755 5109 simulare;

2182 5122 2249 5175 Et
2281 5123 2668 5193 quodcunque
2699 5140 2866 5195 geras
2900 5125 3181 5181 stolidum
3217 5131 3268 5183 te
3301 5128 3454 5185 nolle
3481 5130 3683 5187 videri.

2179 5210 2309 5265 Jam
2337 5210 2560 5281 prolata
2591 5212 2694 5267 tibi
2728 5214 2973 5270 breviter
3007 5215 3293 5287 sapientia
3322 5219 3527 5274 mundi
3558 5236 3569 5274 :

2178 5300 2235 5354 Si
2270 5300 2477 5372 placet,
2512 5306 2634 5357 esto
2666 5320 2882 5374 comes,
2914 5305 3004 5361 sin
3037 5310 3253 5379 autem,
3288 5308 3486 5381 linque
3517 5312 3674 5381 quod
3697 5312 3849 5372 hab

3632 5416 3728 5459 res

2180 5479 2343 5533 Liber
2376 5480 2567 5537 adhuc
2589 5488 2781 5538 exstas
2814 5501 2927 5554 quo
2959 5484 3044 5538 vis
3078 5488 3175 5540 tua
3208 5490 3338 5540 vota
3368 5401 3751 5545 remittahﬁes’

2174 5568 2283 5623 Sed
2320 5568 2367 5623 si
2400 5572 2717 5627 contendas
2752 5574 3047 5629 terrestria
3078 5573 3297 5630 discere
3332 5579 3576 5648 tantum,

2174 5656 2243 5712 Ut
2274 5657 2378 5711 tibi
2412 5659 2521 5713 sub
2553 5659 2693 5716 coelo
2725 5661 2913 5718 valeat
2938 5678 3177 5735 compar
3208 5663 3325 5719 fore
3356 5681 3548 5735 nemo,
