4098 6172
380 370 497 432 2’19

382 505 518 569 Qure
549 519 682 559 cum
711 502 1011 571 vidissem,
1045 502 1146 558 sed
1179 506 1236 559 et
1265 519 1333 559 ex
1362 502 1471 560 alio
1503 504 1863 574 didicissem,

386 593 546 650 Clam
578 610 681 666 per
709 593 767 647 id
799 592 981 648 accito
1018 592 1254 665 signum
1287 596 1614 649 monstrare
1646 592 1881 659 doloris,

388 685 540 741 Tum
569 683 805 737 demum
837 686 1052 749 certus,
1088 683 1227 753 quid
1259 683 1538 753 perferret
1572 699 1801 754 quoque
1832 682 2025 751 flatus,

387 778 503 829 Nec
532 776 727 827 tamen
759 789 940 827 ausus
970 787 1130 827 eram
1158 772 1329 828 citius
1362 773 1482 827 haec
1512 772 1699 827 dicere
1729 772 2025 842 cuiquam.

386 865 528 918 Post
556 861 677 917 haec
706 863 1011 917 confestim
1041 861 1198 916 vario
1230 860 1511 934 languore
1541 866 1833 932 gravatus,

387 951 477 1020 Et,
506 951 661 1022 quod
694 951 1053 1023 cunctigenis
1085 956 1174 1007 est
1200 950 1333 1022 plus
1357 950 1696 1006 miserabile
1726 949 1966 1019 morbis,

391 1041 462 1096 Ut
491 1040 752 1096 defertur
782 1041 855 1096 ab
886 1040 978 1095 his
1010 1058 1258 1112 quorum
1293 1057 1386 1095 me
1416 1056 1556 1095 cura
1585 1040 1803 1105 revisit,

388 1130 556 1187 Nunc
586 1130 755 1201 quasi
787 1130 1163 1201 phreneticus
1192 1130 1285 1184 vix
1317 1148 1349 1184 a
1376 1128 1579 1184 multis
1612 1129 1911 1200 religatus,

389 1224 518 1276 Mox
547 1219 703 1275 velut
734 1220 1016 1275 exanimis
1050 1220 1505 1291 desperatusque
1527 1219 1817 1289 jacebam.

390 1310 523 1367 Haec
564 1314 761 1366 tamen
794 1309 919 1380 ipse
950 1309 1089 1375 scio,
1124 1310 1279 1379 quod
1330 1324 1433 1379 per
1461 1308 1775 1363 Dominum
1804 1320 2036 1379 quoque

1804 1397 2034 1464 [testor,

396 1490 558 1560 Smpe
588 1488 670 1543 ita
699 1502 792 1543 me
834 1503 1102 1559 pressum
1134 1488 1419 1541 conventu
1450 1485 1894 1553 daemoniorum,

394 1577 467 1633 Ut
495 1591 601 1633 nec
631 1592 734 1648 pro
762 1575 949 1643 venia,
984 1592 1098 1646 qua
1124 1576 1250 1645 jam
1284 1573 1673 1630 moribundus
1702 1574 1964 1645 egebam,

395 1665 705 1721 Catholicae
740 1664 872 1720 ﬁdei
902 1665 1225 1720 tenuissem
1258 1664 1408 1719 scita
1437 1663 1526 1718 vel
1556 1662 1694 1718 ulla.

394 1756 625 1810 Interea
652 1754 855 1811 crebro
884 1754 1011 1809 visu
1044 1753 1312 1825 rapiebar
1341 1768 1561 1819 amaro,

392 1845 515 1908 Quo
547 1842 725 1898 nimis
755 1842 1076 1897 horrendas
1108 1841 1270 1913 potui
1296 1857 1643 1912 cognoscere
1672 1857 1892 1911 poenas.

393 1933 511 1988 Hoc
543 1932 774 2003 quoties
805 1932 993 1986 fuerat
1022 1930 1165 1985 mihi
1192 1930 1383 1987 visum
1413 1933 1501 1985 est
1535 1946 1663 1985 esse
1694 1945 1966 2000 perenne.

393 2023 561 2078 Tunc
588 2021 833 2076 tendum
866 2021 1021 2076 sensi
1053 2019 1193 2091 quid
1218 2021 1343 2090 jam
1377 2023 1711 2074 mereantur
1740 2019 1952 2091 iniqui,

397 2110 465 2167 Et
494 2109 734 2167 memini
763 2109 983 2164 dictum
1012 2125 1023 2164 :
1051 2114 1200 2164 Deus
1242 2108 1482 2181 inspicit
1512 2124 1684 2164 omne
1726 2112 2041 2176 secretum,

398 2201 530 2269 Qui,
560 2198 654 2255 hic
682 2203 896 2254 cuncta
926 2199 1040 2255 mei
1072 2199 1377 2253 denudans
1413 2198 1621 2253 intima
1650 2197 1864 2263 cordis,

396 2288 627 2345 Judicio
652 2289 813 2359 justo
845 2288 1005 2343 dedit
1034 2303 1125 2342 me
1156 2302 1387 2358 semper
1414 2287 1630 2352 inesse,

397 2380 531 2444 Quae
562 2376 703 2433 olim
733 2393 867 2432 cum
900 2377 1143 2448 reliquis
1176 2377 1406 2432 credere
1436 2392 1606 2447 posse
1635 2376 1936 2447 putabam.

397 2467 545 2522 Nam
577 2464 723 2520 nihil
755 2466 1043 2535 injustum
1076 2482 1168 2521 me
1191 2466 1319 2536 jam
1352 2467 1608 2536 proferre
1637 2465 1949 2536 querebar;

398 2555 617 2610 Verum
648 2553 905 2610 mirabar
934 2553 1139 2608 divinae
1171 2554 1287 2608 vim
1322 2554 1556 2625 pietatis

398 2644 682 2714 Tempore
714 2643 823 2698 sub
855 2646 1015 2697 tanto
1047 2642 1324 2698 stolidum
1358 2647 1572 2697 memet
1607 2641 1899 2714 patientis.

401 2731 549 2795 Quid
581 2730 726 2786 mihi
759 2735 897 2787 tunc
928 2734 1210 2798 Socrates,
1234 2730 1321 2786 vel
1357 2730 1511 2786 Plato
1534 2731 2007 2802 Aristotelesque,

401 2819 630 2877 Tullius
660 2820 785 2892 ipse
815 2820 1031 2891 rhetor,
1065 2821 1373 2877 mundanae
1406 2821 1697 2892 dogmatis
1727 2821 1965 2876 auctor?

408 2909 508 2965 Dic
529 2909 668 2980 quid
699 2910 854 2965 enim
878 2909 1091 2965 misero
1114 2908 1257 2964 mihi
1280 2914 1420 2964 tunc
1442 2911 1717 2981 prodesse
1738 2909 2049 2966 valebant?

408 3000 563 3065 Quos
595 2998 645 3054 si
676 3014 793 3054 non
822 2998 960 3070 legi,
992 3015 1094 3069 per
1122 3003 1387 3070 tempora
1415 2997 1601 3053 multa
1631 2998 1823 3070 cupivi

405 3088 745 3158 Aﬂ'ectuque
768 3087 898 3158 ipso
930 3086 1193 3142 discendi
1222 3086 1337 3141 adii
1367 3085 1491 3142 loca
1522 3088 1807 3158 quaedam,

289 3172 298 3179 ’
406 3177 540 3240 Quae
570 3192 672 3248 pro
702 3176 1020 3231 mundanis
1053 3176 1196 3231 mihi
1227 3176 1483 3232 cultibus
1515 3176 1737 3247 optima
1766 3176 1923 3231 duxi.

401 3265 514 3327 Sed
546 3280 640 3319 me
666 3264 1026 3335 praeveniens
1055 3265 1285 3319 Domini
1318 3264 1629 3320 clementia
1658 3265 1895 3337 ubique,

366 3416 372 3439 ³
401 3354 589 3417 Quam
620 3353 783 3424 prius
813 3353 1072 3424 exposui,
1109 3354 1331 3409 ratione
1362 3358 1682 3410 retraxerat
1715 3355 1871 3410 inde.

364 3444 365 3447 “
408 3440 513 3497 Illa
542 3441 834 3512 tripertita
862 3442 1116 3498 Maronis
1148 3447 1204 3497 et
1234 3441 1451 3515 inclyta
1474 3444 1666 3510 verba,

402 3531 597 3587 Lectio
626 3531 864 3599 Lucani,
900 3547 1077 3603 quam
1110 3532 1363 3586 maxime
1394 3535 1533 3585 tunc
1563 3532 1852 3597 adamavi,

400 3620 472 3676 Et
501 3619 593 3675 cui
617 3621 742 3691 jam
775 3636 983 3691 nuper,
1015 3620 1222 3675 divinaa
1253 3620 1396 3689 legis
1427 3619 1676 3687 adulter,

398 3708 493 3764 Sic
521 3709 784 3764 intentus
816 3724 977 3763 eram
1003 3708 1157 3779 quod
1181 3708 1272 3763 vix
1304 3725 1533 3780 agerem
1564 3707 1855 3779 reliquum
1887 3709 2047 3780 quid,

402 3802 589 3869 Atque
607 3796 898 3870 legentem
920 3796 1116 3867 ipsum
1136 3796 1288 3867 cepit
1306 3813 1397 3851 me
1415 3795 1536 3851 haec
1554 3796 1750 3867 passio
1768 3798 1915 3869 prim
1927 3815 2048 3854 um.

399 3886 505 3942 Sec
537 3887 787 3941 necdum
819 3901 1020 3956 pmnas
1051 3884 1293 3940 credens
1323 3884 1528 3941 exinde
1555 3885 1807 3954 futuras,

396 3974 757 4046 Languidus,
786 3978 851 4028 ut
879 3976 1161 4043 poteram,
1195 3971 1306 4044 legi
1338 3973 1642 4030 studiosus
1673 3976 1968 4043 eumdem,

395 4063 589 4118 Donec
620 4061 802 4117 ullius
831 4060 995 4133 vigor
1024 4060 1321 4117 exstiterat
1351 4061 1495 4117 mihi
1526 4080 1757 4120 sensus.
1860 4088 1863 4091 ·

388 4153 575 4217 Quam
597 4149 775 4206 venias
797 4166 1034 4207 causam
1055 4150 1407 4222 qualemque
1424 4152 1643 4208 dabant
1665 4155 2040 4225 medicinam,

390 4239 533 4294 Cum
567 4255 673 4293 nec
704 4238 873 4310 signa
903 4238 1095 4294 crucis
1129 4239 1452 4311 potuissem
1486 4258 1699 4313 ponere
1737 4244 1938 4310 fronti,

386 4332 455 4382 Et
483 4327 611 4382 sine
641 4344 743 4399 spe
775 4326 1002 4398 positus
1033 4330 1464 4402 constringerer
1504 4332 1764 4403 undique
1795 4335 2004 4405 poenis,

386 4415 540 4479 Quas
571 4432 677 4471 nec
709 4416 955 4488 proferri
986 4416 1155 4473 facile
1187 4435 1316 4474 esse
1349 4436 1479 4475 reor
1508 4436 1699 4493 neque
1730 4424 1908 4495 credi,

384 4504 551 4560 Nunc
584 4503 900 4561 invisibilis
932 4506 1161 4578 patiens
1192 4512 1485 4564 tormenta
1516 4510 1754 4575 doloris,

383 4595 511 4649 Mox
541 4610 609 4650 ex
636 4593 851 4649 visibili
882 4595 1059 4652 nimis
1090 4596 1344 4651 afflictus
1376 4598 1675 4653 cruciatu!

384 4681 554 4752 Nam,
586 4700 701 4754 quo
726 4688 1063 4756 praeteream
1096 4685 1324 4741 diversa
1360 4686 1577 4756 quibus
1605 4687 1929 4757 cruciabar,

385 4770 579 4827 Unum
614 4772 686 4827 de
717 4772 940 4844 multis,
973 4774 1129 4845 quod
1153 4774 1280 4842 jam
1312 4775 1577 4847 memini,
1612 4778 1881 4834 reserabo
1917 4796 1928 4833 :

387 4859 619 4917 Scilicet
651 4861 709 4915 in
740 4861 844 4917 tali
875 4861 1148 4918 versabar
1176 4878 1327 4933 saepe
1361 4868 1598 4936 stupore

385 4949 458 5004 Ut
485 4949 585 5005 lux
612 4954 790 5022 atque
820 4951 945 5005 dies
977 4949 1118 5021 quid
1145 4950 1231 5005 vel
1264 4950 1383 5007 sint
1415 4954 1649 5010 nescius
1682 4971 1894 5023 essem,

384 5038 500 5094 Nec
529 5039 762 5097 carnale
794 5037 1016 5110 aliquid
1050 5038 1219 5109 plane
1246 5040 1589 5111 dignoscere
1622 5060 1877 5114 possem,

385 5128 697 5183 Intendens
728 5127 918 5184 solum
952 5144 1066 5198 quo
1094 5128 1267 5183 ﬂatus
1301 5145 1483 5201 agone
1514 5131 1803 5188 trahebar.

382 5215 496 5271 Sed
528 5217 671 5272 satis
706 5216 845 5271 hinc
877 5216 1120 5271 dictum.
1147 5220 1531 5288 Properemus
1555 5238 1709 5276 nunc
1732 5222 2034 5280 aliorsum.

380 5304 698 5376 Postquam
734 5305 884 5362 mira
916 5306 1014 5360 Dei
1055 5306 1365 5362 clementia
1395 5325 1487 5364 me
1517 5313 1822 5384 reparavit,

381 5397 573 5449 Sanus
605 5397 661 5448 et
693 5411 759 5449 ex
792 5398 911 5449 toto
945 5394 1133 5464 factus
1164 5414 1295 5451 sum
1334 5401 1592 5470 tempore
1630 5418 1822 5473 parvo.

380 5481 511 5536 Jam
546 5498 682 5535 mox
717 5483 935 5538 oblitus
967 5501 1115 5555 quos
1147 5502 1356 5556 passus
1388 5504 1542 5542 eram
1577 5491 1869 5547 cruciatus

381 5572 463 5623 Ac
486 5585 614 5641 quae
645 5575 785 5625 sunt
809 5573 933 5629 visa
961 5578 1239 5646 reputans
1266 5579 1329 5628 ut
1358 5578 1589 5632 somnia
1618 5595 1784 5645 vana,

384 5658 610 5717 Rursus
643 5661 865 5718 decrevi
899 5667 1131 5735 captare
1164 5664 1393 5735 negotia
1426 5667 1652 5721 mundi.

1392 371 1735 432 OTHLONI
1778 369 2130 431 MONACHI
2176 370 2241 431 S.
2289 367 2783 431 EMMERAMMI

2050 504 2105 570 Α
2136 503 2246 558 Sed
2275 518 2409 557 cum
2441 501 2761 573 perplures,
2790 517 2916 572 quae
2946 514 3159 571 passus
3189 495 3301 555 sim
3337 498 3675 567 referentes,

3667 364 3789 431 280

2138 592 2205 647 Et
2234 592 2389 663 quod
2422 608 2538 645 non
2571 590 2789 645 frustra
2818 590 2982 645 ﬁeret
3009 588 3298 661 correptio
3328 590 3512 656 tanta,

2140 681 2221 738 Ne
2252 679 2579 736 monachile
2603 682 2815 752 jugum
2848 680 3163 735 suaderent
3192 678 3261 733 ad
3297 678 3693 749 subeundam,

2142 770 2221 825 Re
2252 787 2426 841 super
2457 770 2565 826 hac
2591 770 2806 825 dubius
2833 769 2983 839 cepit
3012 767 3332 840 praecordia
3360 783 3593 824 sensus.

2140 858 2403 930 Cumque
2428 859 2552 913 dies
2584 858 2751 930 pauci
2784 863 2915 929 post
2944 858 3065 912 haac
3097 860 3293 912 essent
3321 856 3590 924 revoluti,

2141 948 2209 1003 Et
2238 948 2448 1003 iterum
2475 947 2668 1002 subito
2702 947 2805 1001 tati
2837 946 3117 1018 languore
3147 947 3433 1017 gravabar
3672 938 3675 941 ’

2143 1036 2216 1091 Ut
2245 1052 2618 1092 verrucarum
2648 1040 2843 1091 tumor
2868 1036 3073 1106 ingens
3106 1034 3515 1106 insolitusque,

2143 1125 2440 1181 Horrendo
2470 1124 2700 1183 vultum
2733 1124 3105 1181 circumdans
3135 1124 3409 1196 stigmate
3438 1126 3744 1189 cunctum,

2141 1214 2393 1270 Orbibus
2425 1214 2693 1270 obductis
2724 1213 2921 1270 oculos
2954 1229 3186 1285 quoque
3217 1212 3680 1273 contenebraret.

2145 1304 2426 1359 Praeterea
2456 1321 2668 1375 corpus
2699 1308 2890 1360 totum
2922 1303 3148 1375 capitur
3177 1301 3450 1374 paralysi,

2146 1394 2395 1464 Excepto
2428 1392 2662 1465 linguae,
2696 1393 2797 1449 sed
2829 1397 2887 1449 et
2917 1392 3104 1449 ofﬁcio
3135 1391 3449 1464 labiorum,

2148 1483 2270 1546 Quo
2303 1498 2427 1551 quae
2460 1483 2776 1554 proferrem
2810 1482 2916 1538 fari
2942 1481 3348 1539 tantummodo
3379 1495 3638 1553 possem.

2148 1570 2372 1626 Interea
2400 1570 2503 1626 tali
2535 1588 2669 1626 cum
2700 1571 3116 1643 comprimerer
3147 1570 3427 1638 cruciatu,

2147 1660 2309 1715 Tunc
2340 1675 2673 1717 memorans
2720 1660 2955 1715 tandem
2990 1676 3114 1731 quae
3160 1659 3272 1714 sim
3304 1675 3519 1731 passus
3561 1675 3800 1731 quoque

3473 1749 3490 1820 [
3514 1747 3759 1821 pridem,

2068 1872 2116 1937 Β
2151 1839 2312 1905 Quod
2345 1842 2546 1894 contra
2578 1838 2883 1895 stimulum
2914 1838 2992 1893 sit
3012 1837 3222 1909 cuique
3252 1836 3525 1894 resistere
3553 1838 3797 1906 durum,

2151 1927 2433 1999 Quodque
2462 1944 2817 2000 supervacue
2849 1928 3069 1982 mundo
3100 1925 3314 1984 servire
3340 1927 3659 1995 studerem,

2150 2016 2378 2073 Christo
2411 2018 2654 2089 promisi
2684 2033 2776 2073 me
2808 2018 2955 2072 ferre
2979 2018 3128 2089 jugo
3159 2016 3496 2073 monachili.

2149 2106 2269 2162 Hoc
2299 2122 2432 2161 cum
2464 2107 2770 2172 vovissem,
2804 2105 3017 2162 melius
3046 2105 3190 2160 mihi
3223 2122 3357 2161 mox
3388 2107 3510 2161 fore
3537 2106 3713 2177 cmpit

2153 2196 2217 2249 In
2249 2198 2501 2262 tantum,
2534 2200 2600 2251 ut
2628 2194 2854 2251 fruerer
2881 2195 3116 2251 incessu
3151 2211 3321 2250 mane
3353 2195 3641 2267 sequenti.

2152 2286 2197 2339 Ο
2226 2284 2495 2340 miranda
2524 2284 2625 2339 Dei
2652 2284 2841 2356 pietas
2870 2288 2927 2339 et
2952 2284 3141 2357 gratia
3170 2282 3408 2352 Christi,

2157 2375 2290 2438 Quae
2323 2377 2538 2429 memet
2567 2373 2851 2429 miserum
2883 2373 3020 2430 totis
3051 2372 3342 2429 contraria
3372 2371 3568 2428 nisum

2155 2463 2300 2517 Tam
2330 2462 2424 2534 pie
2455 2463 2788 2534 prostravit,
2822 2466 2941 2517 tam
2970 2462 3285 2519 clementer
3311 2460 3631 2533 reparavit!

2687 2568 3106 2624 CAPITULUM
3154 2570 3271 2624 XV.

2156 2658 2399 2726 Qualiter
2419 2662 2540 2729 post
2562 2658 2923 2732 aegritudinis
2946 2660 3115 2732 varia;
3133 2659 3362 2728 ﬂagella
3386 2658 3455 2713 ad
3482 2658 3816 2715 monasticae

2627 2732 2985 2801 professionis
3012 2730 3157 2785 redii
3184 2734 3331 2787 vota.

2154 2818 2258 2873 His
2290 2818 2371 2872 ita
2398 2819 2713 2875 transactis
2743 2819 2900 2875 evasi
2924 2818 3156 2875 vincula
3181 2819 3388 2875 mortis

2155 2908 2225 2962 Et
2255 2925 2369 2963 non
2401 2911 2533 2979 post
2558 2907 2809 2962 multum
2837 2908 3010 2963 rediit
3038 2907 3124 2964 vis
3156 2908 3405 2980 pristina
3430 2925 3691 2964 rursum.

2157 2998 2322 3052 Tunc
2348 2997 2616 3068 quamvis
2645 2998 2802 3053 vario
2835 2996 3087 3053 carnalis
3117 2997 3359 3073 pignore
3390 3014 3573 3054 nexus

2158 3085 2275 3141 Hoc
2306 3090 2493 3141 totum
2522 3086 2817 3157 linquens,
2849 3086 3007 3157 quali
3045 3102 3310 3154 mterore,
3344 3086 3498 3142 Deus
3528 3085 3659 3152 scit,

2158 3176 2231 3233 Ut
2262 3175 2423 3231 rudis
2455 3176 2674 3232 athleta
2704 3192 3048 3247 progressus
3081 3176 3153 3232 ad
3185 3175 3365 3232 altera
3392 3174 3564 3241 bella,

2076 3240 2120 3308 C
2160 3267 2295 3330 Quae
2327 3266 2490 3337 prius
2521 3265 2705 3334 abjeci
2737 3269 2961 3321 secreta
2989 3265 3281 3336 requirere
3311 3264 3479 3336 ccepi.

2159 3356 2306 3410 Nam
2340 3357 2545 3426 prater
2570 3358 2769 3409 votum
2802 3354 2956 3425 quod
2981 3354 3107 3423 jam
3138 3353 3475 3427 nuperrime
3505 3352 3633 3423 feci,

2159 3444 2310 3499 Olim
2342 3443 2606 3514 promisi,
2641 3459 2772 3498 cum
2807 3459 3018 3514 parvus
3050 3442 3241 3498 adhuc
3270 3455 3415 3512 puer
3443 3456 3634 3497 essem

2157 3534 2235 3587 Ac
2262 3549 2364 3605 spe
2395 3531 2657 3588 discendi
2689 3530 2965 3603 pollerem
2997 3547 3157 3589 more
3188 3529 3461 3599 scholari,

2158 3626 2245 3677 Me
2275 3620 2716 3677 submissurum
2747 3620 2861 3692 legi
2891 3624 3101 3678 sanctis
3129 3619 3569 3679 monachorum.

2159 3711 2321 3775 Quod
2356 3710 2493 3781 quia
2522 3710 2605 3766 sic
2634 3710 2791 3782 gessi
2822 3708 3042 3766 nullius
3066 3710 3200 3780 jure
3228 3711 3488 3775 coactus,

2158 3799 2273 3855 Nec
2303 3799 2412 3854 sub
2442 3802 2589 3854 teste
2612 3798 2825 3870 palam,
2851 3799 2951 3854 sed
3001 3797 3153 3853 clam
3183 3800 3572 3868 compunctus
3600 3810 3807 3853 amore

2156 3888 2348 3943 Solius
2381 3887 2629 3955 Domini,
2655 3887 2934 3959 quoniam
2964 3888 3110 3943 bene
3138 3886 3361 3943 discere
3391 3884 3557 3957 coepi,
3641 3889 3645 3893 ’

2155 3979 2224 4033 Et
2256 3977 2394 4050 quia
2425 3994 2558 4033 cum
2585 3976 2888 4033 monachis
2932 3976 3188 4047 primum
3219 3975 3453 4032 discens
3484 3973 3804 4042 retinebar,

2157 4067 2305 4123 Proh
2336 4066 2529 4123 dolor!
2562 4066 2671 4122 hoc
2700 4070 2899 4122 votum
2932 4066 3101 4121 rebar
3130 4064 3431 4136 pueriliter
3461 4067 3656 4121 actum

2156 4155 2529 4227 Consilioque
2555 4156 2664 4211 levi
2695 4155 3055 4226 promissum
3086 4153 3202 4209 tale
3232 4152 3479 4225 neglexi,

2155 4245 2304 4300 Dum
2337 4244 2513 4301 simul
2542 4248 2599 4300 et
2628 4245 2886 4300 mundus
2920 4259 3011 4299 me
3041 4243 3268 4300 falleret
3298 4247 3471 4314 atque
3493 4241 3801 4312 juventus.

2154 4335 2265 4390 Sed
2298 4333 2435 4405 quia
2466 4334 2814 4405 promittens
2846 4333 3106 4388 solvendi
3138 4331 3366 4389 debitor
3399 4334 3588 4388 exstat

2154 4428 2219 4477 Et
2249 4424 2426 4479 semel
2460 4424 2676 4480 emissa
2705 4422 2821 4477 voti
2852 4421 3145 4479 sententia
3174 4422 3335 4489 recti,

2151 4512 2335 4574 Quam
2367 4512 2479 4567 cito
2512 4512 2783 4584 persolvi,
2811 4512 3026 4568 nedum
3051 4511 3402 4582 quandoque
3426 4524 3665 4566 necesse
3686 4511 3803 4579 est,

2072 4617 2118 4681 D
2155 4600 2304 4656 Dum
2337 4603 2509 4657 datur
2540 4601 2645 4656 hac
2676 4600 2792 4656 vita
2824 4601 2985 4673 fungi
3019 4604 3301 4673 tanquam
3337 4598 3611 4664 rediviva,

2151 4690 2289 4745 Inde
2313 4692 2457 4763 jugo
2488 4690 2605 4746 leni
2638 4691 2722 4746 sic
2752 4689 2960 4761 pulsus
2993 4689 3141 4745 colla
3170 4688 3397 4759 subegi,

2151 4778 2494 4850 Efﬁciorque
2524 4780 2752 4850 pudens
2782 4782 2839 4834 et
2869 4778 3093 4835 mirans
3127 4777 3340 4848 sazpius
3369 4794 3438 4832 ex
3466 4776 3597 4844 hoc,

2151 4870 2313 4934 Quod
2348 4873 2466 4924 tam
2502 4868 2595 4923 vix
2625 4867 2741 4935 adii
2773 4866 3087 4923 servimina
3119 4865 3321 4921 suavia
3349 4864 3583 4923 Christi.

2706 4973 3052 5028 CAPITULA
3093 4972 3233 5029 XVI.

2152 5065 2295 5131 Quia
2324 5081 2433 5119 non
2472 5066 2649 5119 solum
2697 5063 2881 5133 palam
2928 5060 3229 5133 professus,
3262 5062 3363 5117 sed
3390 5063 3562 5118 etiam
3606 5063 3807 5133 quovis

2187 5136 2393 5190 occulte
2421 5136 2626 5190 mundo
2648 5137 2970 5189 renuntians
2993 5135 3187 5189 illicita
3215 5135 3507 5192 mundana
3536 5142 3760 5205 repetat.

2152 5224 2287 5287 Quae
2318 5228 2514 5278 tamen
2552 5224 2764 5278 idcirco
2798 5220 2950 5279 volui
2984 5223 3323 5294 depromere
3354 5223 3611 5294 scriptis,

2152 5313 2222 5367 Ut
2254 5313 2301 5366 si
2337 5313 2480 5367 forte
2512 5313 2635 5384 pari
2668 5330 2729 5369 se
2759 5317 2891 5369 voto
2924 5311 3057 5385 quis
3088 5312 3229 5385 liget
3260 5329 3543 5385 unquam,

2148 5403 2288 5456 Jure
2314 5402 2511 5473 procul
2545 5402 2723 5459 dubio
2756 5402 3103 5458 solvendum
3136 5418 3267 5460 mox
3298 5402 3448 5458 sciat
3475 5417 3621 5459 esse.

2128 5495 2273 5559 _Non
2307 5491 2515 5562 loquor
2543 5493 2653 5548 hoc
2683 5497 2935 5559 tantum,
2962 5492 3009 5545 si
3033 5507 3224 5546 coram
3259 5491 3466 5545 abbate
3498 5491 3803 5563 professus

2150 5580 2409 5634 Induerit
2438 5580 2703 5639 habitum
2728 5582 2898 5653 juxta
2931 5596 3197 5636 normam
3241 5579 3682 5649 monachorum,

2146 5670 2322 5739 Cujus
2348 5669 2408 5725 in
2438 5670 2695 5729 Ecclesia
2727 5671 2901 5728 fuerit
2931 5670 3230 5731 conversio
3263 5673 3431 5740 nota;
