4098 6172
258 340 373 407 281

260 478 368 536 Sed
399 492 760 551 quocunque
789 476 979 535 latens
1010 479 1089 537 sit
1116 480 1301 538 libera
1331 487 1463 539 vota
1492 488 1813 559 retentans,

260 568 364 633 Qui
385 570 513 639 jam
537 573 929 641 compunctus
952 571 1182 643 pompis
1204 574 1408 629 mundi
1435 574 1669 631 abdicat
1698 576 1902 649 hujus,

258 662 451 731 Atque
479 660 600 714 Deo
631 660 814 731 gratis
845 662 1065 733 proprii
1095 662 1263 718 oﬂ‘ert
1291 663 1499 719 intima
1527 665 1741 732 cordis,

258 748 535 813 Quamvis
566 748 645 804 sit
674 748 859 815 nullo,
892 750 1007 805 nisi
1034 756 1265 807 tantum
1292 757 1439 809 teste
1469 770 1761 827 superno;

257 842 395 893 Cum
430 854 688 910 quoque,
720 855 824 894 ceu
857 841 1045 907 credo,
1079 846 1312 897 maneat
1344 842 1621 898 distantia
1650 844 1832 911 nulla,

259 928 463 983 Utrum
498 928 643 999 quid
675 928 921 984 Domino
949 928 1099 985 clam
1130 931 1249 986 sive
1279 932 1472 1003 palam
1502 937 1795 1002 voveatur,

256 1018 336 1072 Ad
365 1017 657 1071 vomitum
689 1017 897 1090 pergit,
931 1019 980 1074 si
1010 1023 1143 1090 post
1172 1022 1474 1077 mundana
1505 1022 1768 1092 recurrit,

256 1106 368 1161 Nec
397 1123 516 1161 non
547 1105 748 1162 illicita
779 1107 996 1164 fruitur
1025 1110 1339 1166 carnaliter
1369 1112 1525 1167 orbe.

254 1195 514 1266 Denique
529 1211 705 1251 nemo
718 1212 960 1253 manum
978 1200 1274 1270 propriam
1290 1200 1529 1257 mittens
1545 1202 1605 1257 in
1621 1207 1902 1276 aratrum,

253 1283 679 1357 Aspiciensque
707 1289 861 1341 retro
890 1286 1017 1342 coeli
1054 1304 1231 1361 regno
1264 1295 1460 1346 manet
1491 1295 1689 1362 aptus,

254 1372 365 1429 Nec
396 1374 616 1445 poterit
645 1390 942 1447 quoquam
974 1378 1266 1449 promissa
1293 1378 1554 1435 refellere
1584 1384 1774 1450 pacto,

254 1462 319 1518 Ni
349 1464 549 1518 reduci
584 1462 770 1535 luctu,
803 1467 960 1536 quod
989 1467 1161 1538 vovit,
1196 1467 1484 1540 compleat
1512 1473 1664 1525 actu.

758 1571 1181 1629 CAPITULUM
1220 1574 1391 1629 XVII.

320 1662 543 1729 Quanta
571 1660 827 1729 pericula
859 1664 1185 1745 tentatiortis
1304 1665 1466 1720 initio
1502 1664 1833 1736 pertulerim

880 1748 1271 1790 οοέηυθνδιοηιςς.

259 1820 371 1874 Ista
398 1836 503 1892 per
532 1807 837 1876 excessum
869 1822 1126 1894 generali
1158 1840 1317 1879 more
1346 1824 1597 1897 locutus,

259 1908 419 1964 Nunc
446 1908 667 1965 iterum
696 1911 966 1982 proprias
996 1913 1167 1984 cupio
1197 1914 1555 1987 subjungere
1581 1931 1789 1971 causas
1815 1933 1828 1983 ;

262 1996 491 2054 Scilicet
518 1999 862 2072 explanans,
895 2001 1057 2073 quali
1086 2018 1328 2074 possum
1372 2003 1618 2075 ratione,

262 2088 409 2152 Quas
439 2092 579 2159 post
607 2087 919 2161 lenguores
948 2090 1209 2146 diversos
1240 2094 1411 2162 atque
1441 2093 1771 2164 frequentes

259 2176 543 2231 Tentandi
573 2177 880 2234 machinas
911 2179 1122 2235 fuerim
1150 2196 1464 2252 perpessus
1497 2183 1568 2237 ab
1614 2181 1781 2239 hoste
1814 2199 1859 2237 :.

256 2263 325 2319 Ut
354 2265 496 2320 dum
530 2267 825 2322 conversis
857 2268 1059 2340 pateﬁt
1086 2268 1400 2340 descriptio
1430 2269 1588 2340 talis,

254 2352 388 2408 Plus
420 2353 544 2409 sint
571 2353 831 2423 solliciti,
864 2356 915 2410 si
946 2356 1090 2413 forte
1117 2356 1299 2413 velint
1328 2359 1614 2426 renovari,

251 2443 325 2497 Ac
354 2459 417 2498 se
458 2460 579 2499 non
607 2444 830 2500 frustra
860 2446 1100 2502 credant
1128 2447 1417 2518 sprevisse
1446 2448 1684 2504 caduca.

248 2530 391 2586 Nam
422 2532 569 2587 dum
602 2536 768 2589 tanta
797 2532 912 2589 mei
954 2534 1176 2591 nudare
1207 2535 1464 2607 pericula
1490 2536 1719 2607 vellem,

248 2618 443 2682 Qualis
472 2624 533 2675 et
559 2619 785 2677 interea
816 2622 1045 2678 Domini
1075 2627 1231 2695 esset
1259 2624 1448 2695 gratia
1476 2642 1727 2697 mecum,

248 2708 388 2774 Quid
421 2709 539 2765 nisi
571 2726 947 2767 communem
979 2712 1202 2768 fueram
1234 2717 1395 2768 ratus
1426 2713 1737 2772 utilitatem
1763 2716 1790 2769 ‘?

248 2801 433 2869 Atque
463 2798 697 2854 utinam
731 2800 837 2855 fari
867 2800 1047 2873 digno
1078 2817 1345 2858 sermone
1369 2803 1645 2874 valerem,

247 2886 505 2952 Qualiter
540 2888 812 2959 impurus
841 2893 900 2945 et
928 2890 997 2945 ad
1032 2889 1238 2945 inﬁma
1268 2890 1429 2946 nulla
1459 2894 1752 2949 secundus

247 2976 488 3048 Semper
524 2992 627 3047 pro
671 2977 885 3033 studiis
917 2979 1179 3035 intentus
1209 2996 1369 3035 eram
1398 2980 1643 3050 vitiosis,

246 3064 310 3118 Et
338 3080 661 3121 conversus
690 3066 762 3121 ab
792 3066 886 3128 his
916 3071 1169 3137 quantas
1199 3073 1356 3124 artes
1397 3069 1643 3135 inimici,

246 3153 389 3217 Quot
420 3153 663 3215 fraudes
690 3154 919 3219 Satanae
950 3156 1111 3212 sensi
1141 3160 1281 3215 tunc
1308 3156 1583 3229 primitus
1611 3157 1672 3214 in
1703 3174 1817 3229 me,

247 3239 543 3297 Interdum
577 3242 767 3313 solitis
797 3243 1087 3315 erratibus
1120 3244 1435 3313 illicientis,

245 3329 474 3403 Scilicet
504 3335 572 3401 ut
600 3332 879 3405 lagerem,
901 3338 1187 3406 tanquam
1208 3334 1395 3406 prius,
1419 3333 1650 3391 ethnica
1670 3336 1890 3407 scripta

240 3416 401 3476 Nunc
428 3436 539 3493 per
566 3420 865 3494 inexperta
891 3422 1308 3495 phantasmata
1337 3422 1715 3495 prosilientis,

239 3507 324 3562 Me
352 3509 571 3579 quibus
598 3515 881 3583 aegrotum
912 3511 1112 3568 nimiis
1142 3515 1199 3567 et
1227 3512 1493 3567 cladibus
1524 3514 1741 3578 actum,

239 3595 349 3652 Nec
379 3614 497 3653 non
522 3600 650 3669 jam
672 3600 949 3671 juvenem
981 3600 1175 3657 carnis
1221 3599 1493 3656 stimulos
1542 3600 1884 3674 patientem,

237 3684 549 3759 Nunquam
582 3704 755 3759 posse
784 3690 904 3761 pati
937 3688 1159 3747 bellum
1188 3689 1317 3744 vitae
1362 3689 1542 3760 hujus
1590 3706 1881 3760 amarum,

238 3773 347 3830 Sed
378 3775 567 3833 multo
592 3776 810 3847 melius
843 3778 1143 3851 paulisper
1170 3794 1405 3834 sumere
1447 3778 1601 3835 vires

235 3861 362 3933 Vita
395 3865 450 3923 in
483 3867 760 3937 praesenti
789 3866 1131 3923 famulando
1161 3867 1354 3925 carnis
1394 3866 1600 3936 amori,

238 3949 428 4022 Usque
449 3953 785 4023 juventutis
817 3955 959 4011 dum
993 3955 1166 4010 noxia
1193 3955 1280 4010 vis
1312 3954 1633 4020 minuatur,

234 4038 297 4093 Et
326 4046 461 4112 post
490 4041 616 4109 haec
649 4042 816 4111 facile
846 4060 940 4099 me
970 4060 1208 4099 sursum
1242 4044 1478 4099 tendere
1510 4060 1703 4115 posse,

233 4128 372 4184 Cum
402 4129 591 4195 virtus
621 4131 814 4209 omnis
845 4149 907 4188 se
937 4137 1144 4204 sponte
1175 4132 1472 4205 subegerit
1500 4149 1637 4188 aevo.

233 4215 563 4288 lnspirabat
590 4222 650 4274 et
676 4218 807 4291 hoc,
841 4237 956 4292 quo
987 4221 1081 4275 vix
1113 4221 1432 4277 subsistere
1462 4221 1620 4291 quivi
1650 4238 1663 4277 :

230 4304 460 4362 Scilicet
486 4307 792 4373 incassum
824 4326 919 4365 me
945 4310 1121 4366 talem
1150 4309 1295 4366 velle
1325 4311 1531 4365 reverti

230 4399 474 4466 Agmen,
499 4413 678 4468 quem
706 4402 939 4453 tantum
962 4400 1292 4455 decreverat
1314 4414 1442 4453 esse
1471 4400 1805 4472 profanum,

228 4477 531 4556 Exupmns'
550 4485 725 4557 etiam
758 4487 929 4558 parili
961 4504 1054 4544 me
1082 4503 1244 4543 more
1275 4486 1533 4559 probari,

230 4571 525 4635 Quatenus
558 4574 697 4629 hinc
728 4574 911 4646 aliqui
946 4575 1236 4632 discentes
1258 4568 1556 4641 aediﬁcari,

226 4661 333 4716 Sed
363 4667 572 4718 contra
598 4662 925 4731 illecebras,
958 4668 1015 4720 et
1050 4668 1412 4720 tentamenta
1442 4671 1733 4739 pararent,

226 4750 304 4804 Ac
330 4756 765 4810 monstraretur
792 4752 1025 4811 Domini
1057 4753 1371 4810 clementia
1400 4753 1571 4817 mira,

226 4838 370 4894 Nam
403 4857 540 4897 cum
571 4858 668 4899 me
698 4843 925 4915 recipit,
950 4842 1180 4899 nullum
1210 4843 1543 4899 miserando
1575 4842 1872 4916 relinquit.

224 4926 341 4984 Nec
368 4929 641 4987 dubitare
670 4948 820 5003 queo
845 4934 917 4989 de
940 4919 1351 5004 cujuscunque
1379 4932 1587 5001 salute,

224 5017 334 5081 Qui
363 5018 434 5075 de
462 5020 800 5087 commissis
827 5022 1061 5078 veniam
1092 5021 1300 5093 quaerit
1331 5020 1675 5077 malefactis.

223 5104 486 5165 Plurima
515 5126 733 5182 passus
762 5128 945 5181 eram,
979 5111 1265 5168 miracula
1294 5110 1481 5167 multa
1506 5110 1798 5183 videbam,

220 5198 355 5262 Quae
390 5214 617 5272 nequeo
646 5203 841 5267 verbis
869 5202 966 5260 hic
996 5218 1283 5276 promere,
1308 5219 1411 5257 nec
1434 5201 1796 5259 reminiscor.

216 5286 350 5342 Hec
378 5289 554 5345 modo
584 5290 886 5348 sufficiant
914 5290 1132 5348 nostris
1164 5290 1383 5347 inserta
1421 5290 1690 5363 loquelis,

216 5376 294 5431 Ut
324 5378 437 5433 vim
471 5380 786 5437 mundanae
823 5397 1140 5454 cognoscas
1179 5379 1580 5453 philosophiae,

210 5465 441 5523 Divinis
469 5473 761 5541 quantum
793 5471 891 5527 det
914 5468 1145 5544 legibus
1176 5469 1687 5543 impedimentum,

211 5555 531 5616 Obcacans
562 5559 849 5629 animum,
879 5578 952 5617 ne
980 5560 1170 5634 possit
1197 5575 1433 5625 cernere
1462 5576 1685 5627 verum,

209 5647 280 5702 ﬂ
316 5661 655 5712 memorans
685 5666 867 5723 pane
896 5652 1129 5723 semper
1157 5666 1364 5714 causas
1395 5649 1596 5707 alienae

1437 349 1539 411 DE
1582 348 1984 414 DOCTRINA
2027 350 2393 415 SPIRITUA
2406 350 2501 413 LI.

1937 487 1990 553 Α
2021 486 2130 551 Qui
2162 502 2256 541 me
2291 485 2401 541 sub
2430 484 2533 540 tali
2563 484 2925 557 permitteret
2954 482 3266 551 anxietate,

3540 346 3660 410 282

2016 575 2130 632 Ceu
2160 590 2274 629 non
2305 574 2430 646 ipse
2462 574 2607 629 meis
2636 574 2887 653 peccatis
2918 573 3027 630 hoc
3069 573 3438 644 meruissem,

2015 664 2126 720 Sed
2160 664 2345 736 magis
2376 664 2592 734 injuste
2621 679 2913 734 premerer
2944 664 3173 720 Domini
3205 663 3545 721 austeritate

2015 752 2219 808 Intullt
2248 757 2304 808 et
2333 752 2570 820 bellum,
2604 753 2758 807 sicut
2786 753 3068 824 praedixit,
3104 769 3368 808 amarum

2013 842 2402 914 Temporibus
2434 842 2639 898 muitis
2669 842 2825 897 idem
2858 841 3213 897 saevissimus
3254 841 3442 899 hostis

2013 931 2120 986 Per
2150 932 2341 987 carnis
2371 931 2641 987 stimulos
2672 934 2731 986 et
2757 930 2928 986 luxus
2958 929 3329 986 illecebrosos
3360 946 3373 985 :

2013 1022 2294 1076 Praeterea
2324 1020 2522 1076 nimiis
2553 1020 2906 1076 cruciatibus
2938 1024 2994 1075 et
3037 1018 3333 1074 diuturnis

2012 1111 2122 1165 Vix
2154 1115 2217 1166 ut
2245 1116 2301 1166 et
2328 1127 2455 1167 esse
2484 1111 2667 1167 Deum
2699 1109 2968 1166 meditari
3013 1106 3472 1180 praevaluissem.

2012 1202 2134 1265 Quo
2164 1204 2361 1255 tamen
2393 1216 2462 1255 ex
2491 1199 2731 1255 stimulo
2762 1202 2920 1254 tanto
2954 1197 3087 1270 plus
3118 1213 3251 1253 sum
3291 1196 3587 1257 cruciatus

2012 1291 2238 1354 Quanto
2267 1290 2395 1360 jam
2428 1288 2655 1344 nullum
2690 1303 3045 1360 cognoscens
3074 1286 3215 1343 talia
3245 1303 3510 1359 passum,

2010 1379 2081 1433 Et
2112 1378 2318 1433 merito
2346 1396 2358 1445 ;
2392 1378 2670 1449 quoniam
2700 1377 2916 1432 dubius
2946 1376 3142 1432 divina
3170 1375 3455 1443 colebam,

2011 1467 2157 1523 Cum
2190 1466 2393 1521 mundi
2424 1467 2626 1522 ﬂorem
2658 1470 2853 1521 tantos
2880 1469 3112 1537 captare
3154 1464 3434 1521 viderem.

2011 1555 2055 1611 Ο
2087 1554 2445 1611 incredibilis
2474 1555 2643 1611 variae
2675 1554 2971 1627 suggestio
3004 1554 3229 1627 fraudis

2011 1646 2135 1710 Qua
2164 1644 2623 1700 circumveniens
2655 1644 2932 1715 antiquus
2964 1642 3213 1714 denique
3244 1658 3484 1713 serpens

2010 1733 2223 1789 Memet
2254 1732 2563 1788 mortiferae
2595 1732 2847 1803 pervasit
2888 1747 3048 1786 more
3076 1730 3299 1801 sagittae

2010 1822 2140 1877 Haec
2171 1822 2284 1877 nisi
2315 1822 2650 1893 perferrem,
2681 1821 2776 1875 vix
2805 1820 2948 1875 talia
2976 1819 3206 1874 credere
3237 1834 3489 1890 possem.

2013 1911 2123 1968 Sed
2156 1911 2403 1967 Domino
2434 1913 2648 1982 grates,
2682 1909 2821 1980 quia
2851 1912 3045 1963 tantos
3075 1923 3251 1964 nosco
3282 1906 3510 1963 labores

2012 2000 2253 2071 Semper
2281 2001 2333 2055 ei
2363 2004 2577 2072 grates,
2611 1998 2706 2070 qui
2742 1998 2826 2054 sic
2854 1996 3063 2053 tribuit
3101 1995 3245 2051 mihi
3273 1996 3423 2051 vires
3458 2012 3471 2051 :

2011 2089 2085 2144 Ut
2114 2088 2249 2145 licet
2277 2089 2572 2144 interdum
2606 2103 2817 2158 magno
2850 2101 3091 2141 maerore
3136 2100 3406 2157 gravarer

2008 2178 2091 2234 Ex
2117 2177 2496 2234 tentamentis
2526 2193 2706 2249 supra
2727 2178 2853 2247 jam
2883 2174 3377 2243 commemoratis,

2010 2266 2234 2339 Sapius
2265 2267 2487 2322 interea
2516 2266 2700 2322 fultus
2731 2265 2941 2321 virtute
2970 2280 3243 2335 superna,

2008 2361 2089 2412 Ac
2120 2349 2312 2413 dordis
2338 2356 2559 2429 gremio
2591 2371 2722 2411 mea
2741 2353 2964 2427 jugiter
2991 2357 3122 2409 acta
3150 2351 3471 2420 revolvens,

2006 2449 2076 2501 Et
2102 2446 2257 2517 quod
2289 2461 2442 2517 saepe
2466 2444 2642 2500 refert
2669 2444 2969 2521 Scriptura
2990 2447 3171 2499 Deum
3200 2440 3576 2497 miserantem

2006 2535 2130 2603 His,
2165 2536 2264 2606 qui
2295 2533 2545 2590 sollicito
2579 2535 2846 2604 quaerunt
2875 2548 2936 2586 se
2965 2535 3022 2586 et
3064 2520 3292 2602 pectore
3322 2532 3466 2597 toto,

2006 2624 2285 2695 Quodque
2317 2628 2468 2679 Deus
2491 2624 2695 2694 justus
2726 2620 2806 2676 nil
2839 2619 3122 2692 permittit
3152 2618 3280 2674 sine
3310 2635 3490 2674 causa

2002 2713 2075 2768 Et
2103 2714 2259 2784 quod
2288 2712 2338 2768 ei
2372 2711 2533 2767 nulla
2561 2727 2654 2767 res
2681 2708 3065 2781 impossibilia
3091 2710 3297 2776 exstat,

2001 2802 2126 2858 Non
2157 2802 2349 2858 solum
2381 2806 2608 2873 paterer
2638 2801 2864 2856 Satanae
2895 2799 3015 2853 hac
3054 2800 3332 2870 suggesta
3374 2796 3642 2865 libenter,

2003 2890 2063 2947 Si
2094 2893 2265 2947 modo
2294 2891 2583 2955 tristatus,
2616 2893 2749 2961 post
2780 2888 2887 2943 hoc
2917 2888 3029 2942 cito
3060 2886 3388 2942 laetificatus
3413 2903 3426 2954 ;

2000 2980 2109 3035 Sed
2141 2996 2373 3051 quoque
2404 2979 2453 3033 si
2485 2978 2663 3051 gladii
2696 2976 2888 3033 rabies
2919 2980 2976 3031 et
3006 2974 3311 3047 sanguinis
3344 2979 3504 3031 actor

2001 3068 2308 3139 Exigerent
2337 3073 2608 3135 mortem,
2641 3084 2744 3139 pro
2773 3066 3004 3123 Christo
3043 3068 3351 3137 promptus
3397 3064 3645 3133 adirem,

1998 3157 2261 3229 Perpetis
2292 3162 2359 3213 ut
2388 3174 2568 3229 poenae
2600 3161 2830 3211 tantum
2862 3154 3118 3211 salvarer
3148 3154 3219 3210 ab
3249 3154 3401 3225 igne.

1919 3232 1962 3299 C
2001 3246 2069 3301 Et
2097 3262 2275 3317 quam
2308 3263 2483 3301 suave
2507 3247 2722 3317 jugum
2754 3260 2910 3298 nunc
2932 3243 3118 3297 sentio
3141 3242 3639 3298 Christicolarum.

1996 3335 2179 3407 Cujus
2211 3334 2471 3406 quotidie
2501 3334 2766 3389 desidero
2794 3334 2927 3403 jura
2956 3331 3172 3397 subire,

1997 3424 2102 3490 Qui
2134 3423 2289 3479 vitiis
2317 3422 2536 3478 crebris
2565 3425 2844 3477 constans
2874 3418 3121 3489 abjectio
3152 3416 3337 3488 plebis

1994 3513 2217 3568 Exosus
2247 3511 2465 3584 pariter
2494 3510 2757 3583 ipsisque
2788 3506 3128 3580 parentibus
3159 3520 3370 3560 essem.

1993 3602 2139 3657 Nam
2172 3601 2422 3656 reditum
2452 3599 2636 3672 lapsis
2664 3614 2759 3653 me
2799 3596 3014 3668 quippe
3045 3594 3241 3651 minus
3270 3591 3498 3650 violatis

1993 3690 2303 3746 Difﬁcilem
2333 3690 2570 3744 tradens
2611 3688 2719 3743 hoc
2751 3684 3115 3758 impossibile
3145 3682 3353 3750 suasit,

1996 3781 2065 3837 Ut
2094 3779 2261 3844 mihi,
2294 3778 2385 3833 cui
2418 3777 2615 3833 nullus
2647 3776 2723 3832 sit
2752 3791 3062 3848 pravorum
3093 3771 3564 3845 aequiparandus,

1992 3875 2041 3923 A
2068 3872 2189 3924 tam
2223 3867 2487 3924 districto
2517 3866 2695 3923 veniae
2727 3882 2861 3938 spes
2891 3864 3093 3936 judice
3123 3863 3311 3918 detur.
3381 3854 3387 3858 ’

1992 3961 2036 4014 Ο
2066 3958 2293 4029 quoties
2324 3956 2611 4028 fragilem,
2646 3956 2746 4011 sed
2777 3958 2835 4010 et
2863 3953 3163 4008 infirmum
3197 3952 3315 4007 fore
3342 3952 3564 4006 testans

1991 4046 2279 4117 Compede
2305 4062 2410 4101 ceu
2442 4045 2696 4117 quodam
2731 4042 3077 4100 constrinxit
3105 4044 3163 4097 et
3193 4040 3503 4107 afficiebat,

1990 4136 2072 4191 Ne
2103 4151 2232 4191 mea
2255 4151 2420 4189 mens
2453 4133 2681 4189 stabilis
2702 4133 2773 4189 ad
2806 4132 3168 4204 propositum
3200 4127 3560 4186 remaneret!

1989 4224 2155 4279 Nunc
2178 4223 2357 4278 nimis
2384 4223 2674 4278 immitem
2706 4220 2852 4277 mihi
2875 4221 3120 4277 ﬁnxerat
3139 4218 3629 4290 Omnipotentem.

1990 4313 2119 4385 Ipse
2149 4311 2338 4385 magis
2369 4317 2598 4378 cautus,
2634 4329 2759 4383 qum
2792 4314 2933 4366 sunt
2962 4309 3215 4377 vitanda,
3243 4308 3559 4380 relinquas.
3642 4348 3643 4351 η

1988 4400 2113 4456 Non
2145 4401 2324 4473 igitur
2354 4418 2598 4473 spernas
2625 4418 2637 4468 ;
2671 4399 2810 4470 quia
2837 4415 2928 4453 res
2957 4397 3061 4452 tibi
3092 4398 3320 4468 profero
3342 4400 3559 4468 gestas,

1987 4490 2110 4554 Quo
2144 4490 2316 4546 modo
2346 4495 2404 4545 te
2434 4489 2675 4546 monitis
2697 4504 2852 4543 nunc
2877 4486 3111 4543 casibus
3140 4485 3367 4542 instruo
3389 4484 3625 4541 nostris.

1908 4595 1956 4661 Β
1988 4578 2151 4651 Saepe
2180 4595 2282 4651 per
2310 4578 2641 4651 exemplum
2672 4576 2882 4632 melius
2914 4575 3179 4631 doctrina
3210 4577 3464 4661 notatur.

1985 4669 2059 4724 At
2090 4668 2141 4723 si
2184 4684 2298 4723 non
2328 4668 2516 4723 credis
2544 4670 2697 4723 certe
2726 4665 3076 4736 quandoque
3100 4660 3339 4727 videbis,

1985 4760 2055 4812 Et
2083 4774 2257 4829 quam
2292 4756 2622 4812 districtum
2653 4760 2793 4809 tunc
2822 4751 3130 4824 experieris
3170 4750 3478 4807 habenam.

1983 4846 2294 4903 Peccantes
2324 4844 2561 4917 pariter,
2596 4843 2735 4916 quia
2764 4840 3031 4914 quamvis
3073 4840 3169 4895 hic
3197 4840 3515 4905 varientur,

1981 4936 2061 4990 Ac
2090 4935 2201 4992 sub
2232 4932 2504 4991 dissimili
2536 4932 2933 4989 moderamine
2966 4929 3374 5003 corripiantur,

1984 5024 2092 5080 Par
2120 5024 2200 5081 ibi
2233 5021 2475 5097 poenalis
2503 5022 2794 5079 sententia
2824 5020 3062 5092 corripit
3090 5018 3220 5074 illos
3251 5034 3266 5073 :

1979 5112 2119 5169 Inde
2150 5112 2259 5170 sibi
2292 5110 2491 5168 nullus
2523 5112 2705 5184 fingat
2734 5110 2943 5166 solatia
2972 5108 3159 5165 lusus.

1982 5206 2097 5257 Aut
2126 5202 2221 5257 hic
2250 5217 2565 5257 conversus
2595 5202 2869 5259 emendat
2898 5202 3105 5271 sponte
3133 5198 3351 5262 reatus,

1977 5295 2094 5347 Aut
2124 5290 2341 5347 invitus
2374 5291 2453 5347 ibi
2484 5291 2753 5346 mirando
2784 5290 3034 5345 traditur
3064 5288 3203 5360 igni.

1977 5381 2055 5437 De
2086 5397 2201 5451 quo
2232 5397 2366 5437 cum
2398 5380 2607 5448 recolo,
2636 5383 2921 5451 quantum
2956 5394 3101 5449 queo
3126 5379 3251 5447 jam
3284 5374 3619 5443 memorari,

1974 5470 2247 5525 Admiror
2274 5486 2503 5541 semper
2531 5470 2603 5525 de
2635 5485 2727 5524 me
2758 5469 3014 5540 primum
3046 5467 3439 5532 vehementer,

1975 5560 2275 5624 Quomodo
2307 5558 2439 5631 quis
2467 5562 2699 5614 tantum
2729 5558 2978 5629 perferre
3008 5560 3184 5628 queat
3202 5555 3546 5627 cruciatum,

1972 5652 2040 5706 Et
2069 5666 2196 5722 quae
2228 5649 2444 5706 duritia
2472 5652 2666 5707 teneat
2697 5648 3048 5723 sicjpectora
3075 5653 3295 5721 nostra,
