4108 6188
432 344 551 409 283

433 478 507 536 Ut
536 476 672 534 licet
702 474 912 532 inferni
945 472 1132 529 simus
1164 473 1234 529 de
1263 489 1493 531 carcere
1524 474 1685 543 certi,

433 572 603 625 Hunc
633 565 923 638 trepidare
952 580 1186 635 parum,
1214 563 1301 619 vel
1332 564 1477 619 forte
1511 563 1657 619 nihil
1688 564 2008 621 videamur.

434 653 710 722 Quamvis
740 653 1040 722 vidissem,
1074 653 1345 725 quamvis
1386 653 1498 708 sim
1544 670 1756 725 passus
1786 656 2080 725 eumdem,

433 746 524 802 Me
545 745 729 800 fateor
756 746 1009 809 mutum,
1034 759 1139 798 nec
1162 743 1486 814 quidquam
1521 760 1785 815 promere
1816 762 2082 816 possum,

435 833 596 901 Quod
629 850 809 905 paenae
839 832 939 888 tali
970 833 1129 889 dictu
1163 836 1338 903 queat
1367 832 1735 904 aaquiparari,

436 923 506 980 Ni
538 921 758 979 ratione
789 922 986 994 aliqua
1018 937 1363 993 componam
1396 926 1588 976 mente
1620 922 1909 993 profunda

443 1014 601 1068 llanc
622 1013 689 1068 ad
714 1017 1059 1084 praesentem
1078 1028 1308 1084 poenam
1333 1027 1436 1066 ceu
1461 1028 1671 1082 corpus
1696 1013 1767 1067 ad
1789 1013 2081 1067 umbram.

938 1118 1348 1175 CAPlTULUM
1389 1118 1583 1174 XVIII.

495 1209 643 1278 Quod
671 1210 789 1265 haec
816 1216 1011 1263 cuncta
1038 1208 1109 1263 ad
1136 1209 1344 1263 clerum
1373 1208 1517 1263 dicta
1546 1224 1650 1264 non
1683 1210 1848 1264 aliter
1890 1227 1923 1264 α
1950 1226 2035 1265 me

695 1281 809 1335 nisi
835 1282 1211 1352 compatientis
1249 1296 1433 1335 amore
1463 1282 1575 1335 sint
1601 1281 1834 1351 prolata.

442 1370 570 1424 Haec
600 1367 780 1442 igitur
811 1367 961 1423 clero
994 1369 1169 1424 statui
1202 1369 1459 1440 proferre
1492 1370 1803 1435 monendo,

439 1457 565 1513 Non
584 1461 648 1513 ut
662 1474 953 1529 quemque
969 1458 1150 1512 sciam
1173 1457 1305 1528 plus
1324 1474 1500 1528 quam
1522 1475 1613 1513 me
1631 1458 1956 1530 corripiend
1968 1476 2086 1525 um,

441 1546 541 1602 Cui
576 1546 793 1618 proprii
826 1562 1017 1601 mores
1047 1550 1263 1601 eterna
1291 1545 1523 1601 silentia
1553 1552 1817 1619 ponunt;

442 1636 555 1691 Sed
588 1634 757 1705 quasi
786 1635 1152 1707 compatiens
1183 1635 1360 1690 variis
1391 1636 1687 1692 erroribus
1731 1635 1909 1707 orbis,

441 1725 595 1789 Quos
626 1740 756 1780 reor
785 1725 985 1796 augeri
1015 1725 1174 1779 vitiis
1206 1742 1383 1796 quam
1416 1725 1665 1781 maxime
1695 1725 1854 1793 cleri,

439 1818 630 1885 Atque
659 1829 766 1886 ope
796 1813 1023 1869 consilii
1052 1815 1330 1885 prodesse
1358 1814 1558 1871 volens
1589 1814 1767 1870 simul
1798 1816 1957 1871 omni

443 1903 606 1966 Quod
641 1918 732 1957 me
764 1901 1027 1970 laedebat,
1062 1904 1203 1958 dum
1236 1920 1412 1959 nosco
1443 1904 1573 1960 aliis
1605 1906 1958 1974 nociturum,

440 1992 519 2046 Ac
542 1992 695 2063 quod
718 1991 1035 2063 profuerat,
1059 1992 1201 2047 dum
1224 1994 1450 2049 cunctis
1474 1994 1582 2049 hoc
1603 2011 1837 2066 quoque
1860 1994 2088 2063 vellem,

444 2083 718 2135 Promere
749 2080 996 2152 cogebar
1025 2080 1434 2152 hujuscemodi
1468 2083 1775 2151 rationem.

445 2168 540 2225 Sic
571 2168 865 2241 Evangelii
896 2170 1090 2242 prodit
1120 2187 1349 2242 quoque
1380 2172 1549 2227 lectio
1580 2173 1790 2241 sancti,

445 2258 660 2314 Sanato
691 2258 923 2315 cuidam
947 2259 1262 2315 Dominum
1296 2266 1583 2334 praecepta
1613 2261 1844 2318 dedisse

444 2347 518 2403 Ut
546 2347 877 2421 divulgaret
907 2365 1033 2421 quae
1065 2350 1218 2405 dona
1250 2355 1401 2407 Deus
1432 2351 1544 2407 sibi
1577 2352 1769 2407 ferret.

444 2435 592 2491 Hine
622 2436 946 2492 instructus
977 2454 1083 2510 ego
1114 2438 1312 2494 divina
1342 2440 1697 2496 charismata
1729 2440 1877 2506 dico,

447 2524 729 2594 Quodque
759 2524 904 2579 mihi
937 2525 1205 2582 illicitum
1248 2528 1485 2599 propria
1528 2529 1742 2585 virtute
1792 2530 2090 2602 probatur,

445 2612 564 2668 Hoc
598 2612 890 2669 fraternus
920 2630 1102 2679 amor,
1133 2619 1190 2670 et
1214 2615 1322 2671 zeli
1355 2634 1561 2673 norma
1594 2617 1947 2674 ministrant.

446 2700 659 2756 Audite
688 2716 845 2773 ergo,
867 2718 1089 2773 precor,
1115 2720 1240 2776 quae
1271 2721 1392 2773 vos,
1416 2705 1552 2761 licet
1582 2706 1842 2775 inﬁmus,
1872 2707 2092 2775 hortor,

446 2790 519 2847 Et
547 2796 787 2862 pensate
818 2792 1016 2847 minus
1046 2793 1179 2863 quis
1212 2794 1345 2860 sim,
1376 2795 1476 2850 sed
1508 2794 1702 2865 qualia
1732 2796 1880 2851 dico.

452 2877 683 2933 Clerum
699 2895 953 2953 namque
968 2886 1226 2949 monent,
1244 2883 1300 2937 in
1316 2900 1431 2955 quo
1450 2884 1627 2940 simul
1648 2884 1773 2957 ipse
1796 2886 2093 2957 monebor,

453 2968 581 3024 Non
612 2968 811 3024 minus
841 2968 1055 3026 idcirco
1085 2971 1251 3028 laicis
1279 2974 1521 3029 verbum
1553 2974 1691 3029 dare
1730 2990 1868 3029 curo
1903 2991 1915 3030 :

454 3058 578 3122 Quo
609 3057 657 3112 si
689 3058 835 3114 forte
863 3059 1062 3129 velint,
1086 3060 1359 3118 extollere
1389 3080 1450 3119 se
1478 3062 1882 3135 prohibentur,

454 3145 539 3203 Ne
566 3146 724 3202 velut
754 3147 940 3220 ignari
972 3149 1091 3205 sint
1116 3150 1174 3205 in
1206 3151 1543 3222 peccamine
1573 3152 1704 3221 tuti,
1900 3204 1901 3207 η

453 3234 564 3291 Sed
596 3236 795 3307 potius
824 3236 1082 3294 humiles
1112 3238 1227 3295 huc
1260 3240 1573 3296 exhibeant
1602 3241 1781 3297 simul
1810 3259 2000 3314 aures,

450 3326 519 3379 Et
548 3325 632 3381 sic
663 3328 996 3384 communis
1026 3327 1310 3385 habeatur
1339 3346 1533 3387 sermo
1565 3330 1792 3387 salutis.

977 3418 1393 3476 CAPITULUM
1432 3420 1571 3475 XIX.

763 3506 1077 3563 Admonitio
1121 3509 1289 3564 etiam
1316 3513 1466 3581 facta
1497 3510 1568 3566 ad
1597 3511 1787 3567 laicos.

454 3593 499 3648 Ο
538 3609 686 3665 quos
715 3594 970 3666 vulgaris
999 3596 1178 3652 laicos
1211 3599 1585 3669 cognominat
1614 3616 1780 3665 usus,

454 3680 572 3736 Vos
594 3683 721 3752 jam
754 3685 1054 3752 convenio,
1084 3685 1247 3742 vobis
1279 3686 1398 3741 haec
1428 3687 1667 3741 verbula
1696 3703 1921 3758 promo.

456 3768 737 3844 Nunquid
766 3773 924 3828 enim
956 3772 1081 3829 sola
1109 3774 1543 3845 Scripturarum
1576 3775 1927 3831 documenta

452 3860 621 3933 Legis
653 3860 857 3916 divine:
888 3863 1297 3919 demonstrant
1333 3864 1745 3936 cognitionem,

452 3952 532 4004 Ac
565 3965 714 4020 quos
744 3950 1030 4023 contingit
1060 3950 1296 4023 ignaros
1330 3968 1459 4008 esse
1488 3952 1794 4020 librorum,

454 4036 594 4093 Sciti
626 4036 881 4094 caelestis
909 4055 1012 4095 vos
1041 4056 1319 4097 excusare
1350 4041 1594 4113 potestis
1617 4042 1644 4095 ?

456 4125 660 4182 Nonne
686 4124 1016 4182 Creatorem
1045 4131 1336 4184 testantur
1365 4134 1574 4185 cuncta
1602 4134 1817 4199 creata,

460 4213 601 4279 Quis
630 4212 789 4269 velut
817 4215 876 4269 in
909 4215 1076 4272 libris
1106 4216 1274 4273 illum
1305 4234 1650 4290 cognoscere
1682 4219 1912 4290 quitis?

459 4303 589 4359 Haec
618 4302 751 4359 licet
782 4321 815 4359 a
843 4306 1104 4377 reprobis
1132 4306 1447 4363 indiscrete
1478 4308 1863 4381 accipiantur,

456 4396 651 4467 Atque
680 4394 1050 4452 sinistrorum
1082 4401 1428 4470 prorumpat
1458 4397 1663 4453 abusio
1694 4414 1894 4454 eorum
1928 4414 1941 4452 :

457 4484 591 4555 (Per
620 4501 682 4541 se
713 4486 930 4558 quippe
951 4486 1135 4542 Deum
1170 4486 1477 4560 perhibent
1509 4486 1872 4543 concorditer
1901 4488 2106 4559 unum)

455 4573 603 4639 Quid
635 4575 874 4647 prodest
903 4576 1065 4632 vobis
1096 4580 1395 4648 utcunque
1416 4577 1736 4632 scientibus
1769 4592 2000 4648 aequum

452 4662 765 4735 Explorare
794 4664 937 4733 vias,
971 4665 1188 4737 quibus
1217 4666 1512 4721 excusatio
1558 4669 1750 4721 vestra

454 4752 518 4808 In
549 4758 865 4827 conspectu
895 4754 1206 4810 hominum
1252 4755 1510 4811 securior
1539 4754 1890 4821 inveniatur,

453 4845 596 4899 Cum
628 4844 805 4910 Deus,
830 4844 1126 4915 inspector
1155 4844 1349 4900 cordis
1378 4860 1703 4917 renumque
1733 4844 2029 4917 probator,

455 4931 934 4988 Dissimulatores
965 4950 1160 4988 coram
1192 4950 1253 4989 se
1283 4950 1384 4991 vos
1415 4934 1564 4990 sciat
1593 4949 1720 4990 esse
1741 4934 1769 4987 ?

454 5020 602 5076 Nam
634 5020 768 5077 licet
796 5021 855 5075 in
887 5022 1079 5091 nobis,
1112 5022 1210 5094 qui
1245 5024 1509 5079 doctores
1541 5022 1941 5095 perhibemur,

456 5110 630 5166 Recte
658 5110 886 5166 vivendi
920 5112 1117 5168 minus
1148 5112 1478 5184 exemplum
1508 5111 1775 5178 videatis,

453 5201 522 5256 Et
550 5199 786 5257 sceleris
816 5200 993 5257 vestri
1022 5201 1179 5258 velut
1208 5206 1476 5257 auctores
1507 5217 1873 5268 maneamus,

452 5290 569 5347 Vos
600 5290 853 5347 naturali
883 5295 1079 5347 tamen
1108 5291 1342 5364 ingenio
1375 5289 1682 5358 moderati,

454 5381 569 5435 Aut
598 5397 948 5453 quocunque
980 5382 1152 5437 modo
1183 5380 1448 5435 divinum
1482 5381 1576 5451 jus
1608 5379 1922 5453 sapientes,

458 5468 517 5524 Si
549 5469 686 5542 quid
722 5474 854 5542 post
883 5469 1058 5526 talem
1091 5468 1324 5542 pietatis
1356 5468 1746 5541 cognitionem

455 5559 724 5633 Amplius
754 5559 983 5631 erratis,
1015 5559 1301 5616 scelerum
1333 5559 1627 5615 consortia
1666 5559 1851 5628 fertis,

454 5649 524 5709 Et
553 5665 657 5723 per
687 5648 955 5706 notitiam
984 5652 1448 5723 transgressores
1479 5649 1655 5709 simul
1686 5650 1848 5709 estis.

1447 340 1790 403 OTHLONI
1836 340 2187 404 MONACHI
2233 342 2296 404 S.
2344 342 2832 406 EMMERAMMI

2119 1850 2168 1914 B

3723 337 3843 400 284

2108 476 2163 543 Α
2195 476 2255 533 Si
2282 493 2386 533 vos
2416 476 2587 550 culpa
2617 476 2827 549 minor,
2860 478 3057 531 tamen
3097 473 3254 528 arcet
3282 468 3555 527 conscius
3586 486 3769 527 error.

2192 566 2301 622 Sed
2334 583 2405 622 ne
2436 565 2735 622 falsidicus
2766 565 2983 631 videar,
3014 579 3149 618 cum
3178 559 3319 617 talia
3348 559 3563 629 scribo,

2193 657 2309 712 Hoc
2342 660 2448 724 est,
2482 672 2617 712 cum
2649 654 2829 711 laicos
2861 653 3202 725 dignoscere
3234 650 3362 706 dico
3396 667 3670 722 superna,
3738 679 3745 687 -

2190 748 2275 803 En
2305 747 2516 802 iterum
2547 744 2828 817 exemplis
2858 744 2967 799 hac
2998 744 3348 813 argumenta
3378 740 3656 812 probabo,

2192 836 2256 892 In
2287 836 2525 907 quibus,
2560 839 2622 889 ut
2651 851 2839 906 spero,
2875 831 3195 887 multorum
3225 830 3400 885 corda
3430 829 3693 885 movebo.

2191 926 2386 981 Nostis
2418 924 2572 980 enim
2604 923 2785 980 solem
2817 927 3005 978 totum
3037 921 3286 975 lustrare
3317 934 3419 991 per
3447 918 3669 987 orbem,

2192 1016 2270 1070 Ac
2301 1030 2656 1086 quocunque
2684 1012 2802 1080 itis,
2838 1011 3005 1083 quasi
3037 1012 3383 1083 praesentem
3416 1009 3535 1064 fore
3567 1009 3753 1074 scitis,

2193 1103 2340 1159 Cum
2371 1107 2567 1158 tamen
2602 1106 2665 1157 ut
2696 1118 2896 1157 servus
2928 1099 3246 1155 famulatur
3275 1097 3562 1153 fructibus
3593 1097 3751 1154 orbis

2196 1191 2561 1264 Imperioque
2590 1190 2691 1247 Dei
2723 1205 2955 1261 semper
2984 1188 3062 1243 sit
3090 1186 3364 1243 subditus
3400 1186 3563 1242 omni
3589 1204 3603 1253 ;

2196 1280 2472 1353 Nunquid
2506 1280 2591 1337 sol
2625 1295 2983 1353 quemquam
3013 1278 3085 1332 de
3112 1276 3241 1332 lace
3273 1293 3383 1331 sua
3410 1275 3757 1342 removebit,

2194 1372 2310 1426 Aut
2341 1370 2587 1442 propriae
2617 1368 2765 1425 lucis
2796 1367 2990 1423 radios
3021 1364 3328 1423 abscondit
3358 1365 3431 1421 ab
3462 1364 3580 1421 ullo
3600 1365 3628 1419 ‘?

2197 1459 2343 1515 Hinc
2373 1476 2496 1526 vos,
2532 1458 2580 1514 si
2615 1457 2813 1527 vultis,
2845 1456 3074 1512 Domini
3108 1456 3288 1526 jubar
3318 1454 3664 1526 inspicietis,

2196 1552 2383 1617 Quam
2408 1547 2663 1603 clemens
2695 1547 2937 1611 mundo,
2961 1560 3139 1617 quam
3172 1546 3331 1599 totus
3351 1546 3579 1599 constet
3606 1542 3843 1614 ubique,

2197 1639 2349 1695 Dum
2382 1636 2582 1693 lumen
2612 1640 2844 1692 tantum
2874 1635 3050 1690 vestri
3081 1632 3347 1688 concedit
3376 1632 3447 1687 ad
3479 1647 3680 1698 usum,

2196 1727 2379 1800 Cujus
2412 1742 2515 1798 per
2543 1729 2771 1780 tantum
2804 1723 3079 1796 splendor
3109 1719 3456 1777 diffunditur
3484 1720 3707 1786 orbem,

2196 1816 2291 1872 Sic
2321 1832 2498 1887 super
2526 1815 2777 1885 injustos
2808 1812 3090 1884 effulgens
3123 1813 3187 1865 ut
3215 1825 3392 1881 super
3420 1825 3640 1881 (equos.

2199 1905 2361 1971 Quod
2393 1904 2443 1959 si
2475 1903 2735 1960 dixeritis
2768 1901 3023 1973 aliquem
3055 1916 3227 1972 posse
3255 1899 3364 1954 hoc
3395 1898 3684 1965 dubitare,

2200 1994 2302 2050 Ille
2333 1996 2680 2059 creaturam,
2715 2008 2892 2063 quam
2928 1990 3107 2046 solem
3140 1987 3363 2044 noverit
3390 2002 3539 2055 esse,

2199 2085 2346 2138 Ante
2375 2082 2706 2137 Creatorem
2738 2084 2985 2135 conatur
3012 2094 3225 2151 ponere
3254 2076 3461 2147 solem,

2202 2173 2479 2244 Majorem
2511 2171 2620 2227 soli
2652 2170 2919 2226 tribuens
2949 2170 3067 2225 vim
3114 2185 3289 2240 quam
3320 2165 3738 2238 Omnipotenti.

2201 2262 2295 2317 Sic
2326 2266 2384 2317 et
2415 2262 2485 2318 de
2515 2260 2757 2332 reliquis
2787 2260 2962 2315 rebus
2992 2273 3241 2331 pensare
3264 2255 3490 2325 valetis,

2202 2350 2262 2407 Si
2292 2354 2489 2406 tamen
2518 2349 2619 2405 illa
2648 2349 2753 2422 piae
2785 2348 2979 2421 pulsat
3010 2364 3111 2403 vos
3141 2346 3331 2419 gratia
3357 2344 3507 2400 vitae.

2203 2439 2482 2512 Nunquid
2514 2438 2752 2495 nescitis
2780 2442 3014 2494 terrena
3042 2435 3274 2509 negotia
3304 2449 3500 2490 amare
3520 2434 3547 2488 ?

2203 2530 2367 2597 Quod
2391 2545 2589 2601 prope,
2615 2528 2768 2599 quod
2791 2527 2962 2599 longe
2985 2542 3279 2598 quoquam
3305 2528 3537 2597 gratum
3561 2522 3854 2590 retinetis,

2204 2618 2393 2689 Hujus
2424 2623 2712 2673 amatores
2745 2616 2804 2671 in
2836 2615 3046 2672 vestris
3077 2615 3350 2670 cordibus
3382 2612 3545 2681 estis,

2203 2708 2319 2764 Nec
2350 2707 2489 2779 quid
2523 2706 2580 2762 in
2611 2708 2720 2762 hoc
2749 2706 2964 2761 durum
2996 2709 3192 2761 censet
3221 2702 3451 2759 dilectio
3483 2716 3703 2758 rerum.

2205 2797 2348 2853 Hinc
2377 2796 2692 2853 excusandi
2722 2795 2886 2851 nulla
2915 2799 3004 2851 est
3033 2793 3258 2850 occasio
3287 2792 3470 2849 vobis.

2204 2886 2352 2951 Quin
2384 2885 2435 2941 si
2466 2884 2703 2951 curatis,
2737 2888 2794 2939 et
2825 2900 3021 2939 amare
3052 2898 3306 2955 superna
3337 2880 3584 2953 queatis,

2205 2975 2366 3040 Quod
2400 2973 2533 3047 plus
2558 2973 2843 3046 diligitur,
2866 2974 2976 3029 hoc
3008 2971 3385 3045 praepositum
3416 2970 3779 3042 perhibetur.

2739 3080 3162 3137 CAPITULUM
3202 3079 3317 3135 XX.

2389 3172 2530 3240 Quia
2556 3172 2639 3226 nil
2669 3175 2898 3228 aeterne
2924 3170 3095 3226 saluti
3122 3167 3549 3241 praeponendum
3578 3167 3672 3223 sit.

2209 3271 2269 3327 Si
2299 3270 2387 3326 vis
2418 3269 2652 3335 salvari,
2684 3268 2765 3324 nil
2795 3268 2931 3324 huic
2962 3284 3233 3340 przepone
3263 3266 3461 3323 saluti.

2208 3360 2356 3416 Nam
2388 3358 2523 3415 licet
2553 3360 2803 3415 audaces
2834 3357 3101 3430 nequiter
3120 3357 3247 3427 jam
3276 3356 3463 3411 vivere
3494 3353 3713 3426 plures,

2209 3449 2279 3504 Et
2308 3447 2559 3502 nimium
2590 3447 2757 3502 vanis
2787 3446 2985 3502 videas
3014 3445 3285 3501 insistere
3315 3443 3511 3499 causis

2211 3539 2365 3602 Quas
2400 3553 2502 3608 pro
2526 3536 2761 3608 justitia
2790 3536 2901 3591 fert
2930 3534 3289 3591 consuetudo
3338 3532 3595 3605 maligna
3626 3548 3639 3587 :

2210 3627 2294 3680 Tu
2325 3630 2521 3681 tamen
2553 3625 2823 3681 horresce
2856 3624 3007 3679 vitiis
3036 3623 3095 3678 in
3128 3621 3344 3679 talibus
3376 3636 3525 3687 esse,

2212 3718 2292 3769 Ac
2323 3714 2505 3787 fugito
2536 3713 2746 3768 miram
2778 3712 3005 3768 venturi
3029 3711 3251 3783 judicis
3279 3711 3449 3781 iram,

2212 3802 2321 3867 Qui
2351 3805 2512 3858 tanto
2543 3801 2777 3873 gravius
2807 3800 3115 3857 hominum
3146 3799 3492 3856 discusserit
3526 3800 3717 3867 actus,

2212 3891 2439 3955 Quanto
2471 3908 2626 3947 nunc
2656 3892 2885 3963 patiens
2916 3891 3231 3945 clementer
3260 3888 3517 3944 sustinet
3546 3902 3774 3943 omnes.

2736 3996 3146 4053 CAPITULUM
3190 3996 3332 4051 XXI.

2472 4090 2545 4143 De
2574 4089 2684 4143 cibi
2710 4090 2971 4159 potusque
2995 4088 3274 4159 parcitate
3303 4084 3592 4141 servanda.

2220 4200 2260 4251 A
2292 4194 2541 4268 dapibus
2571 4194 2750 4249 lautis
2781 4199 2838 4249 et
2869 4194 3104 4265 potibus
3136 4191 3540 4248 immoderatis

2216 4284 2510 4341 Sollicitus
2540 4284 2825 4356 templum
2857 4282 3085 4339 custodi
3116 4281 3374 4354 corporis
3399 4284 3601 4353 aptum
3631 4298 3645 4336 :

2214 4375 2316 4442 Ne,
2349 4375 2488 4429 dum
2522 4373 2794 4428 fervescis
2825 4388 3055 4444 semper
3085 4370 3418 4427 carnalibus
3450 4370 3626 4435 escis,

2214 4464 2285 4520 Et
2313 4463 2470 4519 velut
2498 4461 2854 4534 hydropicus
2885 4460 3051 4515 nimii
3083 4464 3255 4532 potus
3284 4458 3440 4531 geris
3468 4474 3638 4526 usus,

2213 4552 2343 4609 Jam
2375 4550 2606 4607 divinus
2637 4566 2804 4605 amor
2832 4548 3029 4603 minus
3061 4548 3120 4603 in
3152 4551 3207 4604 te
3236 4548 3314 4603 sit
3342 4545 3674 4614 habitator;

2212 4641 2313 4698 Vis
2344 4640 2559 4696 etenim
2592 4637 2805 4695 mentis
2836 4638 3075 4710 languet
3103 4636 3459 4710 pinguedine
3488 4635 3709 4692 ventris

2210 4733 2290 4787 Ac
2319 4734 2579 4787 crassata
2607 4745 2739 4785 caro
2771 4730 2970 4800 gustat
2998 4725 3256 4783 coelestia
3284 4742 3436 4783 raro.

2710 4832 3129 4890 CAPITULUM
3177 4833 3357 4886 XXII.

2586 4925 2660 4980 De
2687 4924 2867 4980 somni
2895 4924 3074 4995 quiete
3105 4920 3481 4995 temperanda.

2212 5026 2294 5082 Ne
2324 5024 2505 5082 nimio
2536 5023 2726 5080 soleas
2755 5026 2857 5079 tua
2886 5022 3117 5078 tradere
3149 5020 3414 5078 membra
3443 5018 3662 5093 sopori.

2213 5115 2376 5172 Sicut
2403 5114 2559 5171 enim
2592 5131 2733 5170 cura
2761 5111 2951 5169 somni
2985 5111 3129 5168 satis
3159 5114 3250 5167 est
3287 5109 3645 5180 adhibenda,

2211 5205 2286 5261 Ut
2314 5202 2548 5277 fragiles
2576 5207 2741 5259 artus
2769 5201 2922 5259 vires
2950 5200 3179 5274 possint
3208 5215 3477 5273 reparare
3501 5218 3516 5269 ;

2210 5294 2305 5351 Sic
2336 5293 2619 5351 frenanda
2645 5308 2779 5349 caro
2812 5290 2978 5348 nimii
3008 5308 3077 5348 ex
3104 5289 3413 5348 dulcedine
3442 5288 3656 5361 somni,

2211 5384 2293 5440 Ne
2323 5400 2426 5456 per
2454 5386 2747 5455 torporem
2778 5383 3086 5438 desuescat
3109 5380 3259 5438 ferre
3286 5380 3567 5447 laborem,

2211 5477 2394 5540 Quem
2425 5489 2528 5545 pro
2560 5471 2812 5545 peccatis
2841 5470 3061 5527 crebris
3092 5470 3373 5529 debemus
3403 5468 3640 5539 habere,

2211 5562 2284 5619 Ut
2312 5577 2743 5636 conregnemus
2759 5560 2858 5633 qui
2889 5577 3047 5619 nunc
3078 5558 3255 5617 simul
3285 5558 3423 5617 inde
3454 5558 3748 5617 dolemus.

2210 5652 2358 5713 Nam
2387 5652 2492 5714 bos
2521 5669 2626 5712 nec
2655 5652 2919 5713 comebat
2948 5651 3049 5726 qui
3083 5650 3221 5731 jam,
3241 5650 3568 5725 jugarferre
3598 5654 3891 5710 recusat.
