4108 6188
243 362 364 426 285

752 498 1162 559 CAPITULUM
1199 502 1391 560 XXIII.

317 590 393 646 De
415 587 724 660 abjiciendo
749 591 1011 659 pretiose
1039 597 1093 647 et
1119 595 1415 665 superﬂuae
1443 595 1604 650 vestis
1633 596 1811 653 cultu.

248 677 386 734 Ecce
416 678 665 734 studens
694 679 964 751 pretiosis
995 682 1255 738 vestibus
1287 683 1393 752 uti,

244 772 355 823 Per
384 784 532 840 quas
561 767 850 839 praecipue
881 768 1056 824 datur
1085 769 1417 826 extollentia
1443 773 1626 826 terrae.

245 857 356 913 Sed
386 873 492 912 cur
520 855 643 911 haec
675 856 804 912 dico
834 857 907 912 do
937 857 1149 914 vestitu
1178 859 1450 931 pretioso,

244 947 388 1003 Cum
415 947 624 1001 vitium
657 946 954 1017 quoddam
986 948 1176 1019 magis
1207 949 1557 1006 exsecrabile
1596 966 1855 1020 cernam,

246 1035 406 1102 Quod
438 1038 560 1090 tam
591 1035 817 1107 praelati
847 1037 949 1107 qui
981 1043 1342 1108 cognoscunt
1366 1038 1522 1094 mala
1552 1040 1779 1110 mundi,

245 1125 431 1190 Quam
457 1123 623 1196 plebs
650 1125 860 1197 ignara
886 1131 1124 1182 verrunt
1152 1144 1287 1183 cum
1318 1129 1580 1185 vestibus
1609 1128 1767 1184 ima?

245 1213 364 1270 Heu
396 1213 593 1285 plebs!
626 1213 744 1270 heu
773 1215 991 1271 rector!
1026 1215 1218 1288 qualis
1245 1234 1346 1273 vos
1377 1222 1655 1290 aggravat
1681 1234 1842 1273 error
1871 1233 1885 1272 :

245 1303 387 1359 Cum
419 1307 860 1360 contemnentes
888 1303 1156 1360 videmus
1188 1306 1378 1362 nudos
1410 1311 1467 1362 et
1494 1310 1730 1379 egentes

244 1393 310 1448 Et
341 1391 454 1448 sibi
485 1396 885 1449 monstrantes
915 1394 1108 1466 qualis
1138 1394 1214 1450 sit
1242 1395 1428 1466 gloria
1453 1400 1666 1464 vestra,

243 1481 357 1536 Sub
388 1481 642 1553 pedibus
671 1485 856 1537 strata
883 1483 1086 1554 geritis
1115 1499 1394 1540 concessa
1423 1483 1678 1540 talenta?

244 1569 335 1626 Sic
362 1574 422 1625 et
443 1570 572 1641 jam
602 1568 766 1626 dives
795 1571 1103 1643 Evangelio
1135 1573 1434 1640 recitatus,

243 1658 383 1715 Cum
414 1675 479 1714 se
509 1659 775 1731 quotidie
803 1659 980 1716 variis
1011 1659 1200 1732 epulis
1231 1663 1486 1738 satiaret,

241 1748 347 1804 Nec
375 1748 553 1820 panis
581 1749 767 1805 micas
798 1750 1006 1806 Lazaro
1037 1751 1328 1806 concessit
1354 1767 1556 1824 egeno.

240 1837 322 1891 Ad
352 1836 581 1893 cultum
605 1837 735 1894 vita
766 1838 972 1895 moniti
1005 1841 1360 1913 quandoque
1389 1839 1592 1896 redite.

241 1925 404 1994 Nam,
433 1942 596 1999 rogo,
619 1927 762 2000 quid
793 1929 1032 2000 prodest
1059 1929 1232 1986 hodie
1263 1929 1664 2002 splendescere
1685 1945 1884 2002 quem-

1611 2022 1812 2091 [quam

239 2105 338 2170 Qui
371 2121 504 2161 eras
535 2109 636 2162 aut
666 2107 840 2162 citius
869 2107 1118 2164 fortasse
1137 2108 1286 2180 perit
1314 2108 1674 2164 moriturus?

735 2212 1147 2271 CAPITULUM
1186 2215 1382 2271 XXIV.

661 2303 735 2358 De
771 2319 916 2358 vana
958 2304 1138 2375 gloria
1169 2304 1453 2377 fugienda.

239 2413 374 2464 Cum
406 2408 564 2463 bona
589 2425 834 2481 quaque
862 2410 1038 2482 geris,
1071 2426 1176 2467 nec
1206 2411 1412 2467 mundi
1433 2410 1606 2467 laude
1626 2409 1884 2483 graveris

238 2496 343 2552 Sed
375 2495 570 2569 magis
599 2501 722 2553 esto
753 2514 997 2565 memor,
1027 2498 1159 2571 quis
1187 2500 1265 2556 sit
1292 2499 1572 2556 bonitatis
1601 2505 1656 2555 et
1684 2503 1886 2556 auctor

237 2585 300 2640 Et
331 2586 506 2657 cujus
539 2586 691 2643 dono
722 2587 823 2643 tibi
855 2588 932 2643 sit
959 2588 1152 2644 vitalis
1184 2589 1363 2659 origo.

235 2674 498 2746 Denique
528 2691 632 2731 ceu
662 2676 786 2731 sine
816 2692 879 2732 se
909 2681 1141 2749 poteras
1172 2678 1507 2734 nullatenus
1534 2693 1661 2734 esse

233 2763 319 2819 Sic
351 2764 470 2820 nisi
505 2764 702 2820 divino
735 2770 1001 2838 respectu
1024 2767 1416 2839 praeveniaris,

230 2853 341 2908 Nec
372 2852 584 2909 saltem
618 2871 791 2911 nosse
821 2856 1144 2928 quidquam
1175 2861 1337 2929 potes
1369 2874 1438 2913 ex
1467 2857 1743 2927 bonitate,

232 2943 372 2998 Huic
403 2943 623 2999 idcirco
653 2945 823 3016 refer,
857 2946 905 3000 si
937 2945 1078 3017 quid
1109 2946 1290 3002 facias
1319 2947 1632 3019 sapienter.

231 3031 297 3086 Et
343 3031 485 3104 quia
530 3048 681 3104 saepe
726 3033 995 3089 homines
1039 3037 1278 3091 censent
1317 3034 1427 3090 hoc
1470 3035 1643 3091 laude
1685 3034 1877 3091 colen-

1616 3125 1803 3194 [dum,

226 3213 376 3265 Ante
405 3209 508 3264 Dei
540 3213 752 3265 nutum
785 3212 938 3284 quod
960 3213 1088 3284 jam
1119 3216 1350 3268 constat
1377 3214 1776 3286 reprobatum,

229 3298 532 3356 Laudibus
559 3299 839 3356 humanis
870 3301 970 3372 qui
1001 3302 1207 3374 credit,
1243 3302 1425 3358 fertur
1452 3301 1667 3359 inanis.

746 3406 1167 3464 CAPITULUM
1205 3408 1373 3463 XXV.

834 3499 912 3552 De
932 3497 1273 3554 obedientia.

228 3600 360 3657 Sive
392 3598 558 3673 patri
581 3601 788 3671 carnis,
820 3619 922 3659 seu
952 3603 1083 3660 vitae
1112 3603 1442 3676 spiritualis

228 3689 401 3745 Omni
431 3689 674 3762 praelato
705 3693 1006 3762 subjectus
1036 3692 1119 3749 sis
1150 3694 1319 3764 quasi
1345 3691 1593 3748 Christo.

228 3777 373 3834 Nam
402 3795 542 3835 cum
575 3779 656 3834 nil
682 3781 837 3851 juris
869 3782 997 3838 sine
1015 3782 1150 3853 jure
1181 3783 1248 3837 ﬁt
1277 3781 1728 3856 Omnipotentis,

228 3870 439 3924 Contra
467 3868 670 3941 ipsum
697 3869 1012 3927 Dominum
1036 3871 1280 3928 molitur
1307 3873 1545 3927 tendere
1570 3871 1809 3943 collum,

229 3956 333 4020 Qui
362 3957 722 4030 dedignatur
749 3960 1098 4032 cuicumque
1129 3961 1372 4017 subesse
1403 3959 1702 4034 magistro.

738 4065 1157 4123 ARTICULUM
1195 4066 1381 4122 XXVI.

233 4153 378 4222 Quod
404 4169 508 4225 pro
537 4155 706 4210 rebus
735 4154 940 4225 dubiis,
972 4174 1106 4227 quas
1134 4157 1219 4211 nit
1245 4157 1466 4228 prodest
1493 4157 1656 4225 scire,
1679 4172 1790 4214 non
1807 4157 1886 4213 sit

788 4229 1015 4298 quaestio
1043 4228 1320 4301 facienda.

230 4311 309 4367 De
337 4313 519 4369 rebus
550 4313 751 4370 dubiis
778 4315 898 4372 noli
928 4317 1277 4372 contendere
1302 4315 1517 4382 verbis,

226 4402 304 4457 Ac
336 4419 466 4474 qua;
497 4404 644 4458 dant
673 4404 868 4461 nullos
898 4405 1107 4462 animae
1136 4405 1499 4462 discentibus
1538 4421 1706 4472 usus,

233 4488 561 4559 Quomodo,
594 4509 720 4560 cur,
752 4495 986 4565 quando
1019 4495 1332 4567 ccepissent
1361 4498 1514 4550 stare
1542 4493 1814 4567 vigendo,

231 4579 438 4636 Isthaec
467 4582 810 4654 preteriens
839 4582 980 4654 quid
1015 4583 1141 4639 sint
1161 4584 1462 4656 exquirere
1493 4581 1612 4638 noli

228 4667 501 4725 Suﬂ'iciat
521 4671 755 4728 cunctis
781 4688 1049 4728 normam
1074 4673 1289 4729 rescire
1317 4671 1529 4728 salutis

225 4759 362 4820 Quae
399 4775 509 4816 nos
538 4761 612 4816 ad
644 4760 895 4833 patriam
927 4765 1217 4818 monstrat
1245 4776 1504 4818 remeare
1533 4761 1766 4817 beatam

225 4843 374 4903 Nam
407 4848 578 4904 decet
608 4849 895 4906 incertum
918 4851 1021 4921 jus
1050 4853 1386 4924 exspectore
1416 4866 1758 4923 supernum.

716 4957 1132 5015 CAPITULUM
1174 4957 1393 5013 XXVII.

227 5042 396 5120 Quia_
425 5045 601 5120 facile
638 5046 805 5120 inure
846 5049 1131 5103 notissima
1180 5050 1232 5102 et
1278 5053 1465 5120 aperta
1492 5050 1732 5120 erretur,
1773 5048 1888 5104 nisi

374 5116 531 5174 bonis
557 5118 814 5190 operibus
842 5120 1091 5176 veritatis
1119 5116 1350 5175 scientia
1379 5119 1749 5190 confirmetur.

221 5226 296 5277 At
327 5223 479 5296 quia
509 5228 650 5282 sunt
679 5224 866 5282 multa
894 5225 1031 5282 ﬁdei
1061 5224 1389 5282 certissime
1422 5224 1596 5294 dicta,

218 5310 362 5377 Qua
398 5329 567 5372 mens
596 5315 893 5389 suggestis
921 5331 1056 5372 cum
1087 5314 1409 5372 delectatur
1436 5315 1656 5387 iniquis

221 5400 442 5475 Utpote
473 5409 691 5461 cacata
719 5405 907 5462 nescit
936 5405 1296 5479 perpendere
1323 5421 1481 5471 vera,

216 5491 478 5565 Semper
510 5493 584 5549 ab
615 5493 842 5552 illicitis
872 5510 1174 5568 compesce
1202 5493 1438 5573 negotia
1465 5493 1680 5549 mentis
1718 5541 1722 5544 .

216 5582 297 5638 Ut
329 5579 538 5639 lumen
565 5599 772 5640 verum
800 5583 908 5640 tibi
936 5585 1014 5641 sit
1042 5600 1218 5658 super
1248 5582 1452 5640 abdita
1480 5597 1700 5651 rerum,

211 5672 300 5730 Ac
328 5672 494 5733 bona
519 5674 595 5733 de
622 5673 818 5747 pravis
847 5675 1129 5738 veraciter
1156 5675 1323 5733 edere
1348 5672 1560 5747 pessis;

1425 368 1526 432 DE
1571 370 1969 435 DOGTRINA
2010 373 2474 438 SPIRITUALI.

1919 509 1976 576 Α
2003 507 2150 565 Nam
2181 524 2451 582 perversa
2477 510 2720 567 studens
2751 508 2954 583 nequit
2998 508 3057 565 in
3100 506 3328 567 Christo
3359 506 3480 563 fore
3511 522 3650 578 pru-

3535 373 3654 436 286

3385 596 3577 666 [dens.

2474 689 2892 746 CAPITULUM
2932 688 3171 745 XXVIII.

2069 778 2144 832 De
2170 780 2622 850 concupiscentia
2639 779 2882 834 comatis
2914 779 3214 834 tentatione
3239 773 3573 847 superanda.

1999 864 2059 922 Si
2091 866 2341 923 carnalis
2373 885 2556 938 amor,
2589 885 2799 924 sensus
2832 866 3074 940 puerilis
3104 869 3348 932 amator,

1997 955 2076 1011 Te
2100 956 2377 1012 tentando
2408 961 2587 1029 petat,
2621 974 2692 1012 ne
2724 974 2858 1013 mox
2886 957 3105 1012 orando
3136 953 3428 1026 quiescas.

1998 1044 2072 1100 Ut
2101 1049 2352 1117 nequeat
2381 1045 2516 1102 talis
2548 1050 2803 1102 mentem
2824 1057 3198 1117 perrumpere
3230 1039 3434 1114 pestis,

1998 1133 2229 1190 Scilicet
2256 1135 2328 1190 ad
2359 1139 2603 1206 petram,
2634 1152 2750 1208 qua
2776 1134 3044 1190 Christus
3075 1130 3461 1203 significatur,

1997 1223 2175 1278 Juxta
2199 1223 2521 1280 Psalmistaa
2542 1225 2870 1280 doctrinam
2893 1223 3000 1278 rite
3026 1234 3360 1286 recurrens,
3433 1234 3435 1237 '

1996 1312 2154 1367 Aﬂer
2181 1315 2240 1367 et
2270 1312 2447 1368 allide
2478 1312 2764 1385 quidquid
2795 1317 2994 1368 teneas
3026 1308 3265 1382 puerile.

1997 1399 2143 1456 Nam
2175 1417 2278 1472 per
2307 1401 2464 1457 idem
2494 1401 2712 1458 bellum
2745 1401 2969 1457 caleste
2999 1400 3172 1455 datur
3201 1396 3307 1452 tibi
3335 1409 3586 1468 regnum

1997 1489 2068 1544 Et
2097 1489 2199 1561 qui
2231 1491 2465 1557 tentari,
2498 1507 2614 1546 non
2644 1490 2932 1564 permittit
2963 1486 3249 1562 superari,

1995 1579 2080 1633 Ad
2112 1594 2174 1634 se
2200 1579 2503 1648 duntaxat,
2537 1597 2685 1651 quos
2716 1579 2909 1635 omnis
2939 1594 3079 1633 cura
3107 1575 3344 1631 relaxat.

2505 1667 2913 1724 CAPITULUM
2952 1666 3139 1722 XXIX.

2146 1757 2220 1812 De
2248 1757 2470 1812 honoris
2497 1765 2548 1812 et
2570 1758 2848 1828 primatus
2877 1755 3177 1811 ambitione
3203 1749 3489 1826 fugienda.

1997 1843 2078 1900 De
2107 1860 2334 1916 quaeras
2362 1845 2514 1900 votis
2547 1845 2830 1900 mundani
2861 1843 3095 1900 culmen
3129 1838 3368 1896 honoris

1992 1933 2332 2006 Effectuque
2361 1933 2446 1989 tui
2479 1933 2750 2006 princeps
2779 1933 3027 1989 existere
3059 1930 3200 1987 noli.

1992 2022 2140 2080 Nam
2173 2038 2288 2094 quo
2319 2021 2452 2094 plus
2479 2021 2609 2078 aliis
2640 2019 2916 2094 praelatus
2947 2019 3152 2076 niteris
3181 2033 3330 2083 esse,

1991 2112 2134 2167 Tam
2167 2111 2356 2184 magis
2387 2111 2612 2167 invisus
2644 2128 2839 2166 coram
2870 2111 3118 2167 Domino
3149 2103 3471 2180 reputaris;

1993 2199 2061 2255 Et
2083 2217 2186 2256 ceu
2217 2199 2522 2271 prudentis
2551 2200 2700 2256 liber
2729 2203 2961 2256 enarrat
2987 2196 3314 2254 Salomonis
3345 2211 3360 2249 :

1991 2289 2290 2346 Judicium
2321 2291 2538 2346 durum
2569 2306 2747 2361 super
2773 2289 2896 2345 haec
2927 2292 3016 2345 est
3047 2290 3276 2359 sceptra
3305 2285 3591 2340 futurum.

2505 2396 2762 2452 CAPITU
2773 2396 2923 2453 LUM
2962 2395 3127 2450 XXX.

1995 2485 2148 2553 Quod
2213 2486 2338 2540 licet
2395 2486 2647 2541 homines
2694 2485 2939 2556 potentia
2973 2483 3298 2556 abutantur,
3353 2480 3637 2551 potestates

2302 2560 2490 2612 tamen
2519 2574 2553 2611 a
2584 2553 2824 2612 Domino
2852 2557 2992 2626 iuste
3020 2553 3333 2608 traduntur.

1991 2646 2104 2701 Sed
2133 2644 2268 2702 licet
2291 2645 2412 2702 hinc
2441 2646 2613 2718 pauci
2644 2649 2850 2701 curent
2877 2643 3175 2700 attendere
3202 2639 3396 2705 verba,

1988 2737 2178 2806 Atque
2200 2751 2448 2808 praeesse
2476 2734 2845 2808 prius,quam
2873 2729 3269 2803 discant,quid
3293 2728 3368 2784 sit
3385 2726 3637 2793 habena,

1992 2822 2381 2896 Prorumpant
2410 2823 2608 2896 plures
2639 2823 2854 2879 carnali
2886 2838 3046 2878 more
3075 2824 3370 2876 tumentes
3404 2833 3418 2872 :

1988 2913 2138 2977 Quin
2170 2913 2350 2985 (quod
2382 2911 2696 2968 ridiculum
2728 2911 2815 2967 vel
2847 2911 3007 2967 dictu
3033 2911 3168 2981 jure
3195 2908 3445 2974 videtur)

1986 3002 2075 3056 Ad
2107 3017 2277 3058 curas
2308 3001 2514 3057 animae
2538 3019 2694 3057 nunc
2717 3001 2973 3057 infantes
2999 3001 3351 3068 statuantur,

1987 3093 2100 3146 Ceu
2131 3107 2247 3146 non
2279 3089 2532 3146 sufﬁciat
2559 3090 2653 3146 bis
2682 3106 2785 3162 per
2829 3105 2979 3161 quos
3009 3089 3122 3143 ista
3151 3087 3434 3158 parantur

1989 3179 2233 3234 Perdere
2264 3195 2327 3236 se
2357 3178 2514 3236 solos
2541 3179 2670 3234 vitae
2703 3178 3009 3250 presentis
3039 3192 3238 3233 amore

1907 3247 1950 3314 (ἶ
1991 3268 2062 3326 Ni
2095 3282 2296 3323 secum
2326 3265 2514 3324 socios
2547 3247 2761 3323 ducant
2791 3267 2862 3322 ad
2895 3270 3115 3322 tartara
3145 3263 3388 3320 multos.

1988 3357 2130 3412 Esse
2151 3359 2502 3428 potestatem
2527 3356 2845 3427 quamdam
2873 3358 3072 3410 tamen
3090 3353 3247 3408 haud
3266 3349 3629 3420 dubitamus,

1989 3445 2122 3509 Quae
2153 3446 2263 3502 sub
2295 3460 2493 3502 amore
2522 3443 2623 3500 Dei
2655 3446 2931 3514 suscepta
2948 3440 3101 3497 valet
3127 3438 3363 3496 retineri
3399 3453 3412 3492 :

1989 3533 2136 3590 Cum
2167 3533 2281 3590 nisi
2305 3534 2465 3604 juste
2494 3533 2568 3588 ab
2597 3548 2663 3588 eo
2695 3531 3030 3597 descendat,
3063 3527 3227 3584 nulla
3256 3527 3534 3599 potestas,

1988 3623 2114 3679 Non
2144 3622 2324 3694 igitur
2353 3626 2651 3694 sceptrum
2682 3621 2753 3676 de
2782 3635 3016 3676 summo
3048 3619 3202 3689 Rege
3233 3617 3518 3674 statutum

1989 3711 2218 3768 Erroris
2248 3727 2484 3775 causam
2518 3709 2841 3766 rectoribus
2871 3707 3085 3781 ingerit
3115 3705 3296 3762 ullam

1991 3801 2103 3857 Sed
2133 3799 2343 3856 vitium
2377 3799 2584 3872 plebis,
2616 3814 2842 3854 necnon
2871 3795 3083 3853 delicta
3110 3793 3388 3868 potentis,

1991 3889 2098 3955 Qui
2130 3905 2236 3944 nec
2265 3888 2373 3944 rite
2403 3888 2576 3962 capit,
2611 3904 2715 3943 nec
2741 3889 2975 3959 captum
2999 3885 3103 3956 jus
3131 3885 3281 3940 bene
3310 3882 3472 3938 ducit

1989 3977 2222 4035 Judicio
2246 3979 2408 4049 justo
2441 3976 2729 4050 permissa
2753 3977 3052 4032 merentur
3083 3971 3236 4029 abuti

1989 4067 2203 4124 Audiat
2232 4067 2339 4123 hoc
2370 4067 2520 4134 ideo,
2551 4067 2722 4137 cujus
2752 4081 2918 4121 mens
2947 4064 3156 4136 ﬂagrat
3183 4062 3242 4117 in
3273 4075 3458 4132 aquo.

1995 4155 2253 4224 Qualiter
2284 4157 2357 4212 ad
2388 4160 2684 4228 sceptrum
2715 4153 2804 4210 vel
2834 4153 2905 4209 ab
2936 4152 3065 4226 ipso
3096 4151 3174 4208 sit
3201 4149 3573 4207 veniendum.

2519 4261 2935 4318 CAPITULUM
2974 4260 3118 4316 XXI.

1995 4351 2272 4421 Quomodo
2291 4352 2363 4407 ad
2377 4355 2700 4422 potestatem
2715 4352 2941 4421 quisque
2948 4349 3284 4422 promoveri,
3297 4351 3348 4404 et
3361 4346 3416 4402 si
3433 4346 3643 4402 iterum

2466 4423 2656 4478 eadem
2683 4422 2873 4478 debeat
2897 4421 3165 4490 relinqui.

1995 4511 2055 4568 Si
2087 4515 2143 4567 te
2174 4511 2488 4568 consilium
2519 4511 2666 4567 ratio
2695 4514 2751 4566 et
2781 4513 3048 4582 perstans
3078 4507 3326 4563 aliorum

1918 4617 1964 4683 υ
1995 4604 2105 4656 Pro
2137 4617 2240 4673 spe
2268 4600 2502 4657 virtutis
2531 4599 2731 4672 cupiat
2759 4612 3092 4670 praeponere
3119 4594 3297 4664 curis,

1996 4693 2108 4746 Res
2142 4705 2246 4746 nec
2276 4689 2520 4746 honesta
2547 4688 2654 4744 tibi
2684 4685 2973 4760 permittit
3001 4699 3172 4756 posse
3201 4680 3395 4751 reniti,

1997 4779 2058 4836 Si
2089 4778 2174 4834 sic
2204 4778 2422 4834 electus
2451 4777 2645 4850 capies
2672 4790 2863 4831 arcem
2885 4773 3244 4837 dominatus,

1996 4868 2210 4924 Ordine
2240 4865 2434 4923 divino
2454 4869 2556 4939 jus
2585 4867 2697 4924 hoc
2716 4866 3068 4922 descendere
3088 4863 3280 4934 credo,

1995 4957 2064 5012 Et
2094 4972 2224 5013 reor
2250 4973 2380 5013 esse
2409 4957 2594 5028 nefas,
2629 4955 2678 5012 si
2706 4957 2847 5011 tunc
2873 4953 3200 5010 contrarius
3231 4955 3423 5008 exstas
3455 4967 3468 5007 :

1995 5046 2054 5101 Si
2085 5049 2303 5114 tamen,
2335 5049 2402 5102 ut
2431 5045 2572 5115 dixi,
2601 5043 2834 5102 virtutis
2865 5060 2967 5116 spe
2996 5041 3274 5116 cupiaris.

1994 5135 2094 5191 Sin
2126 5135 2287 5192 aliud
2319 5135 2640 5208 quidquam
2674 5135 2974 5190 mundano
3004 5131 3247 5206 fingitur
3277 5146 3410 5200 usu,

1995 5225 2117 5290 Quo
2138 5226 2242 5297 jus
2274 5224 2538 5282 Ecclesiae
2569 5240 2704 5281 vero
2735 5224 3037 5280 fraudetur
3065 5222 3305 5287 honore,

1995 5314 2157 5369 Sicut
2187 5330 2343 5369 nunc
2374 5313 2544 5370 multi
2575 5315 2876 5387 ponuntur
2906 5312 2964 5368 in
2997 5327 3125 5366 arce
3156 5307 3416 5381 regendi,

1892 5435 1900 5443 -
1995 5403 2068 5459 Ut
2095 5403 2218 5460 vice
2247 5407 2538 5460 rectorum
2572 5403 2690 5458 sint
2721 5419 3017 5474 pressores
3049 5399 3420 5464 miserorum,

2002 5499 2078 5550 Ac
2108 5491 2210 5548 tali
2244 5493 2437 5564 specie
2468 5492 2730 5548 muundo
2760 5489 3047 5546 deserviat
3075 5503 3248 5544 omne

1993 5581 2156 5647 Quod
2188 5580 2275 5638 vel
2305 5581 2588 5654 subjectis
2617 5598 2720 5638 seu
2751 5578 3106 5653 pauperibus
3137 5576 3500 5649 detrahatur,

1993 5670 2118 5727 Non
2150 5669 2342 5733 solum
2365 5670 2520 5744 juris
2546 5669 2745 5730 electio
2777 5668 2884 5728 erit
2913 5667 3206 5742 fugienda.
