4108 6188
448 329 566 390 287

1454 333 1797 394 OTHLONI
1841 332 2200 395 MONACHI
2246 333 2308 394 S.
2353 331 2868 393 EMMERAMMI.

3740 328 3860 389 288

451 464 560 522 Sed
593 478 825 535 quoque
856 466 987 533 post
1017 462 1263 531 aditum,
1298 463 1348 521 si
1379 481 1472 520 res
1500 466 1703 538 nequit
1732 471 1866 524 ante
1911 466 2091 523 videri
2123 471 2176 536 Α
2207 468 2277 522 Et
2305 482 2376 521 ne
2406 464 2575 537 plura
2604 463 2767 530 velis,
2799 479 2933 519 cum
2965 460 3072 517 fari
3103 462 3354 532 paucula
3383 458 3573 531 possis
3610 475 3622 514 :

452 554 566 609 Nec
594 556 734 608 tunc
764 555 1032 622 speratur
1061 552 1181 607 haec
1213 554 1283 608 ad
1317 553 1558 610 meliora
1588 556 1829 627 patrari,

454 644 569 697 Aut
593 641 989 710 subjectorum
1020 640 1107 696 vel
1139 641 1310 713 culpa
1340 644 1804 715 praepositorum,

457 729 627 786 Liber
657 728 766 783 erit
799 730 1042 798 reditus,
1077 735 1133 785 et
1161 731 1504 801 deponenda
1535 737 1811 804 potestas,

455 818 537 872 Ne
567 818 786 888 pariter
815 818 1009 889 pravis
1040 820 1178 874 dare
1209 837 1562 878 consensum
1592 822 1856 878 videaris.

457 906 724 963 Sufficiat
754 907 863 961 soli
897 924 1010 978 quo
1042 907 1170 963 aliis
1201 910 1475 979 prodesse
1508 911 1796 983 nequibis.

455 996 602 1051 Nam
635 996 915 1053 miserum
950 1001 1036 1052 est
1066 997 1230 1052 valde
1265 1002 1318 1052 te
1349 1003 1578 1056 tantum
1612 1000 1754 1056 velle
1788 1016 2033 1072 praeesse

455 1084 802 1156 Praelatique
832 1085 954 1141 loco
988 1086 1069 1141 nil
1100 1104 1359 1142 exercere
1390 1091 1648 1160 regendi.

454 1174 536 1230 Ne
567 1174 769 1246 cupias
801 1191 936 1246 ergo
964 1176 1145 1246 judex
1175 1177 1266 1232 his
1299 1179 1573 1233 associari

459 1264 575 1319 Sub
608 1264 741 1317 ﬁdei
774 1265 941 1330 fictae,
973 1266 1059 1321 vel
1089 1267 1294 1337 quavis
1326 1268 1676 1334 conditione,

465 1354 618 1417 Quos
649 1356 712 1407 tu
746 1370 857 1408 non
889 1354 1102 1424 poteris
1134 1355 1436 1412 deflectere
1467 1357 1693 1429 legibus
1725 1357 1926 1429 aequis.

462 1442 546 1496 Sit
576 1446 676 1496 tua
705 1458 871 1498 mens
903 1443 1096 1513 potius
1127 1444 1210 1499 sic
1239 1450 1516 1501 constans
1548 1447 1603 1500 in
1637 1447 1894 1502 bonitate

465 1532 535 1586 Ut
563 1546 966 1601 perversorum
995 1532 1282 1590 solidatur
1310 1534 1367 1588 in
1400 1535 1791 1606 improbitate.

465 1620 566 1676 His
599 1619 916 1692 praelibatis
947 1623 1018 1677 de
1048 1623 1306 1679 fascibus
1331 1625 1682 1696 accipiendis

464 1710 534 1765 Et
563 1725 709 1780 quos
741 1710 977 1766 omnino
1010 1711 1159 1782 fugit
1189 1711 1620 1769 ecclesiasticus
1650 1715 1810 1780 ordo,

465 1798 631 1853 Nunc
659 1797 964 1853 veniamus
995 1816 1060 1854 co
1095 1817 1210 1870 quo
1234 1802 1359 1870 jam
1384 1806 1522 1857 sunt
1551 1804 1765 1858 tradita
1794 1809 2044 1874 sceptra,

466 1887 541 1941 Ut
571 1886 836 1941 doctrina
865 1887 1064 1959 aliqua
1094 1890 1388 1960 prosimus
1419 1892 1771 1948 habentibus
1802 1892 1949 1965 ipsa.

961 1995 1374 2050 CAPITULUM
1415 1997 1630 2052 XXXII.

520 2081 682 2148 Quali
710 2097 844 2136 cura
873 2087 926 2137 et
953 2100 1010 2138 se
1038 2092 1088 2159 et
1112 2089 1432 2159 pommissns
1475 2089 1653 2141 rector
1707 2088 2081 2159 unusquisque

1037 2155 1224 2211 debeat
1255 2159 1543 2213 custodire.

469 2245 614 2312 Ergo
645 2242 884 2298 effectus
916 2244 988 2298 ad
1019 2244 1128 2300 hoc
1162 2249 1225 2301 ut
1248 2248 1430 2318 judex
1461 2247 1542 2302 sis
1576 2248 1846 2319 aliorum,

466 2330 568 2386 Vel
601 2332 836 2402 quando
867 2332 991 2402 ipse
1024 2334 1109 2388 tui
1139 2335 1447 2406 vigilanter
1475 2336 1562 2391 vis
1591 2336 1900 2403 dominari,

471 2423 599 2476 Mox
629 2421 848 2491 probus
875 2439 939 2476 ac
971 2423 1219 2492 stabilis,
1243 2426 1414 2495 juxta
1446 2441 1638 2481 mores
1668 2425 1990 2498 gravitatis,

472 2511 554 2565 Ex
584 2512 741 2566 omni
775 2516 942 2582 gestu
975 2512 1280 2583 speculum
1303 2515 1723 2570 moderaminis
1754 2519 1900 2585 esto,

472 2600 804 2656 Monstrans
835 2601 1098 2674 exemplo
1130 2619 1494 2674 quaecunque
1535 2605 1708 2658 doces
1740 2604 1891 2659 bona
1919 2603 2112 2671 verbo,

470 2689 553 2744 Ne
582 2689 686 2744 tibi
720 2690 947 2746 dicatur
975 2692 1129 2762 quod
1156 2709 1265 2747 vox
1295 2692 1489 2748 divina
1519 2693 1784 2763 profatur
1815 2709 1828 2747 :

470 2781 584 2833 Cur
612 2779 777 2835 oculo
809 2780 1005 2836 fratris
1036 2781 1320 2837 festucam
1354 2787 1474 2838 tam
1502 2783 1648 2838 bene
1678 2782 1866 2838 cernis

471 2868 536 2922 Et
587 2869 784 2925 minus
841 2871 1135 2942 inspectas
1193 2888 1372 2942 quam
1431 2876 1556 2928 tute
1606 2872 1833 2927 trabem
1883 2887 2114 2943 quoque

1785 2961 2004 3034 [gestas
2016 2962 2043 3016 ‘2

471 3049 664 3112 Quove
695 3049 867 3104 modo
898 3050 1059 3105 fratri
1083 3051 1299 3122 poteris
1330 3051 1413 3106 sic
1448 3049 1740 3106 consiliari
1778 3067 1790 3104 :

471 3141 688 3208 Frater,
723 3138 1004 3194 festucam
1038 3139 1108 3195 de
1136 3139 1264 3194 luce
1293 3143 1397 3195 tua
1427 3139 1552 3195 sine
1578 3141 1812 3207 ducam,

2207 557 2353 611 Nam
2387 553 2619 626 sapiens
2639 553 2828 609 verbis
2860 550 3201 624 perstringit
3236 549 3491 622 plurima
3522 549 3746 621 paucis.

2209 647 2325 700 Iloc
2355 645 2530 700 etiam
2565 660 2798 698 summa
2827 642 3066 697 studeas
3097 639 3455 711 perpendere
3486 655 3626 695 cura
3661 657 3673 696 :

2208 735 2349 789 Cum
2386 738 2619 804 tempus
2652 731 2832 801 fandi,
2857 730 2941 785 vel
2975 729 3208 801 quando
3243 728 3318 782 sit
3348 727 3492 783 hora
3520 729 3774 784 tacendi.

2209 824 2463 894 Tempus
2497 821 2864 888 conveniens,
2899 836 3025 891 quae
3052 821 3262 874 cuncta
3293 818 3526 888 negotia
3565 823 3857 889 quaerunt.

2209 912 2471 983 Eloquiis
2502 911 2699 978 castis,
2735 911 3035 965 moderata
3065 924 3202 962 voce
3235 907 3468 973 fruaris,

2215 1001 2471 1056 Blandus
2502 1001 2848 1065 mansuetis,
2881 998 3183 1053 districtus
3209 1001 3265 1052 et
3293 1001 3415 1052 esto
3447 997 3737 1068 superbis.

2213 1091 2359 1145 Nam
2388 1090 2542 1145 velut
2566 1089 2812 1144 immitis
2841 1091 2946 1144 das
2978 1086 3255 1143 scandala
3285 1086 3472 1141 multa
3500 1086 3749 1158 pusillis,

2214 1179 2304 1234 Sic
2334 1195 2364 1234 ο
2394 1180 2618 1233 diverso
2652 1179 2700 1233 si
2731 1178 2816 1233 vis
2848 1177 2989 1233 levis
3020 1193 3146 1231 esse
3178 1176 3451 1247 superbo,

2214 1268 2478 1325 Ecclesiae
2510 1284 2790 1339 magnum
2818 1267 3078 1323 conferre
3109 1267 3311 1321 studes
3342 1265 3790 1329 detrimentum;

2219 1358 2475 1428 Denique
2506 1357 2851 1429 permittens
2885 1372 3127 1428 regnare
3157 1359 3332 1425 caput
3361 1353 3656 1417 vitiorum,

2215 1447 2435 1502 Virtuis
2464 1463 2708 1502 summae
2739 1447 3068 1501 destructor
3098 1443 3340 1516 coeperis
3370 1460 3518 1512 esse,

2219 1542 2407 1608 Atque
2439 1553 2541 1608 per
2569 1537 2719 1590 hanc
2753 1551 2990 1590 causam
3036 1533 3282 1588 Domino
3315 1532 3449 1604 plus
3479 1532 3604 1603 ipse
3633 1529 3862 1586 resistis

2219 1629 2404 1693 Quam
2437 1626 2536 1697 qui
2570 1625 2894 1698 permissus
2926 1623 3192 1679 fortassis
3224 1621 3457 1678 nescius
3489 1625 3661 1676 errat.

2220 1715 2382 1771 Unde
2413 1715 2577 1787 prius
2611 1715 2905 1771 modicum
2938 1712 3183 1769 tumidis
3217 1710 3808 1782 clementiapprodest,

2220 1805 2343 1869 Qua
2374 1822 2479 1860 sua
2503 1803 2651 1859 colla
2678 1805 2772 1876 pio
2808 1805 3126 1859 doceantur
3155 1802 3406 1856 subdere
3435 1800 3684 1855 Christo.

2225 1893 2333 1957 Qui
2363 1892 2500 1948 velit
2528 1892 2620 1947 his
2644 1893 2805 1962 juste
2835 1890 3352 1946 condescendendo
3375 1890 3583 1959 juvare

2226 1986 2458 2055 Arguat,
2493 1983 2804 2036 admoneat
2834 1981 3050 2036 blanda
3080 1980 3337 2050 primum
3369 1977 3616 2045 ratione,

2224 2071 2422 2127 Melita
2449 2071 2623 2126 variis
2652 2071 3084 2142 Scripturarum
3118 2068 3515 2134 documentis;

2224 2166 2484 2232 Cumque
2508 2164 2598 2215 sat
2627 2165 2715 2215 est
2743 2159 2954 2226 verbis,
2983 2158 3212 2231 gravior
3241 2156 3528 2213 sententia
3554 2155 3744 2223 detur,

2226 2253 2411 2316 Quam
2438 2249 2614 2305 simul
2648 2249 2897 2306 assidua:
2927 2249 3114 2320 precis
3145 2248 3385 2302 affectus
3416 2244 3749 2312 comitetur,

2225 2340 2416 2396 Donec
2446 2339 2744 2408 clarescat,
2779 2337 2826 2396 si
2858 2342 3020 2394 tanta
3050 2339 3207 2408 iuvet
3234 2335 3525 2392 medicina

2225 2428 2299 2484 Ut
2329 2433 2739 2484 convertantur
2763 2432 2818 2484 et
2844 2427 3015 2484 mites
3048 2426 3395 2482 efﬁciantur.

2225 2518 2386 2582 Quod
2421 2517 2468 2573 si
2502 2516 2581 2571 nil
2617 2517 2829 2572 horum
2858 2516 3086 2572 vitiosis
3118 2515 3373 2587 proderit
3398 2517 3613 2581 actum,

2223 2612 2272 2660 A
2303 2611 2358 2662 te
2389 2622 2657 2662 secernas
2684 2623 2831 2678 quos
2861 2606 3146 2660 aediﬁcare
3169 2605 3472 2675 nequibas,

2225 2697 2309 2754 Ne
2340 2696 2573 2769 gravius
2604 2697 2887 2752 damnum
2919 2696 3177 2767 patiatur
3206 2710 3345 2766 grex
3373 2691 3706 2748 meliorum.

2227 2785 2534 2841 Discordes
2566 2802 2786 2853 revoca,
2822 2786 3012 2841 fautor
3041 2784 3421 2841 maerentibus
3452 2783 3627 2836 insta.

2223 2875 2505 2935 Naturam
2540 2875 2824 2946 refovens,
2857 2874 3065 2929 vitium
3096 2871 3393 2930 succidere
3423 2871 3639 2926 nitens.

2224 2965 2304 3020 Ne
2335 2963 2548 3035 duplex
2581 2963 2798 3030 animo,
2831 2980 2935 3019 nec
2969 2962 3331 3034 suspiciosus
3360 2960 3421 3014 in
3453 2959 3591 3024 ullo,

2222 3053 2335 3109 Nec
2366 3053 2446 3108 sis
2476 3052 2795 3125 zelotypus,
2831 3070 2933 3108 nec
2963 3069 3191 3118 avarus,
3227 3068 3341 3106 non
3371 3049 3696 3104 animosus.

2223 3142 2428 3198 Confer
2459 3159 2625 3213 Opem
2661 3142 2890 3197 miseris
2921 3156 3334 3214 quamcunque
3364 3139 3518 3196 vales
3550 3142 3607 3193 et
3647 3136 3873 3209 egenis.

471 3226 602 3298 Ipse
633 3226 829 3282 minus
859 3244 1102 3283 cernens
1133 3229 1274 3299 quid
1305 3231 1681 3284 contenebret
1709 3229 1815 3284 tibi
1845 3228 2080 3284 visum?
2146 3214 2186 3280 Ε
2224 3230 2436 3285 Christi
2463 3231 2694 3286 servitio
2727 3247 2902 3302 super
2929 3229 3128 3285 omnia
3157 3229 3387 3284 deditus
3418 3233 3562 3283 esto.

468 3315 662 3382 Aufer,
699 3332 913 3387 quaso,
947 3317 1171 3372 trabem
1204 3319 1368 3389 prius
1400 3335 1468 3373 ex
1498 3318 1754 3390 proprio,
1783 3319 2111 3386 simulator,

471 3406 540 3460 Et
569 3405 997 3461 tunc'festucas
1018 3424 1086 3461 ex
1111 3407 1308 3462 fratris
1339 3408 1563 3462 lumine
1594 3409 1792 3463 ducas.

471 3495 590 3548 Hoc
620 3493 795 3549 simul
826 3497 1059 3550 attende
1091 3496 1312 3550 dictum
1340 3495 1668 3568 specialiter
1698 3498 1768 3551 ad
1803 3499 1858 3552 te

469 3583 635 3648 Quod
667 3584 948 3638 Dominus
979 3585 1204 3639 cunctis
1228 3586 1352 3654 jam
1385 3585 1662 3656 przedicat
1691 3603 1786 3640 ore
1828 3585 2058 3642 Davidis
2099 3603 2112 3640 :

471 3671 587 3725 Cur
617 3676 679 3725 tu
702 3671 965 3741 justitias
996 3671 1127 3728 aliis
1158 3673 1518 3743 perhibendo
1552 3674 1770 3737 revelas

471 3766 554 3814 Ac
587 3759 728 3830 quid
761 3759 820 3814 in
854 3777 949 3815 ore
977 3765 1076 3815 tuo
1105 3760 1253 3831 legis
1287 3762 1638 3817 documenta
1670 3763 1923 3833 reponis,

472 3848 580 3912 Qui
613 3849 1018 3921 contempsisti
1050 3849 1394 3918 doctrinam,
1425 3868 1599 3921 quam
1634 3850 1926 3906 retulisti?

473 3939 622 3995 Nam
655 3939 701 3993 si
735 3941 1026 4009 raptorem
1058 3940 1335 3994 cernebas
1365 3944 1540 4011 atque
1568 3939 1876 4010 latronem,

474 4027 761 4082 Currebas
790 4027 1026 4098 pariter,
1055 4032 1111 4082 et
1141 4045 1274 4083 cum
1305 4029 1735 4086 moechantibus
1764 4030 1911 4086 alter

479 4117 687 4172 Factus
715 4117 985 4172 adulterii
1017 4122 1073 4173 te
1105 4123 1432 4174 consortem
1461 4119 1727 4190 posuisti,

475 4204 846 4277 Diversisque
876 4205 1024 4262 dolis
1052 4223 1406 4278 componens
1439 4209 1667 4264 semina
1697 4208 1916 4264 fraudis

476 4294 781 4366 Scaudala,
816 4313 942 4368 quae
974 4296 1209 4368 poteris,
1239 4302 1439 4354 contra
1471 4298 1705 4354 fratrem
1741 4298 2120 4371 machinaris,

473 4389 605 4439 Haec
636 4384 816 4456 igitur
846 4385 1050 4440 sedula
1080 4390 1272 4441 tecum
1305 4387 1527 4442 ratione
1558 4386 1854 4442 revolvens

473 4474 703 4548 Corrige
733 4480 788 4530 te
819 4475 1100 4546 primum,
1135 4476 1234 4546 qui
1268 4479 1455 4531 rector
1485 4477 1567 4530 sis
1599 4476 1867 4531 aliorum.

474 4564 624 4622 Nam
655 4564 854 4619 domui
888 4565 1134 4636 propriae
1163 4569 1542 4622 contemnens
1573 4565 1682 4620 rite
1714 4581 1961 4636 praeesse

473 4655 774 4719 Quomodo
808 4653 1095 4710 sollicitus
1127 4653 1302 4710 fuerit
1332 4654 1593 4724 provisor
1624 4653 1820 4709 alius?

472 4745 587 4798 Aut
617 4744 710 4799 cui
741 4743 1096 4816 compatitur
1126 4744 1227 4815 qui
1253 4760 1358 4799 nec
1389 4742 1625 4797 sibimet
1657 4743 2004 4799 miseretur?

472 4833 554 4887 Ne
580 4849 962 4904 personarum
995 4834 1078 4888 sis
1107 4837 1374 4904 acceptor
1403 4832 1719 4903 variarum,

476 4922 671 4978 Gloria
701 4939 849 4994 quas
882 4923 1088 4977 mundi
1120 4940 1222 4994 pro
1253 4940 1356 4995 spe
1384 4924 1659 4979 conducit
1693 4923 1873 4989 inani,

474 5012 584 5066 Sed
620 5010 845 5066 Domini
871 5012 1057 5081 jussis
1090 5012 1425 5083 quicunque
1456 5013 1738 5068 subactus
1765 5012 2030 5080 habetur,

473 5101 613 5172 Ejus
644 5117 813 5172 opem
847 5117 1061 5173 quaere,
1094 5100 1194 5156 tali
1227 5101 1527 5156 studiosus
1555 5101 1800 5171 adhzere,

472 5191 620 5247 Nam
652 5191 752 5263 qui
784 5207 899 5245 non
933 5190 1141 5246 metuit
1172 5207 1232 5246 se
1262 5191 1491 5246 trahere
1525 5190 1855 5261 perditioni,

473 5279 574 5335 Ille
602 5280 708 5336 tibi
741 5281 935 5335 forsan
967 5281 1094 5334 vita:
1127 5282 1487 5352 suggesserit
1518 5281 1652 5334 otia.

474 5369 783 5441 Promptus
812 5369 899 5424 vel
934 5369 1119 5425 facilis
1151 5371 1222 5424 ad
1256 5369 1408 5426 risus
1437 5369 1714 5424 scandala
1745 5387 1814 5425 ne
1846 5370 1947 5441 sis,

478 5460 560 5513 Ne
581 5459 830 5514 creferas
858 5460 1080 5514 dictum
1104 5461 1253 5530 quod
1289 5464 1635 5515 consuescat
1666 5461 1804 5515 dare
1837 5460 2041 5516 risum.

473 5549 642 5615 Nam,
674 5565 778 5606 ceu
811 5550 1116 5620 cujusdam
1149 5554 1399 5606 testatur
1428 5567 1532 5605 vox
1562 5549 1875 5621 Sapientis,

471 5639 536 5698 In
568 5638 691 5697 risu
722 5638 941 5698 stultus
972 5639 1185 5698 nimios
1214 5641 1315 5698 dat
1342 5655 1479 5699 voce
1507 5639 1818 5700 tumultus.

2223 3323 2438 3375 Cuncta
2468 3320 2704 3390 quidem
2733 3319 2901 3374 nobis
2935 3323 3073 3374 tunc
3101 3317 3507 3389 supplementa
3537 3314 3796 3388 parabis,

2223 3409 2282 3464 Si
2316 3426 2453 3478 non,
2484 3408 2727 3478 Christe,
2764 3408 2871 3463 tibi
2903 3407 3158 3479 primum
3188 3406 3459 3461 volumus
3491 3404 3796 3469 famulari;

2225 3499 2388 3554 Sicut
2417 3501 2472 3552 et
2502 3501 2737 3553 econtra
2765 3498 3086 3552 succedunt
3117 3511 3393 3567 prospera
3423 3493 3606 3559 nulla,

2226 3587 2286 3642 Si
2318 3587 2549 3641 tibimet
2580 3586 2687 3642 soli
2716 3603 2831 3642 non
2860 3602 3140 3640 conamur
3174 3585 3291 3639 fore
3323 3583 3510 3655 proni.

2224 3675 2451 3748 Jugiter
2481 3675 2586 3731 hoc
2615 3679 2818 3743 tracta,
2855 3692 2925 3730 ne
2955 3674 3095 3746 quid
3128 3673 3305 3728 facias
3336 3672 3463 3728 sine
3492 3687 3693 3738 causa,

2231 3766 2298 3820 Et
2328 3781 2399 3820 ne
2430 3764 2700 3819 lazsuram
2734 3781 2835 3836 per
2865 3769 2919 3819 te
2951 3763 3082 3834 quis
3114 3763 3366 3835 perferat
3397 3760 3606 3826 ullam;

2235 3854 2345 3909 Sed
2380 3854 2567 3925 magis
2598 3853 2846 3908 aedifices
2880 3853 2937 3907 in
2970 3854 3196 3908 cunctis
3228 3850 3490 3907 moribus
3522 3865 3750 3905 omnes.

2229 3942 2438 3998 Nullus
2473 3943 2685 4015 quippe
2711 3943 2902 4014 palam
2937 3943 3106 3997 faciet
3136 3941 3241 3997 soli
3277 3939 3388 3995 sibi
3422 3939 3771 4011 quidquam,

2228 4031 2446 4103 Illeque
2475 4033 2764 4103 praecipue
2795 4029 2894 4102 qui
2926 4048 3022 4086 rex
3053 4034 3154 4086 aut
3177 4031 3376 4085 doctor
3406 4029 3657 4084 habetur

2231 4121 2361 4176 Sive
2391 4136 2600 4192 gerens
2624 4122 2729 4175 rite
2762 4119 3003 4191 reliquis
3033 4120 3134 4174 dat
3164 4119 3392 4174 semina
3420 4117 3571 4186 vitae,

2228 4209 2331 4265 Vel
2364 4209 2579 4264 faciens
2606 4227 2781 4282 prave
2811 4209 3014 4264 multis
3046 4212 3135 4264 est
3163 4224 3343 4264 causa
3363 4207 3574 4274 ruinae;

2207 4298 2466 4357 -Scilicet
2496 4299 2775 4370 exemplis
2803 4299 3114 4368 capiuntur
3142 4296 3415 4367 utrinque
3445 4312 3751 4368 sequaces.

2231 4387 2377 4442 Nam
2413 4385 2570 4460 velut
2600 4387 2867 4442 atteritur
2896 4388 3103 4442 effectu
3135 4403 3238 4442 seu
3269 4388 3580 4441 renovatur

2233 4476 2454 4547 Corpus
2485 4475 2726 4543 carnali,
2762 4477 2846 4532 sic
2877 4493 3041 4531 mens
3073 4493 3140 4532 ex
3171 4473 3485 4547 spirituali.

2153 4587 2200 4650 Β
2232 4565 2301 4619 Et
2330 4582 2444 4620 non
2469 4564 2659 4620 solum
2687 4565 2814 4620 ideo
2845 4565 3019 4620 debes
3050 4564 3294 4620 existere
3325 4567 3557 4631 cautus,

2229 4654 2524 4716 Quatenus
2556 4654 2765 4710 evadas
2796 4653 3000 4709 mortis
3032 4652 3373 4709 discrimina
3403 4651 3584 4717 solus,

2234 4743 2344 4798 Sed
2375 4743 2551 4799 simul
2585 4747 2649 4799 ut
2681 4758 2850 4798 nemo
2883 4758 2985 4813 per
3014 4746 3068 4797 te
3098 4759 3231 4798 reus
3263 4741 3573 4797 efficiatur.

2235 4832 2397 4889 Unde
2427 4834 2715 4889 monendo
2745 4849 2949 4904 precor
2978 4837 3042 4887 ut
3071 4832 3119 4888 si
3152 4833 3422 4898 fortasse,
3454 4830 3609 4902 quod
3663 4828 3825 4886 absit
3871 4844 3884 4881 :

2234 4923 2521 4978 Peccandi
2551 4921 2744 4977 studio
2775 4923 3126 4978 constrictus
3156 4927 3418 4992 tempore
3447 4920 3620 4991 longo

2236 5013 2339 5068 Pro
2372 5011 2615 5067 minimo
2648 5015 2885 5082 reputes
2915 5015 2971 5066 te
3002 5011 3191 5067 solum
3225 5011 3455 5066 tradere
3484 5008 3683 5072 morti,

2234 5100 2450 5157 Saltem
2478 5099 2798 5156 multarum
2826 5117 2897 5155 ne
2930 5100 3011 5156 sis
3037 5098 3333 5156 homicida
3361 5098 3718 5168 animarum,

2232 5192 2449 5246 Tecum
2482 5190 2847 5262 perpendens
2880 5190 3098 5262 aliquid
3131 5189 3320 5262 magis
3349 5189 3484 5245 inde
3512 5203 3816 5261 pavescas,

2229 5281 2437 5351 Atque,
2471 5281 2780 5337 revertenti
2812 5281 2954 5336 dum
2985 5295 3121 5352 spes
3153 5279 3446 5352 promissa
3477 5279 3554 5333 sit
3586 5277 3775 5347 omni,

2228 5370 2355 5441 Ipse
2386 5369 2712 5438 revertaris,
2748 5387 2863 5442 quo
2887 5373 3080 5426 tecum
3110 5374 3324 5426 cuncta
3354 5368 3624 5425 reducas.

2230 5459 2376 5517 Nam
2408 5459 2457 5516 si
2487 5459 2689 5530 solius,
2717 5459 2892 5518 etiam
2922 5459 3292 5520 misereberis
3325 5458 3519 5517 omnis
