4108 6188
214 321 329 383 289
1387 320 1490 380 nn
1533 320 1930 384 DO‘GTRINA
1972 320 2441 385 SPIRI'I‘UALI.
2756 296 2765 316 '
3491 330 3611 397 290

695 448 1102 506 CAPITULUM
1139 450 1379 508 XXXIII.

681 538 756 594 De
792 538 1138 597 discretionis
1164 542 1383 598 virtute.

214 633 336 690 Jam
367 631 533 686 decet
562 629 808 702 adjungi
837 645 963 701 qua:
990 629 1068 685 sit
1095 629 1368 688 discretio
1390 631 1559 703 justi,

217 722 298 789 Ut,
329 718 614 792 quoniam
647 718 846 774 nutrix
874 719 1078 774 eadem
1110 719 1344 776 virtutis
1373 719 1642 789 habetur,

218 810 309 866 Hic
341 809 522 865 etiam
554 808 726 864 nobis
752 823 949 864 comes
976 808 1186 864 existat
1216 809 1480 866 rationis.

218 899 388 972 Copia
413 899 725 965 virtutum,
762 897 899 969 quia
929 913 1142 970 corpus
1171 899 1430 954 creditur
1459 916 1666 967 unum,

217 989 300 1046 Sic
330 988 630 1044 diversum
665 987 812 1042 ratio
842 991 930 1042 est
959 987 1320 1044 moderanda
1349 990 1656 1058 bonorum,

219 1079 320 1134 Ceu
350 1093 582 1132 servare
611 1076 858 1131 studens
890 1075 1066 1132 unius
1096 1078 1356 1152 corporis
1388 1082 1551 1134 artus

215 1165 452 1239 Singula
480 1165 746 1222 membra
775 1163 900 1220 suis
928 1165 1106 1221 debes
1136 1182 1339 1222 curare
1370 1167 1629 1238 statutis,

220 1254 282 1311 Ut
313 1271 409 1311 res
445 1258 500 1310 et
530 1259 764 1326 tempus
796 1253 912 1308 sint
944 1254 1204 1326 corporis
1235 1259 1372 1327 apta
1399 1273 1502 1328 per
1533 1273 1698 1313 usus.

218 1344 534 1416 Quodquod
567 1343 726 1399 enim
756 1359 966 1414 corpus
995 1359 1193 1399 coram
1221 1344 1390 1400 nobis
1420 1349 1788 1413 statuamus;

219 1434 280 1490 Ni
308 1434 434 1488 vice
461 1433 696 1488 diversa
724 1432 1029 1488 foveantur
1058 1432 1288 1506 singula
1317 1435 1583 1490 membra

222 1523 397 1579 Unius
432 1521 505 1578 ob
537 1522 821 1576 damnum
851 1520 1158 1593 patiuntur
1186 1527 1398 1580 cuncta
1426 1523 1730 1596 periclum.

222 1611 376 1668 Haud
407 1610 578 1667 aliter
606 1613 836 1666 constat
868 1612 937 1666 de
969 1611 1212 1685 spiritus
1243 1613 1598 1686 integritate,

225 1701 320 1769 Qui
350 1715 458 1773 per
480 1700 886 1756 membrorum
917 1700 1140 1773 species
1172 1701 1357 1758 fertur
1385 1701 1679 1759 variorum
1715 1728 1729 1772 ;

223 1793 340 1845 Imo
369 1789 553 1844 etiam
583 1805 724 1844 cura
754 1789 960 1859 majori
994 1789 1208 1861 dignus
1237 1790 1506 1849 habetur.

225 1879 381 1950 Nam,
415 1877 556 1933 licet
583 1877 643 1932 in
673 1878 878 1951 paucis
908 1877 1302 1936 virtutum'sit
1333 1881 1506 1936 decor
1541 1881 1756 1952 omnis,

223 1967 386 2023 Nulla
404 1961 602 2022 tamen
634 1967 838 2032 virtus,
870 1967 984 2022 nisi
1010 1968 1067 2023 vi
1101 1968 1362 2024 foveatur
1385 1969 1560 2039 alius,

223 2057 354 2112 Esse
378 2060 575 2128 potest
604 2055 832 2112 stabilis
852 2060 1054 2111 contra
1072 2056 1488 2130 phantasmata
1517 2059 1742 2116 mortis.

225 2145 359 2200 Hinc
386 2150 478 2200 est
505 2145 663 2215 quod
697 2144 884 2212 multi,
919 2145 1218 2217 cupientes
1244 2147 1364 2204 alta
1390 2149 1619 2219 mereri,

225 2235 571 2291 Lassescunt
599 2233 794 2289 subito
824 2234 1058 2313 pietatis
1091 2235 1164 2290 ob
1204 2236 1406 2292 ordine
1436 2241 1642 2309 coepto,

231 2325 371 2379 Dum
404 2321 550 2378 satis
574 2338 704 2378 esse
742 2321 852 2378 sibi
886 2323 1134 2379 credunt
1163 2325 1423 2398 aliquam
1453 2326 1798 2383 bonitatem.

225 2413 308 2467 Sic
367 2411 532 2467 enim
561 2409 810 2482 pedibus
857 2411 1055 2468 obstat
1092 2411 1338 2469 defectio
1363 2413 1562 2484 visus;

226 2501 312 2557 Sic
340 2515 581 2573 quoque
603 2499 824 2566 virtuti,
859 2500 908 2557 si
939 2501 1091 2557 desit
1122 2505 1178 2557 et
1208 2501 1389 2559 altera
1417 2503 1624 2570 virtus,

227 2591 590 2662 Ettanquam
613 2605 825 2661 corpus
851 2606 955 2661 per
974 2591 1242 2657 quaedam
1272 2593 1534 2648 membra
1557 2593 1873 2662 minutum,

1883 460 1940 528 Α
1972 453 2031 510 Si
2062 455 2277 527 pariter
2305 461 2601 528 nequeant
2626 458 2920 518 observari
2948 462 3102 520 bona
3131 466 3421 537 quendam,

1969 544 2275 600 Anteriora
2299 561 2468 617 geras
2497 549 2554 602 et
2581 549 2904 619 posteriora
2935 551 3257 625 relinquas.

1963 633 2074 688 Res
2105 650 2360 706 namque
2389 634 2592 691 utilior
2622 638 2827 694 merito
2857 641 3159 711 przefertur
3187 645 3433 717 agenda.

2446 741 2865 801 CAPITULUM
2911 746 3148 804 XXXIV.

1969 827 2116 895 Quod
2143 829 2334 912 nullus
2364 832 2703 913 quantalibet
2729 836 3002 906 sapientia
3029 839 3114 892 vel
3162 840 3359 896 virtute
3385 841 3614 908 ditatur,

2035 915 2092 984 se
2129 917 2187 984 in
2221 912 2486 972 praesenti
2535 912 2646 958 vita
2689 921 2962 974 securum,
3011 915 3422 984 perfectumque
3463 915 3613 969 arbi-

2037 975 2232 1026 tretur.

1967 1078 2038 1132 Et
2066 1082 2353 1148 quantum
2385 1080 2602 1153 sapias,
2634 1088 2856 1154 quanta
2883 1085 3096 1142 virtute
3125 1089 3398 1162 nitescas,

1967 1166 2283 1239 Nunquam
2314 1170 2602 1240 perfectus
2633 1174 2985 1246 sapiensque
3016 1177 3124 1231 tibi
3153 1178 3423 1234 videaris.

1971 1255 2081 1310 Sed
2110 1271 2243 1311 cum
2277 1256 2446 1312 miles
2477 1259 2668 1315 adhuc
2695 1260 2854 1316 velut
2897 1262 3321 1322 invictissimus
3351 1272 3547 1324 exstas

1972 1346 2036 1400 In
2065 1345 2257 1418 fragili
2287 1347 2426 1416 vita,
2456 1349 2557 1404 sed
2589 1354 2643 1405 et
2675 1350 2826 1406 inter
2855 1356 3016 1408 tanta
3044 1356 3279 1426 pericla,

1972 1433 2051 1488 Ex
2081 1433 2278 1506 aliqua
2308 1452 2484 1492 causa
2513 1437 2718 1494 credas
2748 1437 2804 1495 te
2832 1457 3004 1512 posse
3034 1442 3236 1512 relabi,

1973 1521 2042 1577 Ni
2076 1522 2577 1596 circumspiciens,
2605 1543 2951 1601 semperque
2982 1531 3180 1588 futura
3209 1549 3546 1605 pavescens,

1972 1611 2170 1667 Hostis
2199 1611 2258 1667 in
2289 1612 2536 1669 insidias
2565 1615 2802 1672 cautela
2825 1618 3024 1689 jacula
3053 1620 3272 1677 mittas.

1974 1699 2178 1757 Omnis
2208 1701 2365 1757 enim
2393 1718 2540 1758 vera:
2565 1704 2811 1761 tendens
2842 1706 2912 1762 ad
2943 1709 3159 1780 gaudia
3186 1711 3314 1766 vita:

1975 1789 2100 1844 Non
2130 1793 2251 1845 tam
2275 1791 2582 1862 praeteritis
2626 1792 2914 1850 laetabitur
2941 1797 3000 1851 in
3032 1793 3370 1857 benefactis.

1975 1839 2100 1844 _.-_
2137 1839 2251 1845 -__--
2275 1839 2581 1862 rm---“
2626 1839 2903 1850 ._...........
3033 1839 3370 1857 "causam.

1898 1839 1946 1903 Β
1977 1881 2162 1944 Quam
2193 1895 2296 1951 pro
2327 1887 2741 1953 suspectu,quo
2773 1885 3024 1941 necdum
3046 1896 3231 1944 semet
3259 1891 3331 1944 ad
3363 1901 3620 1962 unguem

1978 1966 2314 2024 Pervenisse
2343 1969 2518 2037 videt,
2552 1969 2638 2026 vel
2671 1971 2865 2043 qualis
2895 1975 2972 2030 sit
3002 1974 3112 2031 sibi
3147 1977 3304 2049 linis,

1979 2055 2274 2112 Sollicitus
2305 2073 2536 2129 semper
2567 2058 2674 2114 hoc
2706 2066 2900 2117 mente
2931 2063 3144 2120 fatetur
3173 2070 3231 2122 et
3259 2081 3378 2133 ore,

1980 2145 2052 2199 Se
2083 2144 2328 2201 Domino
2360 2146 2604 2218 dignum
2636 2165 2940 2222 nunquam
2987 2152 3192 2210 fecisse
3239 2173 3387 2227 opus
3415 2157 3626 2213 ullum.

1979 2232 2192 2289 Verius
2221 2251 2356 2308 ergo
2389 2235 2536 2290 nihil
2568 2239 2778 2308 poterit
2807 2241 3123 2313 quisquam
3155 2244 3447 2315 meditari,

1983 2324 2168 2388 Quam
2200 2323 2247 2379 si
2282 2324 2353 2379 de
2391 2327 2531 2394 toto,
2565 2326 2796 2396 quantae
2829 2329 2906 2384 sit
2934 2329 3255 2402 religionis,

1982 2411 2052 2466 Se
2083 2414 2280 2468 tamen
2313 2412 2372 2466 in
2404 2412 2568 2468 nulla
2597 2415 2918 2485 perfectum
2940 2417 3067 2488 jam
3097 2420 3245 2475 sciat
3273 2437 3422 2489 esse,

1982 2499 2134 2555 Dum
2163 2501 2291 2556 vita:
2323 2501 2495 2556 ﬂatus
2523 2503 2756 2557 mortali
2786 2520 2960 2560 carne
2990 2510 3283 2578 gravatur.

1983 2588 2246 2658 Denique
2275 2589 2414 2662 quid
2445 2595 2636 2646 nautes
2663 2592 2936 2664 cupiendi
2966 2610 3164 2666 aequor
3190 2611 3499 2669 peragrare

228 2677 492 2751 Corporis
520 2677 778 2733 ofﬁcium
822 2679 1117 2749 quoddam
1149 2680 1438 2752 complere
1469 2681 1766 2753 nequibit;
1985 2678 2248 2767 Proderit
2284 2680 2581 2767 inceptum
2613 2696 2910 2752 quoquam
2941 2683 3238 2767 deponere
3262 2701 3521 2755 cursum,

227 2768 314 2823 Sic
344 2765 522 2823 etiam
555 2767 739 2822 virtus
771 2767 855 2823 sic
885 2784 952 2822 ex
981 2767 1112 2823 aliis
1141 2768 1397 2838 viduata,
1985 2766 2056 2822 Et
2085 2783 2216 2838 quae
2245 2766 2429 2822 felicis
2454 2767 2617 2839 prius
2648 2774 2735 2824 est
2765 2770 2876 2825 sibi
2907 2769 3094 2842 gloria
3123 2765 3277 2840 ﬁnis,

231 2857 337 2912 Aut
364 2855 550 2928 igitur
580 2854 728 2911 nihil
759 2859 866 2923 est,
901 2859 1001 2911 aut
1029 2853 1372 2928 imperfecta
1401 2862 1653 2916 tenetur.
1986 2855 2170 2919 Quam
2203 2855 2393 2927 posita
2419 2872 2593 2927 prora
2621 2857 2798 2914 remis
2824 2860 2897 2915 ad
2938 2860 3149 2917 littoris
3180 2878 3282 2919 ora

230 2945 337 3000 Sed
359 2944 516 3016 quod
546 2943 656 2999 erit
675 2945 1128 3012 membrum,cui
1151 2950 1384 3018 tempus
1401 2952 1878 3020 congruatunum
1985 2945 2112 2999 lam
2138 2945 2263 3015 jam
2297 2961 2504 3001 secura
2527 2951 2820 3003 mereatur
2846 2964 2988 3020 pace
3011 2950 3205 3022 potiri,

231 3035 472 3106 Semper
493 3033 566 3088 ad
601 3033 866 3104 ejusdem
899 3034 981 3088 rei
1009 3035 1257 3090 tendens
1287 3036 1680 3093 conditionem
1710 3039 1738 3094 ‘i
1987 3032 2156 3101 Quid,
2183 3033 2548 3105 rogo,di8tat,
2578 3040 2777 3092 utrum
2798 3036 2858 3092 in
2883 3039 3076 3095 medio
3097 3056 3332 3112 aequore
3350 3040 3438 3097 vel
3459 3057 3639 3114 prope

234 3122 317 3177 En
349 3117 587 3194 speculo
619 3121 812 3177 carnis
842 3122 1233 3178 discernimus
1255 3124 1457 3181 abdita
1487 3127 1702 3183 mentis
3449 3130 3644 3201 [littus

233 3216 314 3266 Ac
343 3227 447 3283 per
471 3226 816 3282 corporeum
839 3211 965 3282 jam
1004 3211 1304 3284 spirituale
1325 3215 1665 3286 probamus.
1912 3206 1955 3271 C
1993 3211 2323 3282 Naufragus
2355 3214 2690 3284 occumbas,
2723 3215 2772 3269 si
2802 3231 2919 3270 non
2949 3218 3203 3273 evaseris
3234 3219 3423 3274 undas
3442 3218 3470 3271 ?

234 3300 384 3355 Nam
415 3316 521 3356 ceu
547 3300 740 3356 carnis
771 3316 919 3372 opus
950 3299 1113 3356 nulla
1141 3301 1563 3375 constringitur
1597 3305 1742 3361 hora
1989 3302 2174 3366 Quam
2195 3317 2384 3381 prope
2416 3301 2493 3355 sit
2534 3301 2699 3357 littus
2731 3303 2790 3357 in
2823 3305 2995 3359 corde
3025 3307 3207 3360 maris
3253 3306 3416 3362 labor
3454 3305 3639 3372 intus,

236 3383 634 3460 Praeterquam
663 3388 934 3461 proprius
966 3394 1185 3446 natura:
1215 3390 1474 3462 postulat
1501 3383 1646 3450 usus
1671 3413 1684 3462 ;
1993 3387 2357 3461 Praesignans
2387 3393 2574 3444 nautae
2610 3389 2803 3444 navim
2830 3392 3208 3448 transducere
3235 3399 3424 3460 caute,

240 3477 332 3533 Sic
357 3493 594 3550 quoque
624 3494 711 3534 res
743 3479 945 3533 eadem
977 3494 1092 3533 non
1115 3495 1347 3552 semper
1374 3481 1485 3537 erit
1514 3482 1818 3539 retinenda
1996 3479 2184 3533 Donec
2214 3477 2285 3532 ad
2316 3481 2577 3549 optatam
2609 3478 2796 3549 possit
2822 3479 3150 3552 pertingere
3177 3485 3394 3536 terram
3425 3499 3446 3542 ;

241 3565 506 3622 Virtutis
537 3582 727 3633 causa,
755 3567 855 3623 sed
886 3583 990 3639 per
1020 3573 1252 3641 tempus
1284 3571 1604 3626 moderata.
1993 3565 2086 3620 Sic
2118 3570 2175 3620 et
2202 3565 2260 3620 in
2292 3565 2400 3620 hac
2429 3565 2548 3620 vita
2576 3566 2744 3622 nobis
2775 3583 2925 3638 opus
2954 3564 3045 3624 est
3071 3567 3334 3642 vigilare.

239 3657 404 3712 Actio
438 3654 716 3711 virtutum
747 3661 976 3712 constat
1005 3657 1276 3728 perfectio
1307 3676 1561 3715 morum.
1829 3675 1834 3678 ·
1997 3655 2142 3710 Nam
2167 3663 2420 3726 prasens
2443 3655 2702 3710 mundus
2717 3656 2858 3728 quid
2879 3656 2990 3712 erit
3011 3657 3123 3714 nisi
3139 3649 3438 3730 quodlibet
3452 3665 3652 3730 aequor

245 3744 410 3801 Sicut
438 3761 594 3817 saepe
625 3745 842 3800 bonum
875 3749 962 3801 est
992 3749 1056 3800 ut
1086 3745 1322 3804 claudas
1353 3764 1454 3804 ora
1484 3749 1749 3820 tacendo,
2001 3743 2262 3800 Flatibus
2280 3744 2589 3799 immensis
2611 3745 2766 3815 quod
2792 3761 3023 3817 semper
3043 3750 3101 3801 et
3127 3747 3386 3819 undique
3408 3747 3606 3803 aditur
3624 3746 3653 3802 Τ

253 3833 382 3890 Mox
408 3827 604 3890 veniet
633 3839 866 3907 tempus
897 3851 1010 3906 quo
1042 3833 1176 3905 plus
1207 3826 1341 3892 licet
1371 3836 1491 3892 haec
1521 3838 1744 3909 aperire
1770 3863 1784 3906 ;
2001 3832 2110 3896 Qui
2137 3831 2275 3888 velit
2305 3848 2441 3905 ergo
2470 3832 2624 3888 viam
2657 3839 2864 3889 cautus
2895 3834 3147 3908 migrare
3178 3837 3491 3904 marinam,

248 3922 408 3979 Haud
442 3940 610 3980 secus
644 3928 735 3979 est
762 3923 926 3994 hora,
962 3939 1077 3994 qua
1097 3924 1370 3995 jejunare
1402 3925 1638 3982 salubre
1667 3931 1776 3984 est.
1887 3921 1892 3924 ’
2002 3923 2216 3978 Contra
2247 3922 2468 3977 undam
2499 3921 2688 3994 pelagi
2720 3927 2886 3995 paret
2913 3923 3305 3980 instrumenta
3339 3925 3601 3992 meandi,

251 4011 542 4068 Interdum
574 4011 789 4068 melius
805 4011 1032 4083 jejunia
1061 4011 1327 4086 frangere
1353 4018 1601 4070 constat.
2005 4011 2079 4067 Ut
2108 4027 2243 4066 cum
2269 4014 2590 4082 tempestas
2621 4010 2791 4067 solito
2820 4012 2993 4067 irruit
3021 4017 3149 4068 orta
3177 4015 3391 4083 furore,

252 4100 474 4157 Scilicet
505 4101 566 4156 in
597 4101 848 4169 cunctis,
884 4118 1000 4173 quo
1028 4099 1221 4157 tendit
1250 4103 1485 4174 adoptio
1517 4107 1754 4174 mentis,
2007 4100 2138 4156 Jam
2171 4099 2368 4156 minus
2399 4099 2662 4156 adversis
2692 4101 2955 4172 superari
2990 4103 3180 4174 possit
3204 4103 3276 4159 ab
3310 4101 3448 4184 ullis

251 4192 363 4242 Aut
390 4192 623 4245 terrena
651 4195 876 4262 petens,
905 4189 992 4246 vel
1025 4189 1225 4246 coelica
1264 4193 1573 4248 commoda
1610 4208 1897 4265 quaerens,
2012 4194 2138 4246 Non
2170 4188 2479 4245 extollatur
2509 4189 2557 4244 si
2589 4205 2833 4261 prosper
2862 4190 2939 4246 sit
2968 4193 3141 4248 modo
3166 4195 3395 4248 ventus.

252 4274 389 4333 Illuc
418 4284 474 4333 et
504 4279 791 4344 studium,
825 4280 925 4335 sed
953 4284 1009 4334 et
1039 4279 1344 4352 integritas
1375 4282 1739 4340 meritorum.
2014 4283 2172 4350 Saepe
2201 4277 2454 4351 procella
2497 4279 2690 4350 gravis
2721 4279 2880 4334 subit
2909 4279 3026 4336 otia
3059 4281 3483 4354 prosperitatis.

252 4367 430 4432 Unde,
461 4384 687 4439 precor,
709 4367 907 4440 vigila,
941 4373 1228 4441 cautoque
1253 4368 1562 4426 libramine
1595 4388 1800 4443 pensa,
2018 4369 2181 4425 Unde
2211 4383 2317 4422 nec
2347 4366 2603 4422 adversis
2635 4383 2740 4422 nec
2771 4368 2947 4424 rebus
2979 4371 3150 4425 crede
3189 4369 3486 4425 secundis.

258 4453 336 4510 Ne
363 4456 504 4527 quid
536 4473 640 4530 per
668 4457 970 4529 proprium
1001 4458 1238 4513 studeas
1268 4459 1568 4515 attendere
1607 4465 1830 4530 votum,
2018 4458 2088 4513 Et
2115 4473 2187 4512 ne
2217 4473 2328 4528 pax
2348 4456 2513 4527 jugis
2543 4455 2722 4510 faciat
2751 4459 2807 4510 te
2836 4455 2971 4526 plus
3002 4457 3418 4530 negligentem,

260 4543 366 4636 Sed
398 4544 540 4616 quid
566 4546 901 4602 communis
932 4546 1078 4602 ratio
1112 4549 1348 4636 appetat
1375 4547 1663 4604 utilitatis.
1941 4571 1990 4636 D
2021 4547 2132 4602 Sed
2165 4561 2400 4636 semper
2437 4543 2659 4600 cladem
2692 4559 3025 4636 memorans
3053 4545 3212 4600 velut
3266 4545 3669 4636 advenientem

263 4630 534 4690 Utilitatis
565 4651 732 4690 amor
761 4635 876 4691 cito
907 4636 1115 4692 suadet
1137 4635 1278 4707 quid
1309 4637 1625 4708 agendum.
1941 4630 1982 4636 ’
2023 4640 2173 4692 Ante
2197 4635 2398 4692 oculos
2426 4649 2598 4705 pone,
2630 4633 2772 4704 quid
2803 4632 2885 4688 sis
2913 4639 3048 4705 post
3076 4650 3262 4704 pauca
3287 4634 3522 4688 futurus
3554 4650 3568 4688 :

264 4721 337 4775 At
363 4723 646 4779 duntaxat
675 4725 735 4779 in
765 4723 857 4778 his
889 4723 1009 4778 haec
1041 4722 1264 4779 utilitas
1300 4724 1586 4796 capienda
1624 4731 1734 4798 est,
2024 4724 2223 4788 Qualis
2255 4724 2513 4779 defectus
2542 4722 2832 4777 humanos
2863 4720 3153 4792 deprimat
3182 4724 3367 4785 artus,

269 4808 395 4872 Quae
422 4811 552 4867 vitae
582 4805 789 4868 studio
821 4812 908 4868 vel
939 4829 1135 4868 amore
1166 4812 1440 4885 perennis
1473 4819 1748 4885 aguntur.
2025 4813 2266 4878 Quando
2296 4811 2531 4882 quidem
2562 4809 2748 4864 sancti
2781 4813 2922 4864 sunt
2951 4809 3010 4863 in
3043 4807 3378 4865 discrimine
3405 4807 3530 4865 tali.

270 4898 502 4973 Semper
533 4901 593 4957 id
627 4903 889 4970 observa,
916 4902 1073 4958 velut
1103 4918 1170 4957 ex
1201 4901 1411 4974 pietate
1440 4907 1702 4974 paterna,
2027 4902 2174 4958 Hinc
2204 4899 2518 4956 Psalmista
2551 4898 2798 4970 loquens
2827 4898 3045 4970 profert
3073 4897 3329 4970 suspiria
3359 4897 3559 4953 dicens
3586 4913 3600 4952 :

271 4986 388 5050 Quo
415 4995 584 5062 pacto
617 4991 894 5064 cuiquam
927 4992 1203 5064 prodesse
1249 4995 1306 5046 et
1333 5007 1567 5062 parcere
1597 4993 1809 5064 possis.
2029 4991 2199 5047 Salva
2229 5005 2341 5058 me,
2383 4988 2649 5053 Domine,
2683 4986 2820 5058 quia
2846 4987 3056 5042 defecit
3083 5003 3316 5060 quoque
3347 4989 3607 5042 sanctus.

273 5073 346 5130 Ut
375 5079 470 5150 qui
495 5080 756 5136 desudas
785 5081 1085 5153 quoddam
1120 5078 1384 5135 Ecclesiae
1414 5080 1534 5137 fore
1566 5083 1920 5155 membrum,
2032 5081 2257 5136 Rursus
2285 5077 2497 5132 abhinc
2525 5075 2682 5130 idem
2715 5075 2981 5147 perhibet
3009 5093 3071 5132 se
3092 5076 3459 5132 deﬁcientem

275 5163 358 5219 Tu
377 5169 594 5239 pariter
613 5169 856 5242 reliquis
873 5168 954 5226 sis
971 5168 1335 5240 compatiens
1357 5185 1590 5241 quoque
1609 5172 1922 5241 membris;
2030 5167 2253 5224 Exaudi
2284 5182 2377 5222 me
2408 5164 2603 5235 citius,
2634 5180 2857 5235 precor,
2892 5181 2923 5219 ο
2954 5165 3123 5221 Pater
3151 5165 3324 5233 alme,

274 5253 344 5309 Et
370 5261 672 5315 tranctans
702 5259 898 5315 animo
925 5259 1064 5331 quid
1096 5263 1300 5332 poscat
1329 5260 1610 5330 temporis
1640 5262 1802 5331 ordo,
2033 5259 2165 5315 Jam
2196 5255 2407 5312 defecit
2434 5253 2591 5310 enim
2621 5254 2784 5325 vigor
2808 5258 2867 5309 et
2895 5254 3080 5309 virtus
3112 5269 3204 5309 me
3238 5267 3500 5325 prorsus.

281 5343 398 5407 Quo
426 5362 519 5402 res
549 5352 608 5403 et
649 5352 887 5421 tempus
918 5347 1132 5404 divinis
1163 5346 1372 5402 usibus
1401 5352 1539 5419 apta
2037 5345 2336 5414 Quomodo
2367 5343 2578 5400 defecit
2606 5342 2707 5415 qui
2739 5347 2893 5398 stare
2917 5348 3112 5398 tamen
3143 5339 3485 5412 perhibetur
3510 5339 3540 5394 ‘I

276 5431 615 5491 Bfﬂciantur
644 5437 745 5506 ita,
783 5453 854 5493 ne
884 5437 1003 5494 sint
1030 5436 1129 5492 alii
1169 5435 1608 5508 impedimenta,
2037 5438 2101 5492 In
2130 5451 2191 5491 se
2220 5432 2499 5488 deﬁciens
2530 5431 2776 5487 Domino
2802 5436 2942 5486 tunc
2965 5430 3153 5485 vivere
3184 5428 3377 5499 cmpi‘t,

280 5521 362 5574 Ac
391 5524 529 5594 quid
553 5523 659 5598 jus
687 5526 920 5598 animos,
955 5524 1095 5599 quid
1125 5524 1321 5581 carnis
1352 5539 1513 5592 cura,
1545 5525 1754 5582 deinde
2040 5526 2102 5581 In
2128 5539 2244 5595 quo
2274 5537 2389 5577 non
2419 5520 2588 5577 aliter
2615 5525 2880 5592 vegetare
2909 5519 3234 5575 valebimus
3265 5522 3416 5590 apte,

280 5609 430 5680 Inter
459 5619 780 5692 utramque
809 5617 961 5676 viam
993 5615 1329 5693 speculator
1353 5613 1631 5691 providus
1660 5620 1805 5678 esto.
2041 5614 2112 5674 Ni
2143 5612 2308 5690 prius
2334 5611 2395 5668 in
2427 5609 2597 5668 nobis
2627 5609 2917 5668 moriatur
2941 5612 3145 5669 nostra
3169 5606 3462 5670 voluntas.
