4108 6188
389 327 501 389 291

1397 301 1740 368 OTHLONI
1784 294 2138 361 MONACHI
2184 293 2249 353 s.
2297 285 2787 352 EMMERAMMI

3678 279 3797 338 292

391 465 512 518 Hoc
542 456 757 515 etenim
793 449 1041 507 multum
1070 446 1235 517 juvat
1255 456 1458 498 omnes
1479 437 1758 495 scandere
1779 446 2038 497 sursum,
2072 444 2126 511 Α
2153 425 2262 518 I)_at
2289 422 2483 518 subito
2516 418 2754 518 facilem.
2775 414 2953 518 stu‘dii
2982 413 3165 515 totius
3187 425 3456 518 agone‘m.

394 549 555 620 Quod
586 541 833 619 provecti
868 537 1012 593 illud
1045 532 1354 607 quantavis
1383 529 1664 620 religione

396 616 540 697 Cum
572 616 867 691 metantur
895 626 1088 683 adhuc
1121 640 1183 679 se
1212 619 1419 677 multis
1451 616 1775 683 inferiores,

398 725 657 784 Fletibus
688 716 945 776 assiduis
972 714 1106 769 hinc
1128 707 1463 782 compuncti
1496 704 1885 765 macerantur,

396 819 584 888 Atque
614 808 783 866 bonis
816 803 1028 862 studiis
1057 801 1215 857 velut
1246 817 1279 855 a
1310 798 1498 871 primo
1531 794 1899 888 renovantur.

391 878 537 962 Nam
570 899 711 975 quia
738 913 890 968 saepe
921 893 1094 949 malis
1123 889 1314 946 veniet
1342 882 1711 975 compunctio
1740 878 1896 975 talis.

393 967 626 1050 Scilicet
654 992 719 1044 ut
745 967 1017 1052 tractent,
1052 994 1229 1052 quam
1254 974 1458 1032 multis
1487 974 1608 1027 sint
1638 967 1970 1040 nequiores,

390 1079 711 1139 Confestim
742 1074 901 1131 vitiis
932 1070 1111 1127 nimio
1145 1069 1368 1123 fervore
1400 1061 1617 1119 relictis

392 1176 458 1227 In
490 1164 874 1226 convertendo
906 1159 1241 1234 praecedunt
1271 1151 1615 1209 anteriores.

392 1265 513 1317 Hos
543 1255 811 1331 quamvis
842 1250 1023 1323 culpae
1055 1243 1319 1319 capitalis
1351 1241 1483 1331 labe
1502 1239 1797 1331 carentes,

400 1329 661 1416 Quorum
686 1341 910 1414 relligio
942 1338 1304 1395 monstratur
1325 1329 1643 1398 desidiosa,

397 1415 468 1494 Et
498 1437 663 1510 prius
692 1429 933 1489 extremi
967 1429 1114 1483 ﬁunt
1143 1421 1464 1494 saepissime
1495 1415 1670 1510 primi
1696 1431 1709 1482 ;

397 1528 471 1582 At
502 1504 601 1597 qui
632 1523 715 1579 sic
746 1518 979 1591 fragiles
1012 1513 1337 1587 persistunt
1362 1513 1419 1565 et
1448 1504 1834 1577 negligentes,

400 1614 472 1669 Ut
501 1614 573 1668 de
599 1608 967 1676 criminibus,
1003 1621 1127 1676 qua:
1156 1599 1417 1656 maxima
1440 1598 1574 1667 jure
1603 1606 1904 1655 vocamus,

398 1706 651 1774 Quisque
682 1698 856 1754 refert
884 1693 1100 1750 Paulus
1130 1702 1399 1747 sermone
1424 1684 1625 1739 crebro
1656 1677 2046 1774 venerandus,

398 1768 817 1848 Demonstrans
848 1782 1008 1839 omni
1040 1794 1282 1852 prorsus
1313 1773 1553 1830 vitanda
1585 1768 1764 1837 fideli,

398 1885 469 1936 Se
498 1896 615 1935 non
649 1873 1001 1936 abstineant,
1034 1885 1140 1923 nec
1174 1869 1382 1921 caetera
1416 1875 1662 1933 quaeque
1694 1857 1944 1924 minuta,

403 1973 452 2022 A
483 1966 698 2039 quibus
729 1958 1013 2017 immunis
1044 1956 1168 2010 fieri
1204 1970 1320 2008 non
1354 1948 1626 2022 praevalet
1653 1946 1829 2011 ullus,

403 2034 781 2112 Em-endanda
810 2046 1029 2104 crebris
1057 2045 1374 2100 decernant
1401 2056 1529 2095 esse
1568 2034 1840 2108 querelis,

407 2146 524 2201 Hos
555 2159 660 2215 ego
691 2157 807 2196 non
839 2136 1032 2193 solum
1060 2137 1391 2206 peccatores
1424 2130 1543 2184 fore
1571 2126 1762 2194 credo,

407 2235 519 2291 Sed
551 2248 653 2304 pro
684 2227 939 2301 perfidiae
971 2222 1339 2279 damnandos
1368 2217 1688 2289 impietate,

406 2325 597 2395 Atque
619 2330 1002 2391 reprensuros
1034 2326 1219 2382 usque
1253 2310 1323 2364 ad
1359 2304 1696 2362 minimium
1739 2316 1867 2395 esse
1915 2315 2057 2370 qua-

1746 2390 2055 2460 [drantem.

410 2504 493 2555 Ex
522 2498 652 2554 aliis
683 2497 923 2561 factum,
958 2490 1111 2561 quod
1139 2488 1248 2543 erit
1275 2483 1560 2541 veniabile
1602 2480 1842 2546 crimen,

413 2588 523 2651 Qui
552 2586 689 2640 licet
718 2579 928 2637 avitiis
959 2576 1309 2649 capitalibus
1336 2572 1673 2628 abstineant
1728 2584 1808 2634 se,

410 2676 536 2731 Non
561 2678 758 2729 tamen
779 2670 837 2724 id
859 2665 1121 2722 minimis
1149 2667 1335 2720 semet
1355 2658 1778 2732 reprehendere
1809 2656 2057 2722 cessant;

416 2764 513 2818 Sic
544 2766 602 2818 et
630 2765 694 2815 tu
727 2757 972 2831 pavidus
1002 2770 1117 2809 non
1147 2767 1310 2807 cessa
1341 2750 1476 2803 ﬂere
1508 2750 1724 2816 reatus,

414 2853 570 2916 Quos
593 2848 754 2920 jugis
786 2844 1007 2901 confert
1036 2846 1092 2897 et
1122 2836 1476 2895 inevitabilis
1506 2851 1667 2889 usus.

415 2940 565 2997 Nam
595 2937 735 3011 quia
762 2933 1022 3008 quotidie
1053 2928 1255 2985 multis
1286 2924 1637 2983 offendimus
1666 2936 1869 2978 omnes

418 3031 533 3085 Aut
556 3025 879 3100 ignorando
912 3023 1218 3094 peccantes
1248 3017 1368 3071 sive
1399 3013 1654 3079 sciendo,

421 3116 649 3187 Verbis,
681 3112 911 3179 auditu,
942 3109 1044 3165 sed
1075 3112 1132 3163 et
1151 3106 1353 3161 illicito
1406 3101 1711 3165 meditatu,

412 3209 657 3261 Summa
684 3204 883 3257 manet
908 3199 1093 3253 virtus
1127 3195 1175 3251 si
1205 3192 1515 3264 displiceas
1544 3188 1651 3244 tibi
1682 3201 1933 3258 semper,

415 3293 507 3349 Nil
538 3291 779 3347 credens
810 3286 1177 3351 actum,dum
1209 3283 1532 3354 quidquam
1564 3281 1743 3333 restet
1772 3274 2061 3348 agendum

911 3390 1259 3449 CAPITULU
1270 3391 1323 3445 M
1363 3388 1573 3443 XXXV.

2152 516 2299 571 Nam
2331 512 2470 584 quia
2499 507 2759 566 conversi
2790 506 3072 561 debemus
3098 503 3231 574 jure
3260 498 3517 573 probari,

2150 605 2236 659 An
2269 602 2578 658 Dominum
2607 613 2741 654 vere
2770 594 3069 652 conversio
3100 595 3302 648 nostra
3330 589 3591 662 requirat
3622 606 3636 645 :

2153 696 2274 759 Quo
2304 690 2493 763 magis
2524 688 2752 743 invisus
2784 686 3093 757 impugnat
3118 697 3223 737 nos
3254 679 3555 747 inimicus,

2153 783 2297 838 Tam
2327 780 2501 835 citius
2532 776 2700 833 nobis
2747 772 3039 831 succurrit
3068 770 3255 843 gratia
3284 768 3519 839 Christi,

2151 870 2213 926 Si
2242 868 2437 926 stabili
2458 872 2590 923 voto
2619 868 2879 938 perstare
2906 861 3169 917 volemus
3201 859 3260 913 in
3292 857 3415 924 illo,

2154 958 2475 1018 Causantes
2514 970 2746 1027 semper
2775 968 2881 1007 nos
2914 966 3042 1007 esse
3074 965 3203 1005 reos
3236 951 3293 1003 et
3322 962 3559 1020 egenos.

2616 1056 3025 1115 CAPITULUM
3065 1053 3344 1110 XXXVII.

2157 1156 2298 1224 Quia
2326 1153 2475 1208 nulli
2491 1151 2683 1207 debeat
2713 1151 3077 1218 incongruum
3105 1144 3192 1199 vel
3224 1144 3434 1199 mirum
3462 1142 3643 1199 videri
3674 1141 3815 1215 quod

2404 1248 2588 1297 tantus
2616 1238 2775 1295 labor
2804 1240 3002 1308 agatur
3036 1250 3137 1305 pro
3168 1234 3281 1288 vita
3307 1234 3560 1304 perenni.

2156 1333 2269 1389 Sed
2302 1347 2372 1387 ne
2400 1329 2628 1385 mireris
2659 1327 2797 1399 quia
2825 1324 2959 1383 talis
2990 1324 3067 1380 sit
3095 1323 3188 1378 via
3219 1321 3379 1378 cmlis

2156 1422 2226 1475 Et
2255 1424 2419 1475 tanta
2450 1436 2590 1475 cura
2619 1420 2915 1488 quaeratur
2943 1415 3063 1471 vita
3090 1413 3307 1479 futura,

2158 1510 2303 1565 Cum
2332 1523 2539 1563 noscas
2572 1506 2747 1561 etiam
2780 1503 2985 1560 mundi
3016 1501 3303 1557 vilissima
3332 1516 3578 1573 quasque

2158 1600 2352 1669 Asque
2384 1597 2581 1652 labore
2611 1593 2805 1665 aliquo
2838 1608 2943 1647 nec
2974 1591 3153 1663 quaeri
3185 1606 3289 1645 nec
3320 1588 3580 1646 retineri.

2158 1685 2435 1757 Nunquid
2465 1684 2623 1741 enim
2659 1688 2817 1738 terra
2846 1681 3064 1753 profert
3094 1679 3319 1735 fructus
3350 1679 3467 1734 nisi
3497 1676 3677 1746 culta,

2160 1778 2277 1830 Aut
2307 1789 2467 1829 mare
2498 1771 2778 1828 transibis
2808 1770 2922 1857 nisi
2955 1786 3089 1825 cum
3133 1768 3439 1824 navalibus
3472 1767 3653 1824 armis
3680 1767 3709 1821 ?

2163 1864 2315 1919 Num
2344 1862 2489 1935 ligni
2521 1861 2704 1917 moles
2734 1859 2886 1915 ultro
2920 1876 2979 1915 se
3011 1857 3209 1914 condit
3263 1857 3323 1913 in
3355 1858 3530 1925 aedes,

2163 1952 2268 2008 Vel
2298 1952 2479 2024 gratis
2511 1950 2735 2023 lapides
2766 1952 3083 2021 operantur
3112 1951 3296 2003 semet
3327 1946 3387 2001 in
3421 1947 3617 2017 urbes,

2167 2044 2275 2096 Aut
2306 2040 2431 2095 sine
2450 2040 2502 2095 vi
2533 2038 2669 2094 belli
2704 2037 3016 2110 capiuntur
3036 2037 3174 2108 jura
3204 2035 3489 2107 triumphi
3514 2034 3542 2088 ?

2165 2131 2235 2185 Et
2262 2129 2450 2185 victus
2482 2127 2673 2184 carnis
2704 2127 2917 2183 sudore
2952 2125 3256 2197 parabitur
3284 2124 3499 2193 omnis,

2165 2220 2231 2273 Et
2262 2235 2376 2290 quo
2406 2217 2659 2289 quisque
2689 2216 2888 2271 minus
2921 2214 3125 2269 mundi
3181 2215 3376 2270 studet
3404 2215 3615 2269 addere
3647 2212 3823 2269 rebus

2165 2308 2308 2361 Tam
2341 2306 2528 2379 magis
2558 2305 2761 2362 exsilis
2792 2309 2847 2361 et
2878 2319 3100 2376 pauper
3128 2302 3378 2359 habetur
3411 2303 3466 2357 in
3502 2302 3672 2375 ipsis,

2167 2396 2226 2452 Si
2259 2412 2375 2451 non
2407 2395 2640 2451 miraris
2670 2395 2792 2449 haec
2824 2399 3034 2450 cuncta
3058 2392 3256 2448 labore
3286 2391 3499 2464 parari,

2168 2486 2314 2542 Cum
2337 2489 2533 2542 tamen
2563 2489 2628 2540 ut
2657 2486 2857 2541 fumus
2888 2484 3125 2541 illorum
3156 2484 3375 2539 deﬂuat
3402 2499 3568 2550 usus,

2170 2577 2305 2640 Quae
2334 2574 2536 2629 levitas
2568 2572 2724 2639 talis,
2756 2572 3109 2646 negligentia
3140 2589 3265 2644 quae
3297 2570 3567 2645 specialis

2170 2661 2519 2733 Decipiendo
2552 2666 2715 2716 tuam
2748 2664 3003 2716 mentem
3037 2659 3681 2731 possederitmnquam,

2170 2750 2244 2806 Ut
2272 2750 2500 2806 cmleste
2530 2750 2774 2816 bonum,
2824 2750 2978 2822 quod
3018 2748 3128 2804 erit
3159 2765 3337 2820 super
3380 2749 3576 2804 omnia
3605 2746 3834 2816 solum,

2172 2840 2275 2895 Cui
2308 2838 2506 2895 nullus
2537 2838 2673 2894 ﬁnis
2708 2855 2810 2893 nec
2842 2855 3022 2894 causa
3049 2838 3115 2892 lit
3145 2836 3266 2892 ulla
3295 2836 3535 2908 doloris,

2173 2930 2282 2985 Sed
2300 2928 2478 2985 semel
2501 2932 2802 3000 acceptum
2825 2943 3131 2997 nunquam
3145 2925 3367 2998 patitur
3379 2925 3795 2983 detrimentum
3808 2967 3825 2993 ,

2175 3018 2413 3089 Absque
2442 3016 2640 3072 labore
2670 3016 2794 3089 pari
2823 3017 3024 3071 credas
3055 3020 3308 3087 teiposse
3338 3015 3592 3071 mereri?

2173 3107 2318 3162 Nam
2349 3105 2397 3162 si
2428 3106 2661 3161 miraris
2692 3106 2762 3161 de
2802 3104 3078 3177 religione
3109 3104 3403 3176 perennis.

2090 3179 2132 3245 C
2172 3194 2449 3251 Primitus
2481 3194 2715 3250 attende
2740 3193 3041 3267 praesentis
3073 3193 3381 3249 commoda
3409 3190 3538 3248 vita

2173 3284 2470 3349 Quomodo
2498 3287 2833 3355 quaerantur
2862 3282 3078 3354 quibus
3109 3286 3163 3337 et
3196 3281 3353 3337 curis
3383 3284 3713 3348 teneantur,

2172 3372 2446 3436 Quamvis
2475 3372 2597 3427 haec
2627 3376 2861 3441 cuncta,
2892 3388 3125 3443 quoquo
3157 3370 3277 3426 sint
3308 3371 3507 3426 ordine
3538 3371 3757 3440 juncta,

416 3489 493 3544 De
522 3487 785 3544 orationis
816 3483 1103 3549 instantia,
1155 3489 1205 3536 et
1234 3481 1367 3551 quia
1394 3494 1554 3551 nemo
1585 3473 1844 3547 difﬁdere
1868 3475 2025 3531 debea

2174 3462 2257 3516 Ad
2290 3461 2540 3517 nihilum
2574 3449 2787 3531 subito,
2820 3460 2988 3532 quasi
3022 3476 3137 3515 non
3184 3459 3423 3527 fuerint,
3456 3459 3824 3531 redigantur.

916 3554 980 3609 de
1008 3555 1121 3609 Dei
1164 3550 1565 3606 misericordia.

419 3648 551 3704 Hec
583 3646 692 3702 sub
723 3645 916 3712 corde,
948 3657 1171 3713 precor,
1213 3638 1447 3709 sapiens
1487 3635 1835 3707 amplectere
1865 3635 2063 3700 lector,

418 3736 485 3791 Et
505 3750 620 3806 quo
650 3732 856 3788 doctus
888 3729 946 3783 in
977 3727 1069 3782 his
1099 3726 1275 3781 etiam
1308 3723 1619 3795 persistere
1648 3721 1861 3792 possis,

416 3821 720 3880 Continuis
749 3818 1019 3892 precibus
1049 3818 1178 3887 pete
1207 3812 1466 3867 divinam
1496 3810 1790 3882 pietatem.

416 3912 549 3967 Haec
580 3908 797 3967 etenim
827 3910 987 3962 certa
1017 3901 1391 3959 credentibus
1422 3905 1509 3955 est
1541 3902 1597 3953 et
1622 3902 1841 3970 aperta,

420 4001 488 4055 Et
516 4000 853 4070 quicunque
884 3993 1007 4049 sitit
1035 3992 1123 4047 vel
1150 3990 1473 4062 jejunando
1505 3987 1772 4053 labascit,

419 4087 542 4142 Huc
571 4085 764 4141 veniat
792 4084 1009 4149 lassus,
1040 4080 1153 4135 huc
1183 4082 1404 4150 quanta
1434 4075 1692 4148 pericula
1744 4092 1955 4148 passus
1980 4093 1993 4143 ;

426 4174 530 4230 Hic
560 4174 711 4240 fons,
745 4171 838 4226 hic
870 4170 1058 4242 panis,
1091 4185 1163 4223 ne
1193 4166 1326 4239 quis
1348 4165 1630 4222 subsistat
1660 4164 1872 4220 inanis.

421 4263 665 4319 Poscere
696 4277 767 4316 ne
797 4259 1053 4328 dubites,
1088 4262 1145 4313 et
1165 4258 1291 4329 jam
1322 4256 1370 4310 si
1415 4259 1681 4311 mortuus
1712 4257 1922 4322 exstes,

418 4352 489 4407 Et
517 4350 908 4423 quodcunque
938 4346 1130 4403 scelus
1160 4349 1215 4400 te
1243 4343 1612 4399 commisisse
1634 4343 1854 4409 fateris,

310 4428 315 4434 ’
418 4439 563 4495 Hinc
580 4438 810 4496 veniam
840 4452 1029 4509 spera,
1064 4435 1110 4489 si
1146 4434 1223 4489 sit
1249 4432 1535 4488 confessio
1566 4449 1716 4487 vera.

420 4526 621 4584 Multis
651 4542 861 4597 nempe
891 4524 1064 4581 malis
1089 4523 1218 4580 ideo
1259 4522 1654 4595 permittimus
1687 4522 1800 4589 uri,

419 4617 722 4681 Quatenus
753 4614 995 4687 experti,
1029 4612 1167 4684 quia
1199 4610 1283 4666 nil
1313 4610 1391 4666 sit
1420 4610 1651 4682 adoptio
1684 4610 1908 4677 mundi,

418 4708 603 4778 Atque
631 4704 778 4760 nihil
806 4703 1024 4759 nostris
1054 4702 1351 4757 valeamus
1377 4699 1565 4754 vivere
1594 4699 1763 4765 votis,

423 4793 643 4850 Saltem
674 4793 758 4849 sic
786 4793 1047 4848 medium
1074 4806 1355 4863 cogamur
1386 4804 1642 4860 quaerere
1665 4803 1891 4855 verum,

423 4881 531 4947 Qui
564 4897 671 4936 nos
701 4881 768 4935 ad
802 4878 1043 4935 stabiles
1075 4879 1249 4934 faciat
1274 4878 1601 4950 pertingere
1630 4894 1842 4932 mores.

421 4970 526 5023 Hic
559 4968 731 5023 sicuti
754 4967 903 5022 ﬁctis
932 4983 1046 5021 non
1070 4966 1436 5021 inveniemur
1462 4968 1531 5021 ab
1568 4966 1703 5021 ullis
1736 4982 1750 5023 :

419 5058 515 5113 Sic
540 5070 771 5128 quoque
804 5070 1034 5126 semper
1064 5056 1229 5109 adest
1257 5070 1390 5109 vere
1422 5056 1816 5125 quaerentibus
1847 5054 2036 5122 illum,

418 5146 625 5204 Debita
655 5143 969 5217 culparum
1002 5142 1308 5199 dimittens
1337 5143 1804 5214 omnigenarum.

914 5247 1317 5305 CAPITULUM
1360 5248 1597 5303 XXXVI.

2178 3551 2303 3605 Haec
2332 3567 2466 3606 cum
2498 3554 2692 3605 mente
2724 3550 2898 3621 geris,
2930 3547 3084 3604 facili
3108 3548 3329 3604 ratione
3359 3548 3582 3604 deceris

2175 3639 2358 3702 Quam
2383 3638 2459 3693 sit
2479 3638 3063 3709 suavejugum,quod
3094 3641 3440 3709 perpetuum
3461 3636 3621 3692 dabit
3644 3651 3827 3691 usum

2177 3727 2492 3799 Regnaque
2525 3744 2639 3798 quo
2660 3726 2971 3789 ccelivalet
3003 3726 3412 3798 unusquisque
3442 3724 3677 3781 mereri.

2617 3831 3032 3887 CAPI'I‘ULUM
3071 3832 3369 3887 XXXVIII.

2182 3923 2245 3978 Ut
2276 3921 2535 3977 divinum
2562 3937 2696 3993 opus
2724 3937 2848 3976 cum
2903 3936 2995 3992 spe
3024 3921 3402 3993 retributionis
3445 3925 3674 3977 zternaz
3698 3919 3832 3991 ﬁde-

2732 3994 2857 4048 liter
2882 3991 3155 4062 agendum
3184 3994 3274 4047 sit.

2178 4081 2435 4137 Rursum
2469 4083 2517 4138 si
2548 4081 2736 4137 credis
2768 4081 2907 4153 quia
2936 4098 3039 4154 per
3067 4082 3271 4137 crebra
3298 4085 3463 4154 gesta
3493 4080 3711 4137 laboris

2175 4175 2383 4243 Magna
2412 4171 2765 4226 caducarum
2797 4174 3107 4242 praestetur
3137 4169 3303 4242 copia
3333 4186 3552 4236 rerum,

2177 4260 2247 4315 Et
2277 4277 2390 4332 quo
2416 4259 2665 4331 quisque
2700 4259 2888 4331 magis
2920 4263 3075 4315 serat
3115 4260 3173 4314 in
3211 4258 3543 4315 carnalibus
3575 4259 3726 4315 actis

2178 4349 2363 4403 Tanto
2396 4348 2527 4420 plus
2552 4347 2782 4403 lucrum
2816 4364 2877 4403 se
2907 4352 3101 4420 sperat
3128 4348 3187 4402 in
3220 4347 3311 4403 his
3342 4348 3722 4415 habiturum;

2177 4436 2235 4491 Si
2268 4453 2499 4509 quoque
2532 4436 2799 4492 servilem
2832 4453 3117 4508 passurus
3150 4440 3359 4508 sponte
3388 4436 3651 4492 laborem

2103 4549 2147 4614 D
2179 4530 2289 4581 Pro
2319 4541 2422 4598 spe
2452 4524 2738 4580 mercedis
2769 4524 2992 4580 homini
3022 4524 3109 4580 vis
3140 4540 3268 4580 esse
3300 4524 3510 4597 fidelis,

2184 4615 2293 4681 Qui
2320 4616 2589 4685 quamvis
2618 4614 2818 4687 largus
2848 4613 2935 4669 vel
2969 4615 3347 4685 quantumvis
3377 4613 3691 4686 opulentus

2184 4705 2428 4760 Summa
2459 4720 2562 4776 pro
2596 4709 2752 4759 certo
2784 4702 3005 4758 nullius
3035 4703 3281 4760 habebis
3302 4704 3361 4759 in
3394 4702 3492 4759 illo
3528 4720 3540 4758 :

2184 4793 2344 4849 Vana
2374 4792 2535 4849 salus
2576 4792 2854 4863 hominis,
2882 4792 3196 4849 Psalmista
3227 4808 3482 4864 namque
3512 4792 3761 4848 deceris.

2180 4883 2250 4937 Et
2281 4881 2628 4938 maledictus
2657 4882 2857 4950 homo,
2892 4882 3062 4954 cujus
3092 4899 3227 4954 spes
3257 4885 3347 4937 est
3373 4882 3433 4937 in
3464 4880 3728 4938 homullo

2182 4973 2313 5039 Cur,
2346 4971 2585 5026 modicae
2617 4971 2772 5039 fidei,
2804 4972 2993 5028 credis
3035 4971 3232 5028 minus
3272 4969 3689 5044 Omnipotenti,

2182 5060 2289 5124 Qui
2322 5064 2529 5132 praeter
2555 5060 2773 5116 victum
2804 5061 2931 5115 vita
2964 5061 3142 5131 hujus
3186 5060 3619 5131 quotidianum,

2184 5150 2307 5215 Quo
2336 5149 2443 5204 tibi
2464 5150 2589 5220 jam
2618 5149 2876 5205 mundus
2909 5150 3085 5205 servit
3113 5150 3548 5221 quodammodo
3580 5152 3761 5216 totus,

2185 5237 2410 5293 Gaudia
2437 5241 2726 5309 perpetua:
2758 5239 3111 5309 quandoque
3142 5238 3308 5293 dabit
3336 5237 3442 5293 tibi
3466 5238 3617 5308 vitai,

425 5343 579 5412 Quod
604 5342 1274 5413 conversationisgsancta}
1305 5340 1529 5413 initium
1584 5341 1659 5395 sit
1707 5338 1955 5413 di/ﬁcile,
1986 5342 2077 5399 sed
2186 5327 2243 5383 Si
2276 5343 2379 5399 ΡΓο
2412 5327 2747 5383 mundanis‘
2783 5328 2997 5399 finibus
3028 5327 3291 5383 intentus
3324 5327 3653 5398 Γεωυιεπίε,

523 5415 759 5485 juvante
791 5412 1001 5467 Christo
1032 5411 1191 5466 labor
1233 5408 1498 5481 levigetur
1524 5408 1967 5481 perseverantiae.

424 5504 498 5561 Et
526 5502 663 5559 licet
692 5500 963 5573 inprimis
993 5499 1072 5556 sit
1102 5498 1359 5555 difﬁcilis
1388 5498 1555 5556 labor
1584 5501 1799 5567 omnis,

426 5593 540 5653 Res
569 5591 801 5670 incepta
830 5589 967 5649 boni
996 5594 1268 5665 perstans
1300 5589 1359 5647 in
1392 5605 1589 5647 amore
1618 5588 1836 5653 laboris

2188 5415 2412 5487 Equali
2446 5417 2640 5471 studio
2671 5416 2987 5473 submittas
3018 5421 3195 5472 temet
3224 5416 3284 5471 in
3314 5415 3441 5488 ipso
3470 5417 3498 5471 ?

2187 5504 2471 5561 Credulus
2500 5504 2756 5575 incertis,
2790 5505 3121 5562 certissima
3151 5505 3291 5576 quid
3324 5505 3665 5578 reprobabis
3704 5505 3733 5561 ?

2190 5592 2257 5651 Et
2281 5594 2559 5657 mandata
2587 5593 2690 5654 Dei
2721 5612 2837 5655 non
2866 5611 3039 5671 posse
3069 5594 3236 5669 sequi
3266 5595 3431 5672 prius
3458 5594 3658 5673 inquis
