4108 6188
208 316 330 378 293

1388 317 1490 378 DE
1533 317 1927 380 DOCTRINA
1971 321 2438 388 SPIRITUALI.

3501 339 3630 401 294·

213 452 400 542 Quam
432 447 697 542 faciendo
729 448 940 542 probes
972 447 1113 520 quid
1145 449 1491 542 permittant
1516 451 1621 524 tibi
1650 451 1801 509 vires
1831 453 1860 508 ?
1889 461 1945 525 Α
1975 456 2086 512 Seu
2119 457 2316 513 divina
2345 461 2534 531 sequi,
2567 477 2693 532 quae
2726 481 2964 522 sursum
2993 472 3132 524 sunt
3163 469 3456 542 meditari,

213 540 488 596 Nondum
523 539 780 594 sudabas
811 538 908 594 ubi
941 542 995 593 te
1031 556 1143 594 non
1177 556 1347 611 posse
1375 541 1686 612 probabas,

214 630 258 686 Ο
288 629 456 685 labor
481 627 703 698 exsilis,
734 627 833 700 qui
867 644 969 682 nec
1000 628 1208 699 probat
1238 633 1368 684 acta
1393 629 1631 695 laboris,

216 717 334 776 Nec
365 716 548 774 bravii
579 717 858 773 meritum
889 715 1012 772 vult
1042 716 1188 772 ferre
1219 733 1321 790 per
1350 719 1814 791 experimentum
1843 735 1858 775 :

217 808 334 864 Ceu
361 824 479 862 non
511 806 780 878 expediat
807 805 982 860 talem
1013 805 1121 860 tibi
1155 805 1301 862 inire
1333 806 1615 875 laborem,

220 897 327 963 Qui
354 913 460 969 per
489 895 775 951 mercedis
807 897 1030 968 geritur
1058 893 1380 966 promissas
1410 896 1702 968 perennis,

218 989 297 1042 Ac
327 984 580 1042 Domino
612 983 719 1040 soli
747 985 824 1040 sit
853 983 1015 1038 nulla
1045 983 1191 1040 ﬁdes
1223 983 1591 1041 adhibenda:

223 1076 282 1131 Si
310 1091 430 1130 non
461 1075 737 1146 desperas
766 1089 862 1129 res
888 1089 1151 1129 exercere
1183 1075 1455 1141 caducas,

223 1165 524 1228 Quatenus
556 1179 625 1218 ex
653 1160 800 1234 ipsis
829 1161 1045 1217 habeas
1077 1161 1370 1234 stipendia
1390 1163 1604 1234 carnis,

226 1254 341 1309 Cur
370 1252 570 1308 minus
605 1255 851 1307 aeternos
882 1250 1129 1306 conﬁdis
1162 1267 1417 1322 quaerere
1452 1251 1700 1318 fructus,

227 1342 299 1398 Ut
323 1341 526 1398 tradas
555 1339 814 1396 animam
835 1340 1030 1412 regnis
1061 1339 1395 1396 coelestibus
1426 1345 1648 1413 aptam,

227 1433 353 1498 Qua
383 1430 622 1486 dabitur
653 1429 882 1484 cunctis
911 1445 1146 1501 semper
1175 1430 1427 1502 gaudere
1456 1429 1696 1504 beatis?

227 1519 490 1592 Denique
519 1523 827 1590 promptus
859 1517 985 1590 agis
1007 1517 1292 1590 quidquid
1324 1519 1492 1574 docet
1509 1518 1665 1591 optio
1682 1518 1876 1574 carnis

231 1610 344 1666 Cur
375 1624 613 1682 quoque
643 1624 759 1662 non
792 1610 1016 1680 gustas,
1050 1607 1098 1663 si
1131 1607 1378 1680 spiritus
1399 1607 1523 1664 ulla
1548 1606 1796 1664 facultas

233 1698 386 1755 Bello
417 1696 638 1754 carnali
667 1695 853 1752 valeat
872 1695 1097 1761 ratione
1126 1697 1296 1752 reniti
1328 1696 1356 1750 ‘?

233 1788 373 1844 Nam
408 1787 459 1842 si
491 1789 759 1857 gustares
789 1801 1093 1856 nunquam
1125 1785 1375 1843 sitiendo
1395 1802 1631 1842 vacares
1668 1811 1682 1855 ;

236 1877 344 1932 Sed
381 1893 499 1949 quo
533 1874 665 1948 plus
687 1874 938 1945 biberes,
970 1878 1134 1930 tanto
1164 1875 1354 1948 magis
1383 1876 1518 1931 inde
1549 1875 1762 1946 sitires,

237 1972 427 2022 Donec
491 1965 563 2021 ad
590 1968 914 2021 extremum
945 1963 1165 2020 fontem
1196 1964 1511 2021 trahereris
1541 1966 1612 2020 ad
1662 1965 1878 2037 ipsum,

238 2055 420 2126 Cujus
451 2057 835 2126 conspectum
867 2053 1028 2125 cupit
1056 2053 1249 2109 omnis
1266 2053 1466 2108 ccelica
1493 2053 1700 2108 virtus.

237 2143 521 2200 Ausculta
552 2143 785 2198 tandem
821 2159 999 2214 quam
1031 2159 1187 2198 nunc
1214 2143 1380 2198 trado
1403 2142 1689 2198 rationem
1725 2159 1738 2198 :

237 2234 343 2290 Jus
373 2233 424 2289 si
457 2237 613 2288 terra
642 2231 798 2302 colit,
830 2247 946 2303 quo
975 2231 1186 2304 cuique
1218 2231 1392 2287 ﬁdem
1424 2232 1561 2287 dare
1592 2231 1768 2297 norit,

240 2323 356 2379 Hoc
379 2322 558 2378 etiam
581 2321 736 2393 juris
761 2337 831 2376 ne
863 2321 1066 2377 credas
1087 2321 1280 2378 defore
1310 2320 1492 2377 caelis.

240 2413 351 2470 Sed
387 2428 525 2467 cum
557 2410 647 2467 lex
671 2427 809 2466 vera
838 2411 1114 2482 procedat
1133 2411 1206 2466 ab
1237 2427 1367 2467 arce
1399 2427 1656 2482 superna

240 2507 431 2575 Atque
460 2506 614 2557 Deus
641 2517 837 2568 verax,
867 2504 961 2556 ast
991 2500 1184 2556 omnis
1215 2501 1292 2556 sit
1321 2500 1495 2556 homo
1543 2501 1815 2567 mendax,

245 2592 384 2648 Ritu
413 2589 626 2662 majori
653 2594 904 2663 possunt
932 2589 1182 2648 cceleslia
1211 2590 1389 2645 credi.

723 2678 1134 2735 CAPITULUM
1165 2679 1404 2734 XXXIX.

353 2769 676 2826 Exhortatio
702 2768 981 2838 generalis
1004 2785 1106 2840 pro
1135 2769 1320 2823 labore
1349 2771 1506 2839 regni
1533 2767 1782 2824 catastis.

243 2859 348 2915 His
379 2859 560 2931 igitur
589 2857 762 2913 dictis
794 2857 866 2912 ad
893 2874 1015 2924 vos,
1050 2857 1386 2929 quicunque
1415 2857 1639 2930 legetis,

242 2951 332 3004 Ad
366 2965 467 3004 vos
497 2946 820 3020 praesertim
853 2946 952 3017 qui
987 2946 1202 3002 talibus
1235 2946 1565 3019 indigeatis,

244 3037 414 3093 Nunc
426 3052 659 3109 quoque
670 3035 973 3091 vobiscum
989 3039 1302 3106 pensantes
1315 3036 1591 3108 dogmata
1603 3039 1892 3104 nostrum,

248 3126 396 3182 Hinc
429 3126 651 3197 aliquid
684 3124 913 3190 moniti,
946 3124 1189 3180 Domino
1220 3141 1318 3181 vos
1344 3125 1578 3180 subdite
1615 3122 1892 3196 prompti,

243 3216 340 3282 Ut,
374 3216 515 3270 dum
546 3214 865 3286 possimus,
897 3213 947 3269 si
978 3218 1206 3270 tantum
1239 3231 1410 3286 posse
1437 3214 1704 3284 velimus,

240 3303 418 3360 Nulla
447 3320 659 3360 manus
690 3307 900 3373 cesset,
932 3302 1151 3358 nullius
1183 3319 1284 3375 pes
1314 3317 1547 3374 quoque
1577 3303 1786 3358 tardet.

238 3392 369 3449 1am
404 3394 531 3450 vice
560 3391 855 3448 communi
888 3406 1268 3464 properemus
1290 3393 1360 3447 ad
1393 3391 1614 3463 optima
1635 3389 1855 3448 summi

238 3486 363 3549 Quo
397 3482 567 3538 labor
592 3486 648 3537 et
676 3481 898 3547 nullus,
930 3497 1036 3537 nec
1066 3481 1286 3537 venerit
1317 3481 1574 3554 amplius
1606 3479 1764 3536 ullus
1803 3497 1815 3534 :

242 3571 356 3628 Sed
395 3569 760 3640 semperlaeti
782 3569 1220 3625 remanebimus
1251 3575 1429 3642 atque
1459 3570 1661 3642 quieti.

243 3657 712 3730 Contemplando
739 3659 1052 3730 Deum,qui
1071 3676 1228 3714 nunc
1260 3676 1394 3731 spes
1417 3664 1592 3730 atque
1608 3663 1894 3730 tropzeum

251 3750 309 3804 In
344 3765 410 3805 se
441 3748 732 3805 credentis
763 3753 961 3804 manet
989 3752 1045 3803 et
1075 3748 1554 3824 ﬁducia/mentis.

248 3837 413 3901 Quod
445 3837 603 3893 Deus
634 3836 693 3891 in
726 3836 893 3892 nobis
924 3842 1196 3908 operetur
1223 3837 1282 3892 in
1316 3837 1590 3893 omnibus
1621 3837 1805 3904 horis,

250 3926 431 3997 Cujus
461 3930 519 3982 et
549 3925 864 3996 imperium
897 3925 1025 3980 sine
1055 3925 1168 3980 fine
1198 3926 1534 3982 manebitin
1565 3942 1776 3982 mvum.

609 4015 802 4071 Sermo
828 4014 898 4070 ad
927 4030 1120 4070 avaros
1149 4014 1232 4070 vel
1260 4016 1538 4086 superbos.

251 4105 294 4160 Ο
323 4106 536 4161 fratres
564 4105 747 4173 cbari,
777 4120 882 4176 per
908 4103 1205 4159 Christum
1227 4119 1350 4159 sem
1363 4120 1466 4176 per
1496 4104 1755 4174 amandi,

251 4195 392 4250 Cum
422 4210 602 4266 prope
634 4193 712 4250 sit
739 4198 973 4265 tempus
1004 4209 1119 4264 quo
1152 4194 1410 4248 mundus
1441 4194 1552 4250 erit
1584 4195 1868 4263 ruiturus,

251 4283 372 4339 Vos
403 4283 505 4354 qui
538 4281 785 4355 diligitis
806 4282 932 4337 vitae
966 4281 1256 4353 promissa
1284 4283 1582 4353 perennis,

252 4371 454 4428 Fortes
485 4371 738 4438 athletae,
773 4387 1013 4426 sursum
1047 4387 1214 4442 spem
1246 4370 1461 4426 mentis
1491 4372 1723 4439 habete,

251 4459 333 4516 Ne
363 4461 508 4533 quid
542 4461 602 4515 in
634 4460 742 4516 hoc
771 4459 993 4518 mundo
1021 4461 1148 4530 jam
1180 4459 1532 4532 possideatis
1564 4461 1814 4516 amando

254 4547 458 4606 Restat
486 4549 645 4606 enim
674 4549 837 4606 vobis
867 4549 1093 4604 fructus
1124 4548 1326 4620 patriae
1359 4549 1636 4618 melioris,

254 4639 313 4694 Si
340 4639 519 4695 modo
548 4639 761 4694 sinceri
795 4636 1079 4694 studentis
1111 4638 1220 4693 rite
1246 4638 1474 4694 mereri.

251 4727 336 4782 Ad
369 4743 554 4800 quam
586 4727 961 4800 quaerendam
991 4730 1336 4798 praesentem
1395 4727 1652 4798 spernite
1698 4726 1898 4798 vitam,

255 4814 474 4872 Usibus
506 4816 788 4888 exceptis,
819 4832 921 4887 per
951 4831 1098 4886 quos
1128 4815 1265 4871 illuc
1294 4816 1617 4887 properatis

255 4903 327 4959 Et
355 4906 577 4977 quibus
605 4906 666 4960 in
697 4910 854 4961 terra
883 4905 1186 4959 foveantur
1217 4920 1459 4976 corpora
1488 4909 1702 4960 vestra.

249 4993 399 5050 Nam
433 4995 608 5050 datur
637 4995 708 5050 ad
742 4999 976 5066 tempus
1005 4993 1214 5048 animae
1244 4993 1398 5048 victu
1430 4993 1551 5048 fore
1582 5009 1816 5065 corpus,

250 5081 325 5139 L't
355 5084 678 5140 meditetur
707 5082 902 5149 homo,
925 5082 1067 5136 dum
1097 5079 1235 5135 vivit
1263 5079 1323 5134 in
1356 5081 1493 5136 orbe
1525 5081 1769 5152 caduco,

248 5171 480 5238 Quliter
499 5189 670 5229 mens
700 5171 892 5228 vitalis
922 5175 982 5227 et
1010 5169 1196 5225 virtus
1226 5169 1548 5240 spiritualis

247 5260 569 5318 Viviﬁcant
599 5277 835 5318 carnem
864 5277 967 5333 per
997 5259 1257 5316 divinam
1297 5259 1607 5326 rationem,

242 5351 544 5408 Libertate
574 5352 736 5420 data,
765 5365 1131 5424 quiscunque
1159 5348 1409 5404 velimus
1441 5349 1690 5422 agenda,

238 5442 364 5496 Aut
397 5442 613 5497 anima:
639 5456 832 5496 mores
860 5439 948 5495 vel
981 5439 1088 5494 niti
1119 5436 1317 5494 carnis
1348 5453 1597 5507 amores,

239 5529 420 5586 Nunc
450 5531 687 5599 sentite,
718 5544 878 5604 rogo,
912 5527 1048 5602 quis
1076 5530 1306 5584 constet
1334 5529 1547 5582 rectior
1579 5526 1742 5596 ordo,

237 5623 403 5682 Dum
419 5622 595 5680 datur
614 5619 921 5680 arbitrium
933 5617 1109 5695 ,quod
1123 5617 1374 5694 quisque
1385 5615 1525 5676 velit
1545 5613 1902 5689 faciendum,

1972 544 2133 600 Unde
2164 547 2316 617 sapit
2346 547 2519 604 ﬂatus
2549 548 2876 610 discernere
2909 559 3168 628 corporis
3199 563 3389 628 actus,

1971 638 2090 689 Aut
2119 637 2312 690 carnis
2339 637 2622 706 studium,
2657 657 2773 712 quo
2808 643 2991 700 fertur
3018 647 3136 702 vita
3167 648 3463 706 deorsum.

1972 723 2119 778 Hinc
2148 723 2257 779 iter
2286 729 2376 780 est
2403 727 2634 794 animae,
2667 731 2768 785 sed
2801 736 2956 789 terra
2985 736 3134 791 redit
3171 754 3404 812 quoque
3427 744 3614 798 terra.

1973 812 2282 884 Propterea
2313 819 2536 871 mentes
2563 822 2784 874 vestras
2815 822 2886 876 ad
2920 828 3075 879 recta
3107 825 3357 884 ferentes

1976 900 2193 957 Discite
2221 901 2361 974 quid
2395 905 2545 972 sitis,
2579 908 2861 963 attendite
2893 927 3008 982 quo
3040 916 3384 986 properetis.

1977 989 2102 1045 Non
2133 1007 2234 1046 vos
2259 995 2519 1062 saducat,
2553 995 2600 1049 si
2633 995 2818 1068 gloria
2850 1015 3062 1056 census
3093 1003 3358 1061 abundat
3392 1024 3405 1074 ;

1978 1078 2036 1132 Si
2068 1083 2207 1134 sunt
2239 1080 2473 1150 divitiae,
2506 1100 2608 1154 per
2635 1101 2733 1141 eas
2765 1087 2943 1144 nolite
2974 1089 3160 1160 perire
3195 1110 3208 1159 ;

1980 1167 2126 1222 Nam
2162 1169 2310 1224 Deus
2341 1169 2448 1226 has
2473 1173 2738 1230 tribuens
2761 1175 2819 1230 in
2851 1177 2935 1232 eis
2967 1178 3288 1254 interrogat
3313 1199 3517 1241 omnes

1981 1255 2121 1319 Quis
2151 1257 2289 1312 velit
2320 1258 2378 1312 in
2410 1261 2580 1317 donis
2610 1264 2804 1334 potius
2834 1271 3102 1323 constare
3132 1268 3347 1338 ﬁdelis,

1983 1348 2100 1399 Aut
2127 1345 2260 1417 quis
2289 1349 2580 1405 carnalem
2610 1351 2697 1407 vel
2726 1359 2882 1409 amet
2913 1372 3034 1412 rem
3067 1358 3462 1429 spiritualem.

1984 1433 2106 1489 Non
2141 1434 2287 1492 alias
2315 1437 2397 1492 illi
2430 1439 2788 1512 subiguntur
2816 1447 3125 1502 commoda
3157 1451 3386 1519 mundi,

1986 1524 2261 1588 Quamvis
2291 1542 2392 1597 per
2423 1526 2618 1599 plures
2649 1531 2888 1602 cupiant
2917 1551 3072 1590 nunc
3103 1551 3232 1592 esse
3263 1542 3554 1610 potentes,

1988 1611 2218 1668 Scilicet
2247 1613 2457 1670 intenti
2490 1619 2676 1690 magis
2701 1620 2771 1674 ad
2800 1622 3061 1679 convivia
3092 1625 3271 1681 saecli.

1989 1700 2172 1765 Quam
2203 1703 2361 1758 curis
2391 1705 2598 1760 animae
2629 1709 2962 1767 commissis
2994 1715 3389 1786 suppeditare.

1989 1789 2098 1845 Vos
2130 1795 2350 1858 autem,
2379 1793 2604 1863 fratres,
2635 1812 2763 1867 qua:
2795 1800 2998 1854 mundi
3022 1808 3162 1858 sunt
3192 1805 3501 1877 fugientes,

1990 1879 2238 1943 Querite
2268 1886 2594 1938 vestrarum
2627 1891 2965 1943 constanter
2995 1907 3133 1962 opes
3163 1893 3494 1952 animarum
3522 1917 3534 1966 ;

1990 1966 2136 2023 Nam
2168 1969 2306 2040 quid
2345 1971 2856 2044 honorgrandis,si
2878 1980 3108 2034 tantum
3132 1986 3347 2052 pontus
3370 1983 3642 2043 honoris?

1992 2056 2137 2145 Quid
2171 2059 2406 2128 prodest
2431 2062 2743 2132 tandem,si
2779 2067 3066 2123 mundum
3104 2071 3339 2128 sumitis
3367 2090 3629 2145 omnem,

1992 2144 2129 2200 Post
2157 2146 2336 2218 hujus
2365 2165 2567 2205 casum
2601 2152 2727 2207 sine
2757 2153 2872 2210 ﬁne
2904 2157 3020 2227 pati
3055 2160 3380 2218 cruciatum
3411 2164 3440 2218 ‘I

1991 2232 2076 2326 ab
2105 2233 2117 2287 l
2151 2234 2223 2326 ah
2251 2235 2483 2326 liqualis
2516 2239 2900 2314 honor,quem
2927 2248 3122 2303 tantus
3144 2249 3626 2326 cinxerithorror,

1995 2322 2137 2412 Cum
2156 2323 2421 2412 ivindicta
2450 2327 2644 2383 hravis
2673 2334 3299 2409 successeribundique
3330 2341 3522 2412 pravis
3547 2342 3559 2396 ι

1996 2409 2120 2466 Νοη
2153 2411 2348 2482 homo,
2370 2431 2483 2470 non
2516 2433 2725 2472 aurum
2758 2421 2968 2491 poterit
2997 2428 3197 2495 aptare
3228 2409 3490 2486 beatum.

1997 2498 2106 2554 Sed
2138 2500 2346 2557 virtute
2373 2503 2472 2558 Dei
2505 2507 2774 2562 consistit
2803 2508 2920 2564 vita
2965 2511 3141 2568 beati.

1998 2587 2042 2642 Ο
2070 2589 2169 2660 qui
2202 2589 2425 2648 deliciis
2458 2593 2681 2650 felicem
2717 2601 2768 2651 te
2801 2598 2920 2654 fore
2951 2601 3160 2670 credis,

2000 2676 2123 2732 Huc
2143 2681 2378 2736 attende
2411 2699 2640 2753 parum,
2673 2701 3003 2744 sermonem
3035 2692 3268 2748 confero
3299 2697 3490 2752 tecum
3528 2714 3541 2753 :

1999 2764 2149 2822 Dum
2181 2785 2389 2826 noscas
2418 2773 2716 2829 hominem
2732 2792 2847 2830 non
2874 2791 3003 2832 esse
3020 2780 3352 2850 perenniter
3375 2799 3638 2841 omnem.

2001 2858 2110 2910 Pro
2145 2857 2380 2914 modulo
2412 2863 2610 2931 puncti
2643 2880 2776 2918 cum
2808 2865 2927 2920 sint
2956 2866 3134 2924 simul
3176 2871 3376 2926 omnia
3409 2875 3640 2942 mundi,

2003 2946 2188 3009 Quam
2221 2949 2506 3004 moritura
2535 2967 2668 3007 caro
2699 2953 2806 3008 tibi
2839 2971 3004 3027 spem
3037 2958 3326 3028 promittit
3355 2977 3527 3018 avaro
3559 2962 3587 3017 ?

2002 3035 2116 3090 Cur
2145 3035 2318 3092 hodie
2348 3037 2504 3095 ludis
2527 3057 2635 3112 pro
2658 3043 2833 3099 rebus
2865 3060 2994 3100 cras
3025 3047 3299 3118 perituris

2103 3123 2205 3190 nil,
2240 3128 2433 3195 surde,
2468 3129 2631 3185 doles
2661 3132 2868 3187 animae
2900 3134 3025 3189 sine
3056 3135 3171 3192 ﬁne
3200 3137 3486 3212 dolorem,

1924 3201 1966 3268 C
2004 3211 2064 3267 Si
2092 3212 2426 3284 Dominum,
2461 3218 2588 3272 coeli
2613 3236 2827 3291 regem,
2856 3237 3033 3294 super
3061 3225 3260 3281 omnia
3293 3228 3448 3283 nosti

2000 3301 2070 3356 Et
2101 3302 2242 3373 quia
2267 3303 2550 3360 sublimes
2581 3307 2753 3363 faciat
2783 3309 3106 3380 smpissime
3133 3313 3326 3379 mites,

1999 3397 2188 3464 Atque
2220 3394 2606 3464 superborum
2635 3395 2818 3452 soleat
2846 3401 3210 3469 prosternere
3230 3401 3446 3456 collum
3476 3403 3504 3455 ‘I

2002 3482 2065 3536 In
2097 3497 2212 3553 quo
2238 3481 2504 3552 conﬁdis,
2541 3483 2679 3554 quia
2704 3487 2760 3539 te
2788 3484 2899 3540 sibi
2931 3486 3182 3543 subdere
3213 3505 3326 3544 non
3357 3490 3444 3545 vis
3474 3489 3502 3544 *Γ

1999 3569 2099 3624 Vel
2129 3587 2232 3625 cur
2252 3572 2376 3642 ipse
2405 3572 2607 3626 studes
2636 3572 2875 3628 exaltari
2910 3591 3088 3646 super
3118 3593 3346 3647 omnes,

2003 3659 2147 3714 Cum
2170 3659 2296 3730 jam
2325 3661 2608 3732 perduras
2637 3662 2708 3716 ad
2741 3679 2832 3718 res
2861 3665 3056 3719 tecum
3087 3665 3380 3736 perituras
3413 3667 3441 3722 ?

2004 3747 2207 3804 Omnis
2231 3749 2386 3804 enim
2419 3749 2670 3821 cupidus
2700 3751 3064 3808 convincitur
3078 3769 3208 3810 esse
3237 3757 3550 3828 superbus.

2003 3838 2112 3904 An,
2146 3836 2284 3908 quia
2313 3835 2461 3893 liber
2489 3838 2603 3894 eris
2633 3839 2785 3894 mira
2815 3840 3074 3897 bonitate
3101 3845 3363 3901 Creantis

1961 3973 1982 3988 κ
2005 3926 2077 3980 Et
2101 3926 2331 3982 diversa
2361 3931 2547 3999 potes,
2579 3929 2720 3983 dum
2752 3946 2895 3985 sano
2923 3947 3162 4003 corpore
3195 3933 3395 4006 ﬂores,

2009 4018 2221 4070 Prmter
2251 4032 2384 4070 eum
2416 4032 2714 4088 quoquam
2746 4035 2948 4089 speras
2978 4021 3278 4092 exquirere
3297 4023 3499 4092 vitam,

2008 4106 2123 4159 Aut
2150 4104 2278 4175 ejus
2305 4104 2569 4178 gladium
2601 4106 2804 4177 quovis
2835 4109 3321 4180 evaderejustum
3349 4112 3378 4167 ?

2007 4191 2284 4266 Nunquid
2312 4195 2504 4267 imago
2536 4195 2654 4265 Dei,
2689 4197 2880 4268 primo
2913 4197 3171 4254 similata
3202 4201 3451 4272 parenti,

2010 4282 2189 4352 Cujus
2218 4283 2495 4356 progenie
2525 4285 2741 4341 retines
2762 4287 2996 4342 exordia
3026 4287 3176 4353 vitae,

2013 4370 2076 4425 In
2107 4375 2164 4426 te
2194 4372 2443 4428 mutavit
2469 4374 2624 4443 quod
2652 4373 2710 4428 in
2738 4373 2837 4429 illo
2868 4375 3035 4430 Patre
3066 4377 3280 4432 creavit
3307 4377 3336 4432 ?

2012 4459 2175 4514 None
2202 4459 2385 4526 vides,
2417 4466 2643 4532 gustas,
2677 4462 2901 4534 palpas,
2934 4464 3104 4520 audis
3132 4468 3191 4519 et
3220 4465 3429 4521 odoras
3449 4465 3478 4519 ?

1934 4569 1980 4634 D
2014 4545 2178 4602 Unde
2209 4548 2547 4617 merebaris,
2582 4554 2648 4603 ut
2675 4550 2948 4606 sensibus
2979 4550 3072 4606 his
3104 4551 3344 4622 potiaris
3381 4551 3410 4606 ?

2014 4635 2162 4699 Quid
2195 4636 2360 4708 prius
2388 4638 2621 4693 Auctori
2655 4654 2832 4710 quam
2854 4643 2909 4694 te
2941 4638 3154 4694 faceret
3183 4639 3465 4708 tribuisti,

2012 4723 2085 4780 Ut
2115 4725 2414 4780 rationalis
2444 4725 2725 4781 animalia
2749 4730 2959 4780 cuncta
2989 4725 3223 4797 praeires
3255 4726 3283 4780 ?

2012 4813 2082 4868 Et
2110 4817 2304 4869 tamen
2335 4813 2427 4869 his
2458 4814 2648 4868 brutis
2680 4813 3080 4886 perstantibus
3113 4814 3172 4869 in
3203 4815 3325 4870 vice
3342 4814 3521 4887 juris,

2011 4902 2119 4973 Tu,
2153 4902 2394 4957 rationis
2421 4919 2590 4974 opus,
2622 4919 2738 4957 non
2769 4903 2855 4958 vis
2885 4902 3128 4958 Domino
3160 4903 3278 4959 fore
3309 4920 3555 4975 pronus,

2015 4991 2164 5056 Quin
2197 4992 2498 5058 meditare,
2533 5008 2688 5061 rogo,
2723 4991 2969 5047 rationis
3000 4997 3058 5047 et
3086 4996 3255 5048 utere
3287 4993 3464 5062 dono,

2013 5082 2088 5135 Ac
2118 5096 2222 5151 per
2249 5097 2423 5152 quem
2455 5080 2612 5135 vivas
2639 5079 2934 5136 subtiliter
2961 5081 3216 5152 exprime
3234 5097 3461 5138 causas.

2011 5168 2152 5224 Nam
2185 5169 2410 5225 nescire
2441 5169 2684 5224 modum
2713 5171 2865 5225 vita.
2901 5171 3000 5225 sed
3031 5170 3218 5226 vivere
3240 5175 3472 5226 tantum

2013 5261 2113 5313 Est
2141 5258 2404 5313 studium
2437 5257 2680 5330 pecudis
2709 5259 2870 5313 omni
2902 5258 3126 5314 ratione
3158 5259 3432 5314 carentis.

2015 5347 2074 5402 Si
2105 5345 2285 5402 miser
2315 5347 2551 5419 ignoras
2585 5346 2724 5418 quia
2747 5351 2954 5418 sponte
2984 5351 3087 5402 tua
3117 5361 3252 5401 reus
3279 5349 3496 5414 exstas,

2014 5438 2215 5502 Quaere
2243 5436 2396 5490 viam
2428 5435 2596 5504 lucis,
2621 5440 2679 5490 et
2709 5439 2881 5492 erunt
2909 5435 3013 5490 tibi
3037 5434 3208 5506 signa
3239 5433 3448 5490 salutis

2013 5524 2122 5580 Per
2149 5541 2277 5596 qua
2301 5526 2427 5596 jam
2457 5524 2629 5597 plane
2663 5529 2915 5580 mentem
2948 5529 3112 5595 potes
3144 5524 3448 5587 adiﬁcare.

2015 5612 2186 5686 Nam,
2214 5613 2264 5672 si
2295 5614 2546 5673 sentires
2577 5613 2772 5672 carnis
2801 5613 3136 5673 decrescere
3164 5612 3341 5698 vires,
