4098 6172
445 316 559 376 995
1451 303 1789 365 OTHLONI
1836 300 2186 363 MONACHI
2233 302 2297 361 S.
2348 297 2831 360 EMMERAMMI

443 445 760 503 Confestim
791 441 1014 497 vasiam
1047 438 1333 510 proferres
1362 436 1496 492 inde
1529 435 1848 507 querelam.

443 539 523 591 Ac
554 551 754 590 curam
789 529 998 586 medici
1031 531 1255 599 peteres
1286 542 1462 597 quam
1496 526 1747 581 maxime
1777 524 1994 596 quaeri:

440 627 574 691 Cur,
611 639 768 694 rogo,
801 636 916 675 non
946 619 1153 673 animae
1187 615 1362 670 simul
1395 615 1649 671 intendis
1681 614 2000 681 medicina,

440 714 585 768 Cum
615 712 748 783 plus
778 726 846 765 ex
875 708 1074 763 anima
1103 722 1279 778 quam
1311 721 1547 776 corpore
1579 705 1655 759 sit
1685 708 1786 758 tua
1815 703 1932 757 vita
1955 703 1982 756 ?

436 803 580 856 Ecce
613 801 824 854 famem
859 794 1093 868 pateris,
1123 809 1298 864 quam
1324 796 1531 863 sponte
1563 791 1680 862 pati
1713 788 2034 862 perhiberis

438 892 586 946 Dum
619 887 723 943 tibi
757 884 1108 957 dispositum
1139 882 1414 953 reprobas
1445 879 1747 950 exquirere
1776 879 2011 932 victum.

438 979 604 1034 Certe
635 975 920 1048 quidquid
945 989 1130 1039 amas,
1164 972 1291 1040 ejus
1322 969 1533 1040 qnznris
1564 967 1906 1023 medicinas.

438 1069 550 1123 Sed
584 1066 723 1138 quid
756 1080 952 1120 amare
979 1060 1136 1116 vales
1166 1060 1316 1114 ritus
1345 1057 1548 1113 mundi
1581 1074 1682 1128 per
1710 1056 1936 1120 inanes,

438 1156 679 1223 Quando
709 1154 894 1210 Deum
921 1151 1047 1206 coeli
1078 1163 1451 1219 nequaquam
1483 1146 1568 1200 vis
1599 1145 1860 1200 venerari
1892 1144 1918 1196 ‘?

439 1243 718 1309 Quamvis
747 1243 956 1315 plenus
986 1255 1161 1310 opum
1195 1254 1296 1293 seu
1328 1237 1404 1290 sit
1436 1234 1657 1305 collega
1689 1238 1990 1306 potentum

441 1333 718 1406 Appellas
748 1333 964 1386 frustra
993 1333 1282 1384 terrarum
1313 1325 1560 1379 numina
1591 1327 1817 1389 cuncta,

438 1423 508 1477 Ni
539 1423 702 1494 prius
734 1421 999 1476 advertas
1030 1417 1124 1488 qui
1156 1416 1231 1471 sit
1264 1429 1440 1486 super
1472 1413 1669 1468 omnia
1696 1412 1941 1484 primas,

437 1512 891 1582 Subjectumque
924 1507 1035 1563 sibi
1065 1506 1244 1561 facias
1275 1511 1331 1559 te
1362 1507 1590 1575 pectore
1616 1503 1744 1556 niti.

437 1601 662 1656 Cedunt
683 1603 856 1653 cunta
886 1594 1013 1662 tibi,
1039 1594 1086 1648 si
1122 1597 1174 1648 te
1204 1592 1550 1647 submiseris
1577 1589 1688 1646 illi.

436 1689 712 1760 Quisquis
743 1691 799 1742 et
828 1685 936 1740 hoc
968 1683 1188 1751 renuis,
1227 1680 1517 1736 contraria
1547 1695 1776 1749 semper
1813 1677 2074 1733 habebis.

438 1779 623 1842 Quam
653 1776 850 1832 suavis
881 1774 1036 1838 nisu,
1071 1788 1173 1826 nec
1195 1787 1311 1824 non
1344 1767 1615 1839 optabilis
1647 1785 1812 1834 usus,

435 1870 581 1922 Voto
613 1862 912 1920 communi
942 1861 991 1915 si
1023 1864 1248 1914 trntum
1281 1857 1592 1912 subdimur
1629 1856 1732 1910 uni
1761 1857 1771 1910 ι

437 1955 600 2008 Tunc
631 1967 734 2023 per
763 1966 896 2005 eum
929 1947 1098 2002 nobis
1127 1945 1386 2000 mundus
1420 1943 1790 1998 submittitur
1809 1943 2020 1999 omnis.

435 2042 618 2111 Unde,
654 2056 874 2112 precor,
900 2039 1124 2101 fratres,
1152 2033 1482 2106 postponite
1512 2033 1704 2087 carnis
1736 2033 2004 2098 honores,

436 2132 543 2186 Per
573 2129 858 2200 quosjam
891 2131 1086 2198 gratos
1112 2123 1293 2178 venitt
1323 2122 1486 2178 dolor
1515 2123 1935 2176 immoderatus

440 2221 507 2274 Et
537 2223 778 2291 pensate
807 2215 996 2288 magis
1028 2214 1166 2286 quid
1194 2214 1270 2267 sit
1300 2228 1433 2283 spes
1460 2211 1800 2282 spiritualis,

437 2311 572 2374 Quae
602 2309 774 2363 modo
805 2307 916 2361 fert
935 2296 1261 2368 tristes,sed
1292 2306 1424 2372 post
1453 2300 1574 2354 haec
1597 2303 2076 2372 semperovantes

632 2401 837 2451 Versus
867 2410 1032 2464 super
1059 2393 1391 2462 sequentium
1423 2391 1600 2444 sancti
1627 2388 1888 2460 Spiritus.

434 2485 610 2540 Adsis
635 2486 759 2554 jam
785 2482 973 2547 nobis,
1008 2479 1316 2535 clementia
1347 2479 1598 2548 Spiritus
1629 2477 1791 2545 almi,

437 2575 571 2636 Quae
604 2571 715 2626 sibi
747 2587 844 2625 cor
867 2573 1134 2624 nostrum
1166 2568 1340 2621 faciat
1372 2567 1688 2621 consistere
1719 2565 2024 2636 templum,

435 2658 742 2732 Expellens
774 2659 908 2712 inde
938 2660 1307 2727 peccatorum
1337 2671 1522 2726 genus
1555 2671 1745 2709 omne.

437 2748 689 2820 Spiritus
721 2746 890 2812 alme,
922 2745 1072 2812 veni,
1113 2760 1214 2798 nos
1246 2747 1302 2798 et
1331 2743 1571 2814 dignare
1603 2742 1772 2810 tueri,

437 2839 548 2893 Fac
581 2836 780 2910 procul
812 2833 1134 2889 horrendas
1166 2833 1237 2886 de
1271 2837 1470 2887 nostro
1499 2833 1669 2886 corde
1702 2833 1990 2886 tenebras.

434 2927 518 2981 Tu
552 2924 880 2982 consolator
910 2927 966 2977 et
996 2939 1152 2994 purae
1185 2921 1397 2975 mentis
1429 2927 1674 2987 amator,

437 3016 590 3070 Infer
620 3014 874 3069 chrisma
904 3016 1095 3076 tuum,
1129 3010 1404 3077 clemens,
1437 3010 1495 3062 in
1524 3013 1755 3080 pectora
1785 3012 2072 3078 nostrum;

434 3104 518 3159 Tu
551 3119 783 3175 quoque
815 3106 1159 3156 cunctorum
1192 3099 1505 3152 mundator
1536 3097 1912 3169 ﬂagitiorum,

437 3192 749 3246 Mundatos
781 3189 1004 3245 homini
1037 3187 1237 3243 oculos
1269 3187 1355 3242 fac
1388 3186 1701 3255 interioris,

440 3280 510 3334 Ut
538 3280 621 3334 sic
651 3278 945 3334 caelestem
979 3293 1310 3331 mereamur
1340 3292 1572 3330 cernere
1605 3276 1853 3341 Patrem,

437 3370 616 3432 Quem
648 3373 899 3440 possunt
927 3366 1078 3422 oculi
1104 3367 1398 3436 justorum
1430 3382 1660 3419 cernere
1691 3364 1817 3419 soli.

433 3463 517 3513 Tu
551 3462 782 3514 sanctos
812 3461 974 3511 vates
1007 3455 1192 3510 fecisti
1225 3455 1431 3525 degere
1461 3455 1605 3510 tales

436 3546 508 3602 Ut
538 3547 806 3602 miranda
830 3545 929 3600 Dei
961 3549 1233 3599 canerent
1265 3543 1548 3614 praeconia
1576 3543 1789 3597 Christi
1819 3560 1832 3609 ;

437 3635 768 3707 Discipulos
794 3633 1008 3690 Christi
1042 3638 1162 3688 tam
1194 3632 1372 3686 fortes
1404 3647 1532 3685 esse
1563 3631 1796 3694 dedisti,

434 3725 576 3794 Ejus
607 3728 672 3778 ut
700 3723 759 3777 in
791 3726 1067 3776 cunctum
1097 3720 1372 3774 veherent
1403 3718 1686 3771 miracula
1717 3717 2027 3771 mundum.

433 3813 579 3868 Cum
611 3811 944 3866 machinam
978 3825 1170 3864 rerum
1204 3808 1414 3860 faceret
1443 3806 1595 3860 Deus
1627 3807 2077 3876 omnigenarum

434 3903 520 3957 Tu
550 3901 773 3956 foturas
806 3914 988 3969 aquas
1019 3897 1126 3950 has
1148 3896 1283 3964 jure
1312 3898 1410 3949 tuo
1453 3894 1768 3949 solidabas.

435 3991 522 4044 Tu
556 3988 824 4060 lymphas
856 3985 1065 4056 pandis
1098 3983 1407 4038 animabus
1437 3982 1803 4038 viviﬁcandis

435 4079 679 4148 Ipseque
710 4074 972 4131 carnales
1005 4073 1126 4127 fieri
1151 4073 1257 4127 das
1288 4070 1645 4142 spirituales.

435 4166 522 4219 Tu
547 4179 781 4234 quoque
812 4161 1061 4216 divisum
1080 4159 1402 4232 perlinguae
1426 4159 1746 4214 schismata
1764 4161 2073 4231 mundum,

433 4253 504 4307 Et
529 4250 722 4307 varios
757 4251 904 4304 ritus
936 4249 1298 4315 coadunasti,
1333 4248 1424 4320 pie
1446 4248 1664 4303 Fletus.

435 4339 716 4395 ldolatras
748 4343 969 4410 gentes,
1001 4338 1110 4393 hoc
1141 4342 1228 4392 est
1258 4337 1571 4392 simulacra
1601 4337 1853 4393 colentes

434 4429 522 4483 Ad
557 4427 779 4484 cultum
811 4427 1038 4483 Domini
1071 4431 1156 4494 tu,
1189 4426 1403 4482 Praesul
1435 4443 1683 4494 summe,
1727 4427 1966 4482 vocasti.

435 4518 602 4573 Nunc
634 4517 814 4584 adsis,
848 4522 1066 4584 sancte,
1101 4515 1269 4570 nobis
1300 4514 1693 4572 clamantibus
1724 4516 1793 4570 ad
1823 4520 1876 4570 te
1910 4534 1922 4583 ;

436 4606 583 4661 Nam
616 4605 742 4661 sine
770 4610 827 4660 te
860 4605 1077 4660 frustra
1106 4604 1170 4657 ﬁt
1200 4607 1319 4658 tota
1348 4602 1602 4674 precatio
1624 4608 1842 4658 nostra.

436 4697 542 4764 Tu,
578 4693 675 4765 qui
703 4699 1044 4749 cunctorum
1079 4691 1327 4748 docuisti
1355 4691 1774 4763 cordapiorum

432 4783 703 4838 Efficiens
726 4782 856 4838 illos
891 4783 1082 4853 prorio
1114 4799 1248 4837 cum
1282 4782 1523 4836 numine
1550 4782 1756 4852 dignos

433 4871 644 4927 Christi
676 4871 1015 4943 discipulos,
1044 4871 1212 4926 hodie
1245 4876 1326 4936 tu,
1361 4871 1614 4942 Spiritus
1645 4871 1788 4941 ipse,

438 4960 678 5015 Insolito
711 4962 936 5016 cunctis
967 4961 1314 5015 benedicens
1336 4975 1576 5013 munere
1606 4959 1814 5029 szsclis,

437 5048 601 5104 Hunc
635 5049 849 5104 idcirco
884 5051 1039 5103 diem
1070 5047 1408 5116 fecistijure
1440 5047 1744 5102 celebrem.

445 5141 647 5193 Versus
677 5154 842 5208 super
869 5137 1231 5203 Evangelz'um
1251 5152 1269 5188 :
1301 5135 1443 5189 Cum
1484 5141 1658 5191 natus
1688 5142 1841 5193 esset
1875 5139 1905 5193 J
1913 5155 2069 5194 esus.

547 5229 689 5280 Cum
721 5240 867 5297 puer
904 5225 1096 5292 Jesus,
1131 5223 1342 5277 deitate
1368 5222 1597 5293 plenus,

543 5313 883 5369 Bethlehem
915 5313 1087 5379 Juda,
1122 5310 1422 5367 Genetrice
1452 5325 1685 5367 summa

543 5402 771 5471 Editus,
814 5402 961 5457 mire
992 5402 1102 5456 sub
1131 5400 1354 5456 Herode
1386 5416 1537 5471 rege.

784 5491 1014 5547 Viseret
1044 5492 1265 5559 orbem,

538 5580 669 5642 Mox
702 5597 906 5640 recens
939 5581 1111 5640 stella
1141 5579 1318 5639 simul
1345 5583 1434 5636 est
1464 5580 1685 5653 oborta,

2117 436 2173 501 A

2107 1811 2154 1874 Β

2107 3178 2148 3244 C

2105 4547 2152 4610 D

2308 435 2492 497 Quam
2525 430 2681 502 magi
2715 430 2978 502 quidam,
3014 426 3243 483 Oriente
3270 425 3479 496 visam,

2309 522 2499 592 Usque
2534 520 2786 591 regalem
2819 518 3173 573 comitantur
3203 515 3408 572 urbem

2550 611 2614 664 In
2646 608 3029 664 Hierusalem.

2298 702 2366 756 Et
2389 699 2753 772 requirentes
2787 697 2930 753 inibi
2959 699 3283 761 manentes,

2300 791 2578 862 Inquiunt
2608 777 2723 842 illis
2759 805 2770 841 :
2805 788 3076 842 Reserate
3103 786 3271 840 nobis

2297 880 2418 942 Quo
2451 879 2527 935 sit
2552 878 2646 931 hic
2677 877 2772 931 hic
2804 881 2998 942 natus,
3023 875 3196 930 modo
3229 878 3350 929 tam
3373 873 3678 943 probatus,

2547 968 2665 1021 Rex
2695 965 3071 1020 Hebraeorum
3089 963 3117 1016 ‘P

2296 1057 2562 1114 Vidimus
2595 1070 2803 1126 nempe
2835 1069 3009 1124 super
3038 1053 3147 1107 hoc
3178 1055 3409 1124 potente

2295 1145 2517 1201 Sideris
2549 1144 2680 1199 miri
2712 1143 2906 1198 radios
2938 1141 3096 1197 oriri.

2296 1239 2461 1290 Hunc
2497 1239 2558 1289 ut
2589 1250 2824 1289 oremus
2855 1232 2982 1286 ideo
3012 1230 3281 1286 venimus

2546 1323 2816 1377 Partibus
2837 1321 2985 1378 istis.

2295 1413 2472 1468 Audit
2502 1413 2622 1467 haec
2654 1417 2899 1466 moestus
2931 1410 3180 1466 nimium
3207 1409 3488 1465 scelestus
3513 1428 3527 1478 ς

2293 1504 2480 1572 Atque
2513 1518 2645 1556 cum
2678 1501 2814 1556 totis
2846 1498 3306 1570 Hierosolymitis

2295 1592 2516 1646 Anxius
2548 1607 2688 1645 cura
2719 1589 2947 1661 capitur
2978 1589 3179 1644 dolosa

2543 1679 2742 1734 Hostis
2771 1679 3047 1734 Herodes.

2292 1770 2362 1824 Et
2389 1784 2602 1825 vocans
2633 1772 2874 1823 cunctos
2905 1767 3104 1839 populi
3136 1767 3450 1838 magistros

2292 1858 2711 1913 Sciscitabatur
2739 1857 2879 1928 quid
2914 1856 2985 1911 ad
3015 1857 3132 1911 haec
3164 1859 3390 1928 agatur,

2295 1947 2456 2002 Unde
2486 1946 2564 2002 sit
2588 1945 2871 2012 Christus,
2905 1945 3004 2000 ubi
3035 1945 3251 2017 quipqe
3283 1950 3455 2000 natus

2544 2035 2897 2090 Inveniatur.

2293 2129 2368 2180 At
2397 2124 2663 2196 requisiti
2686 2124 2766 2178 ita
2796 2129 2935 2178 sunt
2965 2123 3140 2178 locuti
3176 2141 3188 2177 :

2293 2214 2628 2270 Bethlehem
2660 2217 2915 2268 castrum
2948 2213 3102 2284 parit
3132 2228 3267 2284 ergo
3298 2211 3593 2267 Christ-um
3630 2238 3644 2281 ;

2295 2305 2505 2375 Sicque
2535 2318 2802 2358 recevera
2830 2301 3043 2374 legitur
3072 2301 3356 2374 propheta

2540 2391 2686 2446 Hinc
2718 2390 2999 2446 cecinisse
3030 2408 3042 2445 :

2293 2481 2626 2537 Bethlehem
2651 2481 2825 2548 Juda,
2856 2479 2971 2535 eris
3001 2479 3156 2535 haud
3181 2480 3408 2534 minuta

2293 2572 2446 2625 Inter
2476 2571 2678 2624 affines
2710 2585 3016 2641 procerum
3048 2569 3315 2625 cohortes
3350 2587 3362 2624 :

2293 2659 2413 2714 Erit
2443 2676 2695 2730 namque
2727 2674 2909 2713 novus
2942 2662 3143 2714 auctor
3174 2675 3207 2713 a
3235 2663 3313 2728 te,

2540 2747 2647 2811 Qui
2679 2752 2841 2816 regat
2869 2763 3092 2802 omnes.

2291 2837 2452 2892 Tunc
2483 2835 2671 2906 magis
2703 2835 2817 2890 illis
2847 2836 3062 2906 pariter
3090 2837 3328 2906 vocatis,

2293 2926 2472 2996 Cmpit
2503 2924 2724 2980 occulte
2757 2926 2826 2979 ab
2850 2925 2934 2980 eis
2967 2929 3166 2981 notare

2292 3015 2532 3078 Quando
2563 3014 3100 3085 pradictumjubar
3128 3019 3281 3069 esset
3311 3018 3530 3082 ortum,

2537 3103 2697 3165 Quod
2729 3102 2840 3158 sibi
2871 3102 3053 3157 fulsit.

2293 3192 2436 3247 Exin
2468 3192 2712 3248 insanus
2744 3192 2824 3247 ait
2853 3191 2942 3247 his
2974 3197 3295 3264 tyrannus:

2293 3283 2532 3352 Itejam,
2567 3298 2780 3352 quaeso,
2816 3298 3062 3352 puerum
3094 3282 3411 3352 sequendo,

2290 3377 2358 3425 Et
2389 3369 2565 3424 nimis
2596 3373 2763 3424 caute
2795 3370 2894 3424 ubi
2926 3371 3021 3439 sit,
3053 3375 3268 3442 rogate,

2539 3459 2797 3530 Regulus
2827 3458 3005 3514 idem.

2289 3549 2552 3619 Cumque
2581 3553 2944 3619 compertum
2975 3548 3220 3604 teneatis
3246 3548 3434 3618 illum,

2290 3636 2592 3707 Siquidem
2624 3640 2776 3691 certe
2808 3637 3077 3692 mihimet
3106 3638 3332 3709 referte,

2293 3727 2419 3796 Ipse
2451 3743 2563 3796 quo
2595 3741 2791 3796 regem
2822 3726 3059 3781 veniens
3092 3728 3363 3782 eumdem

2544 3814 2769 3869 Pronus
2802 3816 3060 3870 adorem.

2291 3901 2421 3956 Hac
2452 3903 2608 3974 magi
2630 3902 2782 3958 dicto
2813 3905 3053 3974 capiunt
3083 3905 3302 3961 dolosa.

2292 3992 2442 4045 Tum
2475 3991 2685 4046 dehinc
2718 4009 2952 4047 rursum
2984 3993 3165 4049 iniere
3194 4011 3459 4066 cursum,

2289 4081 2366 4133 Ac
2398 4080 2541 4134 satis
2571 4084 2803 4151 gratum
2836 4081 2947 4136 iter
2977 4083 3313 4140 inchoatum

2538 4169 2935 4226 Perficiebant.

2293 4258 2403 4312 Sed
2435 4256 2633 4312 statim
2662 4257 2848 4327 stella,
2883 4261 3115 4318 Oriente
3145 4262 3288 4328 visa,

2291 4346 2506 4401 Praevia
2534 4345 2664 4403 luce
2694 4365 2887 4404 comes
2918 4354 3006 4405 est
3035 4351 3272 4422 ubique,

2294 4436 2488 4507 Usque
2518 4438 2658 4491 dum
2689 4455 2868 4509 supra
2898 4445 3224 4496 remaneret
3251 4441 3380 4514 ipsa

2539 4528 2660 4589 Quo
2695 4526 2805 4580 fuit
2831 4526 3046 4583 infans.

2290 4613 2470 4684 Cujus
2498 4619 2734 4684 aspectu
2767 4615 3019 4671 nimium
3051 4618 3235 4689 gavisi

2291 4702 2522 4772 Ingredi
2554 4707 2757 4758 sancta
2787 4721 3050 4761 meruere
3081 4711 3253 4773 tecta,

2289 4790 2409 4853 Quo
2441 4807 2585 4862 puer
2614 4793 2787 4847 Jesus
2819 4794 3089 4850 Genetrix
3109 4800 3165 4850 et
3196 4797 3325 4866 ejus

2537 4882 2940 4953 Inveniuntur,

2290 4968 2536 5039 Moxque
2557 4971 2830 5038 prostrati
2861 4972 3053 5026 studio
3085 4971 3242 5028 fideli

2288 5057 2589 5127 Supplices
2619 5059 2911 5114 Christum
2943 5067 3292 5118 venerantur
3312 5062 3508 5136 ipsum
3542 5083 3557 5133 ;

2290 5144 2530 5216 Inruper
2561 5146 2713 5201 dona
2744 5147 2998 5205 tribuere
3031 5150 3185 5206 trina

2534 5234 2776 5305 Mystica
2804 5237 2990 5296 valde.

2287 5321 2432 5376 Nam
2465 5325 2614 5377 Deus
2644 5323 2814 5380 thure
2847 5327 3174 5384 celebratur
3203 5335 3356 5402 apte,

2286 5412 2386 5466 Est
2417 5415 2472 5465 et
2502 5411 2560 5466 in
2593 5414 2830 5483 myrrha
2859 5416 3115 5474 hominis
3148 5420 3356 5491 ﬁgura,

2289 5500 2406 5556 Rex
2430 5501 2711 5558 nimirum
2743 5504 2988 5563 rutiians
3013 5523 3117 5580 per
3147 5523 3355 5563 aurum

2534 5592 2928 5665 Signiﬁcatur.
