4108 6188
246 267 355 328 297

351 403 427 450 Ac
458 392 635 466 magi,
670 406 879 450 somno
911 397 1116 452 moniti
1149 414 1422 469 supremo

349 484 417 540 Ut
447 484 642 539 minus
674 499 870 556 regem
903 490 1168 557 repetant
1196 487 1502 558 Herodem,

346 574 489 629 Sunt
518 573 674 628 viam
706 571 820 628 nisi
855 573 1030 630 aliam
1062 576 1268 632 reverti

592 661 655 717 In
689 661 982 734 regionem

589 783 846 850 Hymnus
873 778 940 834 de
967 781 1154 836 Natali
1182 783 1422 838 Domini.

338 889 382 941 Ο
410 884 580 940 Salus
615 885 842 952 mundi,
876 886 1050 942 Sator
1079 889 1357 960 universi,

338 973 474 1030 Sola
503 990 639 1046 spes
669 974 821 1042 vitae,
852 976 1031 1032 decus
1061 993 1092 1032 o
1126 993 1400 1049 perenne,

338 1063 575 1120 Debitas
604 1062 810 1119 laudes
841 1064 947 1119 tibi
977 1082 1085 1121 nos
1119 1066 1370 1122 ferentes

583 1152 830 1224 Suscipe
860 1152 1137 1209 clemens.

338 1241 444 1306 Qui
475 1240 679 1297 volens
709 1245 900 1296 totum
930 1258 1199 1314 reparare
1229 1247 1515 1302 mundum

335 1329 595 1386 Gratiam
627 1331 795 1386 miris
825 1331 1068 1388 dederas
1096 1333 1366 1406 habenis,

332 1419 412 1476 Ne
434 1420 583 1492 jugo
614 1419 760 1491 legis
790 1426 1156 1492 premeretur
1184 1424 1376 1479 omnis

585 1508 899 1565 Plasmatis
931 1528 973 1565 az
986 1514 1094 1566 tas.

332 1602 466 1653 Haec
495 1613 678 1670 agens
703 1598 885 1670 gratis
913 1599 1036 1654 vice
1068 1600 1390 1670 charitatis,

334 1689 444 1745 Res
472 1687 818 1760 protoplasti
850 1689 1138 1746 miserans
1176 1691 1380 1747 levasti
1411 1709 1424 1759 ;

334 1779 403 1833 Et
436 1794 714 1850 premens
741 1778 976 1833 tandem
1009 1779 1327 1836 Leviatban
1359 1797 1632 1853 anguem,

585 1871 702 1922 Nos
736 1868 1038 1923 revocasti.

333 1960 482 2012 Nam
517 1960 870 2012 eoaeternum
900 1956 1031 2022 tibi,
1065 1958 1326 2025 Summe,
1359 1959 1613 2014 Verbum

334 2043 521 2102 Prolis
553 2045 824 2100 humanae
855 2046 1108 2117 speciem
1141 2049 1385 2120 probare

330 2134 574 2190 Miseras
605 2133 752 2200 orbi,
787 2133 912 2189 sine
941 2133 1071 2189 labe
1105 2137 1248 2190 Πίενὶ

585 2221 822 2295 Virgine
851 2226 1174 2294 sumptam.

331 2310 466 2365 Jam
499 2326 714 2365 novum
747 2307 945 2365 lumen
979 2311 1152 2366 datur
1180 2312 1251 2368 ad
1283 2312 1532 2368 salutem
1561 2331 1574 2379 ;

329 2400 516 2454 Natus
551 2403 640 2454 est
669 2398 839 2454 nobis
869 2415 1054 2455 novus
1083 2402 1301 2457 Auctor
1330 2402 1508 2468 orbis,

328 2488 620 2561 Splendor
648 2487 846 2543 aeterni
874 2488 1060 2544 Patris
1091 2506 1156 2545 ac
1187 2491 1449 2564 superni,

583 2578 615 2633 J
621 2593 717 2632 am
749 2593 881 2633 caro
913 2577 1120 2634 factus.

331 2667 458 2735 llle,
488 2665 753 2739 signatas
783 2682 1053 2723 reserans
1083 2667 1303 2740 ﬁguras

333 2757 508 2830 Legis
540 2755 800 2812 obscuras
833 2755 1084 2828 ﬁdeique
1112 2774 1292 2828 purae,

330 2845 622 2901 Sensibus
653 2844 874 2900 nostris
909 2845 1096 2900 aderit
1123 2846 1395 2918 perennis

588 2934 698 2989 Pro
731 2934 1098 2990 renovandis.

331 3023 505 3080 Nulla
532 3023 623 3078 vis
654 3023 824 3078 nobis
855 3028 1117 3079 remanet
1142 3024 1356 3080 doloris
1384 3044 1396 3093 ;

332 3114 513 3168 Filius
545 3112 802 3182 Summi,
832 3113 994 3184 vigor
1021 3117 1179 3168 extat
1207 3115 1389 3183 omni,

335 3203 445 3266 Qui
473 3202 589 3258 ﬁde
619 3219 770 3273 pura
796 3201 1072 3274 vigilique
1107 3220 1247 3260 cura

590 3290 784 3345 Credit
815 3289 875 3344 in
908 3290 1125 3362 ipsum.

335 3379 485 3435 Hinc
519 3378 702 3434 melos
735 3378 939 3450 hymni
970 3396 1314 3436 resonemus
1344 3380 1428 3435 illi

333 3468 606 3540 Supplici
636 3472 766 3524 voto
797 3468 1109 3541 studioque
1138 3473 1278 3538 toto,

337 3557 417 3612 Ut
448 3557 772 3613 cohaeredes
801 3557 1040 3613 sibimet
1071 3558 1270 3616 ﬁdeles

597 3646 987 3702 Inveniamur.

339 3737 498 3792 Laus
529 3735 681 3790 Patri
713 3751 968 3801 summo,
999 3735 1076 3791 sit
1103 3735 1406 3808 honorque
1439 3737 1602 3804 Nato,

334 3825 645 3882 Pneumati
677 3828 877 3880 sancto
910 3825 1086 3880 decus
1118 3829 1295 3896 atque
1327 3827 1495 3894 doxa,

335 3915 466 3983 Qui,
499 3931 748 3970 manens
777 3914 989 3983 trinus,
1023 3919 1177 3970 Deus
1207 3919 1295 3970 est
1325 3919 1381 3969 et
1410 3932 1566 3970 unus

585 4008 829 4075 Semper
857 4003 1097 4075 ubique.
1134 4008 1340 4060 Amen.

463 4119 660 4176 Oratio
687 4121 913 4176 metrica
939 4119 1012 4175 ad
1040 4126 1288 4175 sanctam
1319 4121 1654 4176 Trinitatem.

237 4225 280 4280 ο
309 4226 475 4282 Pater
507 4230 742 4294 aeterne,
778 4227 869 4282 cui
904 4243 1136 4298 semper
1164 4226 1321 4282 idem
1354 4230 1552 4282 manet
1582 4243 1727 4298 esse,

239 4313 281 4368 Ο
310 4313 496 4372 Patris
527 4314 806 4384 Verbum,
842 4332 944 4388 per
973 4316 1126 4387 quod
1160 4320 1358 4372 manet
1405 4331 1577 4371 omne
1607 4319 1886 4385 creatum,

238 4401 483 4474 Spiritus
516 4420 551 4459 o
581 4409 802 4476 sancte,
833 4421 948 4477 quo
981 4408 1251 4460 constant
1281 4409 1489 4459 cuncta
1516 4409 1800 4474 sacrante,

243 4489 282 4546 Ο
311 4494 410 4564 qui
442 4494 716 4566 personis
748 4495 937 4549 tribus
959 4493 1052 4548 his
1082 4493 1236 4550 Deus
1267 4510 1418 4548 unus
1449 4493 1702 4561 haberis,

241 4581 451 4637 Ordine
484 4583 584 4654 qui
618 4583 770 4637 miro
799 4583 934 4638 ﬁnis
964 4585 1200 4638 constas
1225 4585 1282 4638 et
1313 4583 1496 4654 origo,

237 4668 406 4742 Leges
439 4676 692 4726 aeternas
723 4688 788 4726 ac
821 4671 982 4727 solus
1005 4672 1140 4741 jure
1169 4671 1483 4743 gubernas,

235 4759 334 4822 Qui
364 4776 560 4833 genus
591 4759 920 4815 humanum
954 4760 1289 4830 miseratus,
1324 4757 1737 4814 mortiﬁcatum

239 4845 479 4920 Propter
510 4849 813 4904 mortifera
838 4849 1014 4921 primi
1044 4848 1254 4904 delicta
1287 4849 1567 4921 parentis,

239 4934 439 4993 Vivere
471 4937 659 4993 fecisti
692 4937 943 5009 pretioso
975 4937 1260 5010 sanguine
1290 4938 1524 5008 Christi,

237 5021 415 5095 Cujus
446 5026 505 5080 in
539 5026 793 5081 adventu
827 5026 1105 5081 mendum
1142 5030 1330 5082 totum
1362 5026 1668 5098 reparasti,

238 5113 417 5184 Cujus
441 5114 671 5185 judicio
703 5118 1036 5169 statuentur
1068 5119 1278 5169 cuncta
1307 5116 1417 5170 sub
1448 5131 1633 5186 mquo,

238 5199 317 5256 Da
347 5202 499 5258 mihi
528 5203 678 5258 velle
710 5203 951 5273 bonum,
985 5203 1136 5258 vires
1167 5204 1239 5258 ad
1272 5204 1689 5274 perﬁciendum
1718 5229 1732 5271 ;

236 5289 377 5347 Nam
412 5292 545 5346 sino
564 5295 624 5347 te
646 5307 868 5362 nequeo
891 5291 975 5347 vel
1001 5298 1193 5347 mente
1223 5309 1524 5363 capessere
1546 5293 1891 5365 quidquam.

233 5377 314 5434 Tu
345 5380 465 5436 nisi
499 5380 603 5436 des
633 5385 858 5450 votum,
892 5380 1221 5437 frustrabor
1251 5382 1322 5436 ad
1356 5381 1552 5437 omnia
1586 5385 1801 5438 motus.

236 5465 399 5526 Unde
435 5469 637 5538 etiam,
669 5486 870 5541 posco,
905 5469 1160 5526 clemens
1192 5470 1301 5526 hoc
1332 5487 1524 5526 annue
1553 5471 1764 5541 primo,

231 5557 357 5628 Quo
388 5559 652 5633 proferre
681 5573 896 5631 queam
929 5559 1212 5632 poscendi
1240 5559 1484 5616 verbula
1513 5564 1689 5617 recta.

558 5687 828 5749 PATBOL.
875 5685 1136 5751 CXLVI.

1413 237 1512 328 na
1557 266 1951 330 DOCTRINA
1998 270 2470 336 SPIRITUALI.

3527 290 3644 352 298

1897 467 1899 470 ,
1913 405 1968 469 Α
1999 404 2137 459 Exin
2171 406 2414 463 sinceris
2441 411 2711 480 precibus
2741 429 2944 483 precor
2973 418 3039 471 ut
3070 416 3201 488 pius
3222 417 3401 475 adsis.
3434 421 3642 492 [orem,

1995 498 2076 548 Da
2134 495 2300 561 mihi,
2336 513 2556 567 quasso,
2588 500 2783 572 ﬁdem,
2833 519 2933 575 per
2965 521 3141 576 quam
3172 510 3229 562 te
3277 523 3508 580 semper
3536 511 3643 567 ad-

1991 585 2232 655 Quaque
2262 585 2443 641 sciam
2476 586 2647 658 plane
2677 591 2819 660 quid
2841 593 3074 662 justum
3106 596 3183 652 sit
3209 597 3298 653 vel
3328 597 3521 656 inane.

1992 671 2165 742 Spem
2199 675 2447 730 concede
2480 676 2626 731 mihi
2655 677 2854 746 talem,
2887 698 3021 753 spes
3051 685 3226 741 unica
3254 687 3460 758 nostri,

1992 761 2115 824 Qua
2147 763 2386 819 sufferre
2419 780 2630 835 queam
2659 766 2789 823 vitae
2820 769 3070 828 cmlestis
3101 773 3411 832 habenam.

1992 848 2192 904 Restat
2222 849 2280 905 in
2311 851 2402 906 his
2433 854 2624 924 prima
2652 855 2836 912 virtus
2867 858 3098 916 dilectio
3127 860 3286 931 bina,

1989 937 2112 1000 Qua
2142 942 2195 993 te
2226 938 2500 996 factorem
2532 943 2814 1001 debemus
2838 963 3035 1004 amare
3064 948 3501 1025 hominemque,

1988 1027 2690 1099 Quam,precor,infunde
2725 1050 2903 1106 super
2932 1035 3140 1094 intima
3171 1041 3360 1096 cordis
3382 1043 3632 1101 abunde.

1987 1115 2112 1170 Non
2144 1133 2275 1172 mea
2303 1134 2492 1185 mens,
2523 1136 2742 1191 quaeso,
2775 1121 3002 1180 laetetur
3030 1143 3190 1184 more
3220 1130 3492 1202 superbo.

1986 1204 2267 1261 Adveniat
2296 1207 2404 1262 rite
2433 1211 2629 1264 custos
2660 1212 2942 1282 patientia
2970 1215 3120 1272 vitae.

1989 1292 2145 1348 Mors
2175 1297 2232 1348 et
2261 1295 2506 1365 perditio
2537 1297 2801 1355 discedat
2830 1317 2978 1358 caeca
3006 1302 3208 1361 libido.

1987 1383 2074 1436 Me
2105 1398 2358 1454 quoque,
2392 1400 2587 1457 posco,
2621 1403 2809 1460 regas,
2844 1406 2977 1446 cum
3008 1391 3204 1448 videro
3239 1410 3332 1450 res
3363 1396 3608 1469 alienas,

1986 1469 2067 1526 Ne
2098 1469 2237 1540 quid
2271 1472 2328 1525 in
2361 1472 2452 1528 his
2483 1480 2688 1546 captus
2719 1477 2842 1532 ﬁeri
2873 1480 3190 1551 compellar
3217 1499 3450 1541 avarus.

1989 1559 2116 1614 Non
2147 1559 2313 1615 cibus
2345 1565 2445 1616 aut
2473 1566 2646 1634 potus
2678 1581 2772 1621 me
2802 1565 3094 1638 deprimat
3123 1569 3566 1630 immoderatus.

1991 1648 2122 1716 Fac,
2156 1665 2380 1720 precor,
2412 1655 2468 1706 et
2497 1657 2684 1708 vestes
2715 1659 3088 1714 contemnere
3118 1675 3212 1715 me
3241 1662 3546 1730 pretiosas.

1912 1775 1960 1839 B
1991 1735 2076 1839 Da
2101 1736 2305 1808 vigiles
2335 1742 2498 1795 artus
2527 1742 2597 1795 ad
2632 1747 2842 1799 cuncta
2870 1744 2954 1799 tui
2987 1747 3325 1819 famulatus,

1989 1827 2176 1896 Atque
2208 1828 2573 1897 quiescentes
2605 1829 2777 1885 solita
2806 1833 2877 1887 de
2911 1835 3112 1891 fraude
3142 1840 3326 1904 tuere,

1991 1913 2072 1968 Ne
2103 1921 2373 1987 corrupta
2402 1933 2533 1973 caro
2564 1935 2771 1974 somno
2802 1922 3072 1977 turbetur
3102 1939 3323 1982 amaro.

1991 2002 2122 2058 Sint
2152 2005 2352 2076 procul
2386 2006 2624 2072 invidia,
2648 2008 2954 2079 jactantia,
2988 2010 3082 2079 lis,
3115 2014 3216 2069 sed
3247 2019 3304 2070 et
3332 2016 3438 2085 ira,

1989 2093 2105 2148 Nec
2135 2094 2311 2149 rebus
2342 2095 2506 2150 vanis
2539 2113 2630 2152 me
2664 2097 2793 2153 laus
2825 2100 3064 2156 seducat
3093 2101 3308 2160 inanis.

1991 2180 2114 2238 Non
2149 2198 2288 2253 rogo
2321 2183 2571 2240 divitias.
2604 2201 2708 2241 nec
2738 2186 2988 2244 honores
3020 2191 3215 2247 carnis
3246 2196 3311 2248 ut
3336 2193 3554 2262 addas;

1987 2271 2094 2325 Sed
2127 2271 2201 2326 da
2229 2273 2516 2344 propitius
2541 2277 2769 2329 tantum
2802 2276 3009 2332 solatia
3037 2278 3248 2349 victus,

1989 2359 2412 2432 Fructiﬁcaque
2444 2361 2587 2416 mihi
2620 2379 2984 2437 quaecunque
3015 2366 3234 2424 talenta
3263 2369 3498 2437 dedisti,

1989 2450 2286 2513 Quatenus
2318 2467 2560 2506 usuram
2587 2467 2813 2508 merear
2841 2453 2946 2508 tibi
2980 2455 3220 2512 reddere
3242 2457 3498 2530 jussam,

1989 2536 2198 2608 Sicque
2231 2555 2391 2594 meos
2424 2555 2615 2596 mores
2647 2541 2706 2596 in
2740 2559 2936 2598 amore
2966 2547 3087 2612 tuo,
3121 2562 3344 2618 precor,
3375 2550 3562 2620 aptes,

1995 2625 2062 2680 Ut
2096 2643 2224 2682 mea
2255 2627 2332 2683 sit
2363 2645 2520 2696 cura,
2556 2629 2696 2701 quid
2727 2635 2915 2701 gestet
2943 2632 3063 2688 vita
3093 2633 3314 2703 futura,

1988 2717 2066 2770 Ac
2097 2732 2271 2788 regno
2302 2717 2515 2774 Christi
2547 2735 2773 2775 merear
2801 2721 3040 2778 tandem
3072 2723 3304 2792 sociari,

1991 2805 2099 2869 Qui
2130 2809 2323 2862 tecum
2349 2808 2599 2878 Pater,et
2621 2825 2754 2864 cum
2779 2809 3098 2868 Pneumate
3121 2816 3328 2886 regnat
3357 2812 3416 2868 in
3432 2826 3644 2870 ravum.

2488 2898 2678 2952 Versus
2710 2900 2781 2954 de
2811 2899 2900 2954 die
2917 2899 3143 2972 judirii.

1991 2981 2035 3036 Ο
2064 2998 2166 3037 νο8
2198 2983 2572 3057 Christicolae,
2607 2986 2707 3058 qui
2731 2988 2858 3056 jam
2890 2991 3206 3046 remanetis
3237 2991 3298 3046 in
3329 2990 3493 3062 orbe,

2063 3071 2211 3125 Dum
2245 3072 2390 3127 bene
2420 3075 2685 3144 possitis,
2717 3077 2938 3149 pergite
2970 3079 3040 3134 de
3066 3079 3248 3135 vitiis.

1910 3142 1952 3209 C
1992 3158 2140 3215 Nam
2169 3159 2319 3214 valet
2349 3161 2442 3215 hic
2473 3163 2658 3218 muita
2687 3170 2963 3220 constans
2993 3168 3177 3224 oratio
3207 3173 3420 3237 vestra,

2066 3250 2252 3313 Quam
2281 3253 2422 3303 tunc
2453 3267 2557 3321 pro
2590 3251 2772 3306 nihilo
2803 3253 3058 3324 proferet
3085 3256 3280 3312 omnis
3309 3257 3508 3321 homo,

1993 3337 2138 3392 Cum
2171 3353 2447 3408 suprema
2475 3339 2599 3394 dies
2633 3344 2800 3395 actus
2831 3343 3174 3397 reseraverit
3203 3359 3428 3410 omnes,

2069 3424 2134 3478 Et
2168 3426 2318 3480 Deus
2351 3425 2742 3497 omnipotens,
2775 3428 2846 3482 de
2876 3429 3106 3499 superis
3135 3429 3374 3484 veniens

1994 3515 2196 3570 Justos
2225 3514 2284 3568 in
2317 3514 2536 3582 dextra,
2573 3515 2672 3570 sed
2706 3532 2917 3588 pravos
2947 3521 3110 3588 parte
3141 3518 3385 3574 sinistra

2071 3607 2276 3658 Pastor
2305 3607 2370 3657 ut
2399 3620 2467 3658 ex
2497 3603 2680 3659 haedis
2710 3605 3050 3661 dissociabit
3079 3623 3235 3663 oves.

1995 3692 2236 3748 Talibus
2265 3692 2475 3747 intenti
2507 3693 2700 3749 verbis
2730 3694 2926 3750 animo
2960 3695 3210 3767 sapienti

2068 3782 2310 3853 Semper
2335 3785 2604 3850 tractata,
2635 3783 2791 3852 quod
2822 3798 3008 3855 genus
3041 3785 3186 3842 estis
3216 3787 3368 3841 Adae.

1996 3875 2257 3926 Praesens
2285 3871 2404 3926 vita
2432 3870 2642 3942 brevis,
2677 3873 2778 3927 sed
2809 3871 2918 3928 erit
2946 3876 3191 3930 ventura
3217 3875 3513 3946 perennis.

2068 3961 2288 4031 Nempe
2319 3959 2527 4016 beatus
2558 3960 2733 4016 homo
2759 3961 3008 4032 despicit
3038 3967 3175 4034 apta
3203 3965 3399 4020 modo.

1996 4049 2262 4104 {Ediﬁcat
2291 4065 2504 4115 mores,
2537 4050 2608 4105 ad
2638 4067 2806 4106 veros
2836 4051 3025 4106 tendit
3053 4050 3302 4108 honores
3328 4071 3342 4120 ;

2067 4137 2214 4192 Nam
2247 4138 2402 4207 quod
2428 4138 2685 4192 mundus
2715 4138 3024 4206 amat,haec
3053 4138 3211 4195 velut
3230 4139 3646 4210 umbra,labat.

1998 4225 2109 4281 Sed
2141 4242 2248 4280 nos
2277 4240 2346 4280 ex
2376 4225 2550 4281 variis
2579 4228 2988 4299 cognoscimus
3018 4227 3229 4285 ultima
3254 4229 3461 4302 signis,

2069 4314 2219 4368 Hinc
2250 4314 2448 4369 minus
2479 4314 2698 4370 incauti
2730 4317 3214 4388 turbinejudicii.

2000 4403 2141 4474 Ejus
2170 4401 2230 4457 in
2263 4419 2574 4458 occursum
2604 4407 2908 4460 teneamus
2939 4411 3174 4476 pectora
3205 4423 3467 4477 sursum,

1920 4512 1966 4577 Ι)
2073 4491 2147 4546 Ut
2177 4491 2463 4547 Dominus
2495 4491 2732 4548 veniens
2765 4492 3020 4549 inveniat
3049 4493 3290 4565 vigiles;

1998 4581 2144 4636 Nam
2177 4579 2263 4635 sol
2295 4584 2353 4635 et
2380 4580 2520 4636 luna
2552 4579 2871 4652 pallescant
2899 4580 3026 4653 lege
3051 4581 3162 4636 sub
3194 4599 3329 4651 una,

2069 4669 2261 4725 Rebus
2291 4669 2505 4724 abhinc
2535 4670 2671 4724 ﬁnis
2701 4670 2937 4740 coeperit
2968 4685 3096 4724 esse
3125 4669 3297 4725 cinis.

1999 4757 2258 4829 Denique
2289 4757 2368 4812 nil
2403 4763 2600 4823 restat,
2635 4758 2746 4812 nisi
2778 4759 2934 4828 quod
2984 4775 3118 4829 spes
3146 4757 3356 4814 ultima
3384 4761 3606 4830 prestat
3636 4777 3649 4828 ;

2069 4848 2231 4911 Quod
2265 4845 2508 4902 mortale
2539 4846 2668 4911 iuit,
2702 4847 2810 4901 hoc
2842 4846 3142 4902 moriendo
3172 4846 3290 4903 ruit
3322 4863 3334 4902 :

1999 4940 2102 4992 Ast
2133 4936 2340 4992 animae
2370 4935 2647 4991 meritum
2679 4936 2967 4992 mercedis
2997 4935 3244 5008 percipit
3273 4952 3469 4993 usum.

2072 5026 2167 5081 Sic
2198 5026 2496 5097 quondam
2528 5023 2676 5080 lenis
2705 5025 3113 5096 propitiusque
3143 5025 3343 5096 nimis,

1999 5117 2072 5170 At
2100 5119 2240 5170 tunc
2273 5114 2573 5169 districtus
2603 5114 2798 5169 veniet
2831 5114 3202 5186 nimiumque
3231 5115 3518 5170 verendus
3543 5133 3557 5170 :

2075 5205 2237 5258 Tunc
2269 5219 2501 5274 quoque
2528 5203 2881 5259 monstrabit
2909 5203 3153 5260 vulnera
3183 5219 3309 5274 quae
3341 5203 3542 5258 subiit.

2005 5295 2186 5358 Quem
2219 5293 2657 5363 transﬁxerunt,
2690 5298 2756 5347 ut
2784 5292 2894 5348 fert
2923 5293 3244 5364 Scriptura,
3276 5291 3575 5360 videbunt,

2076 5383 2406 5437 Reddentes
2438 5382 2735 5454 planctum
2768 5381 2913 5454 proh
2946 5380 3148 5437 dolori
3183 5381 3240 5434 in
3271 5395 3542 5453 vacuum,

2005 5472 2150 5528 Cum
2182 5471 2461 5526 transﬁxa
2495 5471 2644 5526 cutis
2675 5471 2752 5526 sit
2781 5486 2915 5542 spes
2945 5474 3002 5525 et
3027 5484 3204 5524 causa
3227 5468 3456 5526 salutis.

2077 5560 2190 5618 Sed
2220 5575 2366 5632 quos
2398 5576 2558 5620 error
2587 5563 2768 5632 amat,
2789 5559 2962 5619 hosce
2993 5556 3154 5617 salus
3181 5559 3474 5632 reprobat.

3259 5686 3338 5750 10
