4108 6188
455 231 573 292 299

454 361 629 421 Porro
660 361 785 420 dies
815 361 916 420 illa
943 359 1255 433 complebit
1281 362 1415 418 vata
1443 360 1686 434 sibyllae,

525 456 720 525 Atque
748 451 1163 525 prophetarum
1195 451 1536 522 comprobat
1566 452 1870 509 indicium.

457 541 660 600 Cordis
689 545 748 598 et
779 558 996 601 arcana,
1022 540 1164 598 fient
1193 540 1302 597 hoc
1331 544 1592 613 tempore
1623 541 1818 614 plana.

526 629 647 686 lllic
676 647 805 686 sere
837 634 1051 702 gemet,
1082 646 1256 703 quem
1288 632 1461 686 modo
1493 630 1647 688 risus
1676 631 1871 688 habet.

456 718 563 776 Illa
592 719 718 780 dies
743 718 904 775 mirae
935 718 1132 791 pravis
1162 719 1461 776 advenerit
1487 719 1605 792 irae,

524 807 679 871 Quos
708 823 979 880 reparare
1009 809 1182 866 modo
1212 808 1376 865 nulla
1404 809 1556 865 valet
1586 810 1734 865 ratio
1767 827 1780 866 :

454 897 566 953 Sed
598 897 768 968 quasi
800 898 992 954 securi
1020 901 1311 954 sectantes
1341 899 1652 955 commoda
1681 899 1908 970 mundi,

522 990 640 1043 Nec
669 991 877 1046 curant
905 987 1133 1044 animas
1163 987 1446 1044 aediﬁcare
1477 1005 1634 1044 suas.

452 1074 578 1132 Illic
607 1091 783 1137 causa
813 1076 1026 1148 gravis,
1058 1092 1236 1148 quam
1266 1093 1422 1132 nunc
1451 1075 1790 1132 incredulus
1821 1077 2009 1144 audis,

526 1165 569 1220 Ο
601 1165 779 1222 miser
807 1165 1176 1238 imprudens,
1207 1165 1465 1237 pessima
1494 1182 1738 1237 quaeque
1767 1181 1976 1238 gerens
2002 1166 2013 1220 ι

454 1252 618 1311 Nolis
648 1254 766 1310 sive
794 1254 956 1324 velis,
988 1255 1097 1312 hoc
1117 1255 1410 1326 judicium
1444 1255 1706 1326 patieris,

524 1344 710 1405 Pestis
739 1349 796 1401 et
823 1344 950 1417 ipse
976 1344 1082 1403 tibi
1117 1344 1518 1402 discutiendae
1542 1345 1646 1401 ibi.

452 1433 618 1491 Tunc
647 1434 828 1506 igitus
857 1434 1131 1506 linquens
1161 1434 1378 1492 invitus
1413 1435 1604 1490 carnis
1634 1450 1884 1502 amores,

520 1521 616 1580 Nil
643 1522 930 1580 mercedis
959 1522 1205 1590 habens,
1235 1523 1328 1579 his
1360 1523 1502 1596 quia
1527 1539 1684 1580 nunc
1713 1523 1964 1591 frueris;

1467 229 1815 294 OTHLONI
1860 230 2217 294 MONACHI
2264 233 2331 292 S.
2374 230 2864 294 EMMERAMMI

2125 366 2180 434 Α
2211 365 2321 420 Sed
2353 363 2542 436 magis
2571 367 2855 420 aeternum
2888 378 2991 434 pro
3021 360 3238 418 talibus
3264 359 3378 418 ibis
3407 360 3467 416 in
3497 359 3717 435 ignem,

3746 230 3859 294 300

2281 453 2402 515 Quo
2437 452 2619 523 dolor,
2654 453 2746 520 ab,
2781 456 2836 508 et
2865 468 2943 507 vae
2972 467 3203 522 semper
3227 449 3335 506 erit
3364 450 3491 507 sine
3519 467 3644 523 spe.

2221 542 2264 597 Ο
2295 542 2546 597 nimium
2577 542 3024 609 miseri,sentite
3054 540 3249 597 locum
3283 539 3619 611 miserandi,

2283 633 2350 686 Et
2379 630 2464 687 vel
2498 631 2688 687 adhuc
2718 631 2880 686 vobis
2916 630 3134 702 parcite
3154 631 3284 699 jam
3313 629 3578 686 miseris!

2210 722 2352 776 Ecce
2383 725 2585 790 parata
2613 720 2795 791 salus,
2828 737 2900 776 en
2932 719 3283 792 acceptabile
3313 723 3547 792 tempus
3573 718 3587 773 l

2282 809 2526 873 Quaerite
2558 810 2861 876 fautorem,
2897 808 3114 882 poscite
3147 807 3307 880 pacis
3338 824 3530 880 opem.

2211 899 2455 967 Currite,
2490 899 2630 952 dum
2663 898 2862 969 quitis,
2897 902 2952 952 et
2981 897 3108 952 vitae
3140 895 3342 952 lumen
3372 894 3625 966 habetis,

2283 990 2430 1043 Dum
2463 992 2694 1043 maneat
2726 992 2980 1058 tempus,
3015 1004 3129 1042 non
3163 987 3505 1060 neglegatur
3535 1003 3680 1059 opus
3715 1005 3727 1042 :

2208 1082 2284 1132 At
2315 1077 2629 1150 neglegens
2659 1081 2890 1149 tempus
2921 1076 3094 1132 fuerit
3124 1077 3250 1132 sine
3280 1077 3395 1133 fine
3426 1076 3747 1150 neglectus,

2280 1167 2442 1232 Quod
2475 1167 2589 1222 sibi
2620 1167 2869 1238 quisque
2898 1165 3058 1236 legit,
3095 1165 3200 1220 hoc
3232 1164 3543 1222 habiturus
3574 1167 3701 1224 erit.

2209 1255 2353 1310 Nam
2386 1270 2653 1310 sermone
2686 1253 2842 1310 brevi
2874 1253 3247 1310 concluditur
3275 1254 3369 1309 hic
3404 1256 3616 1313 modus
3647 1256 3770 1326 avi,

2280 1345 2507 1417 Praepes
2537 1344 2653 1399 vita
2682 1344 2873 1411 bonis,
2909 1359 3067 1399 mors
3098 1343 3226 1398 sine
3258 1344 3373 1399 fine
3403 1343 3597 1402 malis.

2209 1434 2339 1489 Haec
2370 1438 2611 1506 pensate
2640 1433 2770 1500 viri,
2797 1432 2976 1488 libeat
3003 1432 3216 1488 virtute
3248 1432 3419 1505 potiri
3446 1451 3460 1502 ;

2279 1523 2362 1578 Ne
2395 1522 2601 1578 mortis
2631 1523 2803 1579 turba
2833 1538 2934 1578 vos
2967 1520 3158 1592 capiat
3188 1521 3403 1578 subito.

1332 1896 2126 2004 EIUSDEM
2210 1899 2978 2003 οτΕιοΝι

922 2143 1536 2270 LIBER
1663 2143 3394 2269 PROVERBIORUM.

755 2393 993 2456 Erutus
1022 2413 1098 2455 ex
1127 2393 1255 2456 cod.
1290 2393 1686 2472 autographa,
1720 2392 1783 2472 in
1815 2392 2034 2472 inclyte
2064 2394 2417 2455 monasterio
2449 2392 3546 2469 Sanct-Emmerammensz‘asservato,

1159 2494 1197 2536 α
1227 2493 1351 2535 rev.
1382 2471 1460 2534 DV.
1497 2474 1683 2535 Patre
1714 2471 1980 2554 Casparo
2009 2471 2350 2548 Atleelzner,
2381 2472 2768 2535 Benedz'ctz'no
2799 2473 3150 2536 Melh’censi.

742 2661 934 2734 (Apud
964 2660 1029 2717 Ii.
1063 2660 1125 2716 P.
1160 2659 1522 2716 Bernardum
1556 2657 1809 2728 Pezium,
1839 2658 2140 2714 Thesaurus
2169 2660 2366 2716 Auecd.
2397 2662 2600 2716 noviss.
2632 2665 2775 2716 tom.
2815 2660 2916 2728 III,
2949 2664 3113 2733 parte
3145 2678 3206 2717 II.
3243 2678 3375 2735 pag.
3410 2663 3557 2734 483.)

1441 2999 1790 3074 INCIPIT
1847 2999 2343 3073 PROLOGUS
2398 3000 2856 3075 OTHLONI.

527 3212 675 3268 Cum
704 3223 894 3282 nuper
919 3207 1020 3264 illa
1049 3223 1176 3279 qua
1210 3206 1490 3263 dicuntur
1518 3207 1745 3262 Senecae
1767 3205 2089 3277 proverbia,
2120 3214 2167 3279 Β
2197 3207 2407 3260 veneris
2429 3207 2493 3261 in
2508 3222 2736 3278 regnum
2756 3208 3160 3276 tuum,scimus
3182 3210 3445 3266 omnium
3469 3211 3701 3267 veniam
3726 3227 3858 3283 pec-

445 3314 549 3372 per
588 3296 887 3370 alphabeti
932 3297 1195 3354 ordinem
1245 3294 1540 3359 distincta,
1573 3293 1875 3367 legissem,
1906 3292 2095 3364 primo

443 3387 682 3460 quidem
695 3386 952 3443 mirabar
965 3388 1191 3443 tantam
1204 3384 1479 3455 cuiquam
1504 3382 1834 3438 inﬁdelium
1847 3382 2097 3453 pruden-

441 3476 584 3532 tiam
615 3476 810 3533 inesse
837 3475 1118 3548 potuisse,
1141 3477 1365 3545 quanta
1394 3473 1453 3526 in
1485 3472 1839 3542 quibusdam
1869 3486 2096 3526 eorum-

443 3567 578 3622 dem
627 3565 1064 3637 proverbiorum
1121 3563 1299 3618 dictis
1350 3561 1655 3631 reperitur.
1709 3560 1930 3616 Deinde
1978 3576 2093 3615 non

444 3670 653 3728 parum
676 3654 962 3709 incitabar
991 3653 1062 3708 ad
1086 3652 1195 3707 hoc
1225 3655 1292 3706 ut
1311 3667 1444 3705 eum
1477 3649 1672 3720 aliquo
1695 3648 1876 3704 simili
1901 3648 2094 3704 studio

447 3742 730 3810 imitarer,
778 3741 1104 3813 colligendo
1151 3739 1375 3795 scilicet
1424 3742 1544 3793 tam
1593 3753 1661 3793 ex
1718 3736 2096 3794 saecularibus

450 3848 628 3903 quam
661 3848 730 3887 ex
759 3830 942 3887 sacris
972 3828 1206 3898 litteris,
1238 3832 1364 3882 tum
1415 3826 1592 3882 etiam
1621 3842 1689 3881 ex
1719 3825 1933 3880 nostris
1965 3843 2095 3897 pro-

446 3921 645 3976 verbia
676 3920 876 3992 aliqua
893 3919 965 3974 ad
996 3917 1439 3973 aedificationem
1461 3914 1718 3970 fidelium
1749 3915 2095 3986 congrua.Si

449 4008 606 4063 enim
628 4009 784 4063 idem
807 4005 1274 4075 Seneca,nullam
1296 4005 1472 4062 ﬁdem
1494 4007 1550 4060 et
1571 4020 1734 4075 spem
1758 4019 1862 4074 pro
1883 4007 2096 4059 aeterna

447 4095 568 4152 vita
612 4096 931 4153 obtinenda
961 4097 1203 4163 habens,
1235 4095 1335 4151 sed
1365 4093 1775 4149 tantummodo
1803 4092 1863 4147 in
1914 4092 2094 4163 hujus

444 4184 574 4240 vitae
625 4185 889 4242 moribus
936 4184 1204 4241 honestis
1249 4183 1590 4250 delectatus,
1643 4180 1870 4238 studuit
1929 4185 1987 4237 et
2033 4197 2094 4238 se

443 4274 731 4348 corrigere
751 4278 807 4330 et
836 4274 981 4331 alios
1009 4275 1081 4330 ad
1111 4273 1530 4330 correctionem
1560 4272 2092 4341 instruere,quanto

446 4363 636 4437 magis
667 4363 900 4436 ego,qui
931 4365 1102 4420 credo
1123 4363 1308 4420 Deum
1333 4362 1553 4433 ubique
1570 4377 1697 4417 esse
1722 4364 2088 4431 praesentem,

447 4458 828 4525 aternamque
876 4453 1053 4518 vitam
1104 4451 1479 4525 diligentibus
1530 4466 1591 4506 se
1648 4449 2091 4520 promittentem

441 4543 657 4616 quique
688 4543 807 4600 scio
828 4544 1104 4600 omnibus
1129 4542 1504 4611 dictumtoui
1533 4538 1705 4606 audit,
1722 4540 1909 4594 dicat:
1930 4540 2086 4605 Veni,-

438 4638 496 4690 et
527 4650 540 4690 :
577 4634 788 4702 Clama,
808 4650 879 4689 ne
908 4649 1099 4702 cesses,
1129 4636 1181 4687 et
1208 4633 1484 4687 anmmtz'a
1510 4628 1708 4701 populo
1736 4643 1851 4683 meo
1881 4628 2088 4684 scelera

437 4725 727 4780 eorum.Et
734 4724 905 4794 juxta
924 4722 1317 4795 evangelicam
1341 4715 1807 4792 parabolam,alii
1827 4715 2085 4787 quinque

440 4811 661 4867 talenta
691 4813 763 4866 ad
796 4829 1037 4868 usuram
1069 4813 1208 4867 data
1239 4806 1754 4883 [narrantem],alii
1785 4822 1918 4860 vero
1949 4807 2085 4873 duo,

441 4899 542 4953 alii
573 4905 770 4954 autem
793 4900 1425 4972 unum,patrefamilias
1448 4898 1702 4953 dicente:
1720 4896 2090 4964 Negotiamim'

440 4985 572 5042 dum
617 4988 794 5052 venio,
829 4987 1055 5059 aliquos
1103 5005 1205 5060 per
1233 5004 1509 5044 concessa
1555 4986 1784 5042 scentiae
1815 4985 1969 5040 dona
2016 4986 2086 5039 ad

440 5074 886 5132 aediﬁcationem
909 5076 1137 5132 trahere
1168 5076 1445 5132 debeo.Et
1475 5092 1651 5147 quam
1674 5075 1998 5146 jucundum
2023 5091 2087 5132 ac

441 5181 617 5222 suave
657 5165 841 5220 videri
873 5166 1044 5222 debet
1075 5166 1403 5238 uniquique
1449 5169 1514 5218 ut
1541 5163 1738 5235 aliqua
1790 5164 2087 5220 sententiae

435 5253 792 5312 brevissimae
843 5255 1106 5323 verbula,
1140 5272 1242 5328 per
1288 5272 1413 5326 quae
1444 5253 1740 5308 emendari
1786 5252 1995 5323 valeat,
2026 5253 2087 5308 in

434 5349 630 5401 mente
640 5345 1035 5418 memoriaque
1048 5363 1156 5403 sua
1161 5345 1382 5417 jugiter
1393 5343 2086 5413 teneat;quandcquidem

433 5432 781 5492 sceleratum
813 5433 1096 5493 latronem
1131 5434 1336 5508 paucis
1362 5432 1554 5489 verbis
1585 5430 1827 5487 Domino
1861 5430 2086 5504 suppli-

432 5526 666 5583 cantem
711 5530 768 5581 et
798 5524 1088 5583 dicentem
1124 5541 1138 5583 :
1173 5526 1433 5588 Memento
1480 5522 1612 5591 mei,
1661 5523 1912 5594 Domine,
1960 5521 2086 5578 dum

2205 3298 2468 3350 catorum
2502 3312 2745 3352 suorum
2791 3297 3178 3370 impetrassel
3212 3302 3416 3370 Quem,
3448 3316 3606 3373 rogo,
3641 3299 3860 3356 intelli-

2204 3383 2411 3456 gentiee
2429 3385 2648 3440 donum
2673 3403 2705 3440 a
2727 3386 2842 3442 Deo
2860 3386 3256 3458 postulantem
3269 3389 3508 3445 edocere
3531 3406 3646 3444 non
3667 3393 3861 3462 potest

2205 3473 2454 3543 qualiter
2498 3475 2607 3529 hoc
2640 3475 2918 3541 obtineat,
2953 3477 3002 3531 si
3054 3475 3218 3534 illum
3254 3477 3609 3533 versiculum
3643 3477 3860 3552 sapius

2205 3577 2404 3615 secum
2438 3562 2696 3617 ruminat
2731 3581 2742 3617 :
2775 3564 3088 3618 Intellectus
3119 3567 3291 3620 bonus
3322 3567 3570 3621 omnibus
3597 3568 3862 3637 facienti-

2207 3649 2301 3703 bus
2330 3665 2455 3704 eum
2476 3653 2503 3703 ?
2531 3652 2693 3706 Certe
2725 3652 2774 3706 si
2806 3655 3212 3709 tantummodo
3244 3671 3484 3710 sensum
3517 3655 3858 3710 eorumdem

2204 3739 2512 3793 verborum
2563 3740 2730 3810 sciat,
2760 3742 3182 3814 veritatemque
3227 3744 3285 3798 in
3339 3744 3431 3800 his
3462 3760 3587 3800 esse
3635 3745 3856 3810 credat,

2205 3826 2474 3882 sufﬁcere
2487 3827 2538 3882 ei
2559 3835 2806 3899 possunt
2821 3832 2891 3885 ad
2907 3830 3404 3888 salutem.Docent
3419 3849 3670 3905 namque
3685 3833 3858 3889 illum

2205 3916 2418 3986 quia,si
2450 3917 2509 3971 id
2532 3918 2750 3972 bonum
2785 3920 3082 3990 quodjam
3107 3921 3385 3994 intelligit
3405 3922 3860 3994 faciat,amplior

2205 4004 2255 4059 ei
2286 4005 2617 4061 intellectus
2646 4008 2859 4063 veniat.
2896 4009 3098 4065 Nonne
3129 4009 3472 4081 hujusmodi
3504 4011 3772 4066 doctrina
3803 4016 3861 4068 et

2206 4095 2514 4167 promissio
2536 4095 2939 4167 amplectenda
2958 4103 3047 4154 est
3066 4100 3225 4155 omni
3250 4101 3422 4156 modo
3437 4100 3698 4157 ?Similis
3716 4118 3862 4171 quo-

2204 4200 2317 4254 que
2337 4184 2598 4240 doctrina
2619 4189 2809 4256 potest
2829 4186 3075 4243 inveniri
3098 4188 3158 4243 in
3174 4189 3377 4246 multis
3389 4191 3694 4246 sententiis
3708 4206 3862 4261 quas

2202 4271 2297 4328 hic
2325 4273 2516 4344 posui.
2550 4274 2658 4329 Sed
2688 4275 3025 4345 praedictam
3057 4278 3465 4335 sententiolam
3498 4279 3555 4335 in
3589 4279 3699 4336 hoc
3730 4295 3864 4351 pro-

2202 4360 2332 4433 logo
2348 4362 2475 4418 ideo
2495 4364 2735 4434 exposui
2754 4368 2818 4418 ut
2842 4363 3075 4422 lectoris
3097 4367 3361 4424 animum
3378 4369 3449 4424 ad
3470 4367 3718 4441 legenda
3740 4385 3860 4425 non

2202 4449 2390 4506 solum
2406 4451 2518 4508 ista
2539 4468 2664 4522 quae
2689 4452 2782 4509 hic
2805 4453 3144 4525 collegi,sed
3167 4456 3341 4514 etiam
3371 4457 3442 4514 ad
3469 4457 3669 4514 omnia
3683 4474 3862 4514 sacra

2202 4538 2508 4610 Scriptura:
2542 4540 2697 4596 dicta
2735 4541 3060 4598 incitarem.
3093 4543 3248 4599 Nulli
3297 4545 3453 4602 enim
3486 4546 3556 4602 ad
3603 4544 3862 4602 salutem

2201 4629 2430 4700 proﬁcit
2459 4630 2612 4700 quod
2644 4646 2810 4686 sacra
2836 4631 3013 4688 verba
3043 4632 3168 4688 sine
3198 4635 3387 4691 cordis
3418 4635 3742 4693 intentione
3757 4651 3866 4690 au-

2199 4717 2285 4772 dit
2313 4721 2370 4773 et
2397 4717 2556 4790 legit.
2587 4717 2750 4777 Unde
2780 4722 2837 4774 et
2887 4720 3172 4778 Dominus
3203 4730 3400 4780 noster
3430 4724 3490 4780 in
3540 4724 3860 4796 Evangelia

2199 4807 2494 4862 auditores
2543 4824 2682 4863 suos
2713 4809 2928 4880 saepius
2971 4811 3245 4868 admonet
3287 4831 3300 4870 :
3335 4815 3451 4886 Qui
3480 4813 3642 4869 habet
3691 4828 3866 4869 aures

2199 4895 2483 4966 audiendi,
2508 4896 2738 4963 audiat;
2769 4915 2833 4953 ac
2863 4898 2912 4954 si
2945 4899 3164 4955 diceret
3193 4919 3205 4958 :
3242 4902 3349 4969 Qui
3379 4902 3557 4958 habet
3585 4900 3864 4958 volunta-

2197 4989 2316 5041 tem
2348 4990 2403 5040 et
2433 4985 2816 5042 intentionem
2847 4986 3009 5043 illam
3043 4990 3441 5062 ut,praeceptis
3473 4990 3689 5046 divinis
3719 4991 3862 5047 obe-

2199 5075 2385 5137 diens,
2439 5074 2587 5130 bona
2638 5091 2764 5145 quae
2816 5076 3089 5148 intelligit
3138 5080 3332 5146 faciat,
3381 5081 3688 5136 docentem
3767 5093 3868 5135 me

2198 5162 2692 5234 audiat,alioquin
2724 5163 2866 5219 nihil
2901 5166 2950 5220 ei
2983 5168 3220 5237 prodest
3253 5169 3430 5226 verba
3460 5185 3592 5225 mea
3623 5169 3863 5226 audire.

2265 5252 2707 5309 Proverbiorum
2722 5258 2918 5310 autem
2933 5254 3028 5310 hic
3047 5255 3412 5314 collectorem
3426 5258 3601 5314 dictis
3623 5255 3867 5329 parvuli

2199 5341 2441 5414 quilibet
2471 5339 2783 5412 scolastici,
2817 5342 2866 5398 si
2896 5343 2977 5399 ita
3007 5344 3280 5415 cuiquam
3322 5346 3568 5419 placeat,
3605 5348 3876 5418 possunt

2198 5436 2330 5503 apte
2380 5430 2594 5486 instrui
2623 5435 2755 5501 post
2808 5431 3118 5489 lectionem
3174 5433 3457 5506 psalterii.
3493 5435 3646 5492 Sunt
3695 5435 3873 5492 enim

2198 5519 2383 5577 multo
2413 5519 2696 5578 brevioris
2738 5524 2796 5577 et
2832 5519 3116 5594 plenioris
3167 5523 3490 5598 sententiae,
3525 5539 3704 5599 quam
3761 5521 3878 5581 illa
