4098 6172
238 334 342 397 301

1475 332 1706 395 LIBER
1749 330 2397 397 PROVERBIORUM.

3527 310 3651 395 30a

240 465 501 523 fabulosa
532 463 735 523 Aviani
757 463 941 533 dicta;
959 464 1059 521 sed
1081 468 1137 519 et
1158 462 1390 521 utiliora
1415 479 1592 535 quam
1616 464 1882 535 quaedam
1915 465 1967 531 Α
1998 464 2274 520 studeant
2301 461 2477 519 etiam
2507 462 2730 534 aliquid
2762 479 2868 536 pro
2887 464 3040 523 bono
3064 479 3269 522 eorum
3294 462 3558 536 introitu,
3580 464 3640 521 id

240 554 471 609 Catonis
499 553 697 618 verba,
740 568 867 624 quae
914 556 1165 624 utraque
1207 567 1409 608 omnes
1440 568 1587 623 pene
1618 549 1885 622 magistri

237 643 422 715 legere
474 641 667 705 solent
695 641 770 696 ad
798 641 991 717 prima
1019 658 1335 713 puerorum
1366 641 1736 710 documenta,
1769 656 1885 697 non

236 732 603 788 attendentes
648 730 787 807 quia
832 733 952 789 tam
1004 730 1261 803 parvulis
1319 747 1498 803 quam
1556 728 1887 787 senioribus

234 821 443 881 Christi
474 819 750 879 fidelibus
781 836 950 879 sacra
979 821 1174 892 potius
1203 836 1381 892 quam
1432 818 1673 892 gentilia
1720 818 1886 875 rudi-

231 913 433 966 menta
461 908 735 981 primitus
768 908 889 963 sint
917 909 1367 979 exhibenda,ut,
1403 908 1461 962 in
1494 907 1589 965 his
1610 907 1887 978 aliquate-

196 994 207 999 ἲ
232 1016 345 1055 nus
374 998 669 1063 instructi,
704 1001 907 1069 postea
936 996 1244 1057 saeculares
1273 997 1495 1055 litteras
1537 998 1648 1053 arti
1690 1012 1884 1069 gram-

232 1088 458 1143 maticae
478 1102 765 1158 congruas
788 1087 1053 1142 securius
1076 1086 1480 1144 discant.Nam
1502 1085 1640 1145 licet
1658 1085 1885 1158 parvuli

233 1176 431 1233 minus
471 1174 666 1231 idonei
717 1174 841 1232 sint
886 1174 1215 1231 discernere
1242 1175 1395 1232 inter
1422 1175 1642 1233 bonum
1673 1179 1731 1233 et
1758 1192 1881 1231 ma-

229 1265 377 1335 lum,
412 1262 642 1321 facilius
672 1266 869 1320 tamen
895 1267 953 1318 et
981 1263 1248 1322 tenacius
1277 1263 1363 1321 eis
1392 1264 1707 1322 inhaerrere
1736 1263 1887 1320 solet

230 1353 458 1409 malum
489 1369 670 1426 quam
699 1352 1205 1426 bonum.ldeoque
1234 1352 1334 1425 qui
1366 1353 1615 1412 studiosi
1641 1370 1769 1410 esse
1788 1369 1884 1410 ve-

230 1442 346 1499 lint
392 1458 497 1515 pro
546 1443 705 1507 bono
758 1441 1244 1501 instruendorum
1293 1442 1671 1515 parvulorum
1700 1442 1884 1514 exitu,

1995 556 2104 619 est,
2154 568 2258 623 pro
2309 551 2567 606 discendi
2611 551 2798 621 initio,
2851 552 3156 626 sciantque
3197 553 3336 626 quia
3363 553 3641 611 difﬁcilli-

1994 657 2158 699 mum
2185 644 2275 696 est
2303 639 2527 697 homini
2559 642 2826 699 recedere
2870 660 2905 698 a
2950 642 3105 700 malo
3151 644 3308 717 quod
3339 659 3449 701 usu
3481 658 3641 701 com-

1994 729 2305 803 prehendit
2363 730 2663 790 diuturno.
2722 734 3008 789 Praeterea
3075 733 3495 790 attendendum
3551 737 3649 790 est

1996 819 2149 890 quia,
2184 835 2319 874 cum
2349 823 2503 875 Deus
2534 819 2858 891 prospiciat
2888 835 3069 892 super
3112 819 3264 879 ﬁlios
3306 821 3637 891 hominum,

1994 912 2059 962 ut
2103 907 2295 963 videat
2342 907 2391 963 si
2439 912 2527 964 est
2571 907 2905 980 intelligens
2944 913 3048 967 aut
3083 909 3387 981 requirens
3430 914 3639 979 Deum,

1995 996 2179 1054 cernit
2209 996 2384 1055 etiam
2417 1013 2546 1069 qua
2574 1000 2653 1054 sit
2679 1014 2823 1057 cura
2851 1001 2907 1056 et
2936 998 3181 1057 intentio
3223 1000 3639 1072 magistrorum

1992 1085 2050 1141 in
2084 1086 2353 1142 doctrina
2384 1086 2830 1159 discipulorum,
2862 1092 3064 1143 utrum
3114 1104 3213 1144 eos
3256 1089 3499 1145 doceant
3536 1104 3644 1161 pro

1993 1174 2323 1247 appetenda
2347 1178 2405 1235 et
2432 1176 2753 1235 obtinenda
2780 1176 2969 1249 gloria
2996 1175 3370 1249 saeculari,an
3396 1192 3500 1249 pro
3530 1177 3643 1249 spi-

1993 1263 2213 1320 rituali.

2064 1353 2193 1409 Haec
2223 1369 2347 1421 vos,
2380 1353 2675 1427 discipuli,
2707 1354 3038 1429 pariterque
3068 1359 3284 1425 notate,
3317 1353 3615 1430 magistri;

2065 1441 2218 1513 Haec,
2250 1458 2411 1516 rogo,
2443 1444 2670 1513 devote,
2700 1443 2867 1517 pueri
2896 1449 2955 1503 et
2974 1445 3244 1516 juvenes,
3265 1444 3522 1519 legitots.

822 1837 1285 1935 INCIPIT
1354 1836 1969 1934 LIBELLUS
2038 1833 3064 1935 PROVEBBIORUM.

902 2045 1131 2103 CAPUT
1172 2047 1217 2101 Ι.

307 2151 685 2226 Adjutorium
716 2156 985 2211 nostrum
1016 2152 1076 2209 in
1100 2152 1339 2208 nomine
1366 2149 1728 2223 Domini,qui
1757 2148 1892 2205 fecit

240 2242 453 2301 ccelum
480 2248 543 2301 et
569 2248 806 2300 terram.

306 2332 530 2390 Allevat
575 2332 863 2391 Dominus
906 2347 1111 2389 omnes
1162 2330 1263 2403 qui
1311 2332 1569 2397 oorruut,
1620 2332 1677 2385 et
1722 2326 1892 2399 erigit

241 2438 444 2477 omnes
474 2420 672 2477 elisos.

301 2510 478 2583 Apud
511 2509 823 2567 Dominum
849 2523 1088 2581 gressus
1132 2506 1393 2564 hominis
1440 2505 1783 2579 dirigentur,
1834 2508 1893 2561 et

234 2600 385 2655 viam
419 2600 551 2671 ejus
578 2598 749 2655 volet.

299 2690 477 2761 Apud
506 2688 822 2744 Dominum
872 2675 1300 2759 misericordia,
1352 2689 1411 2743 et
1454 2685 1692 2758 copiosa
1734 2684 1887 2756 apud

239 2795 370 2835 eum
399 2778 755 2851 redemptio.

303 2866 740 2941 Apprehendite
770 2865 1165 2939 disciplinam,
1221 2882 1293 2921 ne
1333 2865 1567 2938 quando
1604 2864 1893 2919 irascatur

239 2957 546 3024 Dominus,
580 2959 637 3013 et
666 2955 924 3028 pereatis
953 2956 1026 3012 de
1054 2954 1149 3011 via
1169 2954 1354 3026 justa.

308 3047 525 3104 Anima
549 3062 681 3118 qua
710 3045 1051 3118 peccaverit,
1082 3044 1215 3117 ipsa
1243 3043 1545 3101 morietur.

310 3140 488 3191 Arcta
518 3140 580 3191 et
610 3139 861 3206 angusta
887 3134 981 3191 via
1010 3138 1100 3191 est
1129 3148 1256 3205 quea
1286 3132 1449 3189 ducit
1478 3132 1551 3189 ad
1578 3130 1782 3186 vitam.

309 3224 524 3279 Anima
545 3223 699 3295 justi
724 3224 894 3279 sedes
924 3226 1013 3279 est
1033 3222 1350 3294 sapientiae.

313 3312 556 3371 Aversio
585 3311 966 3385 parvulorum
995 3310 1303 3369 interﬁciat
1331 3326 1451 3377 eos,
1501 3312 1560 3365 et
1610 3306 1897 3381 prosperi-

250 3407 333 3459 tas
360 3402 681 3458 stultorum
714 3401 915 3473 perdet
941 3399 1093 3456 illos.

312 3496 639 3565 Argentum
669 3490 919 3549 electum
947 3489 1153 3562 lingua
1172 3488 1343 3559 justi.

320 3580 696 3637 Abominatio
727 3584 817 3635 est
847 3578 1093 3634 Domino
1122 3578 1215 3632 via
1246 3575 1433 3648 impii.

315 3670 583 3727 Audiens
602 3668 842 3741 sapiens
861 3666 1181 3741 sapientior
1200 3665 1328 3722 erit.

319 3759 541 3817 Altiora
570 3762 625 3821 te
657 3774 730 3813 ne
760 3756 1083 3829 quaesieris.

322 3847 653 3904 Ambulans
682 3850 838 3902 recto
864 3846 1072 3901 itinere
1102 3848 1160 3899 et
1187 3844 1406 3899 timens
1436 3842 1620 3899 Deum
1652 3838 1903 3913 despici-

260 3941 353 3995 tur
379 3938 451 3994 ah
479 3953 549 3993 eo
573 3935 678 4009 qui
707 3935 913 3991 infami
944 3934 1210 4007 graditur
1236 3933 1349 3990 via.

329 4028 569 4083 Amicus
594 4024 914 4082 stultorum
944 4022 1231 4085 efficietur
1257 4021 1490 4079 similis.

328 4118 551 4173 Avarus
579 4131 701 4175 non
731 4112 1010 4185 impletur
1039 4111 1308 4185 pecunia,
1341 4114 1396 4168 et
1426 4111 1526 4181 qui
1558 4112 1715 4167 amat
1759 4107 1909 4165 divi-

266 4204 371 4262 tias
402 4206 636 4273 fructus
668 4219 785 4260 non
816 4202 1007 4275 capiet
1031 4217 1100 4259 ex
1130 4202 1233 4259 eis.

334 4295 627 4352 Accedens
658 4294 733 4351 ad
765 4291 1109 4351 servitutem
1140 4289 1259 4356 Dei,
1294 4292 1386 4345 sta
1416 4288 1476 4342 in
1500 4285 1733 4358 justitia
1753 4289 1811 4343 et
1840 4286 1911 4341 ti-

268 4398 444 4455 more,
475 4387 532 4441 et
556 4398 824 4454 praepara
851 4380 1112 4439 animam
1144 4382 1309 4439 tuam
1335 4376 1409 4435 ad
1438 4375 1839 4433 tentationem.

339 4474 480 4529 Ante
510 4472 747 4529 ruinam
793 4469 1084 4527 exaltatur
1114 4485 1235 4536 cor,
1267 4470 1324 4524 et
1355 4468 1490 4523 ante
1518 4462 1761 4537 gloriam
1804 4462 1913 4520 hu-

271 4559 548 4616 miliatur.

1917 2046 1961 2110 B
2063 2044 2143 2099 Ad
2175 2057 2394 2116 magna
2416 2043 2628 2115 gaudia
2673 2043 2963 2117 perveniri
3010 2059 3127 2105 non
3176 2047 3368 2119 potest
3397 2046 3511 2106 nisi
3541 2061 3645 2121 per

1998 2146 2245 2203 magnos
2273 2131 2522 2189 labores.

2068 2222 2419 2294 Arrogantia
2445 2238 2569 2294 quae
2602 2221 2810 2281 divites
2840 2222 2903 2279 in
2932 2223 3143 2296 opibus
3172 2222 3417 2294 extollit,
3440 2224 3644 2285 eadem

1998 2310 2205 2366 divites
2229 2312 2288 2366 in
2321 2310 2536 2380 verbis,
2568 2310 2625 2366 id
2657 2316 2765 2383 est,
2780 2310 3136 2382 dialecticos,
3159 2312 3483 2389 saepissime
3502 2315 3644 2385 euh-

1995 2398 2185 2455 vertit.

2069 2487 2265 2544 Ardua
2286 2487 2537 2544 scientisa
2561 2488 2714 2546 dona
2733 2488 3068 2549 humilitate
3084 2490 3351 2565 indigent
3365 2490 3642 2551 maxime.

2068 2578 2291 2633 Aurum
2326 2575 2563 2633 difﬁcile
2592 2582 2682 2633 est
2712 2577 2773 2634 in
2803 2576 2928 2635 luto
2957 2594 3234 2651 querere.

2070 2684 2252 2739 Ardor
2281 2700 2590 2757 corporum
2620 2683 3021 2757 frigidioribus
3050 2685 3201 2744 cibis
3227 2687 3647 2761 temperandus

1999 2774 2107 2827 est.

2070 2861 2336 2918 Arduum
2380 2865 2469 2919 est
2511 2862 2623 2919 iter
2665 2862 2978 2934 castitatis,
3006 2864 3109 2922 sed
3146 2879 3363 2938 magna
3413 2869 3552 2922 sunt
3595 2865 3647 2922 ei

2001 2949 2259 3021 praemia.

2075 3044 2240 3111 Aqua
2296 3038 2465 3096 nobis
2512 3040 2573 3096 in
2620 3040 2821 3099 vinum
2871 3041 3140 3111 vertitur,
3190 3043 3429 3114 quando
3484 3059 3649 3101 sacra

2002 3128 2247 3185 historia
2276 3128 2336 3184 in
2366 3127 2731 3201 spiritualem
2784 3130 2952 3188 nobis
2996 3130 3448 3204 intelligentiam
3485 3148 3648 3190 com-

2004 3220 2286 3274 mutatur.

2072 3308 2220 3363 Ante
2248 3306 2688 3365 conversionem
2741 3307 3004 3378 procedit
3050 3308 3225 3364 turba
3252 3312 3647 3381 peccatorum.

1928 3416 1971 3483 α
2007 3400 2139 3468 post
2180 3395 2614 3452 conversionem
2662 3410 2795 3451 vero
2843 3395 3110 3466 sequitur
3153 3396 3333 3454 turba
3374 3397 3647 3453 testatio-

2008 3501 2171 3541 num.

2075 3574 2242 3646 Apud
2286 3573 2555 3633 homines
2603 3588 2704 3630 cor
2749 3586 2818 3631 ex
2863 3571 3079 3644 verbis,
3113 3574 3269 3647 apud
3301 3574 3487 3632 Deum
3514 3588 3647 3631 vero

2007 3663 2183 3720 verba
2212 3666 2539 3734 pensantur
2568 3678 2636 3720 ex
2665 3662 2857 3719 corde.

2080 3753 2292 3809 Amare
2320 3755 2409 3811 est
2436 3750 2718 3821 ﬁliorum,
2749 3751 2958 3809 timere
2990 3755 3082 3809 est
3109 3769 3432 3811 servorum.

2083 3862 2340 3931 Agnum,
2372 3875 2728 3931 quocunque
2768 3858 2919 3931 ierit,
2951 3860 3115 3933 sequi
3146 3860 3475 3934 specialiter
3518 3877 3661 3918 con-

2014 3947 2173 4020 gruit
2197 3947 2545 4020 virginibus.

2085 4037 2537 4093 Attendentibus
2567 4052 2845 4095 concessa
2875 4038 3084 4095 divinae
3114 4040 3348 4113 pietatis
3378 4040 3531 4098 dona
3561 4040 3660 4113 Ju-

2017 4125 2173 4199 giter
2201 4127 2525 4185 succedunt
2550 4126 2685 4183 alia.

2087 4214 2470 4272 Adversarius
2500 4216 2765 4272 omnium
2796 4215 3133 4289 iniquorum
3165 4233 3359 4275 sermo
3386 4217 3489 4276 Dei
3518 4222 3628 4276 est.

2094 4324 2314 4378 Avarus
2345 4323 2589 4395 proprias
2621 4327 2705 4380 est
2736 4338 2915 4381 causa
2944 4324 3214 4396 miserias,
3248 4326 3521 4403 ingerens
3549 4324 3664 4384 sibi

2025 4410 2188 4467 sitim
2219 4411 2492 4467 avaritiae.

2072 4504 2322 4555 Avarus
2353 4498 2499 4555 nihil
2529 4505 2681 4558 recte
2710 4501 2869 4569 facit,
2901 4502 3016 4559 nisi
3046 4503 3200 4575 quod
3230 4501 3499 4559 moritur.

2096 4590 2280 4644 Avaro
2328 4592 2447 4644 tam
2498 4589 2659 4644 deest
2704 4590 2860 4661 quod
2909 4589 3103 4661 habet,
3136 4607 3314 4662 quam
3356 4590 3511 4665 quod
3553 4606 3669 4649 non

342 4647 497 4705 Alter
524 4648 769 4706 alterius
810 4664 989 4706 onera
1039 4650 1288 4721 portate,
1321 4650 1379 4700 et
1410 4644 1493 4701 sic
1522 4641 1919 4715 adimplehitis

276 4736 457 4809 legem
486 4738 727 4794 Christi.

279 4920 376 4972 tus
407 4915 528 4973 Dei.

348 5008 632 5065 Ardentes
677 5006 898 5065 diaboli
946 5004 1171 5077 sagittae
1196 5001 1553 5074 jejuniorum
1596 5004 1654 5059 et
1698 4999 1923 5074 vigilia-

280 5112 408 5151 rum
438 5097 653 5169 frigore
684 5099 825 5151 sunt
852 5093 1304 5166 restinguendae.
1834 5128 1839 5131 ι

348 5190 526 5241 Amor
558 5184 658 5241 Dei
688 5200 996 5256 nunquam
1027 5186 1119 5240 est
1152 5180 1395 5238 otiosus.

326 5272 486 5331 Abel
529 5288 658 5339 esse
710 5273 925 5342 renuit,
959 5288 1134 5345 quem
1182 5269 1319 5326 Cain
1368 5267 1592 5326 malitia
1623 5285 1737 5326 non
1767 5283 1928 5325 exer-

282 5366 395 5418 cet.

358 5451 483 5513 Alia
509 5452 818 5527 percussio
847 5455 936 5511 est
978 5467 1097 5523 qua
1141 5450 1408 5521 peccator
1458 5444 1704 5519 quilibet
1750 5446 1933 5504 corri-

279 5540 461 5615 gitur,
493 5541 610 5599 alia
637 5558 760 5617 qua
787 5541 1234 5601 condemnatur.

349 5631 587 5690 Amicus
616 5631 680 5690 in
716 5630 1071 5690 necessitate
1099 5628 1400 5703 probatur.

346 4765 457 4839 5w}
486 4765 727 4838 buf'lw-
1163 4825 1173 4835 .
1225 4825 1234 4835 _
1822 4820 1833 4832 ,
1875 4822 1885 4832 ,
1949 4790 1996 4855 D
2098 4765 2361 4821 Avaritia
2387 4779 2620 4835 semper
2648 4766 2901 4836 odiosos,
2931 4765 3171 4840 largitas
3202 4766 3390 4829 clares
3419 4769 3576 4826 facit.

346 4828 633 4887 Animalia
661 4828 840 4884 homo
871 4843 988 4885 non
1020 4828 1267 4898 percipit
1296 4838 1364 4882 ea
1391 4839 1517 4894 quae
1560 4824 1700 4879 sunt
1746 4837 1919 4893 spiri-
2113 4872 2348 4898 “mm,
2388 4870 2729 4898 ,Μεληηηη
2759 4872 2964 4898 “,LM
2991 4889 3098 4898 ___
3139 4876 3528 4898 ___,,____,,___
3574 4896 3576 4898 _

2100 4872 2355 4929 Avaritia
2385 4870 2732 4928 desideratis
2756 4872 2965 4946 opibus
2991 4889 3107 4932 non
3136 4876 3550 4951 exstinguitur,
3572 4876 3676 4935 sed

2033 4967 2297 5039 augetur.

2104 5051 2397 5123 Abjiciens
2424 5049 2795 5123 disciplinam
2829 5050 2941 5108 cito
2970 5053 3180 5111 sentiet
3208 5055 3459 5115 ruinam.

2106 5158 2483 5232 Argumentis
2515 5174 2616 5230 per
2646 5174 2772 5230 quae
2803 5158 3043 5217 meliora
3074 5162 3345 5234 quislibet
3362 5174 3678 5239 agnoscere

2037 5264 2377 5322 possumus,
2404 5246 2725 5318 probamur
2752 5264 2956 5309 omnes
2985 5267 3019 5307 a
3044 5249 3183 5309 Deo.

2108 5344 2157 5393 A
2190 5336 2385 5409 parvis
2416 5337 2591 5392 rebus
2616 5340 2740 5392 tam
2772 5338 2927 5395 mala
2956 5355 3133 5411 quam
3176 5341 3329 5399 bona
3370 5340 3684 5413 incipiunt,

2040 5428 2143 5485 sed
2174 5442 2277 5501 per
2297 5426 2658 5483 incrementa
2682 5429 3013 5500 temporum
3043 5430 3270 5501 majora
3296 5429 3469 5489 fiunt.

2110 5534 2198 5591 Ad
2230 5531 2655 5591 sublimitatem
2683 5531 2966 5593 virtutum
2997 5551 3114 5593 non
3142 5537 3425 5612 potentia,
3449 5536 3553 5595 sed
3580 5534 3692 5595 hu-

2045 5623 2315 5699 militate,
2334 5621 2585 5682 venitur.
