4098 6172
402 342 521 403 303

1408 339 1751 401 OTHLONI
1796 338 2147 401 MONACHI
2194 342 2259 399 S.
2305 336 2797 399 EMMERAMMI

3688 336 3808 397 304

478 475 563 528 Ad
599 476 847 530 mortem
877 472 1257 543 properantes
1290 471 1476 543 magis
1508 472 1780 528 convenit
1804 471 2050 543 impedi-
2080 470 2133 536 Α
2236 470 2447 525 Beatus
2478 469 2653 525 homo
2705 468 2805 540 qui
2854 482 3084 539 semper
3112 469 3202 523 est
3244 465 3512 537 pavidus,
3542 466 3642 539 qui
3671 483 3805 525 vero

407 580 487 636 re,
520 580 697 635 quam
729 561 811 617 eis
842 560 1187 616 consentire.

476 653 563 706 Ad
599 654 843 706 mortem
875 654 1163 721 properat,
1193 649 1291 721 qui
1325 650 1436 705 cito
1468 651 1537 705 de
1570 667 1868 722 quoquam
1892 650 2051 721 judi-

406 746 519 809 cat,
555 744 610 796 et
640 740 698 795 in
732 757 847 812 quo
877 738 1084 794 vitium
1118 740 1421 811 quodlibet
1452 745 1675 812 regnat.

475 834 658 885 Amor
688 828 883 884 saeculi
906 833 1276 900 contemptus
1308 833 1396 883 est
1429 829 1550 883 Dei.

478 924 657 974 Amor
687 918 883 974 saeculi
915 917 1273 973 thesaurizat
1306 919 1501 972 morti.

474 1013 656 1063 Amor
682 1024 981 1080 perversos
1010 1024 1077 1063 ex
1108 1008 1258 1076 odio,
1287 1008 1485 1062 odium
1520 1010 1741 1062 rectum
1766 1023 1833 1062 ex
1854 1020 2050 1061 amore

405 1102 513 1154 est.

472 1186 723 1243 Alterius
754 1187 984 1242 virtutis
1016 1202 1123 1258 cpe
1152 1187 1336 1241 virtus
1370 1186 1591 1258 indiget
1621 1185 1831 1240 omnis.

472 1278 681 1333 Amare
710 1281 867 1332 recta
895 1294 1009 1332 non
1043 1277 1281 1347 poteris,
1311 1275 1424 1330 nisi
1455 1292 1558 1346 pro
1588 1275 1817 1330 Christo
1848 1273 2047 1328 humi-

403 1367 583 1425 lieris.

472 1457 561 1511 Ad
592 1455 985 1511 humilitatem
1019 1471 1133 1510 non
1160 1458 1324 1526 potes
1355 1452 1803 1527 pervenire,nisi
1836 1467 2050 1524 magna

403 1546 711 1617 utriusque
740 1544 999 1600 hominis
1029 1544 1393 1599 contritione.

472 1634 721 1691 Animus
750 1634 1123 1689 dominorum
1174 1650 1243 1688 cx
1291 1632 1496 1687 habitu
1522 1631 1825 1702 judicatur
1853 1646 2047 1686 servo-

400 1739 554 1779 rum.

2163 559 2381 615 mentis
2412 563 2500 614 est
2530 560 2687 613 durae
2718 561 2947 613 corruet
2967 557 3025 611 in
3062 556 3305 620 malum.

2235 648 2563 703 Benedictio
2593 647 2820 702 Domini
2856 663 3030 718 super
3058 646 3421 717 caputjusti.

2232 742 2381 794 Bene
2412 737 2712 808 consurgit
2740 735 3018 804 diluculo,
3052 736 3149 806 qui
3180 736 3333 790 bona
3362 735 3590 806 quaerit.

2234 828 2458 881 Bonum
2490 831 2579 881 est
2606 826 2750 894 viro,
2783 842 2916 881 cum
2962 824 3275 897 portaverit
3313 824 3528 896 jugum
3560 826 3631 881 ab
3665 826 3806 883 ado-

2160 915 2441 971 lescentia
2471 933 2599 971 sua.

2230 1007 2425 1061 Bonus
2456 1009 2545 1060 est
2575 1003 2860 1059 Dominus
2908 1003 3281 1075 sperantibus
3311 1003 3369 1058 in
3400 1020 3559 1072 eum,
3592 1005 3805 1062 animae

2160 1094 2439 1165 quarenti
2476 1092 2664 1148 illum.

2231 1183 2423 1238 Brevis
2454 1182 2647 1238 omnis
2680 1181 2905 1237 malitia
2935 1197 3111 1254 super
3141 1180 3364 1237 malitia
3394 1182 3678 1240 mulieris.

2231 1272 2440 1326 Beatus
2471 1270 2570 1341 qui
2602 1270 2776 1325 habet
2804 1274 3030 1342 partem
3053 1269 3112 1324 in
3136 1269 3559 1326 resurrectione
3592 1271 3800 1343 prima.

2230 1360 2440 1415 Beatus
2455 1360 2543 1415 vir
2558 1358 2657 1431 qui
2680 1359 2885 1415 suﬂ'ert
2912 1357 3317 1429 teutationem,
3350 1359 3649 1430 quoniam,
3666 1377 3801 1417 cum

2160 1449 2438 1521 probatus
2469 1448 2657 1519 fuerit,
2682 1447 2927 1519 accipiet
2951 1463 3225 1503 coronam
3256 1447 3406 1503 vitae.

2229 1539 2381 1593 Bene
2411 1538 2571 1609 loqui
2603 1541 2659 1592 et
2689 1536 2841 1592 male
2886 1537 3075 1593 vivere
3114 1535 3260 1592 nihil
3291 1544 3378 1593 est
3406 1537 3563 1593 aliud
3595 1539 3709 1595 nisi
3738 1556 3803 1595 se

2155 1627 2352 1699 ipsum
2385 1628 2682 1682 damnare.

2198 1717 2452 1773 ‘Bonum
2506 1716 2869 1772 intellectum
2899 1715 3095 1783 habet,
3129 1714 3228 1786 qui
3259 1716 3413 1787 quod
3445 1719 3598 1772 recte
3628 1716 3800 1773 intel-

473 1812 743 1884 Apertius
775 1816 832 1868 et
861 1810 1073 1867 melius
1105 1827 1208 1883 per
1236 1826 1410 1882 opera
1430 1826 1605 1880 quam
1638 1826 1739 1880 per
1766 1807 2047 1864 vcrbain-
2075 1850 2123 1915 B
2155 1806 2286 1915 lig'it
2317 1805 2469 1861 facit.

406 1901 676 1957 sinuatur
697 1902 835 1957 vita.

468 1990 743 2044 Amicum
775 2005 867 2044 res
898 1988 1162 2043 secundae
1193 1992 1423 2059 parant,
1450 1989 1702 2043 adversae
1736 1987 2004 2059 probant.

470 2080 683 2133 Arcum
714 2077 898 2131 nimia
929 2076 1147 2149 frangit
1174 2075 1447 2143 intensio,
1480 2076 1745 2132 animum
1785 2092 1919 2131 vero
1949 2076 2043 2130 in-

397 2182 657 2239 congrua
684 2167 814 2221 vitm
848 2165 1136 2222 remissio.
1187 2200 1197 2209 ς

463 2255 716 2312 Ambitio
747 2255 964 2311 multos
994 2254 1269 2311 mortales
1300 2255 1477 2311 falsos
1508 2254 1631 2310 fieri
1662 2255 1853 2327 coegit

462 2346 662 2401 Ardua
694 2346 838 2400 ﬁdes
869 2346 1141 2400 robustos
1171 2344 1348 2416 exigit
1378 2361 1584 2399 annos.

464 2436 719 2489 Affectus
750 2434 964 2499 carnis,
998 2434 1113 2488 nisi
1146 2434 1357 2489 mentis
1382 2435 1513 2503 jure
1548 2437 1909 2504 premantur,

464 2522 957 2593 Unumquemque
973 2522 1270 2577 hominem
1291 2523 1513 2576 ducunt
1534 2522 1603 2576 ad
1626 2522 2035 2593 perditionem.

464 2611 549 2664 Ad
582 2614 819 2681 tempus
848 2610 1110 2675 credens,
1146 2610 1247 2663 sed
1280 2626 1413 2663 mox
1444 2609 1647 2664 exinde
1681 2610 1955 2664 recedens

463 2699 562 2753 Est
594 2698 807 2753 similis
834 2704 1003 2753 vento
1037 2698 1137 2769 qui
1170 2715 1300 2752 raro
1333 2703 1553 2769 perstat
1582 2699 1639 2752 in
1676 2716 1811 2753 uno.

461 2790 608 2842 Ante
642 2787 737 2841 Dei
764 2786 989 2843 vultum
1022 2786 1099 2840 nil
1133 2787 1293 2858 pravi
1325 2792 1551 2841 constat
1582 2787 1854 2841 inultum.

465 2878 580 2929 Aut
609 2875 742 2945 quis
772 2879 976 2946 sponte
1008 2892 1115 2928 sua
1146 2875 1302 2929 mala
1334 2874 1522 2946 punit,
1557 2875 1675 2930 sive
1704 2880 1959 2930 coactus.

462 2964 701 3019 Arbitrii
736 2964 953 3018 donum
983 2963 1149 3018 nobis
1181 2980 1358 3017 causa
1384 2969 1473 3018 cst
1504 2964 1866 3018 meritorum.

462 3054 665 3107 Ardua
695 3069 787 3107 res
821 3053 1068 3107 nimium
1102 3052 1374 3107 famulari
1410 3057 1541 3123 post
1567 3052 1958 3107 dominatum.

459 3142 695 3212 Absque
725 3140 841 3195 Deo
872 3140 1071 3195 nullus
1102 3140 1313 3211 poterit
1343 3141 1658 3195 consistere
1690 3140 1905 3196 salvus.

458 3231 692 3301 Absque
720 3231 929 3286 timore
958 3229 1059 3284 Dei
1089 3229 1311 3284 viribus
1342 3229 1543 3300 nequit
1575 3229 1693 3285 ulla
1724 3230 1938 3299 timeri,

455 3320 503 3374 A
532 3319 779 3375 Domino
810 3322 1021 3373 cuncta
1050 3319 1201 3373 bona
1232 3324 1369 3373 sunt
1395 3319 1631 3374 omnino
1662 3320 1930 3390 petenda.

458 3407 712 3463 Alternis
742 3408 850 3475 uti,
883 3408 948 3462 ﬁt
977 3407 1318 3463 delectabile
1347 3408 1569 3463 multis.

461 3496 759 3552 Auxilium
790 3497 1021 3552 Domini
1053 3497 1265 3552 debent
1294 3497 1596 3568 exquirere
1626 3499 1839 3553 cuncti.

457 3586 626 3641 Actio
654 3587 939 3641 virtutum
978 3589 1205 3641 constat
1234 3586 1508 3656 perfectio
1540 3602 1793 3641 morum.

454 3674 542 3728 Ad
574 3673 887 3729 Dominum
922 3674 1127 3745 fugite,
1161 3675 1260 3743 qui
1294 3673 1502 3728 salvari
1532 3674 1803 3745 cupiatis.

458 3766 763 3819 Auctorem
796 3778 1077 3833 magnum
1100 3764 1391 3816 testantur
1419 3762 1672 3817 maxima
1702 3779 1919 3818 rerum.

1034 3849 1263 3904 CAPUT
1302 3850 1370 3903 ΙΙ.

458 3941 619 3995 Beati
651 3955 902 4010 quorum
934 3938 1192 3994 remissae
1225 3942 1363 3994 sunt
1390 3938 1747 4010 iniquitates,
1781 3944 1839 3996 et
1882 3958 2027 4013 quo-

385 4042 517 4085 rum
550 4032 702 4083 tecta
730 4031 868 4083 sunt
901 4032 1154 4098 peccata.

459 4120 665 4172 Beatus
688 4117 789 4187 qui
818 4115 1090 4188 intelligit
1118 4134 1294 4188 super
1318 4133 1566 4189 egenum
1592 4124 1648 4174 et
1672 4136 1983 4191 pauperem
2009 4138 2021 4175 :

383 4205 442 4258 in
476 4205 570 4259 die
600 4203 756 4259 mala
780 4204 1050 4259 liberabit
1078 4222 1212 4261 eum
1244 4206 1546 4262 Dominus.

451 4293 696 4349 Brachia
724 4297 1095 4363 peccatorum
1144 4299 1536 4367 conterentur,
1585 4298 1892 4355 confirmat
1921 4317 2021 4355 au-

379 4386 497 4439 tem
521 4383 718 4455 justos
750 4382 1055 4439 Dominus.

448 4472 794 4529 Benedictus
824 4472 1107 4529 Dominus
1138 4478 1286 4530 Deus
1320 4475 1517 4544 Israel,
1549 4478 1649 4547 qui
1683 4477 1821 4533 facit
1852 4478 2023 4533 mira-

374 4561 517 4618 bilia
546 4561 728 4619 solus.

444 4653 655 4708 Beatus
686 4653 786 4723 qui
819 4652 1035 4709 tenebit
1060 4657 1115 4709 et
1144 4654 1343 4709 allidet
1379 4653 1646 4727 parvulos
1669 4672 1807 4711 suos
1829 4657 1899 4710 ad
1923 4672 2015 4728 pe-

372 4748 547 4798 tram.

442 4830 878 4903 Beneplacitum
910 4836 999 4887 est
1029 4834 1269 4888 Domino
1300 4851 1476 4906 super
1495 4835 1766 4890 timentes
1797 4840 2013 4907 eum,et

368 4921 430 4974 in
461 4921 544 4974 eis
576 4920 676 4990 qui
702 4925 940 4991 sperant
970 4937 1145 4991 super
1175 4922 1573 4979 misericordia
1602 4926 1749 4993 ejus.

446 5008 604 5063 Beati
638 5008 737 5079 qui
772 5009 1043 5065 csuriunt
1071 5014 1128 5063 et
1157 5010 1364 5065 sitiunt
1386 5012 1705 5085 justitiam,
1738 5015 2011 5085 quoniam

369 5097 483 5171 ipsi
510 5097 952 5153 saturabuntur.

438 5190 631 5242 Bonus
664 5191 861 5257 pastor
891 5186 1149 5241 animam
1183 5204 1351 5241 suam
1378 5188 1477 5242 dat
1505 5205 1606 5259 pro
1634 5191 1837 5246 ovibus
1862 5192 2007 5247 suis.

435 5275 782 5331 Benedictus
812 5276 900 5328 vir
916 5274 1015 5344 qui
1048 5275 1286 5330 confidit
1316 5275 1374 5330 in
1405 5276 1671 5345 Domino,
1696 5283 1751 5333 et
1776 5279 1883 5334 erit
1903 5280 2010 5335 Do-

365 5364 563 5418 minus
586 5364 799 5418 ﬁducia
827 5365 974 5433 ejus.

434 5451 647 5506 Beatus
677 5451 761 5505 vir
793 5452 890 5523 qui
924 5452 1193 5509 inventus
1237 5460 1325 5510 est
1376 5456 1499 5511 sine
1549 5456 1778 5511 macula
1821 5463 1877 5512 et
1907 5457 2004 5528 qui

360 5545 494 5612 post
540 5557 751 5597 aurum
802 5558 917 5598 non
963 5542 1123 5611 abiit,
1177 5560 1280 5600 nec
1330 5545 1584 5618 speravit
1633 5546 1690 5600 in
1744 5546 2003 5617 pecuniae

360 5630 675 5693 thesauris.

2223 1896 2517 1951 Bonorum
2548 1911 2713 1951 mens
2746 1911 2863 1967 quo
2889 1894 3125 1949 duriora
3154 1910 3257 1965 pro
3286 1895 3529 1951 veritate
3565 1894 3795 1960 tolerat.

2152 2001 2217 2041 eo
2249 1983 2465 2040 certius
2496 1984 2833 2039 aeternitatis
2866 1982 3107 2055 praemia
3136 1986 3350 2054 sperat.

2222 2074 2577 2129 Beneficium
2609 2074 2709 2143 qui
2740 2073 2878 2127 dare
2910 2072 3115 2137 nescit,
3148 2070 3366 2142 injuste
3399 2072 3545 2143 petit

2222 2162 2423 2217 Bibere
2435 2166 2491 2217 et
2506 2162 2859 2217 manducare
2875 2160 3019 2216 nulli
3039 2178 3381 2218 concessum
3398 2165 3486 2217 est
3507 2161 3576 2217 ad
3597 2161 3796 2234 gulam

2150 2251 2517 2323 explendam,
2544 2251 2643 2306 sed
2667 2251 2739 2305 ad
2768 2251 2981 2305 famem
3006 2250 3281 2322 sitimque
3308 2250 3795 2323 restringendam.

2222 2341 2564 2396 Balnearum
2595 2340 2852 2395 fomenta
2883 2340 3045 2395 sanis
3076 2344 3133 2395 et
3156 2340 3477 2411 juvenibus
3510 2357 3624 2397 non
3656 2346 3798 2397 sunt

2150 2431 2597 2502 frequentanda.

2220 2521 2371 2575 Bene
2401 2520 2614 2575 docens
2644 2523 2701 2573 et
2729 2518 2880 2574 male
2910 2518 3104 2575 vivens
3134 2519 3379 2575 virtutes
3409 2536 3557 2590 quas
3586 2520 3794 2592 praedi-

2149 2614 2240 2664 cat
2270 2608 2532 2663 moribus
2564 2608 2829 2663 infamat.

2218 2697 2450 2753 Beatius
2481 2701 2571 2752 est
2600 2698 2736 2752 dare
2766 2714 2939 2767 quam
2966 2696 3243 2768 accipere.

2216 2787 2407 2842 Bonus
2441 2804 2556 2842 non
2602 2790 2707 2850 est,
2743 2802 2915 2857 quem
2949 2785 3237 2840 malorum
3290 2786 3631 2857 improbitas
3671 2804 3791 2842 non

2143 2876 2426 2947 probavit.

2216 2965 2373 3019 Bona
2403 2965 2627 3035 cepisse
2658 2968 2713 3019 et
2742 2980 2855 3019 non
2890 2964 3162 3035 perﬁcere
3194 2963 3340 3019 nulli
3372 2965 3626 3035 prodest.

2215 3052 2599 3124 Blasphemize
2621 3054 2794 3108 verba
2824 3054 3054 3108 cunctis
3076 3052 3347 3108 fidelibus
3371 3058 3510 3109 sunt
3529 3054 3791 3109 vitanda.

2214 3142 2437 3197 Bonum
2469 3142 2517 3197 si
2551 3143 2735 3198 facere
2766 3158 3043 3213 nequeas,
3078 3159 3193 3197 non
3240 3146 3437 3197 tamen
3488 3141 3687 3213 culpes
3737 3143 3794 3198 ei

2066 3212 2108 3278 (ἶ
2147 3231 2477 3302 prohibeas.

2214 3320 2367 3374 Bona
2396 3319 2757 3375 conscientia
2804 3319 2863 3374 in
2916 3319 3171 3374 tenebris
3226 3318 3598 3391 splendorem
3654 3336 3792 3390 pro-

2142 3409 2339 3479 prium
2370 3413 2547 3465 tenet.

2210 3497 2519 3554 Blanditiis
2569 3498 2947 3555 saecularibus
2996 3498 3163 3553 facile
3220 3497 3507 3569 decipitur
3559 3496 3793 3571 fragilis

2141 3587 2395 3643 animus.

2212 3677 2469 3732 Brevitas
2488 3677 2619 3732 vitae
2642 3676 2945 3748 praesentis
2966 3674 3267 3747 pensanda
3280 3680 3369 3731 est
3385 3676 3457 3732 ab
3470 3675 3786 3732 universis.

2210 3765 2431 3819 Bellum
2462 3766 2747 3837 optimum
2782 3765 2994 3837 agitur,
3026 3781 3158 3820 cum
3204 3763 3445 3836 spiritus
3493 3765 3650 3820 carni
3682 3766 3789 3821 ad-

2136 3859 2421 3910 versatur.

2209 3949 2319 3999 Bos
2350 3944 2445 3999 hic
2475 3961 2590 3999 non
2623 3945 2909 4010 comedat,
2924 3943 3021 4014 qui
3044 3944 3169 4014 jam
3193 3943 3341 4015 juga
3370 3943 3520 3998 ferre
3552 3947 3788 3999 recusat

2208 4035 2349 4104 (Hoc
2381 4038 2469 4089 est
2494 4033 2787 4105 lascivus).
2817 4033 2927 4088 Sed
2961 4036 3014 4087 et
3044 4032 3163 4088 otia
3190 4049 3338 4087 vana
3367 4036 3603 4089 secutus

2207 4123 2531 4179 Mercedem
2566 4123 2788 4177 nullam
2820 4121 2931 4177 sibi
2962 4122 3183 4177 noverit
3213 4121 3347 4177 inde
3377 4122 3658 4177 futuram.

2206 4211 2456 4266 Bellator
2487 4211 2672 4279 fortis,
2708 4212 2808 4283 qui
2840 4228 2901 4267 se
2933 4210 3144 4281 poterit
3172 4226 3465 4282 superare.

2206 4300 2362 4356 Bella
2394 4300 2486 4355 Dei
2515 4304 2715 4356 sancta
2746 4304 3016 4372 quaerunt
3047 4300 3369 4356 fortissima
3399 4301 3595 4355 corda.

2206 4388 2302 4445 Bis
2331 4393 2560 4462 gratum
2595 4388 2821 4458 tribuit,
2856 4388 2955 4461 qui
2987 4388 3143 4455 quod
3175 4389 3344 4443 debet
3371 4388 3486 4444 cito
3517 4387 3731 4443 reddit.

2204 4479 2461 4534 Blandus
2492 4478 2817 4534 mansuetis
2847 4477 2948 4541 sis,
2982 4477 3405 4548 districtusque
3435 4477 3727 4549 superbis.

2049 4579 2096 4642 D
2202 4567 2393 4624 Bestia
2422 4566 2676 4622 crudelis
2702 4570 2790 4622 est
2818 4583 2917 4621 cor
2945 4582 3134 4637 pravas
3166 4564 3451 4621 mulieris.

2770 4709 2995 4764 CAPUT
3035 4710 3129 4765 ΙΙΙ.

2195 4833 2331 4889 Ccnli
2364 4838 2638 4889 enarrant
2685 4833 2930 4905 gloriam
2982 4832 3100 4902 Dei,
3159 4837 3215 4887 et
3264 4848 3440 4902 opera
3489 4848 3777 4887 manuum

2125 4925 2251 4994 ejus
2282 4922 2592 4977 annuntiat
2620 4922 3077 4977 firmamentum.

2193 5014 2338 5068 Cum
2368 5010 2548 5067 electo
2579 5010 2797 5067 electus
2831 5010 2964 5076 eris,
2999 5015 3056 5064 et
3086 5026 3217 5065 cum
3246 5026 3515 5082 perverso
3546 5026 3779 5082 perver-

2121 5101 2283 5156 teris.

2192 5193 2299 5243 Cor
2328 5188 2643 5243 contritum
2675 5193 2730 5243 et
2760 5187 3135 5242 humiliatum
3155 5187 3309 5242 Deus
3327 5204 3440 5243 non
3465 5187 3773 5259 despiciet.

2190 5276 2530 5333 Considerat
2559 5280 2827 5349 peccator
2846 5278 3099 5348 justum,
3133 5281 3191 5332 et
3213 5276 3421 5348 quaerit
3452 5276 3775 5332 mortifica-

2120 5383 2179 5423 re
2210 5384 2365 5423 eum.

2188 5457 2343 5512 Calix
2390 5458 2448 5513 in
2481 5476 2659 5515 manu
2690 5457 2919 5513 Domini
2949 5455 3069 5510 vini
3094 5455 3237 5511 meri
3268 5454 3476 5525 plenus
3510 5455 3717 5510 mixto.

2188 5546 2554 5603 Conﬁtemini
2582 5548 2823 5603 Domino
2846 5545 3125 5617 quoniam
3157 5544 3372 5613 bonus,
3402 5544 3683 5616 quoniam
3709 5544 3773 5600 in

2118 5634 2398 5693 saeculum
2428 5635 2829 5695 misericordia
2854 5636 3003 5707 ejus.
