4098 6172
320 396 428 457 305

1552 402 1783 462 LIBER
1833 407 2476 469 l’ltOVERBIOHUM.

3599 409 3717 469 306

383 528 522 584 Cum
553 529 781 587 dederit
809 531 1038 589 dilectis
1066 532 1192 590 suis
1221 551 1518 604 somnum,
1551 552 1682 592 ecce
1714 538 1951 595 haredi-
1982 540 2038 606 Α
2146 541 2369 598 Cadens
2400 545 2628 613 apertos
2676 511 2874 598 oculos
2925 542 3118 610 habet,
3161 540 3261 614 qui
3292 545 3445 598 recte
3475 542 3713 614 quidem

320 624 406 676 tas
434 619 672 676 Domini
697 622 708 676 !

377 707 647 765 Custodit
697 710 984 766 Dominus
1037 729 1242 770 omnes
1290 713 1602 788 diligentes
1634 733 1716 787 se,
1747 721 1805 772 et
1836 735 1955 774 om-

309 814 408 853 nes
437 803 771 870 peccatores
803 799 1119 873 disperdet.

373 890 517 943 Cum
550 888 691 944 facis
707 888 1161 963 eleemosynam,
1185 893 1408 950 nesciat
1428 893 1667 952 sinistra
1689 900 1788 953 tua
1809 897 1948 969 quid

303 975 477 1032 faciat
518 976 753 1032 dextera
780 982 902 1034 tua.

370 1063 591 1122 Caelum
624 1071 680 1122 et
709 1071 865 1123 terra
883 1067 1240 1137 transibunt,
1264 1071 1442 1126 verba
1473 1076 1671 1128 autem
1703 1073 1804 1130 Dei
1830 1092 1945 1131 non

302 1155 659 1212 transibunt.

370 1245 569 1300 Cacus
599 1245 650 1300 si
680 1261 831 1302 caeo
861 1246 1138 1303 ducatum
1162 1251 1414 1320 prastet,
1439 1249 1611 1306 ambo
1641 1253 1701 1307 in
1724 1253 1944 1309 foveam

299 1333 404 1389 cad
415 1337 539 1388 unt.

368 1421 651 1494 Cogitatio
683 1423 926 1480 humani
959 1426 1149 1482 cordis
1185 1443 1366 1498 prona
1405 1431 1495 1484 est
1526 1429 1584 1484 in
1615 1430 1840 1486 malum
1873 1433 1944 1486 ab

298 1509 696 1568 adolescentia
728 1530 855 1568 sua.

367 1601 596 1657 Curatio
629 1617 861 1658 cessare
890 1602 1029 1659 facit
1058 1608 1294 1676 peccata
1323 1607 1600 1662 maxima.

363 1710 503 1763 Cum
536 1707 865 1779 placuerint
907 1711 1154 1768 Domino
1190 1712 1293 1768 via
1341 1713 1618 1781 hominis,
1669 1715 1942 1773 inimicos

295 1811 528 1868 quoque
558 1799 687 1869 ejus
720 1803 1013 1856 convertet
1044 1801 1114 1856 ad
1148 1818 1371 1873 pacem.
1797 1811 1800 1814 ’

364 1887 754 1957 Cogitationes
777 1889 1075 1959 justorum
1092 1889 1338 1961 judicia.

366 1977 468 2030 Cor
496 1976 651 2048 regis
684 1977 745 2032 in
777 1993 954 2034 manu
993 1977 1128 2046 Dei;
1181 1979 1517 2052 ubicunque
1571 1981 1820 2038 voluerit
1852 1983 1938 2038 in-

293 2061 475 2119 clinat
504 2065 671 2121 illud.

367 2152 678 2210 Considera
707 2170 884 2226 opera
935 2155 1055 2227 Dei,
1119 2158 1274 2229 quod
1332 2173 1504 2214 nemo
1561 2159 1748 2229 possit
1805 2177 1939 2216 eum

292 2243 577 2314 corrigere
606 2259 782 2315 quem
813 2244 907 2300 ide
931 2245 1276 2317 despexerit.

364 2330 625 2388 Circulus
655 2349 870 2388 aureus
900 2333 960 2389 in
1013 2334 1257 2391 naribus
1299 2333 1424 2391 suis
1455 2334 1668 2393 mulier
1695 2338 1941 2409 pulchra

291 2423 354 2476 et
380 2421 556 2476 fatua.

365 2512 464 2565 Cor
492 2509 754 2567 hominis
775 2511 1036 2584 disponit
1055 2512 1208 2569 viam
1241 2530 1434 2585 suam,
1467 2515 1568 2571 sed
1606 2515 1706 2571 Dei
1734 2521 1823 2572 est
1852 2517 1937 2572 di-

293 2596 478 2671 rigere
507 2616 750 2672 gressus
781 2602 929 2672 ejus.

364 2691 467 2744 Cor
521 2690 880 2761 sapientium
930 2691 1028 2746 ubi
1078 2690 1319 2748 tristitia
1365 2697 1472 2764 est,
1517 2697 1575 2749 et
1604 2709 1704 2750 cor
1732 2695 1937 2750 stulto-

290 2793 420 2833 rum
451 2777 553 2833 ubi
584 2777 805 2834 latitia.

361 2869 462 2922 Cor
485 2868 645 2938 quod
679 2867 842 2923 novit
897 2869 1354 2925 amaritudinem
1405 2871 1613 2926 anima
1673 2890 1812 2940 sua,
1875 2874 1934 2928 in

287 2955 495 3026 gaudio
527 2957 658 3026 ejus
691 2973 807 3012 non
841 2957 1183 3014 miscebitur
1219 2963 1549 3015 extraneus.

358 3047 694 3101 Convertere
724 3046 796 3101 ad
828 3047 1227 3117 Dominum,et
1257 3047 1519 3121 relinque
1549 3057 1786 3121 peccata
1807 3056 1931 3107 tua.

353 3151 486 3206 Cani
519 3155 664 3208 sunt
693 3169 905 3210 sensus
925 3154 1203 3220 hominis,
1228 3159 1286 3210 et
1316 3160 1452 3212 atas
1477 3158 1793 3214 senectutis
1813 3159 1933 3214 vita

284 3238 682 3298 immaculata.

355 3332 588 3386 Cunctis
620 3331 828 3387 diebus
860 3331 985 3388 suis
1015 3332 1235 3404 impius
1266 3335 1551 3405 superbit.

354 3420 450 3474 Cui
481 3419 741 3475 multum
773 3421 968 3488 datur,
1001 3421 1254 3477 multum
1296 3423 1366 3478 ab
1397 3439 1461 3478 eo
1489 3423 1756 3496 exigitur.

353 3509 769 3565 Confortamini
816 3511 875 3564 in
924 3511 1193 3582 Domino,
1227 3515 1285 3567 et
1315 3513 1373 3566 in
1407 3513 1666 3584 potentia
1694 3513 1930 3570 virtutis

284 3611 432 3667 ejus.

351 3687 525 3744 Corde
555 3687 814 3746 creditur
843 3689 1224 3760 adjustitiam
1251 3709 1264 3760 ;
1293 3707 1390 3748 ore
1417 3696 1614 3748 autem
1639 3693 1926 3750 confessio

285 3775 347 3830 fit
379 3778 443 3831 ad
477 3777 754 3833 salutem.

349 3867 484 3921 Caro
514 3866 886 3939 concupiscit
915 3867 1198 3923 adversus
1230 3869 1527 3940 spiritum,
1552 3869 1798 3941 spiritus
1829 3889 1927 3926 au-

284 3957 393 4008 tem
423 3956 711 4011 adversus
743 3973 998 4012 carnem.

347 4043 588 4116 Corpus,
624 4047 781 4118 quod
808 4047 1227 4118 corrumpitur,
1259 4052 1532 4118 aggravat
1554 4048 1811 4104 animam
1870 4054 1924 4106 et

283 4132 546 4204 deprimit
577 4150 820 4190 sensum
857 4135 1044 4191 multa
1074 4135 1444 4209 cogitantem.

347 4241 713 4298 Contitemini
763 4243 1111 4299 alterutrum
1159 4247 1395 4315 peccata
1440 4248 1634 4300 vestra
1679 4249 1735 4301 et
1765 4250 1924 4303 orate

284 4343 378 4399 pro
405 4330 679 4401 invicem,
711 4333 776 4386 ut
809 4332 1135 4387 salvemini.

347 4421 518 4490 Cujus
541 4419 677 4476 vult
708 4420 863 4476 Deus
887 4421 1213 4486 miseretur,
1241 4425 1298 4476 et
1322 4437 1495 4492 quem
1518 4421 1637 4477 vult
1663 4422 1919 4481 indurat.

351 4511 738 4582 Corrumpunt
771 4526 964 4566 mores
994 4510 1177 4565 bonos
1209 4509 1496 4582 colloquia
1527 4510 1702 4566 mala.

347 4614 516 4686 Cujus
555 4617 678 4671 vita
728 4615 1066 4687 despicitur,
1121 4620 1302 4672 restat
1350 4621 1413 4671 ut
1470 4617 1599 4687 ejus
1656 4619 1920 4677 doctrina
1951 4653 1998 4716 D

280 4709 699 4761 contemnatur.

346 4795 593 4868 Capisse
645 4796 802 4850 bona
849 4793 1172 4850 multorum
1219 4797 1345 4863 est;
1393 4811 1761 4867 perseverare
1787 4815 1920 4854 vero

282 4879 337 4935 in
365 4882 548 4950 bonis,
576 4899 924 4956 paucorum.

350 4974 524 5029 Causa
555 4990 686 5045 qua
720 4990 834 5028 non
874 4972 1224 5044 pravidetur
1253 4991 1369 5030 non
1400 4975 1687 5048 permittit
1712 4994 1920 5049 quem-

278 5074 445 5129 quam
474 5063 548 5117 ad
583 5061 832 5117 meliora
860 5062 1160 5134 proﬁcere.

346 5151 476 5206 Cum
509 5151 668 5207 Deus
712 5149 911 5206 omnia
959 5151 1148 5206 facere
1194 5152 1400 5223 possit,
1443 5152 1665 5210 malum
1696 5159 1915 5226 tamen,

275 5237 410 5308 quia
437 5239 585 5295 nihil
620 5242 732 5311 est,
766 5239 953 5295 facere
987 5256 1103 5295 non
1134 5245 1342 5311 potest.

344 5331 612 5385 Coactum
646 5327 949 5384 servitium
983 5331 1133 5385 Deus
1162 5346 1276 5386 non
1307 5331 1533 5401 quarit.

351 5433 553 5493 Contra
584 5441 773 5492 Deum
807 5435 1120 5492 consilium
1152 5453 1256 5492 nec
1295 5453 1577 5509 magnum
1610 5456 1712 5494 nec
1744 5440 1916 5495 mini-

275 5536 453 5579 mum.

348 5614 570 5672 Crimen
613 5599 849 5685 'aquale
903 5613 1298 5681 committunt,
1351 5615 1410 5669 et
1477 5611 1528 5667 is
1585 5613 1687 5684 qui
1742 5613 1913 5670 alicui

273 5699 544 5774 detrahit,
575 5708 638 5762 et
664 5701 767 5775 qui
811 5702 1213 5763 detrahentem
1243 5702 1490 5761 libenter
1521 5703 1700 5761 audit.

2060 629 2220 703 loqui
2254 630 2382 697 scit,
2417 632 2516 686 sed
2550 636 2701 687 recte
2729 632 2920 687 vivere
2951 631 3290 688 contemnit.

2134 723 2345 775 Curam
2377 721 2436 775 in
2484 721 2658 775 rebus
2713 721 2954 778 minime
3001 720 3347 778 necessariis
3384 722 3710 794 expendere

2061 813 2364 881 peceatum
2397 817 2482 866 est
2502 811 2746 882 grande.

2131 918 2382 989 Cupiens
2413 934 2724 990 agnoscere
2756 922 2973 989 quanta
3015 918 3112 973 Dei
3143 919 3331 989 gratia
3359 919 3436 974 sit
3465 918 3617 973 circa
3645 935 3708 974 se

2059 1005 2333 1078 inspiciat
2363 1007 2529 1076 alios,
2565 1013 2622 1063 et
2680 1007 3152 1079 quantiscunque
3207 1007 3340 1078 plus
3386 1007 3601 1062 habere
3643 1024 3705 1063 se

2058 1097 2306 1152 senserit
2334 1097 2394 1151 in
2427 1097 2706 1168 sospitate
2731 1096 2818 1151 vel
2853 1094 3236 1168 intelligentia
3258 1095 3345 1150 vel
3376 1094 3436 1149 in
3466 1111 3694 1164 posses-

2057 1184 2218 1241 sione
2247 1184 2497 1256 alicujus
2529 1185 2631 1252 rei,
2665 1186 2846 1242 tantis
2879 1185 3024 1240 sciat
3055 1200 3117 1241 se
3157 1200 3284 1241 esse
3342 1183 3613 1239 ditiorem
3643 1184 3701 1239 in

2054 1275 2243 1346 gratia
2264 1274 2384 1330 Dei.

2125 1367 2346 1434 Corpus
2378 1380 2478 1434 pro
2512 1380 2710 1434 puero,
2735 1363 2933 1417 anima
2946 1378 3078 1417 vero
3100 1379 3204 1433 pro
3227 1363 3542 1434 padagogo
3572 1377 3700 1418 esse

2055 1453 2301 1507 refertur
2331 1471 2364 1506 a
2395 1451 2780 1524 philosophis.
3517 1481 3519 1484 έ

2123 1541 2420 1597 Cervicum
2450 1540 2680 1596 inflexio
2712 1540 2793 1596 nil
2833 1541 3089 1612 prodest,
3140 1541 3189 1596 si
3239 1557 3352 1596 non
3387 1541 3703 1611 deponitur

2054 1630 2246 1686 cordis
2277 1631 2507 1686 erectio.

2125 1720 2348 1774 Canum
2374 1723 2430 1774 et
2449 1718 2745 1774 volueram
2773 1718 2948 1774 ludus
2969 1736 3002 1774 a
3025 1718 3250 1774 cunctis
3281 1717 3529 1786 clericis,
3557 1735 3698 1790 qua-

2053 1807 2104 1862 si
2136 1809 2321 1874 nefas,
2355 1811 2443 1864 est
2469 1808 2764 1864 vitandus.

1975 1913 2022 1977 B
2124 1914 2498 1970 Considerata
2545 1913 2858 1970 infirmitas
2890 1913 3126 1986 propria
3178 1911 3335 1969 mala
3367 1911 3535 1968 nobis
3566 1912 3699 1969 levi-

2054 2007 2153 2076 gat
2183 2003 2390 2059 aliena.

2121 2093 2438 2149 Concordia
2479 2108 2666 2164 parva
2726 2109 2817 2148 res
2866 2094 3155 2159 crescunt,
3186 2089 3481 2146 discordia
3511 2089 3697 2146 maxi-

2051 2198 2157 2236 ma
2191 2180 2549 2236 dilabuntur.

2121 2270 2372 2326 Consilio
2412 2288 2560 2343 opus
2591 2274 2680 2325 est
2710 2270 2880 2325 facto.

2118 2361 2369 2415 Credens
2403 2361 2582 2415 Deum
2615 2361 2813 2414 omnia
2842 2375 3013 2430 posse
3056 2362 3353 2432 prastare,
3396 2357 3579 2430 petita
3608 2357 3694 2412 ci-

2046 2449 2163 2504 tius
2196 2453 2457 2504 meretur
2482 2447 2761 2503 obtinere.

2117 2542 2322 2593 Custos
2349 2537 2634 2593 castitatis
2665 2539 2754 2592 est
2779 2536 2966 2591 virtus
3000 2535 3372 2592 humilitatis.

2117 2627 2484 2682 Continentia
2513 2643 2626 2680 non
2659 2624 2936 2697 corporis,
2970 2624 3070 2680 sed
3101 2623 3282 2680 animi
3313 2627 3401 2679 est
3427 2623 3633 2679 virtus.

2117 2720 2310 2771 Cacus
2342 2715 2662 2770 multorum
2700 2714 2766 2768 ﬁt
2796 2730 2899 2785 pro
2930 2712 3156 2768 cautela
3185 2713 3434 2768 aliorum
3465 2715 3530 2768 ut
3560 2729 3688 2768 om-

2046 2804 2138 2860 nis
2168 2804 2343 2860 homo
2361 2804 2498 2859 hinc
2521 2802 2782 2858 monitus
2804 2802 3097 2874 provideat
3115 2817 3186 2856 ne
3207 2800 3476 2857 similiter
3497 2801 3688 2856 cadat.

2115 2911 2239 2966 Cito
2270 2911 2330 2965 in
2363 2909 2612 2965 crimina
2657 2909 2878 2979 majora
2926 2909 3162 2980 corruit,
3210 2907 3310 2979 qui
3361 2925 3538 2980 parva
3585 2924 3689 2980 pro

2045 3000 2226 3056 nihilo
2258 3000 2440 3055 ducit.

2116 3091 2301 3160 Caput
2330 3094 2419 3145 est
2448 3087 2752 3144 discordia
2785 3087 2886 3159 qui
2917 3104 2985 3143 ex
3014 3087 3429 3144 communibus
3453 3085 3688 3159 propria

2043 3179 2240 3233 studet
2265 3178 2470 3234 facere.

1960 3281 2002 3346 ρ
2112 3267 2258 3322 Cum
2290 3265 2487 3321 dolore
2520 3264 2918 3320 abscindenda
2947 3269 3085 3320 sunt
3115 3281 3244 3335 qua
3278 3264 3485 3320 leniter
3514 3280 3684 3319 sana-

2042 3355 2090 3410 ri
2122 3373 2237 3410 non
2271 3358 2536 3426 possunt.

2111 3444 2444 3499 Cavendum
2494 3447 2582 3497 est
2631 3441 2858 3496 cunctis
2907 3457 2978 3496 ne
3021 3440 3310 3496 vilissima
3338 3444 3397 3495 et
3427 3438 3686 3511 pessima

2039 3537 2367 3605 proponant
2398 3531 2657 3602 optimis.

2111 3621 2311 3676 Clerici
2359 3621 2618 3676 liberalis
2667 3617 2922 3676 scientia
2972 3618 3149 3674 nimis
3207 3617 3416 3689 ignari,
3449 3616 3682 3673 nullum

2037 3710 2453 3768 sacerdotalem
2481 3709 2730 3782 gradum
2764 3709 3023 3780 accipere
3053 3712 3193 3763 sunt
3220 3706 3404 3779 digni.

2109 3799 2420 3872 Captivitas
2451 3803 2541 3854 est
2571 3797 2841 3865 maxima,
2892 3798 2992 3853 ubi
3043 3797 3252 3853 anima
3282 3800 3518 3868 peccato
3546 3812 3682 3867 cap-

2034 3889 2160 3945 tiva
2191 3890 2505 3943 ducuntur.

2107 3977 2286 4046 Cujus
2318 3976 2568 4047 quisque
2599 3976 2735 4030 facit
2766 3992 2959 4047 opera,
3001 3976 3129 4046 ejus
3158 3979 3398 4030 vocatur
3425 3974 3606 4031 ﬁlius.

2107 4066 2210 4122 Cui
2239 4070 2470 4137 gratum
2496 4065 2572 4119 sit
2601 4065 2794 4120 vocari
2827 4064 2983 4120 filius
3009 4064 3130 4134 Dei,
3162 4055 3466 4120 veneretur
3494 4065 3680 4121 Deum

2035 4160 2102 4212 ut
2133 4159 2386 4221 Patrem,
2410 4155 2628 4210 faciens
2658 4157 2786 4226 ejus
2816 4154 3195 4210 voluntatem.

2104 4246 2419 4300 Commoda
2449 4261 2731 4316 quaqua,
2764 4261 2897 4300 cum
2927 4244 3239 4311 habentur,
3271 4262 3449 4317 parva
3478 4245 3678 4301 viden-

2031 4338 2163 4402 tur;
2197 4351 2329 4389 cum
2355 4349 2488 4388 vero
2519 4333 2830 4399 defuerint,
2875 4338 3118 4404 apparet
3151 4340 3375 4405 quanta
3405 4335 3639 4390 fuerint.

2103 4441 2306 4496 Carnis
2357 4440 2686 4512 virginitas,
2720 4439 2988 4511 quamvis
3020 4440 3097 4495 sit
3129 4441 3328 4496 calica
3358 4442 3566 4497 virtus.

2101 4529 2224 4585 Non
2253 4530 2489 4601 prodest
2519 4529 2790 4600 cuiquam
2824 4529 2950 4583 sine
2982 4529 3199 4583 mentis
3231 4530 3578 4601 virginitate.

2101 4619 2388 4674 Constans
2418 4623 2474 4672 et
2503 4617 2673 4684 lenis,
2705 4621 2767 4670 ut
2799 4633 2889 4672 res
2935 4617 3282 4688 expostulet,
3315 4623 3457 4673 esto.

2103 4708 2472 4763 Consuetudo
2501 4705 2654 4760 mala
2683 4704 2773 4759 vix
2803 4709 2904 4759 aut
2933 4722 3239 4776 nunquam
3270 4710 3598 4777 superatur.

2101 4795 2342 4861 Caium,
2377 4812 2490 4849 non
2549 4795 2813 4849 animum
2878 4798 3110 4850 mutant
3155 4795 3256 4866 qui
3305 4799 3468 4851 trans
3513 4813 3673 4853 mare

3312 4887 3598 4956 [eurrunt.

2101 4973 2319 5030 Crescit
2375 4989 2538 5029 amor
2586 4972 2813 5028 nummi
2873 4975 3161 5044 quantum
3239 4974 3369 5046 ipsa
3427 4975 3674 5047 pecunia

3353 5065 3602 5136 [crescit.

2098 5153 2309 5208 Confer
2339 5167 2508 5224 opem
2539 5150 2793 5220 miseris,
2827 5167 3243 5224 quamcunque
3271 5153 3428 5209 vales
3460 5159 3516 5210 et
3545 5170 3674 5227 ege-

3464 5244 3600 5312 (nis.

2097 5330 2455 5387 Conveniens
2487 5329 2624 5402 quid
2661 5329 2738 5385 sit
2768 5331 3125 5402 perpendere
3156 5331 3425 5386 convenit
3454 5335 3633 5390 omni.

2096 5419 2275 5489 Copia
2304 5418 2586 5475 virtutum
2617 5423 2846 5474 constat
2876 5435 3088 5490 corpus
3119 5418 3279 5474 velut
3317 5437 3527 5478 unum.

2097 5525 2438 5581 Communis
2466 5526 2706 5581 morbus
2736 5526 3128 5581 communiter
3155 5531 3245 5582 est
3274 5527 3600 5600 abigendus

2097 5614 2329 5686 Corrige
2359 5620 2414 5670 te
2445 5615 2724 5686 primum,
2758 5616 2857 5686 qui
2891 5619 3079 5672 rector
3108 5615 3188 5671 sis
3221 5615 3486 5673 alierum.

2096 5705 2454 5777 Compatitur
2483 5703 2630 5762 nulli
2663 5705 2761 5776 qui
2794 5722 2910 5762 non
2941 5705 3052 5763 sibi
3081 5707 3191 5764 scit
3219 5707 3504 5764 misereri.
