4098 6172
350 399 468 462 307

1365 403 1704 463 OTHLONI
1750 402 2104 465 MONACHI
2148 403 2212 463 S.
2260 402 2750 466 EMMERAMMI

3641 401 3759 463 308

423 540 568 592 Cum
599 539 774 608 caput
802 539 1060 607 aegrotat,
1092 550 1306 607 corpus
1335 535 1514 591 simul
1544 552 1715 592 omne
1744 535 1991 592 laborat.
2021 538 2076 603 Α
2181 537 2326 591 Dum
2357 541 2590 608 tempus
2618 537 2924 605 habemus,
2955 551 3267 608 operemur
3287 534 3506 591 bonum
3531 535 3604 592 ad
3625 552 3757 592 om-

424 628 665 682 Cessent
697 628 953 697 peccata,
985 625 1240 681 cessabit
1269 629 1326 680 et
1352 626 1536 697 impia
1562 627 1737 682 fama.

423 715 692 786 Corporis
739 719 980 771 ornatus
1021 714 1323 771 monachis
1341 716 1520 770 nimis
1549 719 1639 772 est
1668 715 1998 788 fugiendus.

424 804 797 860 Confundens
830 804 996 876 alios,
1030 803 1236 859 merito
1277 805 1654 859 confunditur
1681 805 1827 876 ipse.

425 893 658 950 Crimen
691 893 943 948 avaritiae
975 895 1087 950 cito
1118 893 1372 949 destruit
1402 892 1624 965 optima
1662 910 1927 965 quisque.

425 983 578 1040 Crux
608 987 666 1039 et
694 1000 853 1040 mors
894 983 1109 1040 Christi
1157 987 1387 1039 constat
1434 983 1721 1055 reparatio
1772 982 1998 1038 mundi.

994 1125 1231 1184 CAPUT
1270 1127 1363 1183 IV.

427 1251 711 1309 Dominus
741 1251 813 1307 de
840 1250 983 1308 cmlo
1017 1251 1295 1324 prospicit
1324 1266 1502 1322 super
1524 1251 1675 1308 ﬁlios
1696 1251 2002 1308 hominum

357 1342 425 1396 ut
452 1339 646 1395 videat
677 1339 726 1395 si
753 1344 846 1396 est
875 1339 1208 1411 intelligens
1239 1345 1341 1395 aut
1371 1340 1675 1412 requirens
1705 1341 1910 1397 Deum.

427 1428 713 1485 Dominus
731 1428 1284 1502 interrogatjustum
1306 1434 1364 1485 et
1381 1429 1631 1501 impium
1653 1448 1665 1498 ;
1688 1431 2003 1502 quiautem

357 1517 551 1590 diligit
579 1518 969 1590 iniquitatem,
1004 1519 1128 1574 odit
1158 1518 1419 1575 anim-am
1452 1535 1649 1576 suam.

427 1606 714 1663 Dominus
744 1608 1028 1663 virtutum
1057 1608 1183 1679 ipse
1215 1613 1304 1664 est
1335 1624 1433 1663 rex
1464 1609 1680 1681 glorias.

427 1695 582 1752 Deus
606 1696 810 1767 judex,
831 1697 1053 1768 justus,
1099 1698 1264 1754 fortis
1295 1701 1351 1752 et
1381 1698 1630 1769 patiens.

428 1783 742 1841 Diminutre
774 1790 915 1841 sunt
943 1785 1213 1841 veritates
1244 1803 1278 1841 a
1307 1785 1444 1840 ﬁliis
1475 1787 1805 1843 hominum.

2112 641 2234 693 nes,
2268 625 2520 680 maxime
2551 630 2747 680 autem
2780 626 2851 681 ad
2883 625 3235 681 domesticos
3275 624 3432 680 ﬁdei.

2181 715 2361 770 Deum
2397 729 2664 785 quaarens
2714 714 2996 787 gaudium
3028 714 3253 786 quaerit.

2183 803 2498 875 Disciplina
2519 808 2574 858 et
2605 804 3001 859 misericordia
3031 803 3285 859 multum
3317 801 3678 872 destituitur,
3706 805 3756 860 si

2113 909 2231 948 una
2259 893 2384 948 sine
2417 893 2594 948 altera
2639 892 3019 963 relinquatur.

2181 981 2482 1038 Dolentem
2505 999 2618 1038 non
2645 987 2836 1053 potest
2856 981 3165 1038 consolari.
3191 981 3290 1053 qui
3310 995 3424 1037 non
3441 983 3758 1038 concordat

2113 1071 2472 1128 condolendo
2503 1071 2744 1127 dolenti.

2182 1161 2466 1217 Discretio
2496 1165 2584 1216 est
2615 1164 2799 1216 mater
2822 1160 3125 1216 virtutum.

2183 1250 2368 1305 Deum
2402 1250 2605 1306 timere
2633 1254 2689 1307 et
2707 1266 2925 1318 amare,
2951 1250 3206 1305 maxima
3230 1263 3411 1306 causa
3430 1253 3519 1306 est
3545 1250 3760 1308 salutis

2112 1338 2406 1394 humanae.

2183 1431 2336 1483 Deus
2376 1427 2505 1483 ideo
2553 1428 2767 1483 dicitur
2820 1443 3026 1483 creans
3081 1427 3257 1494 mala,
3315 1425 3455 1499 quia
3499 1428 3756 1500 peccatis

2115 1516 2330 1572 nostris
2371 1516 2576 1572 imittit
2606 1517 2857 1590 ﬂagella.

2185 1605 2428 1662 Divinus
2459 1621 2651 1662 sermo
2682 1607 2836 1663 sicut
2855 1606 3150 1679 mysteriis
3171 1607 3487 1678 prudentes
3505 1613 3756 1674 exercet,

2113 1695 2195 1750 ita
2227 1696 2534 1766 superﬁcie
2565 1697 2800 1752 refovet.

2185 1789 2333 1838 Dum
2375 1784 2581 1855 injusti
2611 1785 2873 1856 smviunt,
2901 1786 3050 1858 justi
3082 1789 3430 1857 purgantur.

429 1872 729 1944 Disperdit
751 1873 1043 1976 Dominus
1075 1874 1348 1930 universa
1376 1875 1532 1931 labia
1560 1876 1783 1946 dolosa,
1815 1881 1871 1933 et
1900 1877 2005 1933 lin-
2037 1912 2085 1976 Β
2153 1872 2412 1974 _De1iciaa
2443 1879 2499 1929 et
2526 1874 2834 1946 epularum
2864 1875 3114 1931 varietas
3145 1875 3405 1930 fomenta
3433 1874 3765 1930 suntluxu-

359 1977 536 2034 gnam
567 1961 1029 2034 magniloquam.

433 2050 719 2106 Dominus
749 2051 1056 2108 manifeste
1085 2052 1277 2108 veniet
1306 2058 1363 2108 et
1394 2070 1509 2109 non
1541 2053 1756 2110 silebit.

434 2140 720 2196 Dominus
741 2140 1014 2197 virtutem
1036 2140 1250 2213 populo
1271 2158 1377 2197 suo
1399 2143 1562 2198 dabit
1581 2168 1596 2212 ;
1614 2143 1894 2201 Dominus
1914 2145 2012 2201 be-

365 2229 594 2287 nedicet
623 2230 837 2303 populo
869 2247 975 2286 suo
1004 2229 1063 2284 in
1104 2247 1261 2302 pace.

434 2317 630 2375 Dulcis
662 2323 718 2374 et
746 2323 940 2376 rectus
968 2319 1274 2389 Dominus,
1300 2324 1534 2392 propter
1562 2322 1671 2378 hoc
1701 2323 1885 2394 legem
1909 2324 2011 2378 da-

371 2408 458 2464 bit
491 2409 975 2480 delinquentibus
1007 2409 1066 2464 in
1099 2409 1211 2464 via.

436 2496 650 2552 Divites
673 2502 961 2570 eguerunt
981 2497 1408 2567 etesurierunt;
1435 2499 1800 2570 inquirentes
1814 2505 2012 2558 autem

366 2585 680 2642 Dominum
710 2602 824 2641 no—n
856 2585 1198 2642 minuentur
1228 2588 1388 2642 omni
1419 2590 1591 2644 bono.

437 2672 732 2730 Delectare
749 2673 809 2728 in
831 2674 1095 2746 Domino,
1111 2679 1168 2732 et
1183 2675 1345 2731 dabit
1365 2676 1469 2732 tibi
1488 2676 1798 2749 petitiones
1821 2679 2013 2735 cordis

367 2762 476 2819 tui.

439 2851 678 2910 Declina
702 2869 736 2909 a
764 2852 916 2910 malo
945 2857 1002 2908 et
1030 2853 1120 2908 fac
1150 2854 1391 2910 bonum.

440 2942 725 2998 Dominus
746 2939 910 2998 dabit
929 2942 1172 2998 verbum
1192 2944 1724 3017 evangelizantibus
1739 2945 2015 3002 virtutem

371 3030 640 3087 multam.

441 3118 727 3176 Dominus
775 3120 887 3176 scit
932 3121 1314 3194 cogitationes
1363 3122 1694 3194 hominum,
1739 3125 2017 3197 quoniam

367 3225 527 3266 vanae
557 3213 718 3265 sunt.

441 3297 604 3368 Date,
639 3301 697 3354 et
724 3298 962 3354 dabitur
990 3297 1174 3356 vobis.

439 3385 749 3458 Dimittite,
783 3390 841 3443 et
870 3387 1199 3444 dimittetur
1228 3388 1414 3446 vobis.

439 3474 597 3532 Deus
626 3492 744 3531 non
774 3480 866 3532 est
896 3481 1285 3546 mortuorum,
1332 3479 1434 3535 sed
1464 3480 1802 3537 viventium.

440 3564 666 3637 Dignus
691 3569 780 3620 est
807 3566 1109 3636 operarius
1139 3568 1404 3623 mercede
1441 3585 1567 3624 sua.

442 3652 660 3725 Diliges
693 3653 1005 3709 Dominum
1035 3653 1219 3711 Deum
1258 3660 1429 3711 tuum
1460 3674 1527 3713 ex
1558 3662 1677 3714 toto
1700 3660 1871 3714 corde
1901 3664 2019 3731 tuo,

373 3745 432 3798 et
461 3741 792 3815 proximum
825 3747 990 3799 tuum
1023 3743 1174 3799 sicut
1216 3749 1272 3800 te
1303 3745 1518 3817 ipsum.

444 3835 596 3888 Deus
625 3829 814 3886 ﬁdelis
844 3836 900 3886 et
932 3832 1153 3903 absque
1180 3831 1298 3888 ulla
1328 3833 1659 3905 iniquitate.

447 3926 598 3975 Deus
638 3935 955 3991 pauperem
988 3920 1144 3987 facit,
1177 3921 1470 3992 humiliat,
1519 3926 1583 3977 ut
1611 3923 1914 3982 sublimat.

445 4008 730 4064 Dominus
752 4007 1067 4064 mortiﬁcat
1091 4013 1147 4064 et
1165 4009 1436 4081 viviﬁcat,
1462 4011 1696 4069 deducit
1717 4015 1787 4069 ad
1811 4014 2024 4072 inferos

375 4098 433 4151 et
461 4096 707 4151 reducit.

450 4185 633 4241 Deum
665 4183 825 4252 time,
849 4188 907 4240 et
927 4187 1205 4242 mandata
1225 4189 1351 4259 ejus
1375 4189 1635 4260 observa,
1659 4191 1768 4247 hoc
1788 4196 1878 4250 est
1901 4209 2023 4249 om-

379 4272 473 4330 nis
498 4271 698 4328 homo.

449 4365 599 4417 Doce
621 4363 878 4434 justum,
910 4367 968 4419 et
997 4365 1296 4422 festinabit
1327 4367 1606 4440 accipere.

2118 1979 2235 2019 rue.

2188 2052 2498 2108 Difﬁcilius
2529 2053 2859 2125 arrogantia
2888 2069 3065 2124 quam
3090 2070 3230 2108 auro
3252 2057 3310 2109 et
3328 2053 3578 2126 gemmis
3599 2067 3769 2109 care-

2121 2158 2276 2198 mus.

2189 2231 2619 2286 Detrimentum
2649 2231 2873 2303 pecoris
2903 2231 3230 2304 ignominia
3261 2237 3353 2288 est
3380 2232 3658 2304 pastoris.

2191 2320 2456 2391 Duplicis
2487 2321 2707 2392 peccati
2737 2337 2872 2376 reus
2913 2325 3020 2386 est,
3085 2320 3186 2392 qui
3244 2338 3359 2377 non
3406 2325 3496 2377 est
3524 2325 3767 2378 sanctus

2121 2410 2278 2480 quod
2309 2409 2584 2476 creditur,
2614 2413 2671 2465 et
2699 2415 2895 2465 tamen
2947 2410 3188 2465 simulat
3223 2427 3283 2465 se
3313 2426 3439 2466 esse
3471 2414 3766 2466 sanctum.

2193 2499 2307 2554 Deo
2339 2497 2484 2554 nihil
2516 2498 2654 2554 mali
2678 2503 2768 2554 est
2807 2499 3238 2570 imputandum,
3290 2499 3767 2571 quandoquidem

2122 2588 2249 2660 ipso
2281 2587 2434 2643 malo
2467 2589 2655 2642 utitur
2685 2589 2755 2642 ad
2787 2589 3030 2643 bonum.

2194 2675 2438 2732 Difﬁcile
2459 2677 2770 2748 corrigitur
2788 2677 3054 2749 nequitia
3074 2694 3251 2749 quam
3276 2677 3530 2750 concipit
3550 2678 3680 2750 quis
3703 2677 3764 2732 in

2124 2765 2391 2838 pueritia.

2194 2854 2441 2910 Difﬁcile
2470 2861 2559 2910 est
2578 2854 2853 2926 cuiquam
2874 2871 3185 2928 agnoscam
3207 2856 3479 2913 sanitatis
3497 2857 3772 2929 gratiam,

2126 2943 2238 2999 nisi
2271 2960 2371 3015 per
2400 2942 2766 3000 inﬁrmitatis
2810 2945 3203 3016 disciplinam.

2196 3031 2444 3088 Difﬁcile
2473 3034 2802 3090 custoditur
2839 3037 2995 3105 quod
3041 3035 3274 3091 insidiis
3322 3035 3517 3090 aditur
3548 3034 3775 3090 multis.

2197 3120 2441 3177 Difﬁcile
2463 3126 2552 3178 est
2569 3121 2818 3194 gloriam
2843 3123 3052 3178 virtute
3073 3139 3372 3195 superare,
3396 3128 3453 3180 et
3475 3124 3550 3180 ab
3571 3124 3663 3179 his
3687 3123 3777 3178 di-

2127 3210 2228 3283 ligi
2262 3228 2408 3282 quos
2431 3212 2742 3282 praecedas.

2050 3281 2092 3348 ί]
2180 3281 2364 3356 'Dona
2389 3281 2486 3356 Dei
2517 3317 2622 3373 per
2651 3301 2758 3356 hoc
2788 3300 3038 3358 maxime
3070 3305 3469 3374 agnoscuntur
3497 3301 3656 3372 quod
3681 3300 3776 3356 in-

2128 3391 2358 3445 terdum
2393 3390 2758 3446 auferuntur.

2200 3480 2422 3536 Diliciis
2453 3484 2509 3536 et
2537 3479 2936 3552 voluptatibus
2967 3482 3271 3538 afﬂuentes
3301 3483 3601 3552 nequeunt
3629 3496 3782 3552 pen-

2131 3587 2261 3626 sare
2292 3587 2418 3641 quae
2451 3569 2551 3626 Dei
2583 3575 2744 3625 sunt.

2201 3658 2428 3730 Duplici
2453 3662 2617 3714 reatu
2645 3659 3065 3732 constringitur
3086 3661 3186 3731 qui
3209 3663 3266 3715 et
3286 3659 3346 3714 in
3371 3676 3433 3715 se
3452 3659 3578 3732 ipso
3602 3675 3784 3730 prava

2133 3747 2468 3814 committit,
2501 3753 2557 3803 et
2588 3748 2732 3803 alios
2764 3749 3044 3821 pravitate
3076 3767 3184 3805 sua
3213 3749 3492 3821 corrupit.

2205 3838 2539 3908 Desperatio
2573 3837 2765 3892 solum
2797 3839 3018 3894 crimen
3037 3843 3126 3895 est
3148 3839 3302 3912 quod
3325 3838 3553 3895 veniam
3574 3853 3786 3893 conse-

2135 3927 2234 3998 qui
2267 3942 2381 3980 non
2414 3931 2624 3998 potest.

2204 4016 2285 4070 De
2315 4020 2550 4087 peccato
2580 4016 2638 4072 in
2685 4020 2990 4088 peccatum
3039 4021 3323 4073 corruunt
3367 4017 3468 4089 qui
3497 4017 3679 4072 Deum
3708 4016 3786 4071 ti-

2135 4122 2294 4161 mere
2323 4110 2379 4160 et
2410 4122 2606 4161 amare
2635 4105 2964 4178 negligant.

2203 4195 2387 4249 Decor
2411 4193 2754 4250 clericorum
2804 4212 2918 4250 non
2970 4196 3132 4251 decet
3181 4212 3307 4252 esse
3364 4195 3586 4251 nimius
3605 4194 3693 4251 vel
3723 4192 3788 4249 in

2132 4282 2499 4339 vestimentis
2529 4283 2617 4339 vel
2649 4285 2706 4338 in
2749 4283 2878 4340 aliis
2908 4284 3103 4340 rebus.

2206 4371 2331 4427 Duo
2364 4377 2503 4428 sunt
2533 4372 2700 4429 nobis
2723 4373 2946 4446 jugiter
2996 4373 3388 4429 attendenda:
3438 4378 3494 4428 et
3543 4377 3786 4446 peccata

449 4451 832 4524 Disciplinam
867 4453 1094 4509 Domini
1121 4472 1192 4511 ne
1215 4455 1479 4528 abjicias,
1503 4474 1610 4514 nec
1629 4459 1867 4516 deﬁcias
1890 4477 2024 4516 cum
2136 4478 2262 4531 quae
2296 4462 2723 4530 commisimus,
2759 4467 2814 4517 et
2871 4461 3300 4518 inaestimabilis
3323 4462 3423 4518 Dei
3447 4461 3635 4534 gratia
3655 4479 3786 4534 qua

380 4539 452 4597 ab
484 4555 551 4597 eo
578 4541 862 4614 argueris.

450 4629 683 4702 Diligite
704 4631 1020 4701 justitiam,
1056 4635 1154 4706 qui
1177 4635 1461 4706 judicatis
1501 4640 1738 4692 terram.

451 4719 727 4776 Doctrina
748 4721 857 4777 viri
890 4739 992 4795 per
1012 4724 1353 4795 patientiam
1395 4725 1677 4782 noscitur.

451 4807 672 4864 Divitias
704 4809 912 4865 salutis
944 4813 1234 4883 sapientia
1262 4820 1318 4870 et
1347 4815 1614 4871 scientia.

450 4897 605 4952 Deus
635 4896 907 4968 superbis
937 4901 1178 4971 resistit,
1205 4902 1530 4959 humilibus
1553 4907 1748 4960 autem
1771 4905 1871 4961 dat
1891 4921 2019 4977 gra-

379 4982 546 5039 tiam.

451 5073 604 5128 Deus
632 5071 886 5130 charitas
925 5079 1033 5147 est,
1065 5083 1122 5132 et
1153 5079 1252 5149 qui
1301 5085 1495 5137 manet
1543 5083 1602 5137 in
1653 5083 1935 5140 charitate
1964 5083 2021 5138 in

381 5162 493 5218 Deo
525 5166 742 5231 manet,
775 5167 833 5219 et
862 5164 1016 5222 Deus
1045 5167 1107 5222 in
1141 5184 1227 5224 eo.

448 5251 692 5309 Dilectio
724 5255 974 5324 proximi
1006 5257 1226 5313 malum
1261 5275 1374 5313 non
1407 5263 1699 5330 operatur.

449 5344 631 5397 Deum
662 5359 834 5400 nemo
863 5343 1006 5401 vidit
1035 5364 1315 5418 unquam.

451 5429 772 5487 Divisiones
803 5436 1208 5505 operationum
1241 5442 1379 5492 sunt
1407 5457 1418 5504 ;
1445 5438 1598 5492 idem
1625 5442 1820 5494 autem
1848 5441 2020 5510 Deus,

379 5517 480 5589 qui
512 5525 788 5590 operatur
816 5524 1014 5580 omnia
1045 5525 1101 5579 in
1133 5526 1427 5582 omnibus.

449 5607 585 5662 Dies
619 5606 847 5666 Domini
877 5612 1032 5668 sicut
1063 5614 1154 5669 fur
1183 5615 1242 5669 in
1273 5620 1441 5672 nocte
1469 5616 1552 5671 ita
1582 5618 1788 5672 veniet.

454 5697 839 5771 Diligentibus
870 5705 1051 5758 Deum
1073 5705 1269 5760 omnia
1291 5713 1676 5780 cooperantur
1695 5707 1751 5762 in
1778 5707 2018 5763 bonum.

2136 4568 2241 4606 nos
2273 4550 2511 4621 pertulit
2541 4551 2691 4606 inter
2722 4553 2922 4606 eadem
2955 4555 3211 4623 peccata.

2057 4652 2104 4716 D
2207 4640 2534 4711 Diujacens
2560 4641 2616 4696 in
2642 4641 2914 4712 peccatis,
2938 4640 3037 4695 diu
3063 4657 3316 4712 quoque,
3342 4639 3391 4695 si
3414 4639 3667 4696 converti
3683 4655 3788 4694 vo-

2136 4728 2309 4784 luerit
2365 4729 2663 4785 diabolicae
2722 4730 3182 4802 impugnationis
3241 4729 3542 4785 molestias
3602 4728 3787 4785 susti-

2133 4818 2311 4873 nebit.

2204 4908 2498 4964 Dinturna
2526 4907 2692 4979 quies
2724 4907 2884 4962 vitiis
2918 4907 3197 4962 alimenta
3225 4908 3540 4963 ministrat.

2207 4998 2318 5052 Deo
2342 4997 2530 5069 magis
2553 4997 2739 5068 placet
2766 4995 2864 5068 qui
2889 4996 3001 5051 sibi
3022 5012 3221 5068 puras,
3251 5013 3428 5068 quam
3453 4997 3551 5069 qui
3571 4995 3786 5069 plenas

2133 5103 2345 5141 manus
2375 5087 2613 5156 praebet.

2202 5174 2454 5246 Dapsilis
2486 5178 2542 5229 et
2567 5174 2766 5244 largus
2798 5174 3026 5229 cunctis
3060 5175 3248 5246 placet
3278 5173 3647 5231 mortalibus.

2202 5263 2416 5319 Doctus
2447 5262 2504 5316 in
2537 5263 2769 5318 indocto
2819 5264 3030 5334 poterit
3078 5266 3229 5320 bona
3277 5265 3499 5320 discere
3531 5263 3734 5319 crebro
3765 5283 3781 5332 ;

2203 5353 2260 5407 Si
2295 5368 2538 5423 pensare
2566 5351 2721 5419 velit,
2756 5370 2860 5407 cur
2889 5353 2966 5408 sit
2997 5354 3314 5426 sapientior
3343 5351 3461 5407 illo.

2202 5442 2518 5497 Dimidium
2553 5442 2689 5496 facti
2724 5444 3043 5513 perfectum
3075 5444 3264 5499 dicere
3297 5441 3432 5496 noli.

2204 5532 2432 5586 Discere
2463 5549 2693 5602 semper
2722 5531 2898 5586 habet
2929 5532 3027 5603 qui
3059 5532 3353 5587 Christum
3388 5528 3513 5592 vult
3534 5529 3788 5585 imitari.-

2202 5620 2411 5674 Doctor
2443 5621 2750 5692 perfectus,
2785 5637 2910 5691 qua:
2958 5621 3066 5675 rite
3111 5620 3304 5687 docet,
3355 5619 3519 5692 prius
3547 5617 3784 5690 implet.

2203 5709 2484 5765 Doctrina
2514 5711 2688 5766 verba
2717 5709 2920 5782 paucis
2949 5709 3358 5781 prosunt'sine
3383 5709 3573 5766 factis.
