4108 6188
261 429 376 492 309
447 398 450 400 ⁷

327 559 635 618 Discordes
663 575 887 632 revoca,
919 559 1112 615 fautor
1143 560 1525 617 maerentibus
1554 561 1728 616 insta.

327 651 402 706 De
429 650 607 706 rebus
637 648 837 704 dubiis
868 649 987 704 noli
1020 651 1370 706 contendere
1399 650 1592 705 verbis

323 745 401 795 De
433 739 681 796 Domino
713 739 810 794 vix
839 738 980 810 quid
1013 739 1269 812 perfecta
1293 740 1542 796 scientia
1571 740 1770 797 sentit.

327 828 542 884 Divitiis
570 844 716 884 verae
745 832 885 884 sunt
921 827 1205 884 virtutum
1236 829 1390 885 bona
1420 845 1686 901 quaeque.

317 917 490 974 Dives
517 918 829 986 dicendus,
861 918 956 973 cui
989 934 1204 989 parvus
1236 918 1496 991 suppetit
1526 935 1690 975 usus.

909 1007 1142 1064 CAPUT
1171 1007 1241 1061 V.

315 1096 592 1154 Excelsus
623 1113 803 1170 super
832 1112 1037 1154 omnes
1067 1101 1271 1169 gentes
1295 1098 1602 1164 Dominus,
1635 1102 1693 1153 et
1721 1113 1899 1169 super

249 1186 421 1242 caelos
452 1186 639 1258 gloria
669 1188 820 1257 ejus.

314 1277 599 1348 Exspecta
626 1276 965 1343 Dominum,
997 1275 1238 1332 viriliter
1275 1291 1402 1348 age,
1433 1279 1491 1332 et
1536 1275 1895 1333 confortatur

247 1382 344 1421 cor
370 1370 565 1430 tuum,
593 1369 655 1421 et
685 1365 912 1422 sustine
945 1364 1284 1421 Dominum.

310 1455 458 1510 Ecce
488 1471 667 1526 quam
700 1455 922 1510 bonum
952 1458 1010 1510 et
1041 1470 1218 1526 quam
1251 1454 1579 1524 jucundum
1628 1453 1891 1510 habitare

247 1545 451 1601 fratres
479 1544 543 1599 in
575 1559 760 1599 unum
787 1544 800 1597 l

310 1636 505 1689 Bstote
554 1633 874 1704 prudentes
922 1632 1077 1688 sicut
1121 1635 1443 1703 serpentes,
1489 1635 1546 1687 et
1591 1631 1890 1704 simplices

246 1723 391 1779 sicut
422 1722 715 1778 columba.

307 1812 389 1867 Ex
418 1810 784 1867 abundantia
812 1810 1004 1866 cordis
1035 1826 1098 1866 os
1142 1809 1420 1882 loquitur.

1509 429 1738 488 LIBER
1785 430 2428 491 PROVERBIOBUM.

3549 434 3669 494 3l0

1931 563 1986 628 Α
2087 563 2262 617 Error
2290 562 2398 617 erit
2429 560 2648 617 nimius
2679 577 2813 618 cum
2847 565 3120 633 praetores
3162 562 3341 620 simul
3369 568 3590 621 errant.

2083 656 2248 707 Errat
2278 667 2650 723 summopere
2683 651 2782 722 qui
2814 668 2929 706 non
2954 652 3103 723 fugit
3131 651 3314 725 impia
3343 669 3590 726 qumque

2081 743 2222 797 Esse
2244 745 2356 796 Deo
2387 742 2687 812 proprium
2719 740 2946 795 cunctis
2976 745 3066 796 est
3095 741 3223 812 iure
3252 742 3584 800 sciendum.

2081 832 2297 902 Expers
2329 831 2605 885 doctrinae
2635 830 2906 886 tenebras
2935 829 3192 901 patietur
3217 831 3455 904 ubique.

2078 920 2254 976 Electi
2289 919 2478 991 pauci,
2515 918 2684 974 multi
2724 923 2864 974 sunt
2891 935 3024 975 vero
3052 920 3260 975 vocati.

2077 1007 2346 1065 Ecclesiae
2374 1013 2574 1081 pastor
2602 1007 2906 1080 speculum
2938 1008 3126 1080 plebis
3159 1009 3278 1066 fore
3317 1010 3508 1066 debet.

2075 1101 2177 1155 Est
2199 1099 2366 1171 quasi
2395 1116 2497 1154 vas
2527 1113 2799 1166 vacuum,
2824 1098 2917 1153 cui
2940 1113 3081 1153 cura
3100 1099 3264 1154 deest
3293 1097 3648 1157 animarum.

2649 1187 2878 1245 CAPUT
2906 1187 3000 1242 VI.

2071 1278 2283 1335 Fidelis
2312 1277 2596 1333 Dominus
2627 1277 2686 1332 in
2717 1276 2992 1332 omnibus
3021 1275 3211 1333 verbis
3241 1275 3384 1344 suis,
3417 1278 3476 1332 et
3503 1293 3640 1334 sau-

2002 1373 2130 1425 ctus
2165 1368 2223 1423 in
2255 1367 2528 1423 omnibus
2561 1365 2835 1437 operibus
2868 1365 3013 1421 suis.

2071 1457 2531 1514 Firmamentum
2559 1460 2651 1511 est
2682 1453 2964 1510 Dominus
2994 1453 3344 1512 timentibus
3375 1469 3533 1511 sum.

2071 1546 2309 1602 Flumen
2343 1545 2440 1601 Dei
2471 1545 2759 1616 repletum
2785 1547 2876 1599 est
2914 1542 3101 1615 aquis.

2069 1636 2251 1693 Filius
2281 1634 2538 1690 hominis
2585 1650 2702 1690 non
2749 1632 2908 1689 venit
2955 1631 3301 1700 ministrari,
3332 1632 3435 1688 sed
3468 1631 3644 1688 mini-

1996 1723 2345 1787 strare,dare
2358 1721 2616 1777 animam
2636 1735 2805 1776 suam
2820 1719 3278 1790 redemptionem
3298 1735 3403 1791 pro
3415 1719 3618 1776 multis
3629 1761 3645 1775 .

2063 1811 2190 1866 Filii
2209 1812 2388 1882 hujus
2407 1809 2604 1866 saeculi
2630 1809 3039 1882 prudentiores
3063 1807 3200 1864 ﬁliis
3221 1806 3370 1866 lucis
3388 1809 3449 1864 in
3466 1822 3640 1882 gsne-

303 1901 504 1956 Estote
535 1899 963 1971 misericordes,
988 1899 1143 1955 sicut
1172 1903 1230 1954 et
1255 1899 1423 1955 Pater
1449 1901 1638 1955 vester
1660 1899 1886 1956 miseri-
1910 1932 1959 1998 B
1993 1901 2215 1957 ratione
2245 1917 2354 1957 sua
2393 1903 2551 1955 sunt.

238 2007 358 2046 cors
391 1993 501 2045 est.

295 2080 378 2134 Ex
422 2077 619 2133 verbis
666 2076 787 2133 tuis
825 2076 1271 2148 justificaberis,
1304 2080 1364 2132 et
1404 2093 1476 2132 ex
1522 2077 1714 2134 verbis
1759 2077 1876 2134 tuis

242 2165 743 2222 condemnaberis.

302 2255 524 2311 Eadem
551 2267 834 2310 mensura
874 2268 991 2325 qua
1038 2254 1226 2310 mensi
1259 2254 1508 2323 fueritis,
1541 2253 1878 2311 remetiatur

234 2342 410 2399 vobis.

295 2434 448 2488 Erue
469 2446 569 2487 eos
591 2430 695 2502 qui
717 2430 997 2488 dicuntur
1015 2432 1087 2486 ad
1119 2434 1388 2499 mortem,
1409 2435 1470 2488 et
1496 2431 1599 2503 qui
1625 2431 1872 2488 trahun-

236 2525 321 2578 tur
350 2521 424 2576 ad
455 2521 763 2577 interitum
793 2519 1040 2576 liberare
1071 2537 1144 2576 ne
1173 2536 1386 2578 cesses.

295 2610 628 2666 Exsecratio
659 2609 948 2682 peccaturi
978 2609 1210 2666 cultura
1237 2611 1360 2665 Dei.

294 2700 541 2772 Egestas
573 2703 628 2755 et
657 2698 982 2771 ignominia
1004 2698 1056 2754 ei
1086 2700 1186 2770 qui
1219 2699 1436 2755 deserit
1458 2698 1828 2770 disciplinam
1857 2716 1870 2768 ;

233 2789 324 2860 qui
355 2793 560 2844 autem
593 2788 914 2859 acquiescit
950 2789 1219 2861 arguenti
1249 2787 1690 2861 gloriﬁcabitur.

289 2878 390 2932 Est
424 2877 519 2932 via
550 2894 674 2948 qua:
706 2877 937 2933 videtur
965 2877 1191 2933 homini
1213 2878 1400 2948 justa,
1423 2877 1744 2934 novissima
1774 2893 1871 2934 au-

231 2967 340 3021 tem
372 2967 507 3036 ejus
537 2966 841 3021 deducunt
870 2966 942 3022 ad
973 2970 1245 3022 mortem.

2061 1989 2311 2046 Facilius
2341 1993 2431 2045 est
2459 1986 2751 2044 camelum
2781 2000 2885 2058 per
2915 1986 3178 2043 foramen
3210 2001 3350 2042 acus
3391 1985 3634 2055 intrare,

1987 2095 2165 2151 quam
2197 2078 2433 2135 divitem
2462 2077 2684 2133 intrare
2713 2075 2774 2131 in
2803 2089 3051 2148 regnum
3080 2073 3203 2130 Dei.

2060 2169 2250 2225 Facite
2269 2168 2432 2223 vobis
2456 2167 2674 2222 amicos
2697 2166 2767 2221 de
2796 2178 3138 2221 mammona
3163 2162 3515 2235 iniquitatis,
3544 2168 3632 2238 ut,

1985 2274 2119 2314 cum
2151 2255 2496 2326 defeceritis,
2530 2253 2813 2326 recipiant
2845 2269 2949 2309 vos
2995 2252 3057 2307 in
3109 2258 3326 2309 aster-na
3354 2251 3628 2310 taberna-

1985 2345 2172 2490 cui“;
2222 2449 2338 2490 non
2385 2432 2544 2489 venit
2589 2430 2700 2486 nisi
2758 2433 2824 2485 ut
2876 2429 3120 2495 furatur,
3174 2431 3232 2486 et
3287 2431 3525 2498 mactat,
3573 2432 3632 2486 et

1984 2525 2207 2596 perdat.

2055 2614 2276 2684 Frange
2307 2609 2589 2667 esurienti
2621 2623 2830 2680 panem
2861 2610 3052 2674 tuum,
3078 2608 3143 2662 et
3175 2619 3390 2678 egenos
3418 2599 3630 2677 vagos-

1984 2718 2096 2774 que
2126 2702 2338 2756 induoe
2366 2699 2427 2755 in
2457 2700 2700 2754 domum
2737 2701 2922 2753 tuam.

2054 2793 2370 2847 Feueratur
2399 2789 2647 2845 Domino
2677 2786 2777 2858 qui
2809 2785 3121 2841 miseretur
3149 2782 3446 2856 pauperis.

2050 2881 2289 2936 Frustra
2311 2879 2532 2951 jacitur
2561 2881 2680 2933 rete
2711 2880 2844 2932 ante
2874 2873 3076 2930 oculos
3106 2876 3518 2946 pennatorum.

2054 2971 2241 3029 Favus
2272 2967 2565 3024 distillans
2593 2966 2749 3022 labia
2779 2963 3126 3029 meretricis,
3146 2966 3208 3018 et
3234 2961 3481 3017 nitidius
3502 2959 3627 3017 oleo

293 3056 497 3127 Equus
526 3059 769 3128 paratur
797 3056 870 3111 ad
898 3054 1142 3126 bellum,
1165 3056 1266 3112 sed
1297 3072 1332 3111 a
1360 3056 1602 3112 Domino
1631 3055 1873 3113 victoria
1981 3062 2186 3133 guttur
2213 3059 2342 3129 ejus
2369 3078 2382 3128 ς
2433 3055 2758 3112 novissima
2786 3057 2983 3110 autem
3033 3051 3195 3107 illius
3224 3065 3426 3108 amara
3453 3048 3627 3122 quasi

230 3144 419 3200 datur.

291 3238 396 3290 Est
423 3232 690 3290 confusio
723 3233 1022 3289 adducens
1051 3235 1376 3304 peccatum,
1404 3237 1462 3290 et
1487 3238 1579 3290 est
1608 3234 1870 3290 confusio

228 3323 523 3378 adducens
553 3322 825 3395 gloriam.

285 3415 367 3468 Rx
400 3412 620 3468 studiis
650 3411 773 3468 suis
806 3410 1144 3484 agnoscitur
1174 3427 1340 3484 puer.

289 3501 438 3556 Esto
472 3499 660 3555 ﬁdelis
689 3515 875 3572 usque
905 3501 976 3556 ad
1007 3505 1277 3568 mortem,
1311 3504 1369 3556 et
1396 3501 1544 3556 dabo
1574 3500 1680 3555 tibi
1707 3517 1874 3556 coro-

225 3605 360 3645 nam
396 3588 555 3654 vitss,
585 3587 726 3644 dicit
756 3589 1037 3645 Dominus
1067 3589 1459 3661 omnipotens.

287 3679 687 3735 Emendemus
734 3679 792 3733 in
846 3677 1058 3734 melius
1111 3679 1266 3749 quod
1307 3679 1643 3750 ignoranter
1673 3695 1873 3751 pecca-

227 3782 442 3824 “IDUS.

292 3855 561 3912 Ebrietas
610 3859 668 3912 et
713 3855 956 3928 crapula
1001 3856 1161 3913 omni
1191 3856 1517 3913 Christiano
1557 3860 1647 3912 est
1683 3858 1876 3914 detes-

231 3947 425 4000 tande.

294 4033 742 4106 Eleemosynam
774 4033 936 4091 illam
966 4034 1119 4091 Deus
1149 4039 1503 4105 exsecratur,
1530 4052 1656 4107 quae
1687 4051 1755 4092 ex
1785 4053 1875 4091 ra-

229 4123 361 4193 pina
391 4123 709 4195 prebetur.

297 4211 654 4270 Erubescere
676 4210 902 4269 malum
922 4212 1222 4285 sapientiae
1243 4217 1334 4269 est
1353 4231 1367 4282 ;
1391 4213 1732 4270 erubescere
1744 4230 1877 4270 vero

229 4300 452 4356 bonum
481 4301 795 4357 fatuitatis.

295 4394 464 4446 Errat
493 4389 776 4447 facillime
807 4390 908 4463 qui
941 4406 1057 4448 non
1079 4394 1246 4448 curat
1273 4407 1390 4463 quo
1411 4391 1629 4447 rectiu
1653 4397 1876 4464 pergat.

293 4483 578 4536 Escarum
594 4481 761 4552 copia
774 4497 1009 4537 carnem
1028 4480 1370 4536 incenditad
1385 4480 1876 4537 desiderianoxia.

295 4568 636 4640 Entinguit
664 4569 975 4642 Egyptum
1023 4571 1124 4641 qui
1174 4586 1289 4625 nou
1331 4569 1453 4642 agit
1501 4585 1675 4641 opera
1721 4575 1878 4625 tene-

229 4655 474 4713 bramm

296 4746 718 4819 Experimento
750 4746 862 4803 cito
896 4746 1140 4803 discitur
1172 4748 1327 4819 quod
1361 4763 1664 4818 nunquam
1713 4751 1884 4804 antea

229 4835 581 4890 credebatur

292 4922 493 4996 Egens
523 4939 686 4996 aeque
736 4928 826 4980 est
872 4924 924 4979 is
973 4924 1075 4995 qui
1121 4940 1238 4980 non
1288 4924 1430 4980 satis
1473 4925 1670 4994 habet,
1703 4929 1759 4982 et
1787 4927 1880 4982 cui

224 5012 393 5084 copia
422 5012 590 5068 nulla
619 5013 858 5069 sufﬁcit.

291 5101 519 5158 Eadem
535 5101 686 5158 velle
705 5106 762 5158 et
778 5101 952 5169 nolle,
964 5115 1032 5158 ea
1053 5103 1292 5158 demum
1309 5103 1480 5158 ﬁrma
1497 5103 1755 5160 amicitia
1769 5107 1878 5160 est.

294 5192 377 5248 Eo
414 5196 682 5264 tempore
711 5192 962 5264 quisque
991 5192 1197 5263 incipit
1227 5191 1417 5247 malus
1449 5209 1600 5262 esse,
1635 5210 1750 5265 quo
1781 5209 1881 5265 po-

221 5279 334 5336 tuit
363 5281 564 5336 bonus
593 5280 743 5338 ﬁeri.

292 5370 378 5425 Ex
405 5369 596 5428 alieno
618 5370 880 5443 periculo
904 5370 1136 5442 sapiens
1166 5386 1228 5426 se
1249 5370 1492 5442 corrigit
1510 5374 1569 5427 et
1587 5372 1880 5428 emendat.

290 5458 548 5515 Ethnica
566 5460 746 5516 verba
769 5459 991 5532 legens,
1013 5464 1072 5515 et
1092 5459 1152 5514 in
1182 5459 1327 5531 ipsis
1354 5458 1616 5515 moribus
1638 5459 1882 5527 harena,

289 5549 412 5604 Hic
442 5553 682 5621 gustare
713 5549 916 5621 nequit
937 5564 1114 5620 quam
1139 5549 1340 5605 suavia
1369 5549 1490 5603 sint
1519 5564 1687 5603 sacra
1707 5549 1880 5604 dicta.

289 5638 589 5696 Effectum
618 5639 892 5712 precibus
919 5638 1129 5694 tribuit
1157 5639 1253 5711 pia
1278 5638 1401 5695 vita
1427 5639 1740 5711 precantis.

285 5727 618 5802 Eloquium
649 5733 923 5790 sanctum
952 5727 1276 5802 pretiosum
1325 5729 1389 5787 ﬁt
1428 5743 1612 5802 super
1650 5745 1883 5787 aurum.

1981 3147 2366 3204 absinthium.

2059 3236 2252 3292 Fallax
2291 3233 2498 3306 gratia,
2533 3238 2590 3290 et
2635 3248 2784 3287 vana
2831 3234 2922 3285 est
2968 3227 3382 3300 pulchritudo;
3413 3226 3628 3283 mulier

1897 3301 1943 3367 δ
1982 3327 2199 3383 timens
2229 3301 2410 3380 De'um
2455 3328 2584 3394 ipsa
2611 3319 2966 3376 laudabitur.

2053 3414 2225 3487 Fugit
2252 3411 2470 3484 impius
2494 3409 2728 3465 nemine
2761 3407 3183 3479 persequente;
3209 3405 3410 3474 justus
3429 3405 3626 3458 autem

1985 3505 2153 3577 quasi
2184 3503 2272 3558 leo
2305 3500 2604 3556 confidens
2635 3496 2858 3567 absque
2886 3497 3108 3549 terrore
3137 3490 3269 3546 erit.

2055 3591 2335 3664 Flagellat
2365 3595 2515 3644 Deus
2545 3601 2777 3642 omnem
2810 3582 3000 3638 filium
3031 3595 3203 3652 quem
3233 3577 3456 3650 recipit.

2054 3685 2260 3738 Facere
2291 3675 2753 3735 misericordiam
2802 3676 2859 3729 et
2897 3669 3188 3742 judicium
3218 3667 3408 3740 magis
3439 3664 3629 3738 placet

1984 3771 2100 3827 Deo
2133 3784 2311 3841 quam
2338 3765 2613 3820 victimae.

2055 3857 2292 3913 Fiducia
2323 3871 2536 3926 magna
2567 3865 2761 3907 coram
2792 3848 2907 3905 Deo
2937 3847 3304 3918 eleemosyna
3349 3842 3627 3901 omnibus

1985 3947 2335 4004 facientibus
2373 3960 2523 4000 eam.

2057 4037 2530 4093 Fundamentum
2562 4030 2723 4086 aliud
2755 4043 2925 4083 nemo
2949 4029 3145 4098 potest
3174 4037 3389 4096 ponere
3419 4025 3630 4095 praeter

1985 4128 2043 4182 id
2075 4126 2233 4198 quod
2263 4124 2519 4196 positum
2547 4123 2656 4187 est,
2690 4117 2844 4189 quod
2875 4119 2964 4172 est
2993 4113 3259 4169 Christus
3288 4111 3484 4168 Jesus.

2057 4214 2225 4270 Fides
2255 4212 2384 4268 sine
2414 4209 2708 4282 operibus,
2742 4209 2975 4262 mortua
2999 4207 3111 4259 est.

2059 4302 2275 4360 Fidelis
2316 4315 2506 4356 sermo
2555 4302 2612 4353 et
2658 4295 2818 4352 omni
2865 4292 3196 4364 acceptione
3228 4289 3463 4363 dignus,
3493 4286 3634 4360 quia

1987 4393 2251 4448 Christus
2279 4393 2449 4446 Jesus
2479 4385 2638 4442 venit
2681 4384 2742 4439 in
2791 4383 2948 4437 hunc
2979 4379 3269 4435 mundum
3300 4379 3632 4450 peccatores

1989 4481 2179 4539 salvos
2210 4480 2396 4534 facere

2060 4570 2231 4626 Fides
2262 4567 2684 4640 sperandarum
2716 4557 3049 4616 substantia
3077 4559 3168 4611 est
3206 4570 3424 4621 rerum,
3457 4567 3630 4624 argu-

1911 4671 1958 4733 D
1989 4663 2254 4718 mentum
2287 4673 2401 4712 non
2433 4651 2861 4725 apparentium.

2063 4747 2464 4805 Fornicatores
2493 4746 2550 4797 et
2579 4738 2874 4796 adulteros
2898 4733 3189 4806 judicabit
3217 4732 3394 4788 Deus.

2060 4839 2258 4893 Frater
2288 4833 2336 4889 si
2369 4834 2609 4886 fratrem
2642 4828 2898 4897 adjuvat,
2931 4823 3104 4880 ambo
3148 4819 3628 4878 consolabuntur.

2062 4925 2260 4981 Febris
2289 4918 2548 4991 corporis
2580 4916 2772 4984 calor;
2805 4912 2983 4969 febris
3009 4928 3142 4968 vero
3175 4908 3357 4968 animi
3387 4911 3477 4966 est
3506 4923 3635 4964 ava-

1991 5015 2127 5071 ritia
2156 5017 2213 5069 et
2243 5010 2444 5067 libido.

2063 5101 2474 5160 Fortissimum
2497 5093 2792 5167 jejunium
2822 5094 2911 5148 est
2947 5089 3116 5163 panis
3144 5092 3203 5145 et
3233 5104 3388 5161 aqua

2063 5189 2252 5247 Facile
2282 5184 2602 5244 contemnit
2631 5182 2828 5238 omnia
2874 5180 2976 5253 qui
3024 5194 3266 5250 semper
3303 5174 3522 5248 cogitat
3573 5189 3637 5230 se

1993 5280 2365 5337 moriturum.

2065 5371 2335 5426 Formam
2357 5362 2619 5420 mulieris
2642 5377 2758 5417 non
2780 5357 3015 5415 animus
3038 5355 3204 5429 prius
3224 5367 3405 5426 quam
3424 5366 3637 5425 corpus

1994 5456 2371 5529 concupiscit.

2065 5550 2302 5603 Ferreas
2335 5547 2562 5599 mentes
2592 5540 2771 5596 libido
2808 5539 3030 5593 domat.

2063 5634 2384 5708 Flagellum
2406 5633 2508 5690 Dei
2528 5636 2668 5688 tunc
2688 5627 2864 5685 diluit
2888 5626 3143 5698 culpam,
3167 5639 3302 5682 cum
3324 5620 3637 5680 mutaverit

1990 5726 2190 5785 vitam.
