4108 6188
448 401 561 465 311

1464 401 1808 463 OTIlLONI
1853 401 2210 463 MONACHI
2258 404 2324 463 S.
2371 401 2858 464 EMMEBAMMI

3744 402 3857 463 312

526 535 732 608 Frigus
763 538 820 591 et
849 534 1033 592 fames
1079 532 1336 607 simplici
1364 533 1580 591 vestitu
1612 534 1858 606 ciboque
1888 534 2096 606 expelli
2126 538 2181 604 Α
2285 536 2561 591 Fructum
2585 535 2694 592 fert
2723 552 2853 591 raro
2885 533 3173 606 quidquid
3195 532 3419 606 geritur
3440 532 3789 591 dubitando.

454 629 667 698 potest.

526 713 823 770 Fidelibus
856 730 969 770 nox
1006 714 1066 768 in
1112 715 1267 770 diem
1299 716 1598 781 mutatur;
1632 712 1968 769 inﬁdelibus
1999 730 2100 769 au-

460 806 576 861 tem
608 803 738 875 ipsa
767 803 944 858 etiam
976 802 1079 858 lux
1107 804 1417 859 tenebrosa
1447 801 1716 858 efficitur.

528 894 777 949 Fructus
810 893 1017 947 mundi
1051 892 1219 948 ruina
1248 895 1354 947 est.

524 982 821 1037 Fortitudo
845 982 1145 1051 justorum
1178 985 1267 1037 est
1297 997 1532 1036 carnem
1571 979 1819 1046 vincere,
1853 978 2101 1035 delecta-

452 1069 671 1128 tionem
703 1071 835 1125 vitae
867 1072 1173 1142 praesentis
1212 1069 1603 1141 exstinguere.

521 1158 821 1215 Fortitudo
852 1161 1233 1231 reproborum
1265 1164 1352 1214 est
1383 1157 1722 1213 transitoria
1754 1155 1879 1211 sine
1910 1174 2100 1211 cessa-

452 1248 610 1305 tione
640 1248 903 1321 diligere,
935 1252 1138 1305 caetera
1167 1246 1397 1319 ﬂagella
1426 1246 1755 1303 Conditoris
1787 1245 2105 1301 insensibi-

454 1335 587 1394 liter
624 1337 963 1408 perdurare.

529 1426 820 1482 Fraudem
847 1429 960 1480 Deo
983 1427 1169 1481 facere
1198 1425 1431 1479 videtur
1452 1423 1572 1494 qui,
1598 1422 1797 1478 relicto
1829 1422 2104 1494 spiritua-

456 1513 530 1570 lis
560 1514 689 1569 vitae
720 1514 1040 1585 proposito,
1075 1514 1147 1568 ad
1179 1512 1460 1568 saeculum
1492 1512 1822 1567 revertitur.

525 1604 743 1660 Futura
765 1603 1066 1675 providere
1093 1602 1423 1674 specialiter
1444 1601 1693 1673 pertinet
1708 1601 1781 1657 ad
1807 1599 1960 1670 illos,
1986 1599 2106 1671 qui-

452 1690 564 1748 bus
594 1708 735 1747 cura
766 1692 1087 1748 commissa
1116 1696 1206 1747 est
1237 1707 1415 1762 super
1442 1690 1613 1745 alios.

524 1779 847 1837 Firmitatis
878 1780 1162 1835 indicium
1193 1784 1281 1834 est
1310 1796 1442 1834 cum
1478 1795 1592 1834 una
1622 1779 1943 1849 eademque
1971 1794 2104 1834 sen-

449 1869 634 1924 tentia
662 1869 720 1923 in
753 1868 937 1924 sacris
967 1868 1180 1923 litteris
1210 1868 1475 1923 iteratur.

500 1955 773 2011 Facilius
807 1956 1049 2011 saeculos
1079 1972 1256 2026 quam
1289 1956 1685 2027 nosmetipsos
1717 1956 2101 2028 abnegamus.

522 2043 713 2099 Facile
743 2044 1018 2115 abjicitur
1045 2045 1199 2115 quod
1230 2044 1409 2099 haeret
1439 2044 1801 2100 extrinsecus
1829 2070 1843 2113 ;
1877 2044 2102 2100 intesti-

453 2144 599 2186 num
626 2129 855 2186 bellum
887 2131 1273 2203 periculosius
1315 2135 1423 2188 est.

525 2219 726 2275 Facies
756 2222 843 2276 est
874 2219 1090 2277 mentis
1112 2219 1439 2292 speculum,
1469 2224 1525 2275 et
1555 2220 1715 2276 taciti
1738 2220 1890 2276 oculi
1914 2221 2105 2277 cordis

457 2311 684 2365 secreta
722 2309 999 2381 produnt.

528 2397 801 2453 Famulos
854 2398 955 2454 Dei
1008 2414 1175 2454 veros
1219 2415 1332 2453 non
1376 2398 1681 2470 miracula,
1716 2399 1817 2454 sed
1871 2397 2103 2454 dilectio

458 2500 596 2541 vera
634 2486 859 2556 probat.

506 2574 721 2630 .Fenus
751 2574 1009 2645 pecunia:
1041 2575 1240 2629 fumus
1272 2577 1360 2629 est
1390 2575 1619 2630 animae.

531 2662 829 2732 Frequens
858 2661 1042 2717 oratio
1072 2663 1299 2717 fortiter
1327 2663 1549 2719 resistit
1583 2663 1833 2719 diabolo.

529 2748 782 2807 Facilius
808 2750 1089 2806 inhaerere
1119 2751 1264 2806 solet
1295 2752 1517 2807 malum
1545 2770 1721 2823 quam
1752 2754 1994 2809 bonum.

526 2839 886 2910 Frequenter
915 2844 1269 2910 superantur
1300 2840 1684 2912 prosperitate
1710 2842 1809 2913 qui
1840 2842 2105 2914 superari

461 2943 577 2984 non
610 2930 878 3000 poterant
917 2927 1285 2984 adversitate.

530 3016 857 3073 Formidari
889 3033 1005 3073 non
1029 3017 1200 3073 debet
1220 3016 1506 3088 diabolus,
1532 3018 1630 3089 qui
1663 3018 1810 3074 nihil
1834 3019 1948 3075 nisi
1980 3036 2105 3092 per-

460 3103 683 3161 missus
711 3104 880 3161 valet.

504 3194 773 3250 Frustra
802 3211 906 3266 pro
937 3193 1126 3249 salute
1146 3194 1405 3265 corporis
1437 3195 1755 3264 laboratur,
1781 3195 1893 3252 nisi
1925 3197 2102 3253 simul

456 3279 664 3337 animae
695 3280 857 3337 salus
893 3281 1247 3337 obtineatur.

518 3371 765 3425 Frustra
792 3368 920 3437 niti,
954 3385 1060 3425 nec
1107 3369 1262 3425 aliud
1317 3387 1380 3425 se
1426 3371 1725 3444 fatigando
1758 3372 1871 3429 nisi
1901 3374 2101 3429 odium

453 3472 728 3529 quaerere,
762 3462 1031 3514 extremae
1063 3458 1368 3515 dementiae
1400 3464 1506 3515 est.

524 3544 778 3603 Fidelius
827 3550 885 3601 et
930 3547 1154 3618 gratius
1186 3548 1535 3618 obsequium
1583 3554 1673 3605 est
1719 3552 1872 3622 quod
1904 3568 2100 3608 amore

451 3635 643 3706 magis
673 3651 850 3706 quam
879 3640 1040 3691 metu
1072 3636 1313 3708 geritur.

522 3721 771 3779 Fallitur
800 3723 960 3779 omni
992 3724 1164 3779 modo
1198 3724 1299 3794 qui
1330 3740 1496 3795 spem
1522 3742 1691 3781 suam
1722 3728 1885 3798 ponit
1911 3730 1969 3785 in
2001 3730 2100 3787 ho-

452 3810 611 3868 mine
641 3816 698 3867 et
725 3812 785 3867 in
815 3812 925 3868 hoc
956 3812 1188 3868 saeculo.

2282 625 2594 680 Fructibus
2641 641 2709 680 ex
2758 624 3008 696 propriis
3039 624 3212 679 arbor
3241 624 3615 695 cognoscitur
3645 624 3856 681 omnis.

2284 713 2444 769 Finis
2476 714 2743 785 praecepti
2777 718 3003 769 constat
3043 712 3275 769 dilectio
3305 711 3540 768 Christi.

2282 803 2485 860 Factor
2513 802 2691 858 totius
2723 819 2838 874 prae
2870 802 3096 858 cunctis
3128 806 3215 858 est
3251 803 3642 857 venerandus.

2282 892 2515 948 Fratres
2546 909 2606 948 se
2638 896 2881 947 noscant
2908 908 3157 962 quorum
3186 895 3356 947 Pater
3385 894 3476 946 est
3496 891 3651 947 Deus
3682 908 3857 948 unus.

2839 980 3071 1036 CAPUT
3111 980 3230 1035 VII.

2283 1070 2524 1125 Gustate
2568 1073 2624 1125 et
2653 1069 2842 1124 videte
2872 1070 3152 1140 quoniam
3184 1069 3381 1125 suavis
3411 1073 3501 1125 est
3531 1069 3815 1126 Dominus
3841 1089 3854 1138 ;

2212 1159 2416 1215 beatus
2446 1159 2532 1215 vir
2562 1158 2661 1230 qui
2693 1163 2890 1230 sperat
2920 1159 2980 1212 in
3012 1176 3097 1214 eo.

2282 1247 2548 1303 Gloriosa
2581 1249 2736 1304 dicta
2767 1250 2905 1303 sunt
2934 1248 3003 1302 de
3032 1252 3109 1313 te,
3142 1246 3344 1302 civitas
3374 1246 3499 1302 Dei.

2284 1337 2539 1392 Gratiam
2582 1340 2639 1392 et
2668 1340 2724 1392 et
2753 1336 3003 1408 gloriam
3035 1336 3198 1391 dabit
3230 1336 3537 1392 Dominus.

2284 1425 2589 1481 Generatio
2620 1428 2910 1481 rectorum
2944 1425 3338 1481 benedicetur.

2283 1514 2573 1568 Gaudium
2624 1513 2745 1583 [ita]
2796 1514 2907 1568 erit
2946 1514 3004 1567 in
3038 1512 3178 1569 coelo
3211 1529 3387 1585 super
3414 1530 3531 1569 uno
3562 1518 3861 1585 peccatore

2214 1602 2617 1673 paenitentiam
2645 1606 2872 1675 agente,
2896 1619 3076 1674 quam
3108 1619 3285 1674 super
3317 1602 3633 1672 nonaginte
3658 1618 3859 1659 novem

2205 1691 2407 1762 justis,
2442 1692 2543 1762 qui
2576 1708 2689 1747 non
2721 1690 2984 1763 indigent
3012 1691 3370 1763 poenitentia.

2285 1780 2468 1835 Grave
2500 1783 2588 1836 est
2620 1797 2847 1851 saxum,
2872 1784 2926 1836 et
2952 1797 3196 1837 onerosa
3223 1795 3433 1847 arena;
3464 1780 3566 1836 sed
3590 1780 3677 1836 ira
3697 1779 3861 1837 stulti

2212 1872 2466 1940 utroque
2496 1868 2743 1941 gravior.

2284 1957 2479 2013 Gloria
2509 1958 2690 2028 patris
2722 1957 2879 2012 ﬁlius
2910 1956 3145 2029 sapiens
3176 1960 3288 2012 est.

2282 2046 2496 2115 Gloria,
2528 2050 2585 2102 et
2633 2047 2837 2113 honor,
2871 2050 2927 2102 et
2974 2064 3085 2119 pax
3129 2045 3289 2101 omni
3320 2046 3582 2118 operanti
3613 2045 3857 2116 bonum,

2213 2139 2415 2193 Judaeo
2446 2136 2705 2209 primum
2738 2140 2794 2193 et
2823 2136 3043 2192 Graeco.

2286 2225 2481 2282 Gloria
2510 2230 2711 2281 nostra
2738 2225 2857 2281 haec
2890 2229 2999 2295 est,
3033 2223 3441 2280 testimonium
3491 2224 3861 2281 conscientia

2214 2318 2447 2371 nostrae.

2286 2403 2529 2460 Gemina
2558 2402 2789 2458 dilectio
2820 2401 3087 2457 homines
3119 2402 3256 2458 facit
3288 2401 3583 2473 proximos
3609 2402 3744 2458 Deo.

2286 2492 2534 2548 Grandis
2580 2491 2843 2559 offensio,
2877 2490 3029 2546 nolle
3059 2491 3288 2562 placare
3319 2491 3855 2564 quemcti'enderis.

2286 2580 2535 2636 Grandis
2566 2580 2832 2636 Ecclesiae
2883 2580 3221 2650 destructio,
3255 2580 3518 2652 neglecta
3566 2580 3857 2637 coenobio-

2215 2685 2346 2724 rum
2378 2670 2650 2741 provisio.

2285 2757 2536 2813 Grandis
2584 2758 2917 2814 monasticae
2964 2757 3093 2813 vitae
3150 2758 3522 2827 contumelia,
3572 2758 3864 2815 mundani

2214 2847 2539 2902 ornamenti
2570 2845 2773 2918 gloria.

2285 2936 2463 2991 Gestu
2495 2935 2752 3007 corporis
2783 2934 3019 2990 habitus
3050 2936 3485 2991 demonstratur
3514 2935 3751 2991 mentis.

2286 3023 2527 3080 Gladius
2550 3028 2797 3095 utraque
2819 3031 2981 3096 parte
3000 3029 3207 3080 acutus
3236 3029 3324 3081 est
3350 3025 3591 3080 verbum
3614 3024 3735 3094 Dei,
3760 3039 3861 3096 pe-

2214 3116 2456 3168 netrans
2487 3113 2742 3168 animam
2775 3118 2832 3169 et
2862 3129 3095 3184 corpus.

2285 3201 2541 3257 Gloriam
2564 3201 2769 3257 mundi
2794 3218 3059 3273 quaerens
3086 3202 3198 3257 cito
3221 3202 3286 3258 ﬁt
3316 3202 3396 3258 ita
3423 3202 3777 3271 obcaecatus,
3805 3207 3871 3258 ut

2135 3272 2177 3339 C
2218 3289 2417 3345 nullus
2450 3293 2655 3362 paveat
2682 3272 2885 3345 casum
2917 3294 3132 3346 reatus.

2284 3379 2710 3435 Gravissimum
2742 3379 3291 3451 nequissimumque
3320 3397 3506 3453 genus
3537 3384 3627 3437 est
3659 3379 3867 3438 inimi-

2212 3467 2379 3535 citiae,
2413 3466 2569 3524 mala
2600 3484 2703 3539 pro
2735 3468 2906 3524 bonis
2936 3469 3195 3525 reddere.

2281 3558 2476 3614 Genus
2522 3558 2818 3629 quoddam
2873 3558 3143 3614 humanae
3197 3558 3428 3630 pietatis
3475 3558 3753 3631 impietas
3802 3558 3862 3613 in

2208 3646 2395 3703 Deum
2426 3646 2553 3702 erit.

2279 3736 2504 3792 Gaudia
2531 3735 2758 3808 integra
2788 3752 3083 3808 nusquam
3115 3740 3254 3792 sunt
3284 3737 3342 3792 in
3374 3741 3547 3793 terra.

2279 3824 2529 3879 Gloriari
2556 3829 2612 3880 et
2632 3825 2935 3897 superbire
2956 3843 3058 3898 pro
3081 3826 3502 3898 temporalibus
3527 3827 3868 3883 commodis

522 3899 795 3957 Flammae
826 3899 1258 3973 inextinguibili
1290 3901 1641 3973 quandoque
1688 3905 1953 3960 tradetur
1998 3908 2096 3979 qui
2207 3911 2493 3969 indicium
2524 3916 2613 3968 est
2642 3913 2995 3985 insipientis.

452 4004 609 4044 nunc
639 3987 897 4043 avaritiae
924 3993 981 4042 et
1011 3987 1245 4044 malitias
1277 4006 1394 4044 suae
1445 3989 1715 4046 incendia
1760 3994 2097 4067 extinguere

447 4074 710 4147 negligit.

519 4161 729 4219 Facilis
778 4162 947 4218 venia
998 4164 1135 4220 huic
1178 4169 1266 4220 est
1296 4166 1489 4222 danda
1521 4168 1621 4240 qui
1652 4186 1767 4226 non
1798 4177 1998 4243 peccat
2027 4189 2095 4229 ex

446 4251 759 4308 industria.

514 4341 745 4399 Eortior
772 4341 977 4413 estqui
1009 4342 1356 4414 cupiditates
1388 4362 1565 4417 quam
1598 4348 1697 4420 qui
1728 4348 1921 4407 hostes
1952 4352 2090 4407 sub-

435 4429 592 4502 jicit.

516 4519 699 4575 Ferox
748 4523 921 4590 atque
972 4518 1273 4591 inquietus
1320 4521 1583 4594 linguam
1630 4541 1859 4597 semper
1886 4527 2090 4600 litigiis

443 4623 715 4664 exercens
748 4606 879 4663 cani
910 4612 1302 4679 comparatur.

2277 4000 2578 4057 Gloriosus
2627 4006 2715 4058 est
2761 4002 3039 4073 injuriam
3088 4003 3333 4062 tacendo
3373 4004 3639 4075 tolerare,
3670 4020 3867 4075 quam

2205 4092 2614 4162 respondendo
2643 4090 2962 4147 vindicare.

2274 4179 2430 4234 Gula:
2452 4183 2509 4234 et
2540 4179 2785 4235 luxuriae
2806 4181 3038 4236 deditus
3060 4185 3431 4253 comparatur
3453 4181 3744 4253 iumentis
3768 4183 3869 4239 in-

2203 4267 2573 4340 sipientibus.

2271 4357 2461 4412 Gratis
2494 4374 2527 4412 a
2547 4357 2661 4413 Deo
2684 4357 2819 4413 data
2841 4358 3024 4429 gratis
3044 4357 3223 4414 etiam
3246 4364 3387 4415 sunt
3407 4360 3479 4416 ab
3510 4359 3871 4417 hominibus

2201 4445 2414 4502 danda.

2273 4535 2474 4591 Gravis
2506 4534 2739 4590 animus
2771 4536 3011 4591 dubiam
3045 4554 3162 4593 non
3208 4538 3428 4609 profert
3475 4538 3868 4595 sententiam.

2118 4637 2181 4707 D‘
2269 4623 2451 4679 Grave
2476 4628 2564 4680 est
2584 4628 2911 4696 peccatum,
2938 4627 3092 4682 unde
3120 4626 3333 4698 aliquis
3356 4626 3636 4700 peccandi
3666 4628 3873 4685 sumit

515 4696 704 4754 Foedis
735 4697 1177 4770 immundisque
1207 4698 1555 4757 libidinibus
1577 4702 1808 4759 deditus
1839 4706 2089 4763 sordidae
2118 4696 2161 4707 ”
2199 4713 2552 4784 exemplum.

441 4785 567 4842 suis
596 4785 955 4857 voluptatem
987 4786 1272 4860 imitatur.

510 4874 890 4930 Fornicamur
920 4892 954 4929 a
984 4876 1249 4945 Domino,
1282 4880 1516 4948 quando
1551 4880 1896 4939 adulterinis
1929 4884 2083 4956 cogi-

436 4960 759 5018 tationibus
790 4963 862 5017 ab
894 4964 1021 5033 ejus
1051 4980 1249 5020 amore
1279 4972 1439 5021 casto
1472 4967 1797 5025 deviamus.

508 5049 698 5106 Facile
746 5050 986 5107 offendit
1038 5053 1136 5123 qui
1184 5070 1301 5107 non
1349 5056 1587 5125 optimis
1648 5060 1748 5114 sed
1808 5062 2082 5131 pessimis

434 5139 661 5211 placere
692 5139 871 5212 cupit.

576 5229 778 5286 Frenis
807 5229 962 5285 sicut
989 5229 1123 5301 equi
1151 5246 1447 5287 sessorum
1480 5239 1619 5290 sunt
1648 5238 1935 5295 retinendi

573 5318 665 5374 Sic
692 5334 928 5391 quoque
957 5317 1159 5374 lascivi
1191 5320 1486 5379 seniorum
1510 5324 1646 5394 jure
1674 5329 1931 5383 tenendi.

504 5407 697 5463 Fortia
727 5412 893 5479 gesta
922 5411 1034 5463 tuae
1068 5426 1139 5463 ne
1169 5410 1535 5469 demonstres
1566 5416 1679 5470 cito
1710 5417 1859 5472 vitae.

501 5495 657 5551 Felix
687 5498 783 5567 qui
817 5497 1075 5569 requiem
1109 5501 1317 5571 poterit
1348 5507 1579 5572 captare
1612 5522 1947 5575 perennem.

506 5581 720 5641 Felices
751 5584 901 5640 oculi
931 5586 1031 5658 qui
1062 5594 1309 5644 cernunt
1337 5591 1554 5661 gaudia
1583 5593 1731 5647 coeli.

499 5674 707 5731 Ferrea
737 5691 904 5732 mens
933 5676 1104 5733 dictis
1134 5679 1333 5735 crebro
1364 5686 1677 5751 superatur
1707 5683 1928 5755 iniquis

2269 4803 2514 4857 Gement
2546 4803 2897 4874 quandoque
2930 4819 3058 4859 sero
3106 4803 3208 4875 qui
3240 4804 3517 4877 plangere
3548 4805 3771 4862 nolunt
3803 4805 3873 4863 in

2195 4894 2457 4962 tempore
2490 4896 2841 4961 opportuno.

2265 4980 2467 5035 Gravis
2496 4983 2661 5035 aetate
2692 4980 2889 5052 gravia
2920 4982 3095 5037 etiam
3124 4984 3304 5039 verba
3345 4985 3517 5041 debet
3564 4985 3869 5056 proferre.

2265 5067 2567 5123 Generalia
2598 5070 2907 5124 commoda
2937 5086 3105 5126 nemo
3137 5071 3329 5129 facere
3360 5074 3534 5130 debet
3565 5073 3678 5130 sibi
3713 5092 3873 5146 pro-

2192 5158 2338 5229 pria.

2260 5245 2513 5302 Gentiles
2545 5246 2679 5301 libri
2712 5264 2826 5302 non
2857 5253 2999 5304 sunt
3028 5250 3100 5305 ab
3134 5251 3218 5307 eis
3252 5253 3546 5326 relegendi

2261 5335 2369 5401 Qui
2400 5335 2612 5391 servire
2643 5337 2761 5392 Deo
2792 5341 3123 5395 statuerunt
3153 5346 3383 5412 pectore
3413 5346 3553 5400 toto.

2258 5426 2433 5480 Grata
2463 5424 2579 5480 Deo
2610 5426 2761 5480 dona
2796 5426 2922 5496 fert,
2959 5428 3060 5498 qui
3093 5428 3309 5501 frangit
3339 5431 3493 5487 mala
3522 5436 3673 5488 vota.

2257 5514 2527 5568 Gaudcns
2558 5513 2617 5568 in
2651 5514 2897 5570 Domino
2930 5522 3126 5588 gustat
3160 5520 3514 5575 suavissima
3546 5520 3734 5578 mella

2254 5602 2407 5659 Gens
2438 5603 2644 5675 ignara
2672 5604 2773 5660 Dei
2805 5622 2983 5675 poenae
3014 5611 3103 5662 est
3132 5609 3419 5665 tradenda
3450 5610 3721 5681 perenni.

2252 5690 2481 5767 Grande
2511 5692 2700 5751 scelus
2732 5694 2895 5765 gradi
2930 5696 3122 5754 studio
3154 5698 3324 5758 debet
3353 5700 3645 5771 superari.
