4098 6172
266 378 376 440 313

332 510 521 569 Gloria
551 512 858 568 mundana
889 511 1069 568 nullis
1099 517 1186 570 est
1214 530 1453 586 prorsus
1486 516 1756 571 amanda.

325 600 521 663 Gratia
552 601 681 658 sola
711 602 811 658 Dei
842 619 989 674 quos
1018 602 1142 658 vult
1171 603 1309 660 facit
1334 603 1453 660 alta
1484 604 1713 661 mereri.

882 718 1111 773 CAPUT
1140 718 1288 775 VIII.

318 824 500 879 Homo
537 823 693 879 sicut
724 824 946 893 fenum,
980 825 1104 879 dies
1136 826 1265 895 ejus
1296 830 1581 898 tanquam
1614 827 1721 883 flos
1754 828 1900 900 agri.

314 917 529 979 Homo,
564 929 696 967 cum
728 912 785 967 in
816 912 1033 968 honore
1059 918 1234 983 esset,
1288 920 1662 987 comparatus
1697 918 1901 988 estju-

254 1002 461 1056 mentis
495 1001 939 1073 insipientibus,
971 1007 1026 1057 et
1057 1001 1270 1059 similis
1302 1004 1491 1060 factus
1522 1009 1611 1059 est
1643 1004 1778 1060 illis.

315 1090 501 1145 Homo
532 1090 779 1145 vanitati
812 1090 1019 1147 similis
1049 1091 1236 1147 factus
1269 1097 1357 1148 est
1390 1108 1402 1147 :
1440 1092 1564 1149 dies
1586 1094 1715 1164 ejus
1749 1094 1903 1150 sicut

254 1178 459 1233 umbra
491 1184 868 1250 praetereunt.

316 1266 476 1321 Habe
509 1267 789 1322 ﬁduciam
822 1267 881 1322 in
913 1266 1161 1323 Domino
1194 1283 1261 1323 ex
1292 1270 1417 1324 toto
1440 1269 1614 1326 corde
1641 1273 1762 1325 tuo.

251 1358 428 1411 Homo
461 1355 624 1411 videt
655 1357 715 1411 in
750 1356 916 1427 facie,
952 1357 1105 1412 Deus
1137 1361 1335 1412 autem
1367 1357 1629 1413 intuetur
1658 1376 1773 1414 cor.

318 1444 639 1500 Haereditas
672 1446 743 1499 ad
783 1462 960 1516 quam
1015 1445 1326 1501 festinatur
1382 1446 1441 1501 in
1500 1447 1805 1520 principio,
1840 1448 1898 1503 in

251 1532 567 1588 novissimo
600 1533 1007 1590 benedictione
1031 1534 1271 1590 carebit.

308 1621 549 1677 Honora
583 1621 901 1678 Dominum
934 1624 1004 1678 de
1035 1627 1137 1678 tua
1168 1624 1521 1692 substantia,
1554 1630 1611 1680 et
1663 1627 1733 1680 de
1776 1627 1899 1698 pri-

245 1709 415 1765 mitiis
444 1710 686 1782 frugum
718 1716 958 1767 tuarum
989 1712 1064 1767 da
1095 1711 1474 1784 pauperibus.

301 1798 488 1855 Homo
522 1800 793 1855 nascitur
816 1803 885 1856 ad
917 1800 1198 1871 laborem,
1233 1801 1353 1856 avis
1383 1803 1455 1857 ad
1485 1802 1770 1859 volatum.

305 1887 724 1943 Humiliamini
758 1890 869 1944 sub
902 1889 1125 1960 potenti
1157 1906 1335 1945 manu
1367 1892 1488 1958 Dei,
1520 1896 1584 1946 ut
1613 1908 1716 1948 vos
1738 1890 1898 1947 exal-
1927 1891 1976 1957 B

250 1979 323 2031 tet
353 1976 412 2030 in
446 1980 713 2049 tempore
752 1977 1126 2033 visitationis.

310 2064 575 2121 Hilarem
606 2067 871 2122 datorem
903 2066 1093 2138 diligit
1121 2067 1295 2122 Deus.

312 2158 469 2209 Hora
498 2159 590 2210 est
614 2157 744 2225 jam
777 2172 885 2211 nos
915 2156 984 2211 de
1015 2172 1220 2212 somno
1252 2172 1510 2229 surgere.

309 2243 663 2299 Haereticum
715 2244 1016 2300 hominem
1066 2249 1200 2317 post
1243 2262 1422 2301 unam
1467 2249 1523 2301 et
1578 2247 1894 2303 secundam

240 2332 673 2405 correptionem
706 2334 915 2389 devita.

310 2422 689 2478 Horrendum
722 2426 811 2478 est
840 2422 1097 2478 incidere
1127 2421 1187 2477 in
1221 2438 1434 2479 manus
1460 2424 1582 2479 Dei.

310 2511 427 2567 Hoc
462 2517 556 2567 est
588 2510 859 2567 funditus
893 2529 927 2568 a
956 2510 1110 2567 malo
1142 2512 1431 2583 recedere,
1481 2530 1549 2569 ex
1578 2528 1775 2569 amore
1796 2513 1897 2569 Dei

238 2599 355 2669 jam
388 2600 549 2656 nolle
575 2616 838 2672 peccare.

308 2688 658 2745 Humanum
690 2694 780 2746 est
808 2706 1066 2762 peccare,
1099 2688 1456 2747 diabolicum
1483 2704 1616 2746 vero
1648 2694 1736 2747 est
1766 2707 1895 2763 per-

248 2792 367 2833 βενε
374 2795 504 2833 rare
514 2820 527 2831 .

308 2870 425 2922 Hoc
461 2867 666 2922 studio
700 2866 957 2923 converti
990 2866 1244 2938 quisque
1274 2866 1445 2923 debet
1475 2868 1546 2922 ad
1578 2868 1749 2935 bona,
1782 2885 1897 2941 quo

244 2960 515 3026 Operatus
547 2959 639 3011 est
670 2956 845 3011 mala.

305 3045 579 3100 Herebat
601 3044 900 3118 jugiterin
933 3044 1104 3101 malis
1136 3044 1163 3098 ?
1191 3048 1517 3101 Conversus
1549 3045 1722 3102 faciat
1739 3046 1896 3102 idem

245 3132 299 3187 in
330 3133 523 3189 bonis.

304 3220 602 3277 Honorem
634 3224 693 3277 et
721 3221 1060 3294 imperium,
1094 3223 1143 3278 si
1172 3222 1259 3278 vis
1291 3222 1526 3293 habere,

247 3326 547 3383 magnum.

304 3399 603 3457 Honestas
618 3405 675 3456 et
700 3400 987 3457 sobrietas
1019 3400 1078 3455 in
1103 3400 1330 3457 cunctis
1352 3401 1528 3457 rebus
1558 3404 1697 3456 sunt
1726 3417 1897 3473 appe-

242 3489 441 3545 tende.

305 3582 507 3634 Honor
533 3578 656 3634 Deo
688 3577 985 3635 exhibitus
1015 3578 1314 3635 exihentes
1344 3581 1557 3633 aeterna
1587 3578 1772 3650 gloria
1800 3578 1894 3634 di-

238 3682 379 3739 gnos
406 3668 569 3723 facit.

307 3756 614 3813 Honorare
646 3760 921 3829 parentes
954 3758 1025 3812 ad
1058 3772 1261 3813 omnes
1292 3756 1544 3828 pertinet
1564 3755 1854 3812 homines.

302 3844 649 3901 Humilibus
680 3851 737 3901 et
766 3844 1041 3902 ﬁdelibus
1074 3845 1279 3901 divinae
1310 3845 1457 3917 legis
1490 3845 1767 3917 mysteria
1795 3862 1895 3917 pa-

235 3938 377 4003 tent,
408 3936 704 4007 superbos
736 3939 932 3991 autem
966 3939 1021 3989 et
1052 3933 1319 3990 inﬁdeles
1353 3934 1554 3989 latent.

298 4023 582 4080 Homines
617 4024 751 4096 plus
783 4040 961 4096 quam
993 4023 1178 4079 Deum
1208 4022 1414 4079 timere
1464 4040 1579 4079 non
1631 4026 1719 4079 est
1757 4022 1889 4078 reli-

233 4112 418 4183 gionis
447 4114 823 4169 Christianae.

300 4202 492 4259 Haeres
522 4206 579 4259 et
616 4202 987 4274 propinquus
1018 4205 1106 4257 est
1137 4201 1461 4273 spiritualis
1495 4200 1742 4257 amicus.

301 4290 505 4347 Hostia
534 4295 709 4364 grata
739 4290 838 4346 Dei
870 4308 986 4346 non
1015 4289 1208 4346 valeas
1240 4290 1485 4362 potiora.

298 4378 459 4437 Velle
488 4382 719 4437 bonum
751 4385 973 4445 teneas,
1010 4384 1065 4435 et
1094 4378 1325 4434 nullum
1356 4378 1564 4435 laedere
1603 4396 1848 4449 quaeras.

298 4468 593 4526 Hactenus
626 4468 872 4525 extremi
904 4469 1053 4524 ﬁunt
1072 4468 1394 4540 smpissime
1418 4466 1615 4539 primi.

298 4556 419 4613 Hos
449 4576 599 4630 quos
634 4557 837 4614 laesisti
869 4557 1041 4613 citius
1066 4558 1295 4631 placare
1328 4560 1641 4612 memento.

301 4646 551 4703 Horrida
575 4646 734 4703 bella
763 4647 932 4719 gerit,
965 4647 1066 4718 qui
1097 4646 1257 4719 pacis
1288 4647 1503 4702 foedera
1531 4645 1773 4717 spernit.

297 4738 539 4791 Hostem
573 4752 681 4808 per
695 4736 1141 4807 Dominum,sed
1162 4735 1296 4792 etin
1325 4752 1388 4791 se
1409 4734 1585 4807 dilige
1615 4733 1878 4791 charum.

294 4824 400 4879 Hic
426 4825 809 4881 venerandus
839 4824 949 4879 erit
981 4824 1081 4895 qui
1107 4824 1331 4896 jugiteo
1364 4823 1585 4895 optima
1616 4824 1840 4893 quaerit.

290 4912 414 4968 Heu
445 4929 631 4985 quam
658 4930 795 4969 rara
814 4914 961 4969 ﬁdes
988 4914 1275 4985 reperitur
1290 4930 1447 4969 nunc
1468 4912 1621 4985 apud
1647 4913 1881 4969 omnes?

289 5002 592 5059 Haerentes
622 5006 791 5059 terrae
823 5006 1125 5074 nequeunt
1155 5002 1328 5058 subdi
1359 5002 1619 5059 theoriaa.

880 5118 1114 5175 CAPUT
1146 5119 1237 5173 IX.

287 5226 541 5289 Initium
567 5225 872 5299 sapientiae
893 5227 1072 5283 timor
1100 5225 1351 5283 Domini.

286 5314 635 5372 Intellectus
663 5316 857 5372 bonus
888 5316 1165 5372 omnibus
1195 5314 1540 5371 timentibus
1572 5330 1728 5370 eum.

286 5404 357 5459 In
390 5406 636 5462 circuitu
666 5404 836 5477 impii
868 5404 1196 5461 ambulant.

285 5491 466 5549 Juxta
496 5498 589 5550 est
621 5494 906 5550 Dominus
937 5494 1030 5551 his
1060 5494 1161 5566 qui
1189 5493 1465 5551 tribulato
1498 5496 1635 5549 sunt
1678 5493 1872 5560 corde,

202 5585 261 5637 et
292 5581 559 5640 humiles
587 5584 805 5657 spiritu
836 5584 1104 5641 salvabit.

273 5671 520 5732 Judicia
550 5673 792 5732 Domini
823 5690 979 5743 vera,
1004 5674 1331 5746 justiﬁcata
1359 5673 1419 5730 in
1446 5670 1779 5745 semetipsa.

1498 381 1731 443 LIBER
1778 382 2426 447 PROVERBIORUM.

1933 520 1987 585 Α
2090 514 2332 572 Immitit
2361 514 2603 587 angelus
2633 514 2865 573 Domini
2908 514 2967 571 in
3019 514 3265 572 circuitu
3321 514 3662 573 timentium

3549 384 3668 445 314

2018 621 2173 673 eum,
2198 611 2254 660 et
2286 604 2491 677 eripiet
2523 622 2643 661 eos.

2081 694 2247 750 Jacta
2276 710 2453 766 super
2498 693 2813 751 Dominum
2860 710 3063 751 curam
3109 698 3295 761 tuam,
3359 698 3416 752 et
3445 695 3571 768 ipse
3603 698 3662 753 ts

2016 784 2290 852 enutriet,

2085 874 2144 929 In
2180 874 2294 929 Deo
2327 872 2609 927 faciemus
2664 872 2960 943 virtutem,
2991 876 3049 928 et
3104 871 3230 944 ipse
3285 874 3356 929 ad
3409 873 3657 931 nihilum

2013 962 2260 1018 deducet
2289 960 2561 1017 inimicos
2596 966 2851 1017 nostros.

2082 1052 2289 1107 Justus
2320 1066 2403 1117 es,
2435 1050 2700 1117 Domine,
2731 1054 2788 1105 et
2816 1054 3039 1105 rectum
3062 1049 3355 1121 judicium
3382 1056 3575 1108 tuum.

2080 1140 2286 1195 Justus
2318 1145 2383 1195 ut
2413 1140 2608 1212 palma
2637 1140 2865 1196 ﬁorebit
2895 1143 2961 1195 ut
2990 1140 3197 1195 cedrus
3226 1139 3428 1195 Libani
3460 1140 3656 1197 multi-

2010 1227 2345 1299 plicabitur.

2083 1318 2146 1372 In
2181 1318 2464 1373 memoria
2520 1322 2735 1373 aeterna
2788 1316 2897 1372 erit
2945 1318 3172 1388 justus,
3234 1317 3305 1373 ab
3360 1318 3657 1376 auditione

2010 1405 2168 1461 mala
2202 1423 2317 1462 non
2349 1406 2601 1462 timebit.

2078 1495 2142 1549 In
2176 1494 2457 1565 patientia
2485 1498 2677 1551 vestra
2710 1494 3088 1566 possidebitis
3120 1494 3349 1550 animas
3406 1500 3653 1552 vestras.

2077 1584 2384 1638 Justorum
2417 1586 2628 1639 semita
2650 1584 2819 1655 quasi
2852 1583 2950 1639 lux
2971 1582 3285 1653 splendens
3308 1584 3657 1654 precedit,et

2009 1671 2217 1727 crescit
2249 1688 2437 1742 usque
2467 1673 2538 1727 ad
2570 1674 2892 1743 perfectum
2924 1672 3099 1727 diem.

2076 1760 2377 1815 Judicium
2408 1761 2796 1816 durissimum
2827 1760 2885 1815 in
2918 1761 3012 1816 his
3044 1760 3143 1832 qui
3175 1765 3457 1832 praesunt,
3490 1762 3610 1818 ﬁet.

2080 1848 2302 1920 Impius
2333 1866 2468 1904 cum
2497 1849 2556 1904 in
2589 1849 2950 1921 profundum
3001 1852 3375 1920 peccatorum
3406 1852 3652 1923 venerit,

2007 1937 2349 1993 contemnit.

2078 2025 2142 2080 In
2174 2024 2519 2081 malevolam
2549 2026 2808 2081 animam
2859 2042 2975 2081 non
3025 2025 3289 2082 introibit
3342 2026 3653 2100 sapientia,

2008 2130 2111 2170 nec
2142 2114 2433 2171 habitabit
2463 2114 2523 2170 in
2554 2131 2791 2187 corpore
2823 2115 3058 2171 subdito
3088 2115 3366 2186 peccatis.

2080 2203 2303 2258 Invidia
2332 2203 2550 2260 diaboli
2586 2221 2744 2259 mors
2768 2204 3007 2259 intravit
3035 2203 3095 2259 in
3112 2204 3313 2260 orbem
3336 2208 3648 2261 terrarum.

2078 2293 2349 2348 Infernus
2372 2297 2427 2348 et
2456 2293 2704 2365 perditio
2736 2308 2933 2348 coram
2963 2291 3210 2349 Domino
3244 2310 3257 2359 ;
3294 2297 3514 2366 quanto
3534 2311 3653 2353 ma-

2007 2380 2098 2453 gis
2128 2382 2300 2437 corda
2331 2380 2589 2436 filiorum
2620 2381 2929 2437 hominum
2965 2384 2975 2437 l

2080 2470 2237 2525 Inter
2266 2470 2550 2541 superbos
2581 2486 2811 2541 semper
2844 2469 3044 2541 jurgia
3100 2472 3239 2526 sunt
3271 2487 3283 2525 :
3317 2470 3419 2541 qui
3450 2474 3649 2527 autem

2009 2563 2220 2615 cuncta
2250 2562 2432 2632 agunt
2462 2558 2728 2629 consilio,
2762 2562 3047 2630 reguntur
3076 2557 3384 2630 sapientia.

2078 2647 2287 2703 Justus
2318 2665 2386 2703 ex
2416 2648 2529 2703 ﬁde
2558 2647 2720 2704 vivit.

2078 2740 2145 2790 In
2176 2737 2448 2792 omnibus
2478 2736 2751 2808 operibus
2781 2736 2902 2791 tuis
2948 2751 3272 2792 memorare
3302 2735 3642 2807 novissima,

2007 2828 2063 2880 et
2093 2824 2153 2880 in
2186 2830 2469 2882 aeternum
2500 2842 2615 2881 non
2647 2824 2936 2897 peccabis,

2079 2914 2318 2969 Initium
2345 2914 2537 2970 omnis
2567 2913 2788 2986 peccati
2818 2912 3115 2985 superbia.

2078 3002 2142 3057 In
2176 3004 2291 3059 ﬁne
2320 3003 2578 3059 hominis
2608 3002 2924 3058 denudatio
2955 3015 3198 3074 operum
3228 3002 3377 3073 ejus.

2078 3093 2143 3146 In
2177 3092 2270 3147 die
2301 3092 2587 3147 bonorum
2618 3108 2692 3146 ne
2720 3090 3030 3146 immemor
3057 3090 3139 3146 sis
3170 3090 3481 3149 malorum.

2076 3183 2142 3233 In
2175 3178 2544 3251 multiloquio
2576 3184 2879 3250 peccatum
2910 3194 3027 3234 non
3058 3179 3260 3237 deerit.

1584 3223 1735 3279 dabo
1788 3224 1895 3280 tibi
1926 3254 1969 3321 Ε
2076 3223 2142 3233 ⁸⁵⁸
2175 3223 2543 3278 “⁴“ἷ“““’ῗξ““’
2576 3223 2879 3278 ¹’””“’““ἶ““⁶”
2910 3223 3027 3276 ῖ““”’
3060 3223 3087 3233 “

2080 3270 2143 3323 In
2174 3268 2480 3324 des1derus
2502 3272 2593 3323 est
2621 3284 2815 3323 omnis
2844 3269 3087 3322 otiosus.

2074 3358 2139 3412 In
2170 3356 2329 3412 omni
2360 3355 2483 3411 loco
2514 3356 2668 3411 oculi
2696 3354 2928 3411 Domini
2962 3353 3433 3425 contemplantur
3461 3354 3646 3413 bonos

2003 3449 2059 3501 et
2089 3444 2293 3500 malos.

2072 3535 2137 3589 In
2164 3532 2440 3589 omnibus
2470 3531 2850 3589 exhibeamus
2890 3548 2997 3587 nos
3050 3530 3331 3602 metipsos
3362 3529 3514 3587 sicut
3543 3530 3645 3588 Dei

2001 3623 2325 3679 ministros.

2071 3710 2396 3767 Invisibilia
2424 3710 2544 3778 Dei,
2578 3726 2681 3782 per
2710 3726 2777 3766 ea
2806 3725 2933 3781 quis
2957 3708 3110 3765 facta
3134 3712 3293 3766 sunt.
3329 3708 3642 3775 intellecta,

1999 3800 2464 3871 conspiciuntur.

1998 3956 2021 3965 ἱ
2071 3890 2309 3943 Inﬁrma
2338 3887 2543 3942 mundi
2574 3887 2748 3959 elegit
2775 3887 2949 3958 Deus,
2983 3891 3048 3943 ut
3076 3886 3399 3943 confundat
3445 3886 3635 3943 fortia.

2069 3976 2307 4031 Initium
2331 3977 2616 4031 bonorum
2648 3976 2935 4032 confessio
2968 3980 3059 4032 est
3089 3974 3403 4031 malorum.

2069 4066 2372 4121 Incassum
2403 4081 2533 4120 caro
2582 4064 2887 4136 afﬂigitur,
2929 4065 2979 4119 si
3026 4081 3191 4121 mens
3243 4064 3644 4137 voluptatibus

1998 4170 2113 4211 non
2144 4153 2482 4209 reluctatur.

2066 4243 2222 4299 Justi
2260 4241 2608 4297 vocabulum
2642 4259 2758 4298 non
2790 4242 3005 4313 amittit
3036 4242 3137 4315 qui
3167 4260 3269 4316 pro
3300 4242 3643 4315 poenitentia

1998 4348 2234 4403 semper
2254 4331 2527 4403 resurgit.

2064 4420 2365 4492 Jejunium
2399 4438 2515 4475 non
2546 4425 2635 4476 est
2666 4420 2919 4491 perfecta
2942 4420 3151 4489 virtus,
3210 4422 3311 4477 sed
3357 4421 3644 4477 virtutum

1995 4509 2317 4565 multarum
2348 4510 2823 4565 fundamentum.

1916 4620 1961 4685 Ι)
2066 4598 2313 4656 Intentio
2344 4614 2615 4671 perversa
2671 4601 2927 4653 meretur
2984 4598 3136 4653 utin
3193 4597 3307 4665 die,
3371 4597 3525 4653 sicut
3578 4598 3638 4654 in

1994 4695 2162 4746 nocte
2191 4705 2383 4745 errare
2413 4687 2804 4759 permittatur.

2062 4778 2302 4834 Justitia
2331 4777 2591 4831 humana
2621 4780 2741 4831 tam
2766 4774 2989 4847 fragilis
3020 4778 3127 4847 est,
3148 4773 3417 4846 utpotius
3436 4774 3639 4831 remis~

1990 4867 2153 4923 sione
2182 4869 2551 4938 peccatorum
2602 4868 2829 4920 constet
2888 4881 3067 4935 quam
3112 4863 3464 4937 perfectione
3520 4864 3635 4920 vir-

1987 4961 2202 5013 tutum.

2060 5043 2399 5102 Innocentia
2426 5060 2564 5099 vera
2592 5047 2699 5111 est,
2728 5060 2851 5114 quas
2883 5060 2988 5101 nec
3018 5043 3129 5100 sibi
3154 5060 3260 5101 nec
3291 5042 3421 5101 aliis
3443 5048 3632 5101 uocet.

2057 5134 2382 5191 Iracundus
2412 5150 2546 5189 cum
2579 5131 2712 5188 aliis
2736 5132 2907 5189 irasci
2939 5132 3197 5205 desierit,
3228 5138 3367 5189 tunc
3399 5132 3636 5189 sibimet

1987 5224 2239 5279 maxime
2267 5222 2562 5278 irascitur.

2060 5311 2641 5379 Iracundus,etiamsi
2663 5315 2964 5367 mortuum
2988 5309 3401 5381 suscitet,quli
3420 5307 3629 5381 placet,

2056 5400 2412 5457 Infeliciores
2444 5404 2583 5457 sunt
2613 5400 2772 5467 mali,
2806 5416 2945 5455 cum
3008 5400 3203 5471 cupita
3260 5398 3631 5472 perfecerint,

1984 5509 2161 5565 quam
2193 5490 2243 5546 si
2276 5508 2344 5547 ea
2369 5508 2494 5563 quae
2527 5490 2775 5563 cupiunt
2803 5489 3043 5560 implore
3075 5505 3189 5543 non
3221 5491 3481 5560 possent.

2053 5580 2405 5637 Infeliciores
2438 5586 2596 5649 sunt,
2631 5580 2731 5653 qui
2765 5578 3006 5646 faciunt,
3040 5594 3216 5651 quam
3257 5578 3358 5651 qui
3389 5576 3627 5653 patiun-

1981 5675 2079 5729 tur
2107 5670 2407 5743 injuriam.
