4108 6188
401 379 519 439 315

1409 375 1752 437 OTHLONI
1798 375 2153 438 MONACHI
2199 376 2264 437 S.
2311 371 2804 436 EMMERAMMI

3687 371 3806 432 316

470 513 701 568 lntenta
730 509 1074 583 supplicatio
1106 509 1360 565 dormire
1391 525 1491 565 cor
1521 511 1810 564 mundum
1861 512 2035 564 vetat.
2069 514 2124 578 Α
2225 508 2288 564 In
2319 508 2480 563 luctu
2512 507 2720 579 positis
2747 520 2860 562 non
2893 509 2981 562 est
3009 503 3102 560 his
3132 502 3361 559 musica
3390 500 3608 558 dulcis.

469 602 533 657 In
563 601 671 656 hoc
703 601 827 671 ipso
859 603 1058 670 peccat
1087 598 1260 654 homo
1294 599 1445 669 quod
1493 614 1730 669 peccare
1769 595 1960 663 vellet,
1993 597 2041 652 si

403 690 588 746 inulte
620 692 835 760 posset.

469 776 682 833 Inutile
708 781 796 832 est
820 793 888 832 ea
918 777 1116 832 crebro
1147 776 1340 831 videre
1371 792 1472 847 per
1503 793 1629 847 quae
1659 775 1771 831 cito
1789 775 2045 831 traharis

390 867 460 923 ad
495 866 670 922 noxia
701 883 969 938 quaeque.
1745 847 1758 863 ’

458 957 823 1011 Invocandus
846 961 933 1011 est
954 955 1344 1027 Deusjugiter
1375 960 1436 1009 ut
1466 954 1825 1010 voluntatem
1861 954 2038 1008 simul

381 1051 439 1100 et
470 1044 808 1101 facultatem
838 1045 984 1100 bene
1015 1044 1222 1117 agendi
1247 1044 1414 1099 nobis
1439 1048 1716 1115 praestare
1734 1043 2032 1116 dignetur.

453 1134 725 1191 Inimicos
766 1133 1005 1206 diligere
1036 1151 1208 1206 grave
1243 1133 1480 1205 quidem
1527 1136 1616 1188 est
1657 1136 2034 1204 praceptum,

390 1225 490 1280 sed
525 1225 745 1295 grande
776 1224 902 1293 ejus
935 1223 1262 1294 praemium.

468 1313 627 1385 Ignis
657 1312 1137 1384 concupiscentiae
1170 1311 1421 1367 carnalis
1453 1315 1670 1382 quanto
1701 1310 1924 1365 diutius
1955 1326 2042 1364 ar-

395 1403 529 1457 dere
555 1402 932 1473 permittitur,
967 1407 1127 1456 tanto
1160 1400 1458 1455 difficilius
1492 1399 1905 1471 exstinguitur.

470 1489 591 1546 Illis
622 1491 1002 1565 dimittuntur
1033 1491 1277 1545 minima
1300 1489 1401 1561 qui
1423 1490 1647 1552 maiora
1667 1488 1926 1544 districts
1946 1489 2040 1543 ﬂe-

394 1583 604 1634 verunt
632 1583 885 1650 peccata.

465 1667 735 1739 Ingratus
749 1685 903 1723 unus
922 1667 1125 1723 multis
1141 1668 1372 1723 miseris
1395 1672 1451 1722 et
1473 1667 1831 1738 pauperibus
1849 1670 2033 1721 nocet.

460 1756 624 1827 Inopi
657 1757 1004 1811 beneﬁcium
1034 1755 1251 1826 duplex
1280 1756 1379 1809 dat
1409 1755 1510 1826 qui
1535 1753 1798 1809 celeriter
1827 1755 1944 1808 dat.

464 1845 679 1915 Inopize
711 1861 888 1915 parva
918 1842 1169 1898 avaritia
1198 1845 1411 1899 desunt
1440 1844 1658 1898 omnia.

466 1935 528 1988 In
563 1931 765 1987 multis
797 1933 1013 1987 frustra
1043 1932 1270 1987 laborat
1300 1932 1401 2003 qui
1423 1950 1531 1988 sua
1561 1932 1749 2004 magis
1772 1947 1946 2003 quam
1972 1947 2034 1987 se

392 2023 591 2094 ipsum
623 2021 738 2076 Deo
771 2022 976 2076 olferre
1007 2022 1224 2076 studet.

466 2110 834 2183 Improvidus
868 2110 1037 2166 miles
1070 2111 1274 2165 fortem
1307 2112 1444 2166 sein
1479 2127 1618 2182 pace
1649 2108 1949 2182 gloriatur.

465 2201 598 2256 Ideo
629 2216 830 2256 omnes
865 2199 1162 2256 diabolicae
1192 2200 1532 2256 tentationis
1589 2198 1887 2255 molestias
1917 2197 2037 2270 pati

391 2290 791 2361 permittimur
824 2293 887 2344 ut
914 2289 1192 2344 omnibus
1217 2290 1453 2344 easdem
1486 2287 1786 2344 molestias
1819 2287 2038 2360 patien-

391 2379 553 2434 tibus
582 2379 834 2449 compati
865 2382 920 2433 et
947 2368 1250 2433 condolere
1281 2379 1560 2433 sciamus.

466 2468 623 2521 Inter
651 2467 854 2537 epulas
885 2465 1122 2521 difﬁcile
1154 2471 1418 2522 servatur
1439 2466 1698 2521 castitas.

466 2553 834 2625 Impossibiie
861 2559 954 2608 est
976 2554 1157 2625 copiis
1185 2554 1551 2626 voluptatum
1583 2555 1712 2611 sine
1740 2553 2038 2626 voluptate

394 2641 532 2697 frui.

466 2730 721 2802 lmprobi
753 2734 811 2785 et
840 2729 970 2785 duri
999 2729 1059 2784 in
1090 2729 1216 2802 ipso
1249 2730 1414 2786 initio
1439 2731 1660 2802 peccati
1684 2735 1822 2788 sunt
1849 2733 2036 2804 gravi-

396 2822 486 2874 ter
516 2817 887 2890 corripiendi.

465 2908 694 2979 Jugiter
722 2907 1141 2963 attendendum
1170 2911 1391 2979 quanta
1413 2908 1510 2963 Dei
1537 2909 1725 2980 gratia
1742 2909 1818 2964 sit
1837 2908 2036 2965 nobis-

401 3001 620 3064 cum,et
650 3011 825 3067 quam
859 2996 1062 3053 multis
1094 2997 1154 3051 in
1180 2997 1581 3069 corporalibus
1598 3002 1655 3053 et
1675 2998 1733 3053 in
1759 2997 2033 3070 spiritua-

398 3085 556 3141 libus
589 3085 757 3140 donis
789 3085 1031 3141 ditiores
1052 3086 1186 3141 facti
1218 3086 1426 3142 simus.

468 3175 530 3230 In
561 3190 778 3229 vanum
812 3174 1038 3230 laborat
1068 3174 1168 3247 qui
1199 3189 1414 3230 caecum
1442 3175 1707 3231 honorat.

464 3265 529 3318 In
561 3262 732 3317 malis
765 3278 998 3333 sperare
1027 3263 1181 3318 bona
1208 3263 1491 3320 innocens
1522 3263 1773 3320 maxime
1804 3261 1968 3320 solet.

463 3352 568 3408 Job
598 3351 946 3407 venerabilis
975 3352 1256 3424 patientia
1281 3353 1507 3408 cunctis
1519 3353 1853 3409 dolentibus
1874 3357 1930 3409 et
1948 3353 2038 3408 in-

392 3441 581 3497 ﬁrmis
613 3458 713 3513 pro
744 3441 1008 3513 exemplo
1034 3442 1258 3514 jugiter
1289 3447 1378 3498 est
1408 3444 1733 3514 pensanda.

468 3530 788 3586 Inﬁrmitas
819 3531 1034 3598 carnis,
1067 3532 1115 3584 si
1175 3531 1464 3601 patienter
1509 3532 1894 3600 sustineatur,
1951 3536 2043 3588 est

397 3619 566 3692 quasi
599 3619 973 3690 purgatorius
1004 3618 1177 3690 ignis.

470 3707 694 3762 Infirmi
727 3723 872 3777 pene
903 3721 1108 3762 omnes
1141 3721 1201 3761 se
1231 3706 1469 3777 quidem
1521 3708 1592 3761 ab
1651 3707 1778 3763 aliis
1808 3708 2041 3764 tolerari

394 3797 615 3863 volunt,
649 3795 763 3867 ipsi
795 3811 926 3851 vero
958 3795 1102 3850 alios
1133 3795 1378 3850 tolerare
1409 3799 1682 3851 renuunt.

463 3885 762 3941 Judicium
797 3886 1062 3940 divinum
1097 3900 1212 3940 non
1243 3888 1415 3954 errat,
1449 3890 1514 3940 ut
1556 3885 1903 3958 plerumque
1933 3886 2041 3942 hu-

399 3991 664 4030 manum.

471 4062 709 4117 Invidus
741 4061 966 4116 invidia:
999 4078 1120 4118 sure
1148 4061 1262 4118 telo
1294 4061 1585 4134 imprimis
1618 4064 1960 4136 percutitur.

469 4151 582 4204 Iter
611 4149 853 4222 longum
886 4155 1123 4221 agentes
1154 4151 1362 4222 majori
1393 4152 1755 4223 providentia
1781 4153 2046 4226 indigent

400 4255 576 4311 quam
604 4253 782 4310 prope
812 4239 1202 4311 proficientes.

474 4328 560 4383 Ita
591 4331 649 4384 et
677 4329 967 4399 monachi,
1011 4329 1232 4401 jugiter
1287 4333 1402 4384 Deo
1461 4330 1799 4398 servientes,
1858 4330 2043 4403 magis

397 4421 571 4490 egent
601 4418 891 4489 provideri
924 4434 1099 4489 quam
1135 4418 1327 4474 caeteri
1352 4417 1530 4474 libere
1559 4419 1836 4476 viventes.

471 4508 702 4563 Inﬁnito
735 4507 917 4563 labori
948 4508 1150 4563 finitus
1171 4511 1662 4580 quantuscunque
1679 4510 1776 4575 sit,
1809 4526 2043 4582 compa-

399 4597 517 4653 rari
551 4597 773 4669 nequit.

474 4686 608 4743 lllos
640 4691 939 4762 exspectat
969 4686 1153 4760 gloria
1176 4687 1273 4758 qui
1305 4686 1595 4744 laboriosa
1626 4692 1836 4760 gerunt
1865 4691 2047 4744 certa-

406 4792 588 4832 mina.

471 4865 678 4919 Juveni
712 4865 856 4921 nihil
890 4867 1077 4940 magis
1128 4867 1365 4924 noxium
1421 4868 1715 4924 invenitur
1770 4883 1948 4939 quam
1978 4871 2047 4923 ut

398 4952 760 5008 voluntatem
792 4958 1087 5028 propriam
1129 4963 1432 5030 sequatur.

472 5040 753 5111 Injuriam
785 5060 1059 5118 magnam
1095 5045 1348 5101 Creatori
1396 5046 1530 5100 facit
1559 5045 1660 5116 qui
1717 5049 2045 5103 creaturam

396 5129 578 5186 ullam
612 5129 746 5202 plus
776 5148 952 5203 quam
983 5135 1148 5191 illum
1182 5133 1392 5205 diligit.

470 5220 647 5276 Juxta
676 5220 897 5292 aliquid
931 5223 1147 5279 multos
1178 5223 1418 5278 laudare
1451 5221 1584 5278 licet
1614 5224 1927 5295 sapientes,

470 5308 766 5379 Qui,iuxta
787 5313 1052 5382 quaedam
1075 5312 1351 5368 laudandi
1374 5317 1514 5367 sunt
1536 5312 1732 5368 minus
1755 5331 2040 5388 unquam.

477 5397 612 5452 Illos
642 5406 894 5457 aeternus
925 5404 1116 5472 capiet
1149 5402 1312 5458 dolor
1341 5405 1396 5456 et
1425 5402 1740 5472 cruciatus,

472 5486 580 5551 Qui
603 5505 756 5543 nunc
787 5490 987 5546 laetitia
1018 5493 1332 5564 capiuntur
1361 5491 1433 5546 ab
1467 5491 1854 5549 immoderata

467 5577 720 5648 Imperat
745 5584 847 5634 aut
880 5582 1055 5637 servit
1084 5581 1326 5638 collecta
1355 5581 1603 5652 pecunia
1634 5581 1863 5654 cuique.

461 5665 700 5727 Invidus
725 5667 965 5727 alterius
998 5671 1304 5730 marcescit
1337 5670 1510 5728 rebus
1543 5669 1774 5742 opimis.

2227 598 2474 669 Impedit
2504 597 2591 652 ira
2620 595 2884 652 animum
2919 611 2990 650 ne
3021 594 3212 666 possit
3235 606 3474 648 cernere
3500 607 3726 648 verum.

2226 688 2410 758 Impia
2441 703 2682 758 quasque
2714 686 2955 740 studens
2985 682 3192 755 nequit
3220 682 3280 736 in
3310 680 3491 752 aequis
3512 680 3632 737 fore
3655 697 3802 752 pru-

3538 769 3729 841 [dens.

2187 857 2190 859 ’
2219 865 2456 921 Invidiae
2489 863 2717 935 plenius
2744 879 2919 934 super
2949 876 3111 917 omes
3141 863 3332 916 exstat
3361 874 3602 931 egenus.

2223 953 2447 1026 Ingenti
2471 971 2610 1009 cura
2640 954 2940 1026 pensanda
2968 955 3057 1006 est
3089 949 3207 1005 vita
3236 949 3454 1003 futura.

2219 1045 2515 1100 Judicium
2547 1045 2761 1098 durum
2791 1058 2968 1113 super
2997 1040 3119 1095 haec
3142 1042 3230 1093 est
3259 1041 3491 1109 sceptra
3513 1035 3799 1092 futurum.

2220 1136 2284 1189 In
2317 1131 2547 1188 Domini
2575 1131 2744 1188 donis
2776 1130 3025 1202 graviter
3055 1127 3377 1183 tentabitur
3407 1126 3621 1181 omnis.

2222 1223 2501 1280 Indurare
2534 1222 2635 1277 Dei
2666 1220 2811 1276 nihil
2844 1224 2932 1275 est
2962 1218 3076 1274 nisi
3106 1233 3222 1272 non
3255 1214 3540 1272 misereri.

2220 1313 2548 1366 Incrassata
2575 1326 2711 1365 caro
2747 1312 2948 1381 gustat
2977 1304 3235 1362 ccelestia
3267 1321 3420 1360 raro.

2797 1395 3029 1453 CAPUT
3060 1399 3132 1450 X.

2220 1489 2492 1545 Charitas
2525 1506 2640 1543 non
2671 1491 2760 1543 est
2789 1489 2861 1543 ab
2897 1487 3012 1542 ullo
3051 1483 3472 1555 extorquenda,
3526 1479 3628 1537 sed
3663 1496 3798 1536 cum

2149 1579 2446 1635 beneficiis
2477 1577 2852 1649 exquirenda.

2219 1667 2484 1725 Charitas
2513 1666 2699 1738 operit
2721 1664 3170 1722 multitudinem
3202 1663 3601 1734 peccatorum.

2218 1758 2433 1813 Charos
2463 1773 2632 1812 nemo
2662 1772 2800 1812 suos
2823 1754 3049 1810 Christo
3080 1764 3418 1823 praeponere
3449 1747 3642 1804 debet.

2789 1842 3015 1898 CAPUT
3059 1841 3153 1896 XI.

2215 1937 2464 1991 Laetetur
2494 1949 2592 1990 cor
2622 1932 3011 2004 quaerentium
3044 1927 3380 1985 Dominum.

2217 2022 2529 2079 Laetabitur
2550 2023 2751 2093 justus
2783 2020 2841 2074 in
2874 2019 3121 2075 Domino
3151 2021 3208 2074 et
3230 2013 3492 2089 sperabit
3522 2015 3582 2070 in
3615 2030 3704 2084 eo,
3738 2018 3794 2070 et

2143 2112 2543 2169 laudabuntur
2573 2127 2776 2166 omnes
2807 2108 2948 2166 recti
2973 2108 3163 2163 corde.

2215 2203 2338 2258 Lux
2367 2205 2493 2256 orta
2512 2203 2619 2266 est,
2627 2201 2812 2270 justo,
2846 2201 2902 2254 et
2932 2197 3107 2253 rectis
3138 2195 3309 2251 corde
3339 2192 3557 2249 laetitia.

2221 2290 2491 2362 Lapidem
2523 2304 2699 2360 quem
2758 2287 3217 2359 reprobaverunt
3265 2283 3645 2350 aedificantes,
3703 2280 3798 2335 hic

2148 2381 2337 2436 factus
2370 2383 2459 2435 est
2488 2379 2546 2432 in
2581 2381 2757 2450 caput
2787 2375 3010 2446 anguli.

2220 2470 2360 2525 Lata
2387 2472 2445 2524 et
2473 2467 2730 2539 spatiosa
2759 2465 2851 2521 via
2882 2468 2971 2521 est
3000 2480 3126 2535 quae
3157 2461 3320 2518 ducit
3347 2461 3420 2516 ad
3455 2463 3723 2516 mortem.

2219 2561 2430 2613 Luceat
2458 2557 2559 2611 lux
2587 2560 2781 2610 vestra
2811 2570 3008 2609 coram
3052 2550 3418 2617 hominibus,
3469 2553 3534 2604 ut
3561 2547 3798 2604 videant

2148 2662 2323 2720 opera
2351 2651 2545 2701 vestra
2583 2646 2737 2700 bona
2765 2646 2823 2699 et
2870 2642 3199 2715 gloriﬁcent
3254 2643 3484 2696 Patrem
3538 2641 3796 2694 vestrum

2149 2736 2248 2808 qui
2278 2735 2336 2802 in
2371 2734 2528 2790 cmlis
2560 2738 2668 2789 est.

2218 2826 2328 2880 Lex
2358 2841 2458 2896 per
2489 2823 2725 2896 Moysen
2755 2822 2892 2876 data
2920 2822 3028 2888 est;
3055 2817 3246 2891 gratia
3265 2820 3322 2874 et
3339 2815 3553 2872 veritas
3575 2832 3677 2887 per
3697 2819 3800 2872 Je-

2149 2931 2280 2970 sum
2312 2913 2603 2968 Christum
2636 2911 2787 2966 facta
2817 2914 2923 2965 est.

2222 3004 2506 3060 Levemus
2538 3001 2715 3057 corda
2745 3002 2944 3055 nostra
2975 3013 3108 3052 cum
3141 2994 3416 3052 manibus
3449 2994 3521 3050 ad
3554 2997 3756 3050 Deum.

2223 3093 2333 3146 Leo
2360 3090 2599 3162 rugiens
2630 3093 2685 3144 et
2715 3104 2892 3144 ursus
2923 3085 3189 3142 esuriens
3221 3087 3311 3140 est
3366 3083 3637 3156 princeps
3683 3082 3796 3138 im-

2147 3180 2282 3252 pius
2313 3195 2490 3251 super
2519 3177 2801 3250 populum
2833 3191 3173 3248 pauperem.

2221 3269 2441 3339 Lingua
2472 3266 2827 3338 sapientium
2860 3268 3030 3320 ornat
3060 3261 3388 3319 scientiam.

2224 3358 2473 3428 Lampas
2490 3358 2819 3426 contempta
2834 3353 2987 3425 apud
3012 3351 3396 3425 cogitationes
3426 3347 3675 3406 divitum
3700 3365 3794 3422 pa-

2151 3451 2277 3503 rata
2305 3451 2394 3501 est
2422 3447 2494 3501 ad
2525 3449 2758 3516 tempus
2790 3447 3100 3499 statutum.

2223 3536 2448 3608 Lingua
2477 3533 2780 3606 placabilis
2811 3532 3041 3605 lignum
3073 3530 3226 3586 vitae.

2224 3625 2445 3680 Laudet
2476 3627 2531 3678 te
2553 3622 2800 3693 alienus,
2833 3626 2888 3677 et
2918 3638 3034 3676 non
3065 3637 3130 3675 os
3162 3624 3351 3674 tuum.

2224 3711 2555 3787 Loquimini
2586 3711 2888 3767 veritatem
2915 3708 3327 3781 unusquisque
3369 3722 3504 3763 cum
3533 3704 3798 3778 proximo

2152 3820 2279 3870 suo,
2315 3801 2592 3874 quoniam
2623 3818 2831 3858 sumus
2859 3800 3111 3855 invicem
3146 3797 3434 3853 membra.

2225 3891 2440 3947 Littera
2467 3891 2700 3958 occidit,
2733 3889 2976 3962 spiritus
3004 3893 3202 3945 autem
3234 3885 3512 3942 vivificat.

2223 3981 2420 4052 Lupus
2451 3979 2765 4035 adveniens
2800 3978 3020 4034 indicat
3041 3993 3156 4049 quo
3188 3974 3386 4030 animo
3410 3971 3664 4045 quilibet
3694 3989 3801 4045 pa-

2154 4072 2272 4126 stor
2302 4084 2477 4140 super
2508 4067 2700 4139 gregis
2732 4066 3058 4123 custodiam
3091 4064 3306 4121 stabat.

2223 4157 2490 4212 Ducerna
2513 4155 2768 4227 corporis
2800 4159 2888 4211 est
2918 4153 3163 4222 oculus;
3197 4152 3299 4208 lux
3352 4153 3549 4208 autem
3580 4147 3804 4207 mentis

2154 4244 2441 4318 sapientia
2471 4243 2812 4316 spiritualis.

2227 4335 2452 4407 Lingua
2481 4333 2531 4390 si
2561 4351 2678 4390 non
2710 4331 3104 4405 restringitur,
3151 4344 3528 4402 nequaquam
3566 4325 3669 4384 ubi
3710 4343 3803 4383 ce-

2155 4424 2296 4480 cidit
2321 4425 2499 4496 jacet,
2533 4424 2632 4479 sed
2666 4439 2896 4494 semper
2928 4422 3000 4477 ad
3033 4421 3322 4477 deteriora
3350 4417 3588 4475 labitur.

2227 4514 2443 4585 Laquei
2477 4511 2842 4569 inevitabiles
2889 4515 3034 4568 sunt
3063 4510 3156 4566 his
3217 4508 3406 4582 parati
3445 4507 3546 4580 qui
3575 4504 3805 4563 nullam

2076 4623 2124 4688 D
2155 4619 2355 4659 curam
2387 4602 2604 4658 habent
2624 4619 2726 4674 pro
2747 4617 2992 4658 suorum
3006 4598 3415 4656 emendatione
3430 4600 3804 4670 peccatorum

2230 4693 2522 4765 Lacrymze
2555 4690 2782 4748 veniam
2817 4708 2931 4747 non
2977 4688 3284 4761 postulant
3340 4688 3442 4743 sed
3481 4689 3802 4743 merentur.

2232 4781 2402 4850 Loca,
2435 4798 2540 4837 nec
2570 4798 2684 4837 non
2718 4779 2983 4852 regiones
3013 4777 3280 4850 plurima)
3311 4793 3346 4832 a
3386 4773 3612 4832 malitia
3632 4772 3805 4830 inha-

2159 4869 2471 4926 bitantium
2503 4869 2564 4925 in
2594 4870 2678 4926 eis
2714 4867 2949 4942 penitus
2981 4872 3123 4924 sunt
3153 4869 3489 4924 destructas.

2224 4959 2411 5015 Labor
2439 4958 2743 5032 improbus
2773 4957 2974 5014 omnia
3000 4955 3195 5013 vincit.

2227 5048 2442 5104 Laudis
2472 5048 2742 5104 humanae
2775 5046 2982 5104 avidus
3014 5045 3222 5102 divinae
3253 5039 3658 5101 retributionis
3678 5041 3812 5096 des-

2155 5137 2298 5210 picit
2330 5154 2566 5193 munus.

2224 5227 2411 5282 Labor
2439 5226 2716 5283 assiduus
2747 5225 3008 5283 carnales
3039 5223 3316 5298 deprimit
3339 5225 3539 5280 astus.

2227 5317 2498 5388 Languor
2526 5315 2800 5373 insolitus
2830 5316 3138 5374 insolitum
3167 5315 3345 5372 etiam
3377 5309 3681 5371 medicina
3711 5322 3811 5383 ge.

2155 5423 2268 5462 nus
2299 5405 2524 5477 quaerit.

2228 5495 2396 5550 Liber
2424 5499 2513 5551 est
2541 5495 2825 5554 dicendus
2855 5496 2916 5553 in
2947 5512 3064 5569 quo
3099 5494 3327 5552 nullum
3350 5487 3810 5566 regnatvitinm.

2226 5584 2398 5652 Laeta,
2460 5586 2647 5658 magis
2704 5602 2884 5658 quam
2939 5584 3133 5645 tristia
3185 5584 3479 5658 quosdam
3527 5578 3812 5640 homines

2154 5679 2561 5748 corrumpunt.
