4108 6188
210 394 334 456 3η

1455 399 1689 461 LIBER
1732 399 2383 467 PROVERBIORUM.

3506 407 3626 470 318

282 529 481 603 Longo
511 544 627 586 usu
657 528 1001 589 discendum
1036 534 1126 588 est
1166 531 1307 604 quid
1351 531 1563 605 cuique
1605 531 1765 604 loqui
1804 537 1861 589 et
1886 533 1942 602 Α
2039 534 2243 593 Melior
2262 540 2349 593 est
2373 536 2653 609 iniquitas
2668 535 2775 592 viri
2800 552 2976 609 quam
2994 534 3364 594 benefaciens
3385 535 3621 594 mulier.

205 624 399 677 tacere
430 619 753 675 conveniat.

279 709 537 766 Lucrum
564 713 739 781 turpe
774 713 840 765 ut
870 710 1154 766 damnum
1184 710 1389 785 fugito.

278 800 537 855 Lucrum
569 799 697 855 sine
729 801 942 855 damno
976 799 1214 856 alterius
1245 800 1369 856 fieri
1399 817 1514 857 non
1546 804 1753 873 potest.

279 888 448 944 Levis
479 892 658 960 atque
687 886 1031 945 inconstans
1061 887 1141 943 nil
1175 888 1377 946 avibus
1407 890 1618 946 differt.

279 976 569 1033 Libidinis
600 977 859 1050 impetus
887 978 1254 1035 abstinentiae
1285 978 1518 1050 expellit
1545 978 1752 1035 virtus.

276 1067 439 1123 Licet
485 1065 687 1122 multis
740 1066 857 1122 vita
904 1071 1008 1123 tua
1056 1067 1304 1139 placeat,
1338 1068 1445 1124 tibi
1474 1067 1701 1140 placere
1744 1084 1860 1125 non

202 1156 401 1212 debet.

200 1245 503 1301 Latentem
553 1244 888 1317 superbiam
932 1243 1019 1301 nil
1069 1245 1257 1317 magis
1306 1244 1641 1318 comprimit
1680 1262 1857 1319 quam

202 1333 381 1406 culpa
410 1338 635 1406 patens.

274 1421 508 1496 Lapsus
538 1424 929 1495 quorumdam
958 1427 1122 1480 tanto
1153 1423 1468 1480 ferventius
1497 1423 1630 1481 illos

275 1513 367 1568 Ad
400 1512 642 1568 meliora
673 1512 852 1568 trahit
882 1516 1103 1585 quanto
1135 1514 1333 1584 pejora
1358 1516 1688 1585 patrarunt.

276 1601 556 1657 Lascivus
578 1601 817 1671 juvenis
844 1605 974 1673 eget
1003 1604 1071 1657 ut
1101 1601 1303 1657 crebro
1333 1606 1660 1658 moneatur.

271 1690 453 1762 Leges
483 1690 763 1761 antiquas
797 1705 869 1747 ne
895 1690 1382 1762 transgrediendo
1417 1690 1691 1748 resolvas.

274 1779 502 1835 Laudat
533 1778 645 1836 rite
676 1784 854 1835 Deum
881 1780 981 1852 qui
1010 1795 1140 1835 vere
1172 1779 1366 1852 diligit
1396 1780 1588 1836 illum.

274 1868 504 1941 Lingua
533 1868 641 1923 viri
681 1884 809 1940 quae
840 1869 918 1924 sit
946 1867 1229 1940 patientia
1256 1868 1456 1924 debita
1484 1870 1709 1941 pandit,

272 1957 471 2013 Laude
502 1962 704 2014 manet
732 1957 948 2030 dignus
978 1957 1078 2029 qui
1110 1957 1320 2013 nititur
1347 1974 1476 2014 esse
1504 1957 1814 2031 benignus.

273 2048 537 2119 Languet
563 2046 655 2102 vis
686 2048 901 2104 mentis
930 2047 1114 2103 nimia
1145 2047 1499 2119 pinguedine
1536 2049 1777 2105 ventris.

261 2136 391 2193 Lux
420 2140 637 2192 eterna
666 2134 805 2208 piis,
836 2137 1087 2192 tenebras
1111 2140 1262 2192 sunt
1291 2152 1523 2209 semper
1558 2137 1780 2209 iniquis

264 2225 462 2280 Lectio
497 2230 836 2281 sanctorum
870 2225 1049 2281 nimis
1077 2229 1166 2281 est
1214 2226 1518 2298 pensanda
1542 2225 1848 2284 librorum.

262 2312 527 2370 Lumbos
552 2313 859 2387 praecingit
897 2313 999 2386 qui
1029 2314 1225 2371 carnis
1251 2317 1388 2370 vota
1417 2313 1767 2387 restringit-

829 2455 1064 2514 CAPUT
1096 2450 1214 2513 XII.

258 2584 507 2655 Magnus
541 2581 822 2638 Dominus
854 2586 1071 2649 noster,
1095 2586 1152 2638 et
1182 2597 1398 2655 magna
1422 2583 1610 2640 virtus
1640 2584 1854 2655 ejus,et

187 2671 490 2744 sapientiae
522 2671 651 2741 ejus
686 2688 800 2727 non
826 2676 920 2728 est
950 2687 1255 2727 numerus.

256 2760 509 2833 Magnus
542 2760 830 2817 Dominus
858 2764 916 2816 et
942 2759 1258 2817 laudabilis
1288 2759 1489 2825 nimis,
1522 2764 1580 2817 et
1622 2761 1850 2834 magni-

187 2848 413 2906 tudinis
441 2851 578 2921 ejus
610 2866 729 2905 non
755 2852 847 2905 est
878 2848 1033 2905 ﬁnis.

259 2937 661 2995 Misericordia
690 2937 927 2999 Domini
954 2937 1125 3010 plena
1157 2941 1245 2994 est
1274 2941 1446 2995 terra.

262 3026 552 3084 Mirabilis
582 3031 736 3084 Deus
763 3027 826 3082 in
857 3028 1077 3085 sanctis
1109 3027 1254 3084 suis.

263 3117 476 3190 Magna
505 3134 682 3190 opera
708 3116 940 3174 Domini
970 3116 1259 3189 exquisita
1278 3116 1338 3173 in
1369 3133 1573 3174 omnes
1592 3117 1855 3173 volunta-

185 3212 277 3263 tes
308 3208 457 3278 ejus.

2042 626 2250 682 Melius
2280 630 2369 683 est
2396 626 2695 683 humiliari
2725 642 2857 683 cum
2888 625 3130 682 mitibus
3159 642 3337 699 quam
3368 626 3621 684 dividere

1972 714 2157 787 spolia
2187 732 2320 771 cum
2352 715 2638 788 superbis.

2043 803 2267 860 Musica
2294 806 2354 861 in
2384 803 2565 870 luctu,
2598 804 2934 876 importuna
2964 804 3239 859 narratio.

2041 894 2249 950 Melius
2273 898 2362 951 est
2382 894 2465 950 ire
2498 894 2568 950 ad
2593 893 2834 949 domum
2857 894 3049 950 luctus
3072 909 3249 964 quam
3272 893 3345 950 ad
3370 895 3613 951 domum

1971 981 2233 1038 convivii.

2042 1071 2250 1127 Melius
2280 1075 2369 1128 est
2416 1090 2449 1128 a
2495 1071 2756 1144 sapiente
2786 1069 3000 1140 corripi
3031 1085 3209 1142 quam
3243 1085 3276 1125 a
3303 1070 3619 1127 stultorum

1970 1161 2307 1217 adulatione
2338 1160 2545 1233 decipi.

2040 1249 2195 1305 Mors
2218 1254 2274 1305 et
2299 1250 2420 1304 vita
2450 1249 2507 1303 in
2542 1248 2817 1305 manibus
2850 1246 3087 1319 linguai.

2042 1337 2322 1394 Memoria
2342 1337 2492 1409 justi
2511 1354 2645 1393 cum
2674 1337 3037 1405 laudibus,et
3058 1352 3273 1393 nomen
3302 1334 3620 1409 impiorum

1970 1430 2283 1499 putrescat.

1964 1560 1965 1563 η
2040 1515 2329 1573 Memento
2360 1516 2648 1572 Creatoris
2678 1515 2765 1571 tui
2795 1516 2854 1570 in
2885 1514 3094 1571 diebus
3117 1514 3448 1586 juventutis
3479 1518 3615 1571 tuas.

2040 1605 2382 1661 Maledictus
2413 1605 2586 1661 homo
2618 1606 2718 1677 qui
2750 1604 2884 1661 facit
2913 1598 3061 1677 opus
3104 1603 3205 1660 Dei
3233 1603 3614 1677 negligenter.

2038 1693 2241 1751 Militia
2270 1700 2359 1751 est
2382 1694 2501 1750 vita
2515 1693 2775 1750 hominis
2801 1708 2976 1766 super
3001 1696 3302 1761 terram,et
3322 1693 3475 1749 sicut
3494 1692 3618 1750 dies

1966 1783 2309 1841 mercenarii
2341 1783 2465 1839 dies
2494 1783 2643 1854 ejus.

2039 1873 2295 1929 Mundus
2327 1873 2540 1929 transit
2569 1876 2629 1929 et
2665 1870 3137 1944 concupiscentia
3170 1870 3339 1943 ejus;
3367 1870 3467 1942 qui
3515 1887 3617 1927 au-

1960 1966 2079 2020 tem
2113 1963 2252 2018 facit
2279 1961 2646 2018 voluntatem
2675 1960 2777 2017 Dei
2810 1964 3009 2016 manet
3049 1961 3108 2016 in
3168 1964 3469 2016 aeternum.

2034 2052 2328 2109 Modicum
2361 2052 2715 2107 fermentum
2746 2054 2929 2106 totam
2959 2064 3217 2106 massam
3268 2048 3610 2121 corrumpit.

2032 2141 2283 2198 Multum
2314 2139 2465 2197 valet
2492 2139 2822 2212 deprecatio
2847 2138 2997 2210 justi
3020 2138 3276 2196 assidua.

2033 2230 2242 2287 Melius
2276 2234 2365 2286 est
2396 2230 2615 2285 nubere
2638 2244 2815 2302 quam
2847 2230 2959 2285 uri.

2042 2320 2254 2377 Melius
2284 2323 2374 2376 est
2401 2336 2519 2375 non
2566 2318 2782 2375 habere
2812 2316 2965 2391 quod
2995 2315 3244 2384 tribuas,
3278 2329 3458 2388 quam
3488 2314 3606 2373 im-

1959 2410 2246 2483 pudenter
2274 2412 2468 2481 petere
2506 2409 2661 2480 quod
2707 2409 2829 2464 des.

2030 2498 2240 2555 Melius
2272 2502 2361 2554 est
2390 2498 2538 2553 bene
2564 2495 2718 2551 vinci
2745 2510 2923 2567 quam
2955 2493 3106 2550 male
3135 2493 3386 2551 vincere.

2029 2586 2233 2643 Melius
2264 2590 2353 2643 est
2381 2585 2596 2642 habere
2626 2584 2825 2641 omnia
2854 2585 3007 2640 bona
3035 2582 3267 2639 minora
3291 2596 3468 2654 quam
3492 2596 3613 2637 ma-

1959 2694 2141 2751 gnum
2173 2677 2395 2734 bonum
2429 2691 2561 2731 cum
2591 2690 2806 2747 magno
2841 2672 3016 2729 malo.

2032 2765 2241 2822 Melius
2296 2769 2386 2821 est
2441 2763 2827 2820 rusticitatem
2882 2764 3146 2819 sanctam
3176 2759 3390 2816 habere
3423 2773 3605 2843 quam

1959 2853 2353 2927 eloquentiam
2383 2851 2786 2926 peccatricem.
3184 2874 3187 2875 ν

2031 2943 2241 2999 Melius
2254 2947 2345 2999 est
2362 2942 2526 3013 prius
2545 2942 2730 2997 facere
2754 2940 2909 3014 quod
2923 2939 3393 3011 convenit,quam
3409 2940 3610 3010 postea

1960 3032 2101 3089 mali
2126 3031 2261 3087 facti
2291 3030 2647 3103 poenitearis.

2026 3120 2236 3177 Melius
2267 3124 2357 3176 est
2384 3119 2573 3175 facere
2619 3118 2931 3175 divortium
2964 3132 3097 3175 cum
3142 3116 3379 3173 homine
3428 3129 3606 3187 quam

1960 3225 2095 3267 cum
2122 3209 2261 3265 Deo.

262 3296 663 3352 Misericordia
691 3294 923 3352 Domini
955 3295 1028 3351 ab
1057 3298 1268 3351 aeterno
1298 3299 1356 3352 et
1383 3312 1569 3368 usque
1598 3296 1659 3352 in
1688 3300 1848 3354 aeter-
1878 3264 1922 3343 (ἶ
2031 3298 2402 3355 Mendacium
2434 3313 2549 3353 non
2579 3300 2689 3364 est,
2708 3311 2842 3351 cum
2872 3294 2945 3349 de
2966 3291 3606 3349 rebusinsensibilibus

188 3401 339 3441 num
372 3400 557 3457 super
582 3385 860 3441 timentes
890 3401 1046 3440 eum.

258 3474 639 3530 Mutuabitur
656 3478 940 3546 peccator,
967 3478 1025 3531 et
1046 3490 1163 3530 non
1194 3473 1406 3543 solvet;
1431 3475 1635 3546 justus
1654 3477 1848 3531 autem

187 3562 580 3619 miserebitur
610 3567 662 3619 et
688 3563 921 3620 tribuet.

256 3652 727 3709 Misericordiam
757 3658 816 3709 et
842 3652 1151 3709 veritatem
1184 3648 1378 3725 diligit
1406 3651 1584 3708 Deus.

263 3741 460 3797 Multae
494 3742 904 3799 tribulationes
922 3744 1242 3814 justorum,
1269 3746 1327 3798 et
1357 3741 1427 3797 de
1458 3741 1731 3798 omnibus
1756 3742 1850 3799 his

189 3829 462 3887 liberabit
493 3848 593 3888 eos
622 3831 931 3888 Dominus.

271 3920 454 3976 Multa
502 3920 735 3994 ﬂagella
778 3922 1120 3994 peccatoris,
1171 3924 1504 3994 sperantem
1554 3924 1749 3977 autem
1790 3922 1850 3977 in

192 4010 439 4067 Domino
470 4010 878 4067 misericordia
902 4010 1313 4068 circumdabit.

261 4100 414 4155 Mors
443 4104 818 4173 peccatorum
850 4101 1194 4173 pessima,et
1215 4099 1314 4172 qui
1347 4100 1597 4156 oderunt
1616 4100 1850 4172 justum

191 4187 553 4261 delinquont.

259 4275 471 4333 Melius
495 4282 585 4334 est
605 4277 905 4335 modicum
930 4278 1094 4349 justo
1126 4293 1304 4349 super
1323 4276 1557 4334 divitias
1588 4281 1849 4351 peccato-

191 4382 327 4422 rum
356 4366 595 4424 multas.

258 4456 566 4511 Miserator
594 4460 654 4512 et
684 4455 1019 4512 misericors
1051 4454 1594 4528 Dominus,patiens
1615 4459 1673 4513 et
1705 4456 1851 4512 mul-

188 4546 321 4600 tum
358 4544 712 4601 misericors.

1960 3388 2130 3461 quasi
2159 3388 2230 3443 de
2260 3384 2636 3442 sensibilibus
2675 3383 2917 3454 mystice
2945 3381 3263 3453 loquimur.

2030 3476 2179 3533 Male
2226 3476 2544 3532 Sabbatum
2597 3471 2850 3529 celebrat
2878 3470 2979 3542 qui
3033 3488 3067 3525 a
3122 3468 3292 3525 bonis
3327 3466 3601 3540 operibus

1958 3571 2144 3624 vacat.

2032 3657 2242 3728 Magna
2273 3671 2408 3726 pars
2434 3649 2831 3724 intelligentiae
2862 3648 3011 3704 scire
3042 3647 3183 3719 quid
3213 3643 3463 3702 nescias.

2030 3744 2364 3801 Mirandum
2385 3740 2564 3798 simul
2594 3742 2650 3796 et
2677 3737 2995 3794 dolendum
3026 3735 3179 3808 quod
3213 3732 3608 3808 plures,quasi

1960 3833 2214 3907 religiosi
2249 3850 2277 3889 a
2311 3832 2457 3888 cibis
2489 3828 2846 3901 quibusdam
2868 3825 3250 3893 abstinentes,
3283 3838 3418 3880 mox
3434 3820 3607 3894 quasi

1961 3922 2225 3980 scelerati
2249 3920 2502 3994 pessima
2516 3934 2762 3992 quaeque
2780 3916 2941 3973 omni
2961 3915 3133 3970 modo
3155 3913 3394 3970 student
3414 3925 3609 3984 agere.

2032 4012 2364 4069 Mirandum
2422 4008 2856 4079 dolendumque
2906 4003 3294 4060 nihilominus
3351 4005 3408 4057 et
3462 3998 3608 4055 illud

1961 4102 2118 4175 quod
2149 4099 2411 4173 plurimi,
2442 4095 2794 4153 simulantes
2815 4110 2878 4150 se
2908 4110 3011 4166 pro
3044 4095 3413 4166 peccatorum
3446 4088 3611 4154 venia

1958 4191 2196 4248 visitare
2242 4192 2446 4246 sancta
2473 4191 2529 4242 et
2558 4184 2761 4258 procul
2809 4183 3001 4256 posita
3042 4182 3187 4248 loca,
3221 4196 3356 4237 cum
3390 4178 3609 4235 fuerint

1959 4280 2173 4336 reversi
2200 4278 2389 4334 multo
2422 4276 2651 4348 pejores
2677 4275 2827 4329 ﬁunt
2856 4288 3036 4345 quam
3068 4274 3259 4327 antea.

2027 4368 2211 4425 Morbi
2241 4368 2438 4440 plures
2468 4382 2537 4421 ex
2566 4365 2874 4420 saturitate
2904 4360 3089 4417 nimia
3134 4359 3427 4415 eveniunt.

2028 4459 2217 4514 Mores
2245 4460 2304 4512 et
2333 4455 2531 4511 studia
2560 4457 2851 4510 rectorum
2896 4454 2953 4507 et
2980 4451 3379 4522 subjectorum
3410 4444 3603 4517 quali-

1956 4552 2073 4605 tate
2102 4545 2517 4618 inspiciuntur.

262 4634 544 4705 Majorem
576 4634 925 4691 charitatem
973 4650 1143 4691 nemo
1172 4634 1350 4691 habet
1397 4651 1575 4706 quam
1624 4638 1690 4691 ut
1718 4636 1842 4693 ani-
1876 4644 1922 4711 1)
2023 4635 2454 4693 Malecictiones
2487 4649 2614 4705 qum
2647 4632 2703 4686 in
2726 4629 3020 4703 proximos
3040 4626 3395 4699 diriguntur,
3409 4624 3469 4679 in
3489 4638 3608 4679 ma-

190 4738 357 4779 mam
390 4737 557 4781 suam
589 4727 768 4795 ponat
796 4723 929 4798 quis
959 4740 1063 4796 pro
1092 4723 1298 4780 amicis
1328 4724 1475 4779 suis.

256 4811 435 4871 Multi
467 4818 610 4870 sunt
635 4814 847 4885 vocati,
881 4814 1051 4886 pauci
1076 4830 1211 4869 vero
1242 4812 1436 4870 electi.

260 4903 476 4960 Messis
502 4904 738 4977 quidem
771 4903 978 4976 multa,
1011 4903 1260 4977 operarii
1292 4908 1486 4960 autem
1517 4904 1708 4977 pauci.

252 4992 660 5050 Mercenarius
687 4993 846 5050 videt
868 4993 1078 5066 lupum
1127 4993 1477 5063 venientem,
1517 4998 1575 5051 et
1605 4994 1849 5051 dimittit

182 5097 325 5138 oves
361 5085 421 5138 et
440 5082 609 5156 fugit.

254 5170 472 5228 Melior
491 5176 589 5229 est
619 5171 950 5243 obedientia
979 5188 1159 5245 quam
1189 5171 1460 5229 victimae.

254 5258 505 5318 Meliora
530 5264 672 5319 sunt
698 5260 940 5319 vulnera
969 5262 1270 5335 diligentis
1300 5279 1478 5337 quam
1510 5261 1847 5320 fraudulens

172 5356 240 5407 ta
273 5351 486 5407 oscula
517 5351 793 5408 odientis.

248 5438 464 5497 Melior
492 5446 582 5498 est
608 5440 839 5515 patiens
866 5440 987 5498 viro
1040 5440 1207 5513 forte,
1259 5446 1317 5498 et
1358 5441 1459 5514 qui
1510 5441 1845 5498 dominatur

167 5529 397 5588 animo
424 5547 525 5588 suo
557 5533 954 5603 expugnatore
979 5530 1237 5588 urbium.

240 5618 465 5677 Melior
476 5623 574 5678 est
592 5618 864 5678 bucaella
878 5621 1040 5678 sicca
1055 5636 1189 5680 cum
1202 5620 1416 5695 gaudio
1435 5634 1612 5693 quam
1631 5619 1842 5676 domus

163 5709 367 5783 plena
394 5709 650 5770 victimis
679 5722 816 5768 eum
843 5710 1061 5784 jurgio.

1969 4726 2286 4783 ledicentes
2316 4722 2591 4796 primitus
2626 4723 2951 4775 vertuntur.

2032 4820 2192 4871 Mens
2217 4811 2550 4868 visibilibus
2583 4810 2822 4875 intenta,
2856 4806 3050 4861 videre
3076 4798 3610 4860 nescitinvisibilia.

2034 4904 2256 4975 Majora
2284 4900 2533 4957 crimina
2561 4903 2618 4953 et
2645 4897 2810 4952 tarde
2855 4895 3146 4952 credenda
3171 4896 3314 4950 sunt
3341 4907 3476 4947 cum
3506 4906 3611 4945 au-

1957 4993 2221 5063 diuntur,
2278 4996 2336 5048 et
2365 4989 2540 5046 citius
2592 4986 2892 5060 punienda
2928 5001 3064 5041 cum
3112 4982 3390 5040 veraciter
3420 4994 3604 5053 agno-

1958 5087 2224 5140 scuntur.

2022 5170 2294 5230 Mundari
2343 5170 2638 5226 doctorem
2694 5165 2859 5238 prius
2915 5166 3164 5236 oportet,
3215 5164 3273 5217 et
3331 5160 3415 5218 sic
3457 5158 3603 5216 alios

1954 5263 2241 5319 mundare
2269 5259 2440 5315 valet.

1952 5349 2225 5408 Meretrix
2256 5353 2312 5405 et
2340 5346 2653 5420 prudentia
2700 5342 2997 5401 saecularis
3040 5342 3098 5397 in
3148 5338 3416 5412 pluribus
3463 5352 3607 5393 coae-

1952 5444 2210 5513 quantur
2238 5436 2510 5510 peccatis.

2020 5527 2287 5586 Monachi
2335 5529 2393 5582 et
2438 5522 2633 5580 clerici
2682 5522 2983 5579 saecularia
3032 5520 3262 5595 negotia
3290 5517 3472 5575 vitare
3501 5518 3601 5574 de-

1951 5618 2231 5765 belltlitanus
2261 5719 2586 5780 pauperum
2611 5700 3093 5778 gazophylacium
3130 5701 3346 5761 Christi
3376 5704 3485 5758 est.
