4098 6172
507 329 625 392 319

1514 346 1856 410 0THLONI
1903 351 2253 415 MONACHl
2303 359 2363 415 S.
2416 354 2901 418 EMMEIIAMMI

3792 363 3913 423 320

580 462 771 518 Mollis
801 469 857 520 et
886 466 1228 542 dissolutus,
1261 489 1375 529 non
1408 474 1510 543 vir,
1544 480 1645 534 sed
1695 481 1906 537 mulier
1961 483 2152 540 dicen-
2179 488 2234 552 Α
2335 485 2459 541 Noli
2487 487 2774 561 negligere
2801 488 3175 561 disciplinam
3203 489 3529 562 Domini,et
3555 508 3628 547 ne
3649 492 3908 566 fatigeris

508 551 620 606 dus
653 557 758 606 est.

578 641 956 708 Mulier,dans
988 662 1224 718 operam
1254 652 1474 722 virtuti,
1509 657 1595 712 vir
1623 664 1815 730 potest
1837 662 1969 717 dici.

575 729 882 787 Mulierum
913 734 1096 791 virtus
1128 739 1315 809 prima
1348 748 1404 796 et
1435 729 1688 803 maxima
1717 755 1805 805 est
1853 753 2150 821 pudicitia.

577 819 788 890 Magna
827 826 1109 881 securitas
1141 834 1229 883 est
1262 832 1451 888 cordis
1483 835 1669 892 aliena
1715 857 1827 895 non
1854 819 2151 914 appetere.

575 907 770 964 Militis
802 912 1115 982 cujuslibet
1139 917 1416 976 fortitudo
1441 939 1554 979 non
1585 907 1919 997 agnoscitur
1939 907 2060 987 .nisi
2089 934 2147 987 in

506 996 678 1053 bello.

577 1087 793 1143 Malum
827 1106 929 1161 pro
953 1093 1105 1148 malo
1140 1097 1378 1154 reddere
1410 1106 1496 1156 est
1527 1103 1850 1163 humanum
1881 1127 1892 1176 ;
1927 1110 2150 1167 malum

501 1192 633 1231 vero
657 1195 758 1248 pro
790 1180 940 1236 bono
972 1183 1345 1242 diabolicum.

575 1265 727 1322 Mala
777 1286 933 1325 mors
973 1275 1233 1342 putanda
1296 1295 1410 1332 non
1457 1287 1563 1350 cst,
1616 1301 1789 1356 quam
1839 1289 1990 1344 bona
2037 1291 2154 1346 vita

505 1357 817 1422 praecessit.

574 1443 762 1500 Malus
794 1448 891 1501 ubi
927 1466 987 1504 se
1019 1451 1257 1508 simulat
1287 1456 1529 1526 bonum,
1575 1462 1651 1516 ibi
1699 1468 1785 1518 est
1834 1469 2151 1541 pessimus_

577 1533 729 1588 Mala
760 1538 1115 1596 conscientia
1142 1561 1445 1617 nunquam
1479 1553 1796 1621 requiescit
1826 1571 2050 1612 secura.

576 1622 723 1678 Male
767 1625 1109 1696 imperando
1161 1650 1458 1690 summum
1495 1640 1806 1711 imperium
1839 1647 2148 1703 amittitur.

573 1711 792 1768 Merces
820 1731 1031 1787 magna
1064 1719 1239 1774 nimis
1272 1725 1535 1781 tradetur
1565 1731 1792 1787 cmlitus
1818 1733 1936 1788 illis

573 1800 679 1863 Qui
712 1819 815 1872 pro
837 1804 1072 1873 justitia
1102 1809 1409 1879 patiuntur
1456 1833 1700 1890 quaeque
1732 1823 1967 1893 pericla.

572 1891 831 1944 Mortuus
863 1893 996 1948 huic
1029 1899 1246 1953 mundo
1300 1901 1381 1955 nil
1415 1906 1523 1959 scit
1555 1908 1664 1963 nisi
1698 1891 1885 1968 vivere
1916 1915 2148 1972 Christo

575 1977 786 2047 Magna
816 1981 982 2050 quies
1012 1983 1192 2039 animi
1224 1988 1401 2046 vitare
1432 1996 1661 2066 negotia
1691 2002 1917 2056 mundi.

574 2065 855 2138 Magnum
889 2075 1181 2128 certamen
1205 2065 1530 2146 juvenilem
1558 2086 1785 2143 vincere
1818 2107 2074 2149 carnem.

571 2156 819 2211 Maxima
853 2158 915 2212 fit
943 2162 1145 2230 pestis,
1178 2181 1310 2221 cum
1345 2176 1542 2240 pastor
1572 2175 1680 2230 erit
1706 2180 1966 2247 puerilis.

571 2243 733 2302 Mens
764 2244 905 2302 levis
937 2266 1001 2304 ac
1034 2251 1258 2325 fragilis
1305 2258 1417 2314 cito
1467 2264 1684 2332 profert
1706 2243 1990 2326 scandala
2021 2289 2145 2328 car-

2009 2363 2143 2433 [nis.

571 2427 730 2481 Mens
762 2434 998 2485 assueta
1028 2432 1198 2488 malis
1228 2435 1321 2491 vix
1353 2439 1630 2511 eripietur
1660 2444 1731 2498 ab
1765 2445 1899 2502 illis.

573 2513 728 2568 Mors
759 2520 815 2570 et
845 2519 1089 2587 perditio
1121 2523 1366 2580 dicenda
1399 2533 1488 2583 est
1517 2547 1664 2586 caeca
1692 2533 1892 2590 libido.

571 2602 725 2656 Mors
758 2603 910 2658 mala
937 2606 1218 2676 vincetur,
1250 2613 1299 2667 si
1324 2616 1547 2686 jugiter
1575 2625 1708 2676 ante
1739 2623 1997 2681 timetur.

571 2689 682 2744 Mel
707 2691 1027 2750 invenisti?
1059 2697 1350 2759 Quantum
1383 2705 1489 2760 tibi
1521 2709 1757 2781 sufficit,
1792 2719 1934 2770 esto.

569 2779 820 2836 Maxime
851 2787 1227 2855 quaerendum
1277 2795 1430 2864 quod
1480 2812 1709 2870 semper
1739 2779 1847 2858 erit
1889 2806 2140 2862 retinen-

1955 2894 2141 2966 [dum.

1091 2966 1320 3025 CAPUT
1361 2972 1508 3028 XIII.

565 3047 733 3104 Novit
766 3051 1044 3110 Dominus
1073 3055 1226 3112 viam
1249 3059 1573 3133 justorum,
1609 3070 1664 3121 et
1686 3067 1794 3124 iter
1823 3070 2140 3143 impiorum

492 3137 726 3208 peribit.

2264 591 2397 630 cum
2429 578 2498 632 ab
2529 595 2593 632 eo
2627 580 2908 650 argueris.

2333 665 2457 720 Noli
2491 683 2732 738 arguere
2763 670 3102 738 derisorem,
3134 687 3204 723 ne
3234 669 3419 724 oderit
3459 672 3553 738 te;
3589 686 3772 742 argue
3809 690 3904 728 sa-

2263 753 2538 824 pientem,
2573 762 2628 812 et
2660 758 2850 829 diligit
2879 764 2952 814 te.

2333 843 2414 898 Ne
2443 861 2638 900 coram
2662 863 2808 901 cazco
2842 865 3024 918 ponas
3055 847 3493 903 offendiculum.

2333 952 2456 1006 Non
2489 957 2577 1008 est
2599 953 2986 1024 homojustus
3011 971 3188 1025 super
3212 958 3451 1021 terram,
3480 953 3580 1025 qui
3612 955 3783 1011 faciat
3805 957 3909 1010 bo-

2263 1057 2403 1095 num
2437 1046 2494 1096 et
2523 1059 2638 1097 non
2671 1049 2886 1114 peccet.

2333 1129 2715 1202 Novitjustus
2738 1133 3383 1204 animasjumentorum
3415 1148 3692 1200 suorum;
3717 1133 3909 1189 visce-

2261 1235 2326 1273 ra
2355 1224 2550 1275 autem
2584 1222 2899 1294 impiorum
2931 1222 3207 1278 crudelia.

2333 1308 2488 1362 Nihil
2521 1310 2578 1362 in
2610 1315 2766 1366 terra
2797 1311 2861 1366 ﬁt
2886 1311 3010 1366 sine
3033 1328 3232 1366 causa.

2332 1396 2454 1451 Non
2486 1399 2820 1470 agnoscitur
2847 1400 2906 1455 in
2929 1401 3098 1455 bonis
3130 1399 3377 1466 amicus,
3402 1416 3506 1455 nec
3529 1399 3908 1456 absconditur

2263 1483 2320 1539 in
2355 1487 2526 1541 malis
2559 1488 2852 1544 inimicus.

2333 1577 2499 1632 Novit
2532 1580 2814 1634 Dominus
2846 1579 2946 1650 qui
2980 1585 3120 1635 sunt
3149 1581 3295 1650 ejus.

2333 1666 2513 1722 Nemo
2548 1669 2703 1739 quod
2735 1686 2908 1724 suum
2941 1674 3031 1724 est
3079 1669 3484 1724 tantummodo
3531 1673 3766 1739 quaerat,
3800 1669 3903 1724 sed

2262 1757 2416 1826 quod
2447 1757 2706 1813 alterius.

2184 1862 2230 1926 B
2333 1846 2518 1901 Nolite
2551 1847 2771 1916 mirari,
2808 1847 2856 1902 si
2885 1848 3006 1904 odit
3032 1865 3133 1903 vos
3165 1849 3441 1902 mundus.

2330 1937 2453 1992 Non
2487 1937 2675 1992 solum
2708 1938 2788 1992 rei
2823 1943 2961 1992 sunt
3008 1938 3108 2009 qui
3149 1938 3370 1992 faciunt
3412 1936 3586 2003 mala,
3640 1939 3739 1992 sed
3807 1938 3912 2008 qui

2259 2027 2632 2082 consentiunt
2665 2027 3034 2082 facientibus.

2327 2115 2506 2170 Nemo
2538 2119 2728 2187 potest
2759 2115 2948 2171 dicere
2982 2133 2994 2171 :
3029 2116 3313 2171 Dominus
3343 2115 3658 2183 Jesus,nisi
3690 2115 3750 2170 in
3774 2115 3908 2187 Spi-

2257 2204 2374 2260 ritu
2408 2209 2626 2260 sancto.

2328 2294 2507 2349 Nemo
2534 2294 2930 2365 coronabitur,
2963 2295 3077 2350 nisi
3109 2295 3207 2366 qui
3241 2295 3500 2367 legitime
3540 2294 3863 2350 certaverit.

2325 2402 2524 2472 Neque
2545 2403 2643 2473 qui
2673 2402 2898 2473 plantat
2918 2420 3106 2475 neque
3125 2404 3224 2474 qui
3257 2404 3409 2475 rigat
3437 2407 3524 2458 est
3544 2401 3902 2472 aliquid,sed

2256 2490 2356 2561 qui
2390 2491 2813 2547 incrementum
2847 2494 2945 2548 dat
2977 2494 3148 2548 Deus.

2326 2579 2452 2635 Noli
2487 2580 2636 2635 vinci
2671 2598 2705 2635 a
2735 2581 2910 2647 malo,
2943 2584 3042 2638 sed
3075 2582 3239 2637 vince
3270 2582 3326 2637 in
3360 2581 3509 2637 bono
3541 2580 3788 2636 malum.

2301 2669 2512 2742 Nolite
2543 2669 2781 2741 diligere
2803 2672 3091 2726 mundum
3125 2688 3313 2742 neque
3334 2687 3400 2726 ea
3431 2687 3556 2742 qua:
3581 2671 3639 2726 in
3674 2673 3904 2727 mundo

2255 2763 2412 2814 sunt.

2323 2849 2448 2903 Non
2481 2849 2797 2922 diligamus
2817 2850 2992 2906 verba
3023 2866 3212 2922 neque
3243 2850 3462 2922 lingua,
3504 2850 3605 2904 sed
3639 2863 3816 2920 Opere
3849 2854 3910 2905 et

2251 2936 2514 2992 veritate.

2322 3026 2445 3080 Non
2477 3026 2795 3096 auditores,
2817 3029 2918 3084 sed
2951 3029 3197 3084 factores
3224 3028 3368 3100 legis
3389 3027 3906 3099 justiﬁcabuntur.

2321 3133 2445 3186 Non
2478 3138 2565 3188 est
2604 3151 2988 3206 personarum
3011 3141 3278 3208 acceptor
3294 3135 3483 3201 Deus;
3517 3135 3615 3190 sed
3649 3134 3708 3189 in
3735 3135 3906 3190 omni

560 3225 686 3282 Noli
715 3230 971 3287 aemulari
1007 3234 1064 3289 in
1100 3252 1164 3290 eo
1194 3239 1291 3308 qui
1322 3248 1701 3313 prosperat”
1730 3246 1787 3302 in
1819 3248 1910 3304 via
1940 3252 2134 3319 suada
2167 3231 2210 3299 ί]
2249 3222 2542 3319 gente-qui
2565 3224 2732 3279 timet
2755 3226 2932 3280 Deum
2952 3229 3008 3280 et
3027 3224 3602 3296 operaturjustitiam
3621 3229 3903 3296 acceptus

489 3313 727 3373 homine
755 3320 1000 3377 faciente
1031 3324 1372 3395 injustitias.

559 3405 684 3461 Non
715 3407 972 3465 salvatur
1002 3430 1100 3468 rex
1129 3433 1234 3488 per
1265 3419 1512 3476 multam
1543 3423 1836 3482 virtutem.

559 3495 749 3552 Nolite
782 3498 906 3554 fieri
939 3501 1090 3558 sicut
1120 3521 1307 3576 equus
1338 3513 1394 3563 et
1417 3511 1636 3580 mulus,
1662 3515 1874 3585 quibus
1907 3535 2022 3574 non
2047 3524 2134 3575 est

487 3581 838 3642 intellectus.

556 3673 744 3730 Nolite
794 3693 1027 3747 sperare
1078 3681 1136 3735 in
1185 3682 1517 3758 iniquitate,
1568 3694 1624 3744 et
1665 3693 1899 3764 rapinas
1955 3697 2132 3754 nolite

483 3765 915 3836 concupiscere.

554 3852 676 3907 Nisi
710 3853 991 3912 Dominus
1023 3861 1360 3918 custodierit
1389 3864 1702 3940 civitatem,
1734 3870 1953 3928 frustra
1984 3875 2127 3946 vigi-

484 3939 566 3996 lat
593 3944 694 4013 qui
725 3947 983 4000 custodit
1014 3964 1164 4002 eam.

553 4031 742 4087 Nolite
770 4035 1057 4092 confidere
1079 4037 1137 4092 in
1161 4039 1612 4114 principibus,in
1635 4047 1774 4104 filiis
1797 4050 2124 4125 hominum,

481 4117 541 4172 in
574 4120 790 4190 quibus
823 4140 937 4180 non
969 4128 1269 4195 est.salus.

550 4208 673 4264 Non
707 4208 765 4264 in
799 4211 920 4267 solo
951 4217 1282 4286 paanvivet
1313 4219 1509 4290 homo,
1532 4226 1630 4280 sed
1667 4227 1723 4281 in
1758 4231 1915 4285 omni
1949 4233 2123 4289 verbo

480 4300 632 4367 quod
664 4303 927 4370 procedit
958 4304 1027 4360 de
1060 4323 1156 4362 ore
1186 4308 1304 4364 Dei.

548 4386 726 4444 Nemo
758 4390 946 4447 bonus
971 4394 1082 4450 nisi
1115 4397 1274 4453 solus
1305 4401 1478 4456 Deus.

548 4477 670 4534 Nisi
703 4480 833 4550 quis
864 4489 1100 4540 renatus
1133 4488 1308 4544 fuerit
1336 4507 1404 4547 ex
1434 4510 1586 4565 aqua
1634 4499 1689 4550 et
1739 4497 1968 4569 spiritu,
2003 4517 2118 4558 non

476 4571 669 4638 potest
701 4569 938 4629 introire
969 4591 1214 4646 regnum
1247 4580 1363 4634 Dei.

546 4657 724 4715 Nemo
756 4667 945 4732 potest
974 4664 1201 4722 duobus
1234 4668 1487 4726 dominis
1519 4673 1753 4728 servire.

543 4748 993 4815 Nemo,mittens
1020 4772 1302 4812 manuum
1327 4777 1494 4815 suam
1517 4761 1576 4815 in
1606 4766 1866 4819 aratrum
1892 4769 1948 4821 et
1969 4768 2119 4839 aspi-

471 4836 629 4893 ciens
657 4845 830 4907 retro,
864 4848 1035 4913 aptus
1064 4851 1153 4900 est
1181 4863 1357 4918 regno
1390 4850 1510 4906 Dei.

537 4930 662 4980 Non
695 4933 884 4997 potest
913 4933 1085 4987 arbor
1114 4935 1268 4989 bona
1299 4938 1521 4994 fructus
1556 4942 1739 4996 malos
1772 4942 1976 5012 facere,
2013 4963 2085 5000 ne

469 5028 580 5083 que
610 5015 783 5070 arbor
815 5018 968 5074 mala
989 5020 1213 5076 fructus
1247 5025 1428 5081 bonos
1461 5028 1664 5085 facere.

538 5103 784 5161 Necesse
815 5113 902 5162 est
932 5113 995 5163 ut
1025 5112 1562 5182 veniant_scandala
1596 5137 1607 5184 ;
1658 5137 1736 5174 vae
1782 5126 1974 5178 autem
2009 5125 2107 5180 bo-

466 5193 610 5248 mini
639 5193 855 5267 illi_'per
884 5213 1059 5268 quem
1091 5202 1656 5270 scandalumjvenitl

533 5283 657 5339 Non
693 5290 782 5341 est
810 5287 1133 5359 discipulus
1161 5306 1339 5363 super
1363 5293 1730 5364 magistrum.

533 5372 686 5427 Nihil
744 5381 1010 5446 opertum
1045 5381 1199 5448 quod
1232 5397 1345 5435 non
1381 5382 1682 5450 reveletur,
1716 5392 1770 5443 et
1810 5391 2103 5448 occultum

463 5461 764 5531 quoddnon
797 5464 1034 5519 sciatur.

532 5549 655 5604 Non
687 5556 776 5606 est
806 5555 1074 5632 speciosa,
1095 5556 1224 5614 laus
1257 5559 1314 5614 in
1348 5577 1442 5615 ore
1475 5567 1790 5632 peccatoris

533 5639 614 5695 Ne
645 5641 840 5698 tardes
870 5646 1125 5702 converti
1158 5648 1230 5705 ad
1260 5647 1599 5709 Dominum.

2248 3316 2336 3366 est
2366 3311 2468 3366 illi.

2313 3401 2628 3473 Nunquam
2658 3407 2745 3458 est
2774 3419 2938 3458 amor
2971 3403 3066 3458 Dei
3095 3403 3336 3459 otiosus.

2314 3490 2516 3546 Nitens
2547 3492 2698 3547 cutis
2738 3493 3041 3548 sordidum
3073 3495 3433 3549 demonstrat
3458 3492 3746 3548 animum.

2313 3579 2468 3633 Nihil
2501 3579 2792 3636 infelicius
2825 3581 3099 3636 felicitate
3124 3582 3515 3653 peccantium.

2313 3667 2627 3740 Nunquam
2681 3675 2834 3725 Deus
2875 3675 3131 3726 mentem
3182 3670 3416 3737 deserit,
3471 3687 3596 3741 qua:
3656 3675 3908 3741 peccata

2241 3774 2350 3812 sua
2377 3760 2654 3814 veraciter
2685 3761 2970 3831 agnoscit.

2309 3846 2431 3900 Non
2464 3853 2552 3902 est
2583 3865 2788 3903 secura
2847 3849 3053 3905 laetitia
3101 3850 3160 3904 in
3193 3849 3407 3905 divinis
3437 3847 3667 3921 paginis
3702 3849 3908 3905 multa

2237 3949 2605 4005 cognoscere,
2641 3939 2738 3992 sed
2774 3939 3004 4009 cognita
3040 3940 3349 3994 custodire.

2306 4024 2463 4078 Nulli
2496 4027 2729 4097 prodest
2759 4028 2909 4082 tristi
2945 4027 3088 4083 facie
3137 4028 3448 4100 aliquando
3480 4027 3770 4099 incedere,
3796 4030 3905 4100 je-

2226 4113 2400 4183 junia
2431 4119 2745 4185 ostentare,
2781 4121 2837 4170 et
2868 4133 3001 4171 mox
3031 4116 3089 4170 in
3119 4117 3343 4172 deliciis
3375 4117 3582 4173 vivere.

2307 4202 2430 4256 Non
2465 4204 2632 4258 nobis
2666 4204 2884 4260 sufﬁcit
2915 4205 3240 4276 relinquere
3290 4211 3509 4274 nostra,
3559 4206 3672 4262 nisi
3706 4205 3899 4261 relin-

2233 4306 2487 4360 quamus
2521 4297 2575 4347 et
2609 4310 2735 4348 nos.

2302 4379 2425 4434 Non
2463 4381 2775 4437 multitudo
2809 4387 3204 4454 peccatorum,
3260 4385 3359 4440 sed
3393 4383 3662 4454 impietas
3696 4385 3898 4440 homi-

2231 4483 2364 4521 nem
2397 4469 2556 4523 ducit
2585 4470 2656 4524 ad
2686 4471 3171 4540 desperationem.

2298 4556 2480 4613 Nosse
2507 4562 2563 4612 et
2596 4576 2764 4629 posse
2792 4561 2942 4615 bona
2967 4563 3129 4632 prius
3151 4561 3447 4634 incognita
3469 4567 3642 4634 atque
3665 4563 3900 4635 impos-

2229 4644 2424 4700 sibilia
2455 4648 2819 4704 demonstrat
2857 4651 3054 4721 gratiaa
3087 4668 3349 4723 superna:
3377 4652 3550 4708 dona.

2299 4754 2422 4809 Non
2446 4760 2584 4810 sunt
2616 4759 3040 4814 contemnenda
3069 4759 3239 4830 quasi
3272 4777 3469 4831 parva,
3502 4761 3628 4816 sine
3659 4761 3897 4832 quibus

2227 4849 2495 4900 constare
2527 4861 2636 4900 nen
2669 4851 2918 4916 possunt
2949 4865 3180 4921 magna.

2293 4932 2448 4988 Nihil
2481 4939 2569 4989 est
2598 4938 2718 4989 tam
2750 4935 2915 4991 facile
2953 4939 3106 5008 quod
3140 4955 3253 4994 non
3285 4940 3386 4995 fiat
3415 4939 3670 5010 difficile,
3701 4940 3755 4996 si
3791 4941 3895 4998 in-

2221 5021 2376 5076 vitus
2409 5022 2608 5078 facias.

2291 5110 2471 5165 Nemo
2505 5111 2565 5166 in
2597 5110 2777 5167 alium
2810 5117 3159 5185 priusquam
3191 5115 3250 5170 in
3283 5117 3543 5189 seipsum
3574 5123 3804 5190 peccat.

2288 5197 2466 5254 Nemo
2496 5217 2557 5254 se
2586 5206 2918 5272 peccantem
2942 5205 3138 5260 credat
3159 5205 3288 5262 ideo
3312 5207 3676 5278 puniendum
3708 5211 3892 5280 quod

2218 5287 2661 5346 multitudinem
2713 5291 2978 5348 imitatur
3007 5297 3398 5366 peccantium.

2285 5377 2554 5448 Nequitia
2585 5380 2798 5437 diaboli
2821 5400 2946 5454 quae
2969 5384 3026 5440 in
3058 5385 3167 5441 Job
3197 5385 3378 5443 fuisse
3401 5386 3634 5459 legitur,
3660 5387 3892 5445 eadem

2212 5467 2270 5522 in
2304 5484 2506 5523 omnes
2538 5469 2804 5526 homines
2835 5473 2965 5545 erit,
2997 5475 3047 5529 si
3073 5478 3301 5530 tantum
3332 5477 3724 5547 permittatur.

2279 5574 2476 5631 Nescit
2504 5593 2651 5648 pene
2679 5579 2820 5650 quid
2853 5579 3018 5637 labor
3045 5581 3141 5653 sit,
3183 5583 3284 5654 qui
3317 5601 3619 5660 nunquam
3657 5589 3894 5646 contra

2205 5662 2538 5736 spirituales
2569 5668 2861 5738 nequitias
2892 5674 3112 5731 certare
3136 5673 3383 5732 studuit.
