4098 6172
445 265 560 325 323
1435 259 1777 321 OTHLONl
1823 257 2182 320 MONACHI
2229 257 2294 316 S.
2340 253 2828 316 EMMERAMMI
3733 250 3858 310 324

516 397 790 454 Otiositas
821 393 1059 450 inimica
1083 396 1171 450 est
1201 392 1430 450 animae.
2123 398 2177 462 Α
2276 387 2566 460 Princeps
2627 387 2728 460 qui
2795 386 3042 441 libenter
3099 383 3262 442 audit
3324 381 3500 439 verba
3543 381 3856 450 mendacii,

514 486 716 542 Omnis
747 485 872 539 dies
901 482 1057 536 velut
1087 481 1331 538 ultimus
1362 482 1702 537 tractandus
1733 485 1840 537 est.
2206 494 2409 532 omnes
2442 477 2742 532 ministros
2771 476 2946 532 habet
2971 473 3202 544 impios.

516 576 868 631 Ornamenta
899 571 1177 627 caelorum
1205 571 1452 627 virtutes
1485 574 1621 626 sunt
1638 568 2084 642 praedicantium
2267 566 2527 622 Perversi
2558 565 2794 621 difﬁcile
2831 564 3223 636 corriguntur.

515 663 749 720 Otiosus
772 664 858 715 est
888 677 1079 715 sermo
1111 659 1385 727 doctoris,
1419 659 1534 715 nisi
1564 658 1814 730 Spiritus
1847 660 2085 713 sanctus
2263 656 2496 710 Pondus
2530 659 2588 710 et
2624 655 3179 727 pondus,mensura,
3213 654 3270 705 et
3304 655 3853 720 mensura,utrum-

445 752 602 810 cordi
636 749 789 806 adsit
817 749 1130 805 audientis.
2207 760 2321 814 que
2355 742 2747 800 abominabile
2779 746 2868 800 est
2899 747 3030 798 ante
3059 741 3265 796 Deum.

523 840 793 896 Otiosum
823 839 1066 894 verbum
1116 842 1202 894 est
1232 838 1386 909 quod
1419 841 1521 893 aut
1551 836 1960 906 rationejustaa
1992 850 2087 889 ne-
2263 834 2369 888 Per
2398 851 2523 904 quae
2556 833 2689 904 quis
2721 837 2938 904 peccat,
2965 848 3065 902 per
3096 830 3215 884 hac
3236 832 3292 884 et
3320 832 3646 900 torquetur.

439 929 731 987 cessitatis
763 933 864 983 aut
895 928 1213 983 intentione
1244 927 1349 998 piae
1381 925 1649 981 utilitatis
1683 929 1856 980 caret.
2263 922 2511 978 Probata
2539 923 2727 976 virtus
2749 920 2990 992 corripit
3016 918 3377 990 insipientes.

510 1018 779 1074 Oratione
810 1017 1082 1074 continua
1114 1020 1464 1089 superantur
1492 1016 1651 1070 vitia.
2267 1011 2532 1067 Potentes
2554 1015 2818 1082 potenter
2848 1014 3140 1065 tormenta
3171 1007 3498 1080 patiuntur.

499 1109 649 1181 Opes
679 1111 939 1164 terrenas
960 1105 1221 1162 sitientes
1244 1105 1570 1177 spiritualia
1591 1105 1741 1160 dona
1776 1118 2080 1174 nunquam
2261 1101 2501 1172 Propter
2558 1103 2795 1172 peccata
2849 1098 3048 1172 populi
3107 1113 3350 1171 regnare
3382 1095 3519 1154 facit
3552 1096 3844 1154 Dominus

433 1202 732 1254 merentur
761 1195 1037 1266 accipere.
2189 1190 2554 1263 hypocritam

506 1285 708 1342 Omnis
738 1283 924 1356 gloria
954 1287 1010 1338 et
1037 1283 1223 1338 virtus
1254 1283 1314 1339 in
1345 1281 1781 1356 comparatione
1841 1279 2080 1350 majoris
2261 1279 2531 1335 Peccator
2558 1278 2644 1334 vel
2679 1293 2822 1350 puer
2849 1280 3082 1334 centum
3137 1290 3427 1331 annorum
3479 1273 3847 1331 maledictus

441 1375 635 1431 minus
667 1373 864 1430 claret.
2194 1368 2326 1424 erit.

512 1462 718 1519 Omnis
775 1461 970 1517 divina
1026 1460 1342 1533 percussio,
1431 1463 1532 1516 aut
1611 1458 1877 1532 purgatio
1953 1457 2079 1512 vita
2260 1457 2546 1529 Pugnabit
2575 1456 2732 1512 orbis
2763 1460 3049 1511 terrarum
3081 1458 3286 1512 contra
3311 1454 3665 1512 insensatos.

439 1552 742 1625 praesentis
765 1555 872 1619 est,
908 1553 1008 1606 aut
1036 1550 1273 1606 initium
1304 1566 1480 1623 paena)
1527 1549 1845 1620 sequentis.
2265 1547 2404 1604 Post
2435 1545 2940 1617 concupiscentias
2971 1548 3104 1602 tuas
3126 1561 3242 1602 non
3272 1560 3390 1602 eas.

512 1641 718 1697 Omino
751 1643 922 1707 errat,
957 1639 1053 1711 qui
1086 1656 1189 1712 per
1220 1657 1421 1711 pacem
1451 1643 1506 1694 et
1536 1639 1721 1694 otium
1752 1654 1814 1694 se
1845 1635 2080 1709 assequi
2260 1635 2564 1692 Plenitudo
2594 1634 2740 1708 legis
2765 1638 2854 1691 est
2881 1633 3139 1690 dilectio.

436 1729 807 1803 triumphum
837 1732 1022 1803 putat.
2111 1772 2155 1803 η
2259 1724 2577 1781 Prudentia
2605 1724 2796 1781 carnis
2822 1740 2981 1781 mors
3012 1727 3119 1792 est,
3149 1721 3464 1796 prudentia
3492 1725 3692 1780 autem
3724 1719 3847 1793 spi-

504 1772 807 1803 ......,........
837 1772 1022 1803 ,μη-ρ..
2259 1772 2283 1780 -
2306 1772 2577 1781 --..-..--..
2607 1772 2737 1781 η---

504 1819 805 1875 Oratorem
836 1822 892 1874 te
923 1821 1082 1889 puta,
1117 1817 1166 1872 si
1199 1817 1543 1890 tibimetipsi
1574 1815 1935 1890 persuaseris
1976 1832 2079 1888 ge-
2111 1772 2158 1837 Β
2189 1813 2342 1869 ritus
2371 1814 2493 1869 vita
2517 1818 2574 1869 et
2606 1830 2737 1884 pax.

437 1909 639 1964 renda.
2261 1902 2504 1958 Probata
2533 1902 2794 1975 spiritus,
2827 1903 2876 1960 si
2907 1919 2976 1958 ex
3004 1902 3118 1958 Deo
3151 1900 3289 1957 sint.

509 1995 741 2067 Optima
796 2010 877 2059 re,
910 1995 970 2050 id
999 1998 1084 2050 est
1106 1993 1412 2050 clementia
1442 1994 1565 2066 Dei,
1597 1994 1850 2066 pessime
1885 1995 2078 2050 abuti-
2259 1991 2459 2048 Petitis
2488 1995 2546 2047 et
2567 2008 2685 2046 non
2717 1991 2997 2064 accipitis,
3032 2007 3096 2046 eo
3128 1991 3282 2062 quod
3314 1989 3464 2048 male
3496 1988 3727 2062 petatis.

438 2102 590 2154 mur,
624 2101 757 2140 cum
789 2101 891 2156 per
921 2085 1047 2155 ejus
1078 2083 1421 2156 patientiam
1440 2101 1670 2139 omnem
1691 2084 2082 2157 pracsuminus
2263 2080 2566 2137 Peccatum
2584 2098 2718 2137 cum
2732 2085 3211 2137 consummatum
3224 2079 3661 2152 fuerit,generat
3681 2094 3845 2134 mor-

439 2173 784 2246 nequitiam.
2191 2173 2330 2225 tem.
2983 2237 2986 2240 ,

507 2262 779 2319 Oblivisci
810 2261 1132 2319 maximum
1166 2267 1256 2319 est
1300 2262 1570 2320 accidens
1628 2263 2079 2336 negligentibus.
2261 2259 2367 2314 Per
2395 2258 2614 2316 multas
2643 2259 3052 2316 tribulationes
3101 2261 3327 2332 oportet
3358 2275 3464 2316 nos
3512 2258 3731 2314 intrare
3778 2256 3840 2312 in

505 2352 847 2409 Occasiones
909 2352 1109 2407 deesse
1147 2369 1261 2406 non
1294 2357 1547 2423 possunt
1576 2353 1873 2424 perituris.
2192 2364 2438 2420 regnum
2467 2350 2588 2406 Dei.

507 2441 867 2511 Obsequium
899 2439 1139 2509 amicos,
1169 2439 1381 2495 veritas
1414 2439 1616 2494 odium
1649 2439 1820 2511 parit.
2261 2443 2574 2494 Peccantes
2597 2455 2793 2496 coram
2827 2439 3106 2496 omnibus
3135 2442 3476 2512 arguantur,
3526 2441 3592 2494 ut
3649 2436 3842 2493 caateri

507 2528 670 2584 Oculi
727 2527 1056 2602 petulantes
1115 2528 1306 2582 cordis
1367 2527 1648 2584 luxuriosi
1704 2532 1843 2584 suut
1893 2526 2084 2599 prodi-
2193 2531 2414 2582 metum
2446 2527 2720 2583 habeant.

436 2621 612 2674 tores.
852 2639 854 2641 ·
2261 2615 2530 2688 Plerique
2547 2618 2725 2672 Deum
2742 2617 2982 2674 vocibus
2999 2615 3841 2690 sequuntur,moribusautem

512 2705 757 2760 Occultae
789 2708 844 2760 et
862 2705 1084 2776 jugiter
1114 2708 1458 2776 perpetratae
1489 2706 1672 2777 culpa
1705 2713 2001 2762 merentur
2192 2705 2442 2777 fugiunt.

439 2799 505 2851 ut
533 2810 697 2867 reges
725 2799 1101 2865 pastoresque
1133 2794 1383 2866 perversi
1415 2794 1868 2850 constituantur.
2263 2793 2474 2850 Plenus
2504 2798 2703 2850 venter
2731 2794 2896 2850 facile
2927 2796 3192 2867 disputat
3223 2795 3293 2851 de
3315 2793 3575 2865 jejuniis.

507 2883 717 2940 Omnia
742 2883 874 2939 ﬁdei
897 2887 1241 2956 argumenta
1263 2882 1560 2939 maximea
1579 2883 1884 2956 praeteritis
1909 2882 2081 2938 rebus
2260 2882 2528 2939 Probatio
2560 2884 2897 2940 dilectionis
2921 2884 3202 2940 exhibitio
3223 2888 3311 2940 est
3340 2883 3552 2955 operis.

439 2979 578 3030 sunt
609 2973 983 3029 assumenda.
2188 2973 2511 3029 Perfectum
2545 2972 2744 3030 odium
2777 2977 2884 3041 est,
2913 2975 3067 3044 quod
3126 2990 3232 3030 nec
3284 2972 3522 3043 justitia
3579 2985 3686 3026 nec
3749 2987 3848 3025 ra-

510 3063 693 3136 Opere
725 3060 934 3117 melius
964 3077 1144 3133 quam
1171 3060 1363 3116 verbis
1394 3059 1547 3117 Deus
1571 3060 1844 3117 laudatur
1867 3064 1924 3116 et
1945 3075 2083 3132 pI‘tB-
2191 3060 2346 3118 tione
2379 3065 2555 3117 caret.

440 3151 687 3207 dicatur.
2107 3143 2151 3209 C
2259 3150 2438 3205 Positi
2468 3151 2528 3204 in
2560 3150 2782 3207 deliciis
2814 3152 3110 3208 attendere
3159 3153 3458 3222 nequeunt
3513 3153 3739 3221 quanta
3764 3148 3849 3204 sit

523 3240 757 3312 Optima
783 3256 921 3295 voce
947 3238 1320 3310 quidem,sed
1347 3243 1576 3311 pectore
1607 3238 1864 3310 pessima
1892 3236 2080 3306 nisus,
2190 3256 2362 3312 poena
2391 3239 2686 3312 perennis.

511 3328 611 3383 Ille
644 3333 730 3385 est
759 3327 1043 3383 dicendus
1072 3327 1279 3396 hostis,
1312 3344 1426 3381 non
1459 3325 1612 3381 ﬁdus
1644 3328 1889 3382 amicus.
2259 3329 2542 3384 Paciﬁcus
2583 3329 2757 3384 homo
2791 3330 2948 3386 ﬁlius
2979 3330 3077 3386 Dei
3110 3333 3362 3386 meretur
3389 3327 3604 3385 vocari.

509 3418 693 3472 Omne
719 3417 875 3488 quod
905 3421 994 3471 est
1017 3417 1250 3486 justum
1283 3416 1488 3471 merito
1520 3416 1632 3470 dici
1673 3416 1824 3472 valet
1871 3432 2076 3471 unum.
2187 3419 2303 3474 Pax
2331 3435 2465 3473 vera
2494 3422 2582 3473 est
2606 3418 2850 3475 dicenda
2880 3436 3014 3478 cum
3055 3419 3296 3492 spiritus
3344 3424 3400 3476 et
3455 3434 3589 3474 caro
3623 3433 3843 3473 conve-

505 3506 804 3562 Orandum
835 3521 1085 3576 semper,
1123 3521 1194 3559 ne
1227 3505 1583 3560 seducamur
1606 3505 1678 3559 ab
1710 3505 1897 3561 hoste.
2189 3507 2358 3562 niunt
2388 3508 2726 3564 omnimodo
3673 3569 3678 3572 ι

506 3596 677 3653 Omni
704 3598 937 3667 praelato
962 3594 1260 3664 subjectus
1293 3593 1373 3648 sis
1403 3594 1572 3664 quasi
1601 3593 1828 3648 Christo
2261 3595 2365 3651 Pro
2398 3597 2678 3669 qualitate
2709 3597 3071 3654 audientium
3117 3597 3358 3655 formari
3417 3597 3587 3653 debet
3644 3611 3842 3654 sermo

509 3683 719 3738 Omnia
749 3700 875 3752 quae
907 3682 1091 3736 voluit
1124 3683 1292 3750 Deus,
1325 3683 1396 3735 ad
1422 3698 1481 3736 se
1514 3683 1756 3753 mystice
1786 3682 1979 3738 traxit.
2188 3684 2511 3740 doctorum.
3634 3749 3636 3751 _

507 3770 800 3844 Oppositis
833 3771 1028 3837 rebus,
1063 3786 1187 3841 quae
1221 3768 1338 3823 sint
1369 3769 1609 3824 meliora
1635 3771 1922 3825 videmus.
2257 3773 2361 3828 Per
2387 3775 2646 3846 quinque
2675 3775 2933 3847 corporis
2964 3775 3383 3847 sensus,quasi
3414 3791 3514 3846 per
3541 3774 3838 3845 quasdam

507 3861 550 3916 Ο
584 3860 818 3931 quantis
848 3859 1005 3914 curis
1037 3874 1198 3912 mens
1231 3857 1451 3928 indiget
1480 3859 1754 3913 omnibus
1811 3859 2001 3914 boris!
2196 3862 2507 3931 fenestras,
2545 3864 2704 3919 intus
2737 3865 2908 3920 datur
2927 3866 2996 3922 ad
3030 3853 3616 3922 animam-introitus.

509 3950 586 4005 Os
614 3950 766 4020 quod
797 3946 1096 4014 mentitur,
1130 3946 1384 4001 animam
1410 3947 1681 4019 jugulare
1713 3949 1976 4004 refertur.
2258 3950 2496 4007 Peccata
2527 3954 2794 4023 quaedam
2817 3954 3074 4011 animam
3097 3953 3669 4026 polluunt,quaedam
3689 3966 3828 4006 vero

1113 4087 1342 4144 CAPUT
1371 4089 1486 4143 xv.
2185 4039 2590 4144 exitinguunt.‘

2257 4127 2527 4186 Parentes
2559 4129 2619 4185 in
2648 4133 2881 4186 tantum
2907 4130 3186 4203 diligendi
3217 4134 3356 4186 sunt
3384 4135 3441 4186 et
3480 4128 3833 4199 honorandi,

509 4215 688 4286 Prope
711 4217 800 4269 est
819 4210 1103 4268 Dominus
1124 4213 1398 4268 omnibus
1429 4214 1833 4272 invocantibus
1865 4218 2074 4273 eumin
2183 4224 2474 4296 quantum
2497 4217 2579 4274 illi
2612 4219 2860 4290 subjecti
2905 4224 3042 4276 sunt
3074 4236 3306 4276 summo
3341 4219 3514 4278 Patri.

437 4303 697 4359 veritate.
2253 4307 2450 4367 Pravis
2484 4307 2745 4365 moribus
2779 4325 3009 4381 semper
3038 4308 3229 4380 gravis
3260 4312 3348 4365 est
3367 4307 3488 4363 vita
3513 4307 3829 4362 bonorum.

499 4391 757 4448 Pretiosa
781 4391 841 4446 in
871 4395 1184 4463 conspectu
1222 4392 1452 4447 Domini
1503 4409 1660 4448 mors
1737 4400 2074 4452 sanctorum
2252 4397 2446 4454 Pallor
2473 4402 2530 4453 et
2561 4398 2760 4452 sordes
2788 4399 2957 4468 quasi
2987 4415 3230 4470 gemma:
3256 4396 3436 4454 videri
3466 4396 3677 4451 debent
3710 4410 3834 4449 mo-

431 4483 577 4552 ejus.
753 4568 759 4569 7
2102 4506 2148 4569 Β
2181 4487 2385 4546 nachis
2414 4491 2471 4541 et
2499 4486 2842 4557 virginibus.

474 4570 722 4626 Prohibe
751 4568 1015 4643 linguam
1046 4573 1207 4624 tuam
1239 4587 1272 4624 a
1303 4569 1474 4641 malo,
1503 4574 1560 4625 et
1588 4570 1745 4627 labia
1773 4576 1873 4628 tua
1901 4589 1972 4628 ne
1993 4571 2071 4629 10-
2102 4568 2132 4569 ί
2251 4575 2513 4632 Praelatis
2565 4590 2631 4631 ac
2685 4575 3013 4632 senioribus
3055 4577 3180 4634 suis
3205 4575 3548 4632 inobediens
3574 4576 3836 4630 meretur

427 4664 684 4732 quantur
716 4659 937 4715 dolum-
2179 4672 2263 4734 ut,
2296 4666 2345 4722 si
2377 4666 2501 4736 ipse
2528 4663 2796 4737 praelatus
2828 4666 3002 4721 fuerit
3033 4665 3350 4738 aliquibus,
3385 4665 3457 4722 ab
3492 4665 3576 4722 eis
3607 4661 3836 4718 similia

480 4749 765 4805 Patientia
795 4766 1118 4821 pauperum
1153 4765 1267 4804 non
1295 4747 1505 4821 peribit
1536 4748 1594 4804 in
1628 4749 1824 4816 linem,
2180 4755 2455 4828 patiatur.

479 4837 660 4893 Petite
717 4841 774 4891 et
828 4838 1064 4893 dabitur
1119 4838 1299 4905 vobis,
1361 4839 1599 4910 quaerite
1647 4843 1710 4893 ut
1740 4839 2065 4912 invenietis,
2248 4845 2549 4899 Profectus
2578 4842 2819 4912 quidam
2841 4847 2948 4910 est,
2984 4843 3044 4899 in
3075 4844 3262 4916 poenis
3283 4843 3390 4900 hoc
3421 4844 3618 4915 ipsum
3648 4855 3834 4913 agno-

430 4925 659 4996 pulsate
684 4929 741 4979 et
772 4925 1065 4994 aperietur
1093 4926 1274 4980 vobis.
2178 4949 2336 4989 scere
2373 4949 2478 4987 cur
2507 4931 2792 4987 merueris
2824 4949 3074 5004 poenam.
3601 4980 3609 4992 .

495 5013 792 5067 Perfectus
823 5014 1016 5066 omnis
1048 5012 1175 5077 erit,
1213 5013 1288 5067 sit
1319 5013 1395 5067 sit
1417 5013 1570 5069 sicut
1590 5016 1863 5087 Magister
1919 5019 2065 5088 ejus.
2248 5022 2476 5076 Pudicae
2510 5021 2722 5076 mentis
2750 5037 2941 5078 sermo
2973 5022 3146 5078 debet
3171 5039 3298 5080 esse
3318 5022 3588 5098 pudicus.

495 5103 704 5158 Potens
764 5105 851 5156 est
907 5101 1061 5156 Deus
1124 5101 1195 5155 de
1255 5100 1548 5172 lapidibus
1605 5105 1889 5161 suscitare
1919 5107 2068 5163 ﬁlios
2251 5111 2391 5166 Pars
2427 5109 2715 5180 sacrilegii
2738 5114 2825 5165 est
2846 5127 2938 5167 res
2963 5128 3284 5184 pauverum
3311 5130 3427 5172 non
3445 5113 3584 5170 dare
3608 5124 3833 5182 paupe-

424 5188 687 5245 Abrahaz.
2183 5201 2369 5256 ribus.

495 5283 746 5335 Percute
777 5277 963 5334 ﬁlium
993 5281 1160 5332 tuum
1191 5277 1372 5351 virga,
1404 5282 1460 5333 et
1507 5278 1781 5338 liberabis
1811 5285 2068 5344 animam
2255 5290 2363 5343 Par
2383 5286 2737 5359 supplicium
2756 5288 3040 5346 subibunt
3062 5290 3160 5362 qui
3183 5290 3401 5362 pariter
3420 5291 3831 5361 peccaverunt.

428 5367 557 5437 ejus
591 5384 623 5421 ³
656 5371 839 5421 morte
2253 5375 2493 5432 Publica
2523 5375 2694 5447 culpa
2725 5377 2956 5448 publica
2988 5379 3165 5436 etiam
3196 5379 3417 5450 indiget
3457 5375 3825 5451 poenitentia.

499 5453 639 5510 Plus
692 5456 920 5527 proﬁcit
976 5456 1258 5530 correptio
1308 5457 1460 5528 apud
1496 5459 1861 5531 prudentem,
1894 5477 2070 5538 quam
2251 5465 2596 5522 Pcenitentia
2625 5481 2759 5522 vera
2787 5471 2894 5538 est,
2927 5472 2984 5524 et
3009 5472 3340 5544 perpetrata
3369 5467 3528 5525 mala
3550 5466 3831 5539 plangere

425 5546 660 5603 centum
689 5544 870 5620 plagae
899 5547 1051 5622 apud
1083 5547 1354 5606 stultum.
2179 5559 2237 5614 et
2267 5554 2596 5632 plangenda
2624 5553 2871 5615 ulterius
2898 5574 3012 5614 non
3042 5561 3393 5632 perpetrare.
