4098 6172
255 242 360 303 325

1489 248 1724 311 LIBER
1765 245 2411 312 PBOVERBIOBUM.

3536 264 3656 325 326

316 375 517 433 Ptsnas
544 375 931 449 gravissimas
958 378 1312 451 quandoque
1344 383 1483 436 sunt
1504 362 1765 451 passuri,
1789 379 1891 453 qui
1919 380 1975 449 Α
2072 379 2180 443 Qui
2210 397 2327 436 non
2359 383 2581 455 accepit
2607 384 2668 441 in
2714 403 2862 443 vano
2903 387 3162 445 animam
3211 406 3380 447 suam
3412 410 3516 450 nec
3550 396 3652 467 ju-

258 480 400 519 nunc
419 480 525 535 pro
543 463 867 522 sceleribus
889 466 1012 522 suis
1034 472 1289 523 renuunt
1311 485 1487 540 parva
1511 468 1741 542 ﬂagella
1755 468 1894 541 pati.

318 552 743 617 Providendum
776 559 865 612 est
885 555 1114 612 cunctis
1130 573 1236 629 pro
1258 556 1358 612 Dei
1380 573 1577 614 amore
1594 557 1750 613 licita
1808 574 1898 612 re-

255 641 751 713 linquentibus,ne
781 643 973 716 tepide
992 644 1250 701 viventes
1281 646 1351 701 ad
1374 645 1579 702 illicita
1600 651 1894 703 corruant.

316 731 517 788 Pastor
544 730 793 803 quilibet
819 732 1130 805 fugit,cum
1153 734 1435 807 subjectis
1463 734 1739 791 solatium
1764 737 1897 792 sub—

251 819 548 885 trahit,aut
579 820 941 891 injustitiam
970 822 1175 879 videns
1207 840 1323 879 non
1358 825 1725 880 contradicit.

314 908 534 965 Parcus
555 908 724 964 cibus
754 913 812 965 et
841 915 1043 973 venter
1062 927 1295 983 semper
1314 913 1578 971 esuriens
1607 913 1896 970 triduanis

244 998 477 1070 jejuniis
510 998 837 1070 praefertur.

310 1090 621 1144 Peccatum
651 1092 891 1160 peccato
923 1086 1216 1160 adjicitur,
1250 1108 1381 1147 cum
1415 1092 1475 1147 id
1503 1092 1657 1164 quod
1691 1092 1895 1164 nequi-

249 1180 328 1232 ter
344 1179 577 1248 gestum
610 1182 719 1244 est,
754 1178 1025 1251 nequiter
1053 1179 1230 1239 etiam
1260 1180 1609 1236 defenditur.

310 1265 665 1337 Priusquam
695 1267 1010 1338 promittas
1043 1267 1319 1341 delibera,
1354 1286 1425 1325 ne
1455 1286 1559 1342 per
1604 1269 1896 1342 promissa

247 1354 477 1410 minime
498 1354 731 1427 expleta
762 1357 1015 1413 mendax
1045 1356 1280 1414 dicaris.

311 1443 579 1500 Probatio
603 1447 821 1502 sanctas
848 1446 1169 1503 voluntatis
1183 1446 1337 1504 nolle
1358 1462 1598 1520 peccare
1614 1464 1749 1504 cum
1767 1464 1895 1521 pos-

250 1550 344 1591 318.

2006 468 2155 525 ravit
2183 468 2243 525 in
2274 469 2407 526 dolo
2438 474 2701 544 proximo
2732 492 2861 543 sua,
2894 476 2989 532 hic
3019 477 3264 550 accipiet
3294 481 3652 541 benedictio-

2004 573 2138 612 nem
2188 574 2221 612 a
2268 558 2514 616 Domino
2566 566 2622 618 et
2670 564 3135 622 misericordiam
3181 585 3215 623 a
3260 573 3375 627 Deo
3407 570 3652 630 salutari

2005 662 2132 701 SUO.

2076 733 2184 798 Qui
2216 735 2511 793 seminant
2535 737 2595 795 in
2640 738 2936 813 lacrymis,
2988 742 3047 799 in
3104 746 3490 807 exsultatione
3527 766 3651 808 me-

2003 826 2149 877 tent.

2075 911 2324 975 Quaerite
2354 913 2613 984 primum
2640 931 2886 987 regnum
2908 917 3009 974 Dei
3032 924 3089 975 et
3106 921 3399 992 justitiam
3421 928 3573 998 ejus,
3596 934 3654 986 et

2004 996 2127 1053 haec
2156 999 2354 1055 omnia
2386 1002 2739 1072 adjicientur
2766 1006 2949 1061 vobis.

2080 1088 2229 1151 Quid
2256 1090 2497 1160 prodest
2529 1090 2753 1147 homini
2789 1093 2838 1147 si
2868 1097 3158 1153 mundum
3190 1100 3532 1159 universum
3564 1103 3653 1160 lu-

2006 1180 2221 1243 cretur,
2254 1179 2464 1234 animae
2494 1197 2627 1236 vero
2659 1198 2775 1236 suae
2810 1183 3226 1244 detrimentum
3268 1190 3546 1260 patiatur.

2076 1262 2262 1329 Quam
2294 1267 2458 1322 dabit
2510 1268 2685 1324 homo
2734 1273 3253 1331 commutationem
3304 1295 3408 1350 pro
3457 1281 3657 1339 anima

2004 1354 2161 1409 sua?

2074 1443 2183 1508 Qui
2212 1447 2301 1500 est
2330 1461 2397 1501 ex
2424 1445 2563 1514 Deo,
2593 1448 2770 1504 verba
2799 1449 2901 1505 Dei
2933 1451 3114 1507 audit.

2072 1530 2181 1594 Qui
2208 1533 2420 1589 viderit
2449 1535 2754 1592 mulierem
2790 1538 2862 1593 ad
2912 1542 3463 1616 concupiscendam,
3494 1564 3649 1624 eam,

309 1622 675 1681 Possibilitas
703 1623 852 1681 bene
881 1629 939 1681 et
965 1626 1118 1682 male
1147 1625 1356 1700 agendi
1388 1626 1652 1699 probatio
1684 1630 1775 1683 est
1797 1644 1894 1682 ar-
1994 1619 2120 1690 jam
2153 1622 2480 1679 moechatus
2506 1630 2595 1679 est
2625 1641 2753 1681 eam
2786 1627 2845 1682 in
2878 1629 3048 1689 corde
3080 1647 3205 1691 suo.

248 1713 417 1782 bitrii,
444 1717 502 1769 et
533 1729 715 1770 causa
744 1713 1060 1786 cujuslibet
1090 1716 1301 1772 meriti.

310 1802 585 1860 Pharisaei
608 1802 845 1875 justitia
869 1804 1039 1877 periit
1068 1821 1136 1861 ex
1165 1806 1457 1880 superbia,
1492 1809 1549 1863 et
1596 1804 1896 1879 publicani

248 1891 532 1964 injustitia
559 1890 897 1949 humilitate
927 1895 1014 1949 est
1041 1898 1270 1951 sanata.

309 1980 640 2038 Periculum
672 1998 979 2053 nunquam
1013 1983 1138 2040 sine
1172 1984 1432 2057 periculo
1460 1984 1735 2040 vincitur.

307 2069 445 2127 Plus
466 2074 610 2127 sunt
628 2070 910 2128 laudandi
940 2072 1087 2130 bene
1116 2073 1393 2131 facientes
1425 2089 1603 2146 quam
1636 2074 1781 2130 bene
1810 2073 1896 2129 di-

247 2165 450 2216 centes.

308 2248 626 2305 Prudentia
647 2264 846 2306 rerum
878 2250 1069 2307 exitus
1097 2252 1360 2308 metitur.

304 2338 561 2396 Pecunia
601 2343 743 2397 tunc
800 2338 868 2395 fit
923 2340 1200 2412 pretiosa,
1243 2356 1377 2399 cum
1439 2357 1545 2413 pro
1570 2340 1673 2397 Dei
1706 2356 1903 2398 amore

244 2427 525 2484 translata
558 2427 621 2484 in
654 2426 801 2486 alios
832 2427 1047 2485 desinit
1075 2429 1379 2503 possideri.

306 2516 558 2575 Plurimi
594 2517 838 2572 student
870 2534 943 2573 ne
976 2518 1045 2573 ad
1076 2517 1417 2592 pauperiem
1464 2518 1730 2589 veniant;
1763 2535 1901 2591 pau-

246 2606 455 2663 cissimi
484 2622 625 2662 vero
655 2604 925 2662 laborant
956 2622 1028 2662 ne
1058 2608 1118 2662 in
1140 2608 1467 2681 gehennam
1498 2607 1777 2664 incidant.

308 2695 551 2751 Plurimi
580 2695 909 2766 infamiam,
946 2697 1115 2769 pauci
1176 2714 1310 2753 vero
1368 2702 1645 2754 verentur
1702 2701 1899 2753 reatus

246 2784 689 2842 conscientiam.

308 2872 603 2930 Peccandi
633 2874 748 2929 duo
778 2889 996 2946 genera
1028 2878 1211 2935 sunt;
1242 2891 1429 2931 unum
1459 2892 1528 2931 ex
1577 2875 1896 2948 proposito,

250 2961 397 3018 aliud
420 2979 489 3019 ex
520 2959 904 3034 negligentia.

314 3055 518 3107 Pacem
546 3066 687 3106 cum
709 3050 1050 3108 hominibus
1078 3040 1544 3121 habeas,bellum
1562 3069 1697 3109 cum
1718 3053 1893 3109 vitiis.

313 3140 579 3197 Pecunia
610 3140 902 3213 imperare
922 3144 1169 3213 oportet,
1190 3158 1306 3197 non
1337 3142 1575 3199 servire.

318 3227 583 3303 Plangite
607 3245 764 3285 nunc
790 3230 1380 3300 miseri,consuescite
1401 3231 1897 3304 nunclacrymari.

314 3322 456 3375 Cum
494 3324 736 3391 tempus
769 3319 1110 3390 ﬂendi,cum
1139 3323 1373 3392 tempus
1430 3321 1508 3375 sit
1561 3319 1896 3376 miserendi.

318 3407 643 3479 Paupertas
676 3407 884 3462 animai
917 3409 1105 3479 major
1134 3424 1311 3479 quam
1343 3408 1603 3480 corporis
1633 3412 1807 3463 extat.

314 3496 571 3552 Peccans
604 3495 870 3568 quotidie
901 3484 1135 3552 studeat
1154 3513 1218 3553 se
1248 3512 1384 3551 mox
1412 3513 1701 3570 reparare.
1737 3524 1742 3529 -

311 3586 607 3640 Perfectus
641 3583 811 3639 miles
841 3589 1050 3655 pensat
1078 3584 1402 3657 stepissime
1421 3585 1592 3640 vires.

314 3672 603 3728 Providus
626 3672 687 3727 in
721 3673 953 3728 cunctis
971 3678 1245 3745 operatur
1273 3673 1354 3728 nil
1385 3664 1511 3729 sine
1540 3689 1737 3728 causa.

314 3763 605 3818 Perversaa
639 3754 821 3817 menti
852 3778 960 3818 sua
982 3748 1161 3834 culpa
1190 3766 1281 3818 est
1311 3763 1567 3818 maxima
1596 3777 1788 3833 poena.

311 3851 632 3924 Promptus
649 3850 738 3907 vel
764 3851 956 3907 facilis
988 3852 1059 3907 ad
1089 3852 1245 3907 risus
1277 3851 1576 3907 schemata
1604 3867 1676 3906 ne
1706 3852 1811 3907 sis.

311 3943 576 4013 Praeceps
636 3941 709 3996 ad
758 3940 945 3995 risum
1004 3956 1259 4013 praeceps
1317 3956 1549 4012 quoque
1607 3940 1793 3996 fertur
1829 3940 1900 3996 ad

1600 4028 1795 4099 [iram.

310 4118 593 4191 Princeps
631 4118 893 4189 inj‘ustus
924 4134 1120 4174 servos
1151 4118 1327 4173 habet
1347 4121 1404 4173 et
1430 4117 1689 4174 vitiosos.

314 4208 696 4265 Pensandum
719 4206 950 4263 cunctis
982 4206 1176 4278 qualis
1208 4210 1444 4263 maneat
1475 4206 1589 4263 sibi
1620 4205 1779 4273 finis,

318 4297 592 4353 Pluribus
625 4296 895 4352 intentus
920 4295 1117 4351 minor
1137 4299 1225 4352 est
1255 4296 1326 4351 ad
1360 4294 1595 4367 singula
1634 4309 1866 4351 sensus.

318 4390 579 4443 Praesens
610 4385 733 4441 vita
763 4384 1085 4453 brevis,sed
1116 4384 1226 4440 erit
1245 4387 1492 4439 ventura
1519 4381 1813 4455 perennis.

320 4474 501 4533 Panis
528 4474 791 4533 ccelestis
818 4473 1181 4547 praeponitur
1209 4472 1486 4529 omnibus
1518 4471 1690 4528 escis.

864 4562 1099 4621 CAPUT
1153 4562 1295 4618 XVI.

324 4652 504 4721 Quam
529 4654 727 4709 bonus
750 4651 925 4708 Israel
946 4651 1100 4707 Deus
1129 4650 1220 4707 his
1247 4650 1347 4723 qui
1372 4654 1525 4707 recto
1551 4653 1692 4706 sunt
1715 4649 1905 4705 corde.

323 4742 575 4805 Quaerite
593 4741 941 4811 Dominum,
971 4745 1029 4797 et
1073 4740 1528 4808 conﬁrmamini,
1557 4738 1797 4811 quaerite
1824 4739 1908 4794 ta-

257 4830 401 4887 eiem
430 4833 565 4904 ejus
595 4847 849 4903 semper.
902 4822 907 4825 ’

324 4919 571 4984 Quaerite
598 4920 947 4991 Dominum,
977 4924 1036 4977 et
1063 4919 1214 4977 vivet
1242 4918 1439 4977 anima
1464 4920 1676 4975 vestra.

324 5008 432 5073 Qui
465 5000 705 5065 timetis
730 5008 1067 5078 Dominum,
1099 5009 1332 5064 laudate
1361 5023 1515 5063 eum.

322 5098 429 5163 Qui
457 5098 715 5172 diligitis
746 5098 1255 5167 Dominum,odite
1280 5095 1527 5152 malum.

320 5186 627 5251 Quomodo
658 5188 973 5245 miseretur
992 5192 1157 5260 pater
1175 5186 1451 5253 ﬁliorum,
1484 5183 1765 5241 misertus
1823 5186 1914 5239 est

254 5277 541 5337 Dominus
561 5276 916 5339 timentibus
945 5294 1030 5347 se,
1060 5275 1342 5348 quoniam
1388 5274 1514 5347 ipse
1544 5272 1815 5345 cognovit
1844 5273 1911 5327 fi-

244 5370 565 5438 gmentum
596 5369 893 5425 nostrum.

327 5456 471 5520 Quis
496 5454 658 5515 sicut
690 5455 972 5517 Dominus
990 5455 1317 5529 uoster,qui
1348 5454 1408 5510 in
1439 5452 1573 5511 altis
1602 5451 1916 5521 habitat,et

246 5540 505 5602 humilia
535 5545 777 5619 respicit
799 5545 860 5604 in
890 5536 1059 5617 casto,
1099 5551 1156 5603 et
1182 5546 1240 5602 in
1271 5549 1445 5603 terra.

2073 1709 2180 1773 Qui
2228 1713 2681 1781 perseveraverit
2727 1731 2917 1787 usque
2966 1718 3027 1774 in
3078 1720 3277 1795 ﬁnem,
3327 1723 3422 1780 hic
3453 1725 3654 1783 salvus

2005 1798 2136 1855 erit.

2077 1890 2211 1955 Quae
2243 1888 2631 1961 impossibilia
2661 1898 2800 1948 sunt
2831 1896 2984 1967 apud
3024 1897 3312 1971 homines,
3347 1904 3654 1974 possibilia

2006 1980 2152 2031 sunt
2190 1979 2347 2049 apud
2378 1979 2585 2035 Deum.

2078 2065 2186 2131 Qui
2215 2066 2339 2122 odit
2368 2066 2626 2125 animam
2658 2087 2827 2128 suam
2866 2073 2925 2129 in
2956 2073 3065 2130 hoc
3108 2078 3350 2147 mundo,
3384 2078 3443 2135 in
3474 2080 3651 2138 vitam

2008 2157 2292 2210 aeternam
2327 2158 2582 2213 custodit
2611 2175 2761 2214 eam.

2078 2244 2241 2309 Quod
2274 2246 2424 2302 Deus
2454 2248 2776 2319 conjunxit,
2800 2249 2975 2308 homo
3007 2269 3123 2309 non
3154 2261 3405 2327 separet.

2079 2332 2188 2398 Qui
2217 2333 2429 2390 dixerit
2456 2336 2619 2391 fratri
2650 2353 2797 2394 suo:
2832 2339 3029 2410 Fatue,
3063 2358 3198 2399 reus
3240 2345 3353 2401 erit
3379 2346 3655 2420 gehenne

2009 2436 2182 2492 ignls.

2080 2511 2187 2575 Qui
2215 2510 2468 2568 inﬁdelis
2497 2513 2667 2569 estin
2690 2515 2956 2586 minimo,
2983 2524 3040 2574 et
3076 2519 3138 2575 in
3159 2522 3370 2593 majori
3402 2524 3656 2583 infidelis

2009 2602 2119 2654 est.

2078 2687 2255 2750 Quasi
2278 2688 2469 2744 scelus
2483 2689 2823 2748 idololatria
2836 2699 2946 2761 est,
2969 2699 3083 2752 Deo
3100 2697 3254 2755 nolle
3266 2700 3632 2772 acquiescere
3643 2744 3656 2758 .

2078 2775 2327 2839 Qumrite
2348 2777 2669 2835 Dominum
2709 2781 2851 2839 dum
2891 2784 3139 2842 inveniri
3161 2792 3373 2859 potest,
3396 2791 3658 2849 invocato

2008 2880 2142 2920 eum
2174 2866 2315 2920 dum
2350 2883 2530 2939 prope
2561 2872 2672 2924 est.

2078 2954 2186 3017 Qui
2218 2954 2427 3011 avertit
2481 2973 2681 3013 aurem
2732 2976 2901 3016 suam
2923 2978 2996 3018 ne
3016 2962 3218 3019 audiat
3236 2964 3449 3037 legem,
3472 2968 3656 3025 oratio

2009 3043 2138 3114 ejus
2170 3043 2279 3098 erit
2307 3045 2701 3103 exsecrabilis.
2799 3049 2807 3056 “

1924 3120 1970 3185 C
2080 3131 2189 3197 Qui
2218 3133 2485 3204 sequitur
2507 3135 2802 3205 justitiam
2833 3139 3099 3212 diligitur
3126 3158 3161 3197 a
3189 3144 3458 3201 Domino.

2082 3220 2190 3287 Qui
2220 3221 2412 3294 diligit
2442 3222 2817 3295 disciplinam
2848 3227 3039 3300 diligit
3067 3231 3440 3301 sapientiam.

2080 3309 2187 3372 Qui
2209 3310 2396 3381 parcit
2422 3310 2595 3383 virga
2625 3313 2748 3369 odit
2768 3314 2977 3370 ﬁlium.

2082 3398 2191 3463 Qui
2221 3399 2530 3454 abscondit
2561 3403 2781 3458 scelera
2802 3419 2931 3471 sua,
2957 3421 3073 3460 non
3096 3406 3416 3478 dirigetur;
3439 3410 3538 3480 qui
3561 3427 3661 3466 au-

2009 3492 2128 3542 tem
2160 3487 2462 3542 confessus
2485 3488 2659 3544 fuerit
2680 3493 2736 3544 et
2755 3490 3058 3563 reliquerit
3076 3510 3167 3561 ea,
3196 3495 3657 3556 misericordiam

2010 3580 2422 3646 consequetur.

2081 3664 2189 3728 Qui
2222 3666 2480 3720 custodit
2509 3682 2573 3722 os
2600 3683 2796 3739 suum,
2823 3670 3078 3735 custodit
3104 3676 3160 3729 et
3182 3672 3443 3731 animam
3464 3692 3656 3733 suam.

2082 3753 2189 3817 Qui
2240 3753 2407 3809 oﬁ‘ert
2462 3754 2819 3812 sacrificium
2874 3773 2943 3814 ex
3001 3761 3335 3818 substantia
3362 3766 3658 3837 pauperis,

2013 3842 2185 3913 quasi
2211 3842 2311 3913 qui
2340 3842 2603 3898 victimat
2632 3843 2819 3899 filium
2866 3847 2926 3901 in
2977 3854 3294 3921 conspectu
3326 3852 3510 3923 patris
3543 3854 3660 3909 sui.

2085 3930 2261 3995 Quasi
2291 3936 2609 4004 tempestas
2640 3933 2861 4005 impius
2892 3938 3230 4007 pertransit.

2086 4019 2193 4083 Qui
2226 4037 2446 4091 pronus
2476 4025 2565 4076 est
2596 4023 2667 4077 ad
2709 4023 3175 4084 misericordiam
3204 4028 3587 4087 benedicitur.

2088 4109 2196 4174 Qui
2227 4109 2389 4164 fratri
2420 4126 2528 4168 suo
2558 4116 2726 4182 parat
2747 4112 2991 4181 foveam,
3014 4115 3138 4187 ipse
3156 4116 3372 4175 incidet
3392 4118 3453 4174 in
3474 4118 3659 4175 illam.

2085 4198 2193 4262 Qui
2225 4197 2419 4254 mollis
2449 4204 2507 4255 et
2536 4200 2859 4259 dissolutus
2890 4208 2979 4261 est
3006 4203 3066 4260 in
3106 4222 3278 4278 opere
3325 4224 3454 4277 suo,
3486 4208 3666 4266 frater

2015 4291 2106 4343 est
2134 4304 2243 4343 sua
2271 4304 2447 4360 opera
2475 4288 2842 4361 dissipantis.

2083 4378 2217 4441 Quae
2241 4392 2356 4431 non
2387 4393 2708 4450 congregas
2726 4379 2786 4433 in
2800 4381 3131 4453 juventute,
3155 4387 3450 4455 quomodo
3472 4402 3541 4442 ea
3564 4386 3666 4443 ha-

1933 4487 1980 4553 D
2014 4464 2151 4521 bere
2183 4465 2401 4536 poteris
2429 4465 2490 4520 in
2522 4471 2823 4522 senectute
2852 4471 2875 4522 Ρ

2084 4555 2247 4620 Quod
2278 4555 2446 4611 timet
2474 4555 2717 4627 impius,
2749 4557 2941 4614 veniet
2979 4575 3157 4631 super
3183 4577 3343 4618 eum.

2088 4643 2194 4707 Qui
2227 4645 2458 4699 modica
2488 4646 2729 4716 spernit,
2766 4645 3049 4716 paulatim
3081 4648 3335 4705 decidet.

2088 4733 2484 4803 Quodcunque
2513 4737 2704 4805 potest
2734 4750 2945 4791 manus
2975 4736 3185 4806 facere,
3217 4737 3506 4794 instanter
3529 4755 3665 4811 ope-

2016 4838 2179 4881 rare:
2215 4822 2354 4894 quia
2385 4838 2491 4877 nec
2522 4838 2692 4899 opus,
2726 4838 2830 4878 nec
2861 4824 3028 4896 ratio,
3054 4842 3157 4882 nec
3181 4825 3472 4899 sapientia
3495 4832 3669 4884 erunt

2020 4913 2174 4983 apud
2204 4911 2441 4979 inferos,
2471 4927 2585 4982 quo
2615 4915 2679 4965 tu
2719 4928 3020 4984 properas.

2089 5001 2197 5065 Qui
2224 5000 2473 5064 obdurat
2501 5015 2703 5056 aurem
2735 5018 2903 5059 suam
2934 5004 3008 5059 ad
3029 5003 3347 5063 clamorem
3368 5006 3668 5079 pauperis,

2019 5094 2075 5146 et
2103 5091 2229 5162 ipse
2258 5088 2532 5145 clamabit
2561 5093 2617 5144 et
2647 5106 2764 5145 non
2804 5093 3168 5151 exaudietur.

2090 5179 2201 5245 Qui
2228 5178 2423 5235 erudit
2453 5178 2791 5250 derisorem,
2824 5181 2951 5252 ipse
2983 5183 3121 5240 facit
3149 5184 3262 5239 sibi
3292 5183 3592 5255 injuriam.

2090 5268 2199 5331 Qui
2229 5268 2342 5323 sibi
2374 5284 2626 5339 nequam
2658 5274 2767 5334 est,
2801 5270 2893 5324 cui
2925 5271 3115 5328 bonus
3157 5274 3313 5331 erit?

2016 5418 2021 5422 _
2092 5355 2293 5421 Qualis
2324 5360 2511 5413 rector
2539 5361 2629 5413 est
2666 5356 2939 5426 civitatis,
2968 5360 3113 5416 tales
3142 5360 3559 5417 inhabitantes.

2092 5446 2199 5511 Qui
2230 5446 2302 5502 ad
2325 5444 2622 5518 justitiam
2653 5447 2934 5505 erudiunt
2952 5448 3187 5521 multos,
3211 5450 3382 5524 quasi
3404 5449 3586 5510 stellae
3603 5450 3665 5509 in

2020 5538 2333 5615 perpetuas
2353 5534 2733 5625 .wternitates.
