4098 6172
455 257 570 317 327

525 389 631 452 Qui
665 389 722 442 in
755 403 868 441 uno
902 383 1160 454 offendit,
1197 383 1382 438 multa
1409 383 1563 439 bona
1592 383 1800 455 perdit.

526 477 633 543 Qui
666 478 832 532 docet
863 475 1111 544 fatuum,
1168 473 1335 543 quasi
1386 473 1485 544 qui
1533 472 1896 544 conglutinet
1926 489 2100 527 arena

453 572 684 622 testam.

523 656 747 718 Quanto
780 669 1030 725 magnus
1061 668 1142 721 es,
1177 651 1422 706 humilia
1452 655 1506 706 te
1540 652 1599 706 in
1631 651 1925 706 omnibus.

521 743 628 806 Qui
661 742 870 798 timent
899 742 1195 812 pruinam,
1226 741 1415 796 veniet
1445 757 1621 812 super
1649 757 1745 795 eos
1779 741 1892 794 nix.

521 849 628 913 Qui
658 850 866 906 timent
896 848 1102 917 Deum,
1140 864 1255 902 non
1305 851 1476 902 erunt
1521 846 1892 902 incredibiles
1924 846 2095 900 verbo

447 937 626 994 illius.

517 1027 624 1091 Qui
655 1028 713 1083 in
745 1027 933 1082 stadio
965 1030 1230 1094 currunt,
1283 1039 1486 1080 omnes
1536 1025 1772 1095 quidem
1830 1029 2092 1093 currunt,

446 1118 548 1176 sed
581 1135 735 1173 unus
767 1115 978 1187 accipit
1007 1116 1294 1172 bravium.

518 1209 864 1277 Quicunque
896 1204 1142 1261 voluerit
1166 1204 1392 1260 amicus
1419 1219 1545 1260 esse
1569 1202 1764 1258 saeculi
1787 1203 1966 1273 hujus
1990 1203 2097 1259 ini-

446 1297 635 1353 micus
668 1295 766 1350 Dei
808 1293 1201 1350 constituitur.

516 1385 622 1451 Qui
656 1401 717 1440 se
749 1382 1047 1439 existimat
1075 1386 1250 1448 stare,
1284 1382 1476 1437 videat
1515 1397 1586 1436 ne
1618 1383 1806 1436 cadat.

514 1474 621 1539 Qui
654 1474 827 1529 habet
857 1488 1079 1542 aurem,
1113 1471 1314 1526 audiat
1345 1471 1486 1542 quid
1518 1470 1771 1542 Spiritus
1803 1470 1959 1524 dicat
1995 1471 2092 1525 Ec-

444 1563 658 1619 clesiis.

512 1651 619 1715 Qui
670 1649 925 1706 converti
972 1649 1170 1705 fecerit
1219 1652 1579 1720 peccatorem
1645 1651 1716 1704 ab
1765 1664 1956 1704 errore
1984 1648 2088 1704 viae

442 1758 578 1809 sua,
614 1739 861 1796 salvabit
891 1739 1149 1794 animam
1198 1739 1325 1807 ejus
1357 1755 1390 1792 a
1421 1742 1625 1792 morte.

510 1847 617 1909 Qui
650 1862 763 1901 non
812 1845 1149 1908 manducet,
1200 1844 1652 1898 manducantem
1701 1861 1814 1898 non
1839 1844 2082 1914 judicet.

511 1934 617 2000 Qui
657 1948 921 1998 suorum,
969 1937 1026 1986 et
1077 1931 1328 1985 maxime
1366 1931 1839 2001 domesticorum,
1883 1949 2085 1987 curam

437 2039 554 2078 non
585 2023 779 2088 habet,
814 2022 988 2076 ﬁdem
1025 2019 1253 2092 negavit
1285 2028 1340 2074 et
1370 2026 1460 2074 est
1489 2021 1710 2075 inﬁdeli
1743 2021 2011 2076 deterior.

509 2113 851 2182 Quicunque
882 2109 1094 2181 spiritu
1127 2109 1226 2163 Dei
1258 2117 1534 2180 aguntur,
1568 2109 1624 2163 lli
1658 2110 1760 2163 iiiii
1794 2115 1930 2164 sunt
1961 2110 2082 2164 Dei.

508 2218 614 2284 Qui
636 2217 844 2272 viderit
867 2217 1102 2270 fratrem
1120 2231 1294 2270 suum
1314 2215 1722 2271 necessitatem
1741 2217 2079 2287 patientem,

437 2314 493 2364 et
522 2307 799 2363 clauserit
827 2306 1050 2360 viscera
1079 2322 1188 2360 sua
1238 2306 1309 2360 ab
1354 2322 1439 2374 eo,
1491 2305 1782 2375 quomodo
1830 2305 2082 2360 charitas

433 2397 533 2453 Dei
566 2401 763 2452 manet
802 2396 860 2449 in
891 2412 978 2449 eo.

504 2486 611 2548 Qui
643 2500 813 2555 parce
844 2483 1116 2547 seminat,
1149 2497 1320 2552 parce
1350 2485 1406 2535 et
1438 2487 1632 2536 metet.

508 2573 617 2638 Qui
649 2571 956 2644 gloriatur,
990 2571 1047 2624 in
1082 2569 1324 2624 Domino
1355 2569 1653 2640 glorietur.

501 2662 874 2730 Quaecunque
903 2658 1118 2728 scripta
1147 2663 1308 2728 sunt,
1341 2659 1412 2712 ad
1461 2663 1720 2713 nostram
1751 2659 2074 2716 doctrinam

432 2751 650 2821 scripta
679 2753 836 2818 sunt,
870 2751 934 2802 ut
973 2763 1074 2818 per
1125 2747 1460 2817 patientiam
1514 2753 1570 2802 et
1622 2748 2073 2804 consolationem

431 2839 865 2910 Scripturarum
898 2853 1060 2907 spem
1091 2835 1432 2890 habeamus.

504 2929 668 2992 Quod
698 2926 805 2981 tibi
837 2943 950 2980 non
981 2925 1068 2980 vis
1100 2925 1243 2994 ﬁeri,
1278 2924 1374 2979 alii
1405 2941 1477 2980 ne
1509 2926 1734 2981 feceris.

500 3017 606 3082 Qui
637 3016 885 3088 ignorat,
923 3014 1305 3086 ignorabitur.

1453 252 1790 312 OTHLONI
1837 249 2193 311 MONACHI
2241 250 2304 308 S.
2352 248 2850 310 EMMERAMMI

3741 247 3860 308 328

2128 383 2182 448 A
2285 399 2561 469 Quisquis
2592 399 2811 471 cogitat
2838 399 2978 469 quid
3010 397 3125 453 Deo
3153 401 3370 462 voveat,
3394 411 3454 453 se
3514 397 3708 470 ipsum
3764 417 3862 455 vo-

2207 492 2336 543 veat
2366 493 2421 543 et
2452 488 2673 542 reddat.

2200 622 2205 626 .
2278 576 2571 646 Quidquid
2606 576 2921 648 voluptatis
2956 579 3043 632 est
3067 575 3474 648 seminarium,
3508 577 3760 633 castitati
3797 577 3862 632 ﬁt

2207 665 2590 720 contrarium.

2278 755 2383 820 Qui
2417 770 2756 809 succurrere
2780 754 3034 824 perituro
3060 759 3269 825 potest,
3305 754 3349 809 si
3387 771 3500 809 non
3530 758 3855 824 succurrat,

2205 857 2339 898 reus
2372 844 2577 898 mortis
2609 844 2736 914 ejus
2768 843 2894 898 erit.

2276 932 2384 996 Qui
2416 931 2607 986 verbis
2639 931 2871 987 lenibus
2905 935 3095 1003 potest
3125 931 3355 1004 corrigi,
3391 949 3505 987 non
3539 932 3711 988 debet
3768 932 3857 987 in-

2205 1021 2534 1092 crepatione
2566 1021 2715 1076 dura
2736 1021 3087 1093 exasperari.

2275 1110 2570 1182 Quidquid
2595 1111 2830 1182 pietatis
2863 1111 3160 1165 invenitur
3218 1110 3558 1166 hominibus
3617 1113 3859 1180 factum,

2203 1199 2404 1270 gratiae
2432 1199 2636 1254 divinae
2672 1204 2900 1254 constat
2931 1200 3319 1255 referendum.

2273 1307 2380 1369 Qui
2413 1307 2601 1362 zelum
2639 1307 2737 1362 Dei
2766 1323 2880 1362 non
2911 1307 3150 1373 habent,
3186 1307 3388 1362 multis
3415 1307 3729 1363 virtutibus
3759 1325 3854 1364 ca-

2203 1401 2355 1450 rent.

2274 1482 2458 1545 Quam
2487 1483 2725 1538 difﬁcile
2758 1483 3153 1556 surgit,quem
3187 1484 3370 1540 moles
3394 1500 3580 1556 pravae
3605 1499 3857 1540 consue-

2201 1571 2425 1626 tudinis
2449 1572 2759 1643 deprimit!

2271 1663 2730 1732 Quantacunque
2762 1661 3094 1730 sitjustitia
3128 1661 3560 1731 humana,nihil
3618 1668 3707 1718 est
3764 1663 3857 1718 di-

2121 1758 2164 1821 Β
2196 1751 2339 1804 νὶηεε
2359 1751 2601 1820 justitiae
2628 1755 2981 1822 comparata.

2269 1839 2375 1902 Qui
2410 1839 2554 1894 casti
2587 1844 2960 1910 perseverant
2992 1844 3047 1895 et
3075 1840 3582 1913 virgines,angelis
3614 1841 3711 1896 Dei
3735 1841 3859 1896 efﬁ-

2199 1929 2435 1982 ciuntur
2464 1927 2737 1999 aequales.

2267 2018 2634 2088 Quaecunque
2667 2033 3007 2074 mensuram
3035 2019 3340 2089 excedunt,
3375 2019 3660 2074 daemonia
3708 2035 3851 2092 sug-

2195 2123 2229 2177 g
2251 2111 2425 2160 ‘runt.

2267 2197 2637 2265 Quaecunque
2670 2195 2994 2266 spiritualis
3027 2196 3320 2267 sapientia:
3371 2197 3543 2252 verba
3600 2197 3849 2270 gentiles

2190 2284 2296 2338 viri
2328 2284 2852 2354 protulerunt,ha3c
2882 2285 3008 2339 ideo
3043 2286 3388 2357 disponente
3446 2291 3556 2342 Deo
3616 2286 3844 2358 prolata

2192 2378 2352 2440 sunt,
2386 2378 2451 2427 ut
2481 2373 2797 2428 Christiani
2834 2391 2946 2430 non
2980 2374 3170 2431 solum
3203 2393 3236 2430 a
3268 2375 3520 2447 suis,sed
3556 2376 3731 2432 etiam
3765 2378 3840 2433 ab

2191 2460 2397 2516 alienis
2424 2462 2870 2518 instruerentur.

2261 2552 2553 2613 Quantum
2589 2551 2720 2622 quis
2755 2553 2813 2606 in
2847 2552 3181 2609 humilitate
3205 2557 3262 2608 et
3289 2554 3550 2610 castitate
3585 2555 3839 2626 profece-

2188 2639 2281 2708 rit,
2314 2644 2545 2694 tantum
2584 2644 2691 2696 Deo
2727 2642 3235 2713 appropinquabit.

2257 2747 2480 2810 Quanto
2514 2763 2678 2801 mens
2712 2748 2774 2800 ﬁt
2806 2747 2993 2804 divisa
3025 2750 3094 2804 ad
3130 2749 3314 2805 multa
3343 2766 3538 2821 opera,
3570 2753 3729 2807 tanto
3779 2751 3845 2806 ﬁt

2185 2834 2376 2888 minor
2404 2835 2474 2889 ad
2507 2835 2760 2906 singula.

2254 2924 2478 2986 Quanto
2508 2925 2694 2993 major
2724 2925 2966 2981 scientia
2992 2927 3308 2999 unicuique
3335 2929 3695 2998 datur,tanlo
3717 2943 3840 2983 ma-

2181 3011 2270 3082 gis
2299 3010 2508 3065 tentari
2544 3012 2926 3082 permittitur.

501 3105 844 3176 Quicunque
874 3103 1188 3158 servaverit
1213 3106 1394 3158 totam
1441 3103 1648 3174 legem,
1682 3105 1935 3161 offendat
1964 3124 2068 3161 au-
2103 3126 2144 3192 C
2258 3101 2363 3164 Ουί
2400 3117 2703 3172 nunquam
2732 3102 2937 3158 didicit
2966 3104 3230 3172 subesse,
3278 3104 3422 3160 nulli
3480 3109 3671 3176 potest
3724 3107 3836 3162 rite

429 3198 546 3249 tem
578 3194 636 3248 in
668 3209 804 3260 uno,
839 3194 1028 3248 factus
1057 3197 1146 3247 est
1175 3193 1439 3246 omnium
1473 3209 1625 3248 reus.

499 3284 723 3347 Quanto
758 3280 926 3335 altior
955 3282 1194 3352 gradus,
1226 3284 1386 3336 tanto
1419 3282 1761 3352 profundior
1791 3300 1982 3339 casus.

496 3386 695 3452 Qualis
725 3387 879 3457 apud
912 3403 975 3441 se
1004 3386 1252 3457 quisque
1286 3385 1479 3455 lateat,
1528 3387 1688 3443 illata
1719 3389 2071 3445 contumelia

422 3477 648 3549 probat.

494 3566 678 3628 Quam
705 3563 937 3619 laudem
977 3563 1334 3619 merebimur
1380 3565 1450 3618 de
1497 3564 1714 3634 pallore
1753 3567 1986 3637 jejunii,
2021 3567 2070 3621 si

423 3653 644 3708 invidia
674 3669 882 3708 sumus
912 3652 1090 3706 lividi.

495 3741 642 3805 Quid
675 3740 907 3795 virtutis
940 3739 1158 3794 habent
1188 3740 1388 3794 vinum
1424 3757 1537 3795 non
1589 3742 1873 3813 bibentes,
1903 3745 1950 3799 si
1984 3746 2069 3800 ira

421 3835 598 3903 atque
629 3829 759 3884 odio
789 3828 1156 3883 inebriantur
1175 3827 1202 3879 ?

493 3919 640 3983 Quid
673 3918 911 3989 prodest
932 3916 1220 3970 attenuari
1247 3933 1458 3987 corpus
1481 3918 1852 3986 abstinentia,
1878 3921 1927 3976 si
1949 3921 2068 3976 ani-

420 4022 556 4062 mus
588 4007 947 4059 intumescat
977 4004 1253 4074 superbia
1278 4006 1304 4057 ‘I

489 4094 662 4156 Quasi
689 4094 746 4147 in
770 4092 1068 4148 sacculum
1097 4098 1402 4164 pertusum
1427 4111 1517 4151 res
1539 4113 1675 4151 suas
1700 4097 1931 4168 ingerit,
1967 4099 2066 4169 qui

419 4190 476 4238 et
498 4185 650 4238 bona
671 4181 868 4252 aliqua
890 4182 1027 4253 agit,
1053 4186 1110 4237 et
1130 4186 1325 4238 tamen
1359 4183 1519 4239 nulla
1561 4186 1858 4256 pravitatis
1885 4187 2064 4243 solitae

415 4271 613 4327 studia
637 4271 873 4326 deserit.

485 4362 782 4425 Quantum
808 4360 1028 4416 bonum
1060 4361 1272 4416 habeat
1317 4361 1560 4428 sanitas,
1616 4365 1871 4420 ostendit
1900 4365 2060 4419 inﬁr-

415 4450 611 4506 mitas.

484 4539 760 4612 Quisquis
801 4540 1023 4612 jugiter
1069 4543 1284 4595 tractat
1335 4544 1400 4595 ut
1445 4540 1598 4595 bona
1645 4542 1839 4612 aliqua
1869 4543 2058 4613 faciat,

413 4630 539 4684 sine
569 4629 1000 4684 intermissione
1031 4633 1178 4683 orat.

482 4721 666 4783 Quam
703 4717 1082 4773 metuendum
1117 4717 1194 4771 sit
1225 4717 1630 4772 obdurationis
1661 4719 1866 4772 divinae
1891 4719 2059 4788 judi-

411 4807 587 4876 cium,
620 4806 677 4859 in
718 4805 933 4859 Judaeis
980 4811 1035 4860 et
1094 4806 1429 4861 infidelibus
1479 4806 1700 4877 jugiter
1757 4809 2058 4864 obduratis

413 4894 649 4966 agnosci
680 4898 890 4963 potest.

482 4981 724 5046 Quando
755 4998 860 5036 nos
891 4998 1159 5053 peccasse
1185 4985 1509 5055 querimus,
1561 5003 1594 5039 a
1634 4984 1878 5040 Domino
1910 4987 2054 5041 visi-

406 5075 623 5127 tamur.

481 5159 723 5224 Quando
755 5175 861 5214 nos
911 5176 1146 5230 peccare
1198 5161 1463 5230 delectat,
1515 5161 1784 5216 diabolus
1823 5180 1920 5218 cor
1951 5181 2052 5219 no-

409 5253 597 5304 strum
631 5247 958 5320 impugnat.

479 5337 613 5400 Quae
645 5337 896 5408 quisque
923 5337 1063 5392 velit
1093 5343 1328 5408 metere,
1361 5337 1524 5408 prius
1547 5337 1718 5394 debet
1740 5341 2048 5397 seminare.

479 5441 586 5504 Qui
609 5458 670 5497 se
688 5443 955 5499 meminit
973 5443 1176 5501 illicita
1199 5445 1452 5517 plurima
1469 5452 1852 5518 perpetrasse,
1883 5450 2052 5506 debet

406 5529 587 5588 etiam
617 5546 720 5603 pro
752 5533 1094 5604 pcenitentia
1125 5552 1158 5591 a
1189 5533 1366 5592 licitis
1397 5534 1708 5606 abstinere.

2185 3205 2454 3260 przeesse.

2254 3278 2402 3339 Quid
2435 3279 2726 3335 infelicius
2758 3297 2933 3352 quam
2957 3287 3266 3353 conspecta
3289 3282 3560 3338 felicitate
3582 3282 3835 3339 aliorum

2182 3366 2332 3420 allici
2358 3365 2385 3419 ‘I

2251 3455 2399 3520 Quid
2433 3457 2667 3512 cuidam
2702 3459 2937 3528 prodest
2967 3459 3108 3515 foris
3141 3477 3267 3516 esse
3297 3461 3454 3530 Cato,
3475 3478 3609 3516 cum
3642 3461 3717 3516 sit
3738 3461 3832 3516 in-

2181 3547 2276 3597 tus
2307 3547 2455 3598 Nero
2476 3544 2503 3597 ?

2252 3633 2399 3697 Quid
2434 3634 2670 3704 prodest
2699 3634 2834 3691 ullis
2857 3635 3122 3692 incedere
3152 3639 3210 3692 in
3240 3639 3602 3695 vestimentis
3633 3640 3832 3695 ovium

2180 3722 2227 3776 si
2259 3722 2617 3778 intrinsecus
2643 3729 2848 3795 gerant
2877 3726 3053 3781 corda
3079 3726 3351 3799 luporum
3380 3732 3401 3782 Ρ

2249 3829 2564 3900 Quousque
2595 3829 2820 3884 homini
2853 3849 2966 3886 non
2990 3833 3302 3904 displicent
3332 3835 3485 3890 mala
3515 3852 3547 3889 a
3576 3851 3635 3890 se
3669 3836 3832 3890 facta

2178 3923 2424 3989 regnant
2457 3919 2513 3971 in
2546 3935 2610 3973 eo
2641 3919 2801 3973 vitia.

2247 4007 2409 4070 Quod
2426 4007 2664 4062 omnino
2681 4025 2916 4065 necesse
2949 4015 3038 4065 est
3082 4013 3223 4083 pati,
3257 4013 3545 4084 patienter
3573 4013 3825 4069 sustine.

2247 4095 2408 4158 Quod
2432 4097 2837 4168 unusquisque
2854 4115 2968 4154 non
2983 4106 3253 4171 expertus
3275 4107 3363 4158 est
3391 4102 3450 4157 in
3484 4102 3825 4174 semetipso,

2175 4183 2411 4237 difﬁcile
2441 4184 2623 4239 credit
2655 4185 2724 4240 de
2756 4185 2887 4257 alio,

2246 4274 2396 4338 Quot
2427 4274 2616 4329 modis
2649 4274 2821 4330 homo
2856 4279 3044 4346 potest
3070 4277 3219 4332 male
3251 4294 3438 4350 agere,
3493 4282 3577 4334 tot
3633 4279 3828 4333 modis

2175 4361 2351 4416 etiam
2386 4367 2576 4433 potest
2608 4363 2754 4419 bene
2783 4381 2952 4435 agere
2981 4365 3316 4437 relinquens
3340 4367 3512 4422 mala.

2245 4467 2380 4530 Quae
2411 4470 2597 4524 facere
2619 4474 2788 4540 turpe
2819 4475 2925 4537 est,
2962 4472 3135 4525 etiam
3167 4473 3358 4527 dicere
3392 4477 3560 4544 turpe
3587 4477 3693 4528 est.

2242 4557 2373 4618 Quze
2409 4559 2580 4612 modo
2615 4558 2863 4628 quisque
2894 4558 3035 4630 legit
3065 4561 3206 4616 dum
3237 4579 3491 4632 praesens
3521 4562 3637 4615 vita
3699 4577 3826 4617 ma-

3500 4647 3706 4719 [nebit,

2351 4738 2459 4790 Seu
2493 4736 2645 4789 bona
2675 4735 2792 4790 sive
2834 4737 2988 4791 mala
3020 4753 3248 4809 semper
3279 4735 3516 4790 habebit
3547 4752 3634 4790 ea.

2239 4823 2400 4886 Quod
2432 4824 2572 4878 satis
2605 4828 2709 4890 est,
2745 4824 2834 4877 cui
2869 4827 3132 4896 contigit,
3165 4824 3307 4879 nihil
3340 4823 3596 4896 amplius
3637 4831 3822 4898 optet.

2237 4911 2344 4976 Qui
2397 4911 2602 4965 dives?
2662 4912 2761 4982 qui
2821 4913 2900 4966 nil
2962 4913 3140 4984 cupit.
3201 4915 3269 4967 Et
3328 4914 3459 4984 quis
3536 4931 3763 4986 pauper
3794 4915 3823 4969 ‘?

2165 5017 2392 5054 avarus.

2239 5088 2385 5150 Quid
2409 5087 2571 5142 stulti
2595 5089 2894 5159 proprium
2925 5090 2952 5143 ‘I
2983 5107 3096 5144 non
3123 5097 3378 5162 posse,et
3405 5091 3552 5146 velle
3585 5107 3815 5147 nocere.

2240 5175 2399 5238 Quod
2434 5176 2736 5246 prudentis
2768 5193 2914 5249 Opus
2943 5178 2970 5232 ‘1
3011 5195 3142 5234 cum
3176 5180 3380 5252 possit,
3407 5180 3557 5235 nolle
3585 5196 3814 5235 nocere.

2235 5265 2419 5328 Quam
2443 5280 2621 5335 prope
2643 5265 2719 5320 sit
2743 5265 2910 5322 littus
2937 5267 2993 5321 in
3027 5269 3219 5336 corde,
3246 5270 3424 5325 maris
3447 5268 3610 5324 labor
3628 5269 3793 5322 intus
3811 5309 3823 5322 .

2232 5370 2338 5432 Qui
2371 5367 2481 5426 sibi
2514 5388 2626 5426 non
2660 5373 2862 5443 parcit,
2897 5373 3043 5429 nulli
3074 5392 3306 5446 quoque
3338 5391 3574 5446 parcere
3622 5374 3815 5428 novit.

2234 5461 2415 5525 Quam
2450 5461 2793 5519 tenebrosus
2826 5479 3006 5533 amor,
3035 5481 3148 5536 quo
3181 5465 3328 5521 lucis
3351 5464 3669 5536 spermitur
3697 5464 3817 5519 Au-

2157 5553 2283 5608 ctor
2306 5551 2317 5606 l
