4098 6172
219 318 318 377 329
1437 317 1666 376 LIBER
1716 315 2362 377 PROVERBIORUM.
3489 319 3606 379 330

282 449 417 515 Quid
449 450 689 521 prodest
726 449 992 506 studium
1025 451 1182 521 quod
1233 449 1484 505 fructum
1518 467 1633 504 non
1673 449 1848 504 habet
1878 451 1932 516 Α
2033 449 2319 519 Resurgat
2348 449 2406 503 in
2438 449 2628 520 prima
2658 449 2756 521 qui
2806 468 2920 506 non
2969 450 3094 506 vult
3125 450 3393 506 damnari
3428 450 3487 505 in
3521 467 3609 506 re-

1590 537 1852 610 [ullum?
1962 537 2323 592 surrectionc
2354 539 2632 593 secunda.

282 629 538 694 Quaerere
567 628 710 699 quid
744 629 982 700 prodest
1011 645 1202 702 gazas,
1227 633 1284 684 et
1314 629 1552 701 perdere
1581 628 1814 697 coelum,
2032 627 2312 698 Raptores
2344 628 2667 683 alienarum
2713 646 2929 696 rerum,
2961 629 3074 702 ipsi
3119 632 3477 703 quandoque
3527 647 3612 686 ra-

283 719 457 783 Quam
484 718 676 774 bonus
707 722 797 774 est
844 718 1128 773 Dominus
1181 718 1408 774 cunctis
1459 716 1853 788 quaerentibus
1962 714 2200 787 picntur
2229 716 2301 771 ad
2335 717 2660 772 interitum.

1625 805 1852 877 [illum.
2035 805 2393 876 Repentinus
2426 806 2585 862 furor
2615 805 2696 861 nil
2728 807 2973 864 rationis
3004 808 3198 865 habet.

284 899 569 963 Quantum
595 895 730 968 plus
749 894 1208 966 valeas,tantum
1236 896 1582 951 submittere
1604 895 1849 950 Christo.
2036 893 2300 950 Rebelles
2330 895 2537 952 divinae
2590 896 2788 968 pietati
2819 898 3124 953 tradentur
3154 899 3451 955 diabolicae
3501 915 3609 972 po-

283 986 382 1050 Qui
430 985 542 1041 tibi
584 985 682 1040 dat
710 984 990 1051 multum,
1040 986 1110 1040 de
1160 990 1216 1040 te
1261 1001 1493 1057 quoque
1543 983 1750 1056 quaerit
1795 983 1853 1037 id
1964 984 2180 1038 testati.

1592 1073 1851 1145 [ipsum
2036 1072 2147 1127 Res
2182 1072 2454 1144 quaelibet
2483 1075 2735 1130 obscura
2764 1092 2866 1146 per
2913 1074 3363 1132 similitudinem
3395 1079 3484 1132 est
3513 1091 3608 1132 ex-

283 1166 456 1230 Quem
483 1167 640 1220 Deus
670 1163 928 1229 indurat,
958 1162 1117 1218 hunc
1148 1163 1346 1219 nullus
1377 1167 1580 1235 postea
1609 1167 1793 1218 curat.
1964 1161 2277 1234 plananda.
2493 1168 2495 1170 ’

810 1251 1040 1308 CAPUT
1075 1251 1246 1306 XVII.
2037 1251 2285 1323 Reprobi
2315 1256 2371 1307 et
2409 1253 2471 1308 in
2518 1253 2625 1310 hoc
2676 1254 2886 1311 saeculo
2917 1255 3238 1329 fatigantur
3280 1254 3612 1326 desideriis,

284 1344 542 1416 Regnum
591 1347 783 1413 tuum,
817 1341 1083 1410 Domine,
1117 1357 1362 1413 regnum
1387 1339 1649 1396 omnium
1677 1355 1855 1396 saecu-
1965 1342 2020 1395 et
2049 1340 2108 1395 in
2141 1341 2335 1396 futuro
2362 1342 2688 1399 tormentis.

224 1433 415 1489 lorum.
2037 1429 2277 1484 Rustica
2305 1429 2508 1501 lingua
2535 1431 2644 1486 viri
2673 1438 3048 1490 mansuetum
3081 1451 3181 1490 cor
3211 1435 3521 1491 retinentis

282 1526 482 1578 Rectos
513 1522 679 1577 decet
709 1521 985 1577 laudatio.
2035 1518 2264 1574 Gratior
2291 1524 2380 1574 est
2405 1520 2650 1576 Domino
2683 1539 2860 1594 quam
2894 1522 3097 1596 lingua
3127 1523 3317 1596 perita
3346 1523 3614 1596 superbi.

284 1611 756 1680 Rectejudicate,
782 1609 885 1664 filii
918 1609 1246 1665 hominum.
2035 1607 2152 1662 Rex
2182 1608 2315 1679 pius
2346 1612 2403 1664 et
2423 1609 2624 1680 justus
2656 1612 2852 1667 studet
2892 1611 3002 1668 hoc
3034 1613 3189 1685 quod
3223 1612 3436 1668 dicitur
3463 1629 3612 1669 esse.

283 1701 520 1756 Rectum
552 1704 642 1755 est
670 1699 912 1754 verbum
935 1697 1187 1768 Domini,
1211 1701 1268 1753 et
1291 1697 1491 1752 omnia
1521 1713 1698 1769 opera
1726 1697 1854 1768 ejus
2036 1696 2186 1751 Rara
2233 1697 2378 1752 fides
2435 1697 2658 1754 homini
2707 1699 3019 1758 tribuenda
3067 1706 3174 1772 est,
3210 1701 3355 1773 prob
3407 1700 3607 1757 dolor!

225 1791 274 1844 in
302 1790 434 1844 ﬁde.
1886 1828 1930 1856 ι)
3395 1789 3607 1856 [omni.

302 1828 434 1844 ...μη
3396 1828 3501 1856 lu“

282 1879 541 1934 Redimet
571 1878 858 1933 Dominus
903 1876 1132 1932 animas
1176 1891 1472 1931 servorum
1505 1889 1768 1944 suorum,
1797 1877 1854 1928 et
1886 1828 1932 1891 Β
2034 1873 2241 1929 Rector
2267 1876 2578 1946 perfectus,
2611 1877 2706 1932 hic
2740 1877 2930 1948 primo
2965 1893 3106 1933 suos
3137 1879 3285 1950 regit
3315 1882 3501 1934 actus.

223 1986 321 2024 non
346 1967 692 2038 delinquent
721 1982 925 2022 omnes
956 1965 1058 2036 qui
1084 1968 1323 2038 sperant
1349 1964 1409 2019 in
1442 1979 1529 2020 eo.
2034 1963 2207 2035 Regis
2239 1981 2489 2036 persona
2520 1982 2713 2038 regem
2747 1971 2944 2022 monet
2974 1967 3045 2022 ad
3076 1965 3339 2022 meliora.

284 2056 485 2113 Revela
515 2056 763 2112 Domino
797 2055 948 2111 viam
987 2059 1173 2122 tuam,
1206 2060 1262 2110 et
1290 2071 1460 2126 spera
1502 2053 1561 2108 in
1609 2070 1764 2124 eum,
1797 2056 1854 2108 et
2034 2052 2300 2124 Regnum
2327 2053 2605 2109 caelorum
2637 2059 2865 2127 raptare
2897 2056 3086 2112 solent
3114 2053 3371 2111 violenti.

221 2147 332 2219 ipse
359 2146 548 2202 faciet.
2035 2141 2226 2197 Rebus
2256 2141 2315 2196 in
2347 2143 2607 2199 adversis
2638 2161 2709 2198 ne
2739 2149 2935 2199 motus
2967 2144 3325 2201 destituaris.

280 2236 544 2307 Regnum
564 2233 846 2290 caelorum
869 2232 984 2288 vim
1006 2232 1248 2304 patitur,
1273 2235 1329 2287 et
1358 2231 1590 2288 violenti
1618 2229 1856 2303 rapiunt
2556 2232 2786 2288 CAPUT
2823 2233 3016 2289 XVIII.

218 2323 375 2380 illud.
2033 2320 2250 2376 Servite
2282 2320 2526 2378 Domino
2575 2322 2634 2377 in
2684 2321 2916 2394 timore,
2949 2327 3005 2379 et
3033 2321 3322 2380 exsultate
3372 2322 3424 2380 ei
3473 2339 3610 2379 cum

279 2415 394 2469 Rex
422 2413 526 2486 qui
557 2414 723 2469 sedet
751 2412 814 2467 in
843 2410 988 2468 solio
1015 2410 1222 2483 judicii
1254 2409 1503 2482 dissipat
1529 2425 1702 2465 omne
1729 2424 1852 2464 ma-
1963 2414 2233 2465 tremore.

216 2503 325 2558 lum
358 2503 577 2558 intuitu
612 2518 740 2556 suo.
2035 2498 2394 2554 Sacrificium
2426 2499 2541 2556 Deo
2572 2501 2816 2573 spiritus
2848 2501 3296 2558 contribulatus.

277 2593 449 2650 Risus
479 2591 680 2647 dolore
708 2589 1010 2662 miscetur,
1028 2594 1086 2646 et
1106 2593 1364 2645 extrema
1392 2586 1591 2661 gaudii
1613 2589 1856 2659 occupat
2035 2589 2121 2643 Sit
2152 2589 2337 2660 gloria
2367 2589 2598 2645 Domini
2629 2591 2688 2644 in
2725 2590 3004 2647 saeculum
3037 2591 3253 2647 saeculi.

215 2682 416 2738 luctus.
2035 2676 2205 2732 Salus
2229 2678 2529 2748 justorum
2559 2697 2594 2735 a
2624 2679 2892 2750 Domino,
2917 2684 2973 2735 et
3003 2684 3296 2752 protector
3323 2694 3523 2736 eorum
3551 2678 3612 2735 in

277 2769 598 2842 Responsio
631 2768 827 2825 mollis
857 2768 1076 2841 frangit
1103 2769 1274 2825 iram.
1963 2771 2225 2838 tempore
2256 2767 2676 2824 tribulationis.

276 2861 389 2915 Rex
437 2860 542 2931 qui
588 2859 821 2930 judicat
861 2858 923 2913 in
970 2858 1211 2914 veritate
1258 2873 1564 2929 pauperes,
1604 2855 1855 2911 thronus
2034 2856 2117 2910 Sit
2148 2871 2360 2911 nomen
2387 2843 2630 2911 'Domini
2676 2858 3047 2913 benedictum
3096 2874 3164 2914 ex
3211 2859 3320 2914 hoc
3372 2873 3529 2913 nunc
3559 2860 3616 2913 et

215 2951 331 3020 ejus
357 2950 417 3004 in
447 2953 736 3004 sternam
771 2948 1119 3003 ﬁrmabitur.
1965 2962 2152 3016 usque
2182 2945 2242 3000 in
2271 2945 2576 3000 saeculum.

274 3037 682 3110 Regnantibns
713 3037 912 3108 impiis
942 3035 1114 3091 ruina
1142 3035 1450 3092 hominum
1481 3034 1610 3090 erit.
2036 3035 2240 3089 Suavis
2270 3035 2549 3090 Dominus
2600 3035 2907 3109 universis,
2941 3042 2998 3093 et
3050 3037 3450 3094 misericordia
3481 3037 3612 3108 ejus

275 3127 614 3198 Rexjustus
628 3125 801 3198 erigit
819 3130 1066 3195 terram;
1092 3126 1178 3180 vir
1192 3142 1402 3180 avarus
1423 3125 1686 3179 destruet
1701 3138 1851 3178 eam.
1898 3195 1925 3198 ι
1967 3139 2142 3193 super
2171 3124 2368 3180 omnia
2394 3141 2569 3196 opera
2599 3127 2746 3195 ejus.

272 3195 541 3288 Regnum
572 3233 607 3271 a
636 3195 810 3288 gente
848 3215 908 3270 in
959 3219 1190 3287 gentem
1221 3215 1569 3269 transfertur
1621 3215 1856 3284 propter
1884 3195 1926 3261 C
2037 3211 2288 3283 Spiritus
2322 3195 2568 3268 ubiivult
2598 3214 2799 3284 spirat,
2824 3218 2880 3268 et
2905 3231 3100 3271 vocem
3131 3216 3258 3285 ejus
3288 3216 3480 3282 audis,
3510 3216 3610 3272 sed

212 3304 549 3375 injustitias.
1970 3318 2084 3355 non
2116 3299 2231 3356 scis
2262 3301 2417 3356 unde
2445 3302 2642 3357 veniat
2671 3306 2727 3358 et
2757 3319 2871 3373 quo
2901 3305 3093 3358 vadat.

277 3393 663 3450 Renovamini
694 3393 903 3465 spiritu
938 3393 1151 3449 mentis
1173 3397 1396 3458 vestrae,
1421 3395 1478 3446 et
1506 3390 1729 3445 induite
1760 3406 1859 3445 no-
2041 3389 2293 3460 Spiritus
2325 3393 2414 3444 est
2445 3396 2613 3458 Deus,
2644 3395 2700 3445 et
2729 3408 2827 3446 eos
2859 3391 2958 3462 qui
2980 3393 3224 3448 adorant
3245 3408 3380 3448 eum
3412 3392 3472 3447 in
3503 3391 3619 3463 spi-

212 3499 338 3538 vum
369 3483 698 3550 hominem,
725 3482 828 3554 qui
858 3482 1182 3538 secundum
1205 3482 1391 3537 Deum
1427 3483 1653 3536 creatus
1680 3482 1769 3534 est
1797 3479 1856 3534 in
1970 3479 2084 3534 ritu
2116 3483 2172 3534 et
2201 3478 2439 3534 veritate
2472 3483 2695 3550 oportet
2725 3481 2986 3535 adorare.

205 3571 430 3640 justitia
459 3577 520 3627 et
552 3571 864 3628 sanctitate
887 3569 1166 3626 veritatis.
2039 3568 2100 3624 Si
2132 3586 2341 3624 manus
2362 3571 2483 3635 tua,
2509 3572 2563 3622 et
2585 3586 2686 3640 pes
2709 3573 2846 3626 tuus
2866 3568 3220 3626 scandalizet
3238 3573 3314 3642 te,
3339 3568 3618 3626 abscinde

280 3660 503 3733 Religio
526 3659 751 3715 munda
767 3664 824 3715 et
845 3657 1222 3714 immaculata
1240 3657 1395 3729 apud
1423 3657 1607 3712 Deum
1631 3655 1858 3710 Patrem
1969 3675 2123 3728 eum,
2157 3663 2215 3712 et
2246 3659 2462 3729 projice
2494 3658 2600 3713 abs
2630 3662 2704 3715 te.

209 3749 321 3805 hac
353 3754 442 3805 est
465 3767 477 3804 :
505 3748 766 3805 Visitare
795 3748 1048 3821 pupillos
1079 3753 1136 3803 et
1159 3747 1367 3802 viduas
1398 3746 1458 3801 in
1484 3743 1861 3801 tribulatione
2039 3746 2129 3801 Sic
2156 3747 2312 3801 Deus
2343 3747 2543 3802 dilexit
2565 3749 2874 3816 mundum,
2903 3753 2967 3804 ut
2987 3748 3197 3804 Filium
3223 3767 3399 3806 suum
3421 3749 3623 3822 unige-

210 3855 424 3895 eorum.
1971 3835 2161 3890 nitum
2177 3836 2431 3905 daret,ut
2447 3836 2640 3892 omnis
2659 3838 2756 3909 qui
2775 3837 2958 3894 credit
2973 3837 3032 3894 in
3051 3837 3245 3910 ipsum
3267 3855 3381 3895 non
3400 3841 3621 3911 pereat,

275 3928 456 3983 Radix
487 3927 760 3983 omnium
793 3926 1084 3982 malorum
1114 3924 1427 3997 cupiditas.
1971 3926 2070 3980 sed
2102 3924 2316 3979 habeat
2345 3924 2521 3980 vitam
2556 3930 2854 3982 aeternam.

273 4018 459 4073 Ruina
489 4016 697 4090 populi
724 4016 1055 4072 sacerdotes
1087 4014 1248 4070 mali.
2040 4014 2098 4068 Si
2120 4014 2440 4086 peccaverit
2461 4015 2518 4069 in
2543 4019 2596 4070 te
2619 4016 2796 4073 frater
2815 4022 2975 4084 tuus,
2997 4018 3141 4074 vade
3162 4021 3220 4074 et
3241 4018 3463 4090 corripe
3486 4033 3623 4075 eum

271 4109 537 4179 Regnum
572 4104 675 4162 Dei
705 4109 938 4161 tantum
969 4103 1144 4172 valet,
1179 4105 1468 4174 quantum
1498 4101 1700 4156 habes.
1971 4103 2123 4157 inter
2151 4109 2205 4158 te
2237 4108 2291 4157 et
2322 4103 2517 4174 ipsum
2551 4104 2765 4160 solum.

275 4195 611 4268 Religiosae
663 4194 863 4262 homo,
898 4194 946 4249 si
980 4192 1094 4249 cito
1143 4191 1436 4259 irascitur,
1471 4189 1636 4246 facile
1686 4187 1864 4243 etiam
2043 4191 2338 4262 Sapientis
2367 4193 2518 4247 oculi
2551 4194 2612 4248 in
2645 4194 2836 4266 capite
2863 4196 3012 4266 ejus.

209 4285 545 4356 corrigitur.
2046 4282 2294 4336 Sanctus
2321 4282 2574 4352 Spiritus
2596 4283 2915 4355 disciplinae
2938 4285 3174 4358 effugiet
3199 4285 3423 4358 ﬁctum,
3451 4289 3507 4341 et
3527 4300 3628 4340 au-

276 4372 446 4430 Recte
469 4371 744 4444 judicare
775 4371 966 4428 aliena
997 4371 1204 4427 merita
1233 4386 1351 4424 non
1393 4367 1563 4434 valet,
1597 4367 1690 4424 cui
1721 4384 1863 4422 con-
1975 4369 2086 4424 fert
2116 4387 2176 4424 se
2208 4387 2241 4424 a
2271 4371 2723 4442 cogitationibus
2749 4390 2874 4443 quae
2907 4378 3047 4429 sunt
3076 4375 3202 4430 sine
3230 4375 3554 4430 intellectu.

208 4462 451 4519 scientia
475 4462 824 4518 innocentia;
847 4461 1094 4534 propriae
1119 4459 1344 4517 nullam
1367 4457 1575 4530 judicii
1604 4456 1864 4529 regulam
2049 4458 2268 4514 Sentite
2301 4459 2370 4513 de
2401 4459 2647 4515 Domino
2678 4461 2738 4515 in
2770 4460 3053 4529 bonitate,
3081 4467 3135 4518 et
3165 4462 3223 4517 in
3256 4462 3632 4535 simplicitate

206 4553 445 4622 prabet.
1896 4566 1943 4629 D
1974 4547 2167 4604 cordis
2196 4548 2440 4619 quaerite
2471 4548 2662 4604 illum.

278 4641 514 4698 Rectius
569 4643 906 4712 sequuntur
960 4657 1177 4713 agnum
1235 4637 1534 4711 conjugati
1590 4635 1863 4706 humiles,
2049 4637 2294 4710 Sapiens
2334 4654 2432 4692 cor
2484 4643 2541 4693 et
2588 4637 2956 4710 intelligibile
3006 4639 3265 4695 abstinet
3313 4656 3376 4694 se
3419 4656 3454 4694 a
3498 4654 3637 4709 pec-

209 4745 384 4800 quam
413 4731 678 4804 virgines
710 4731 1138 4803 superbientes.
1976 4727 2138 4782 catis.

281 4821 528 4876 Robusti
583 4836 850 4893 corpore,
882 4819 996 4874 nisi
1043 4819 1158 4874 Deo
1201 4835 1234 4873 a
1266 4834 1380 4889 quo
1429 4816 1578 4872 vires
1628 4815 1864 4880 habent,
2048 4815 2308 4870 Stultitia
2338 4814 2610 4888 colligata
2648 4821 2736 4872 est
2785 4817 2841 4872 in
2895 4816 3066 4872 corde
3099 4816 3288 4890 pueri,
3319 4817 3420 4873 scd
3476 4815 3642 4888 virga

209 4907 412 4966 devote
442 4909 832 4979 famulentur,
867 4925 970 4980 pro
1001 4908 1110 4964 hoc
1141 4924 1341 4980 poenas
1373 4906 1688 4979 patientur.
1979 4903 2302 4975 disciplina:
2336 4905 2561 4976 fugabit
2590 4923 2740 4961 eam.

280 4997 677 5055 Referendum
711 5003 801 5054 est
848 4997 1047 5070 pietati
1100 4995 1326 5066 divinas,
1361 4994 1647 5066 quidquid
1692 4993 1868 5048 homo
2057 4993 2282 5049 Stultus
2313 4994 2505 5050 verbis
2535 5012 2650 5050 non
2681 4997 3020 5069 corrigitur.

201 5087 495 5154 jumentis
527 5087 789 5160 amplius
823 5087 1021 5143 habet.
2051 5081 2407 5153 Simplicitas
2429 5084 2726 5153 justorum
2758 5085 2970 5158 diriget
3000 5103 3119 5158 eos,
3145 5090 3202 5142 et
3231 5084 3644 5158 supplantatio

280 5176 454 5233 Ratio
486 5178 753 5233 humana
783 5182 927 5248 quot
969 5175 1256 5248 perversis
1287 5173 1743 5246 cogitationibus
1775 5188 1871 5226 re-
1979 5186 2384 5242 perversorum
2411 5173 2664 5228 vastabit
2695 5173 2844 5231 illos.

211 5264 446 5334 nititur,
478 5271 564 5322 tot
593 5282 844 5322 coronas
875 5263 1134 5320 cmlestes
1165 5267 1552 5336 promeretur.
2053 5260 2282 5314 Statera
2330 5259 2532 5314 dolosa
2588 5261 2944 5318 abominatio
2993 5268 3081 5318 est
3128 5264 3282 5334 apud
3342 5267 3546 5331 Deum,
3582 5264 3642 5317 et

277 5353 566 5426 Regimen
599 5355 939 5410 animarum
973 5371 1068 5409 ars
1099 5357 1189 5408 est
1218 5353 1456 5408 artium.
1982 5349 2212 5420 pondus
2243 5365 2476 5420 aequum
2507 5349 2779 5406 voluntas
2811 5353 2959 5422 ejus.

278 5441 580 5500 Remissio
613 5449 671 5500 et
698 5443 909 5500 lenitas
937 5443 1256 5515 incongrua
1278 5456 1474 5497 coram
1497 5439 1612 5495 Deo
1645 5441 1874 5510 reputa-
2055 5437 2300 5508 Sapiens
2329 5441 2395 5491 ut
2425 5437 2511 5492 sol
2552 5444 2871 5510 permanet,
2907 5440 3127 5496 stultus
3182 5445 3377 5498 autem
3410 5443 3475 5496 ut
3503 5438 3647 5497 luna

205 5533 312 5585 tur
339 5548 448 5603 pro
479 5533 828 5590 crudelitate
855 5548 1091 5605 magna.
1985 5530 2270 5582 mutatur.

274 5621 662 5680 Resurrectio
693 5623 883 5697 prima
908 5627 998 5680 est
1017 5638 1318 5695 resurgere
1348 5638 1384 5677 a
1415 5617 1573 5676 vitiis
1598 5617 1707 5675 hac
1734 5615 1870 5674 vita.
2062 5614 2424 5688 Sapientiam
2439 5615 2708 5674 omnium
2726 5617 3108 5692 antiquorum
3126 5621 3392 5694 exquirit
3409 5619 3657 5695 sapiens

549 5753 818 5816 Pareo:u
871 5749 1128 5817 CXLVI.
3250 5751 3318 5810 11
