  <div class='ocr_page' id='page_1' title='image "/cluster/home/n/w/nwhite01/storage/ocr_20150623/146/hvd.32044054760053/171.png"; bbox 0 0 4098 6172; ppageno 0'>
   <div class='ocr_carea' id='block_1_1' title="bbox 414 299 524 357">
    <p class='ocr_par' dir='ltr' id='par_1_1' title="bbox 414 299 524 357">
     <span class='ocr_line' id='line_1_1' title="bbox 414 299 524 357; baseline -0.009 0"><span class='ocrx_word' id='word_1_1' title='bbox 414 299 524 357; x_wconf 89' lang='grc'>331</span> 
     </span>
    </p>
   </div>
   <div class='ocr_carea' id='block_1_2' title="bbox 1427 279 2824 349">
    <p class='ocr_par' dir='ltr' id='par_1_2' title="bbox 1427 279 2824 349">
     <span class='ocr_line' id='line_1_2' title="bbox 1427 279 2824 349; baseline -0.006 0"><span class='ocrx_word' id='word_1_2' title='bbox 1427 284 1770 349; x_wconf 85' lang='lat' dir='ltr'>OTHLONI</span> <span class='ocrx_word' id='word_1_3' title='bbox 1815 281 2171 346; x_wconf 87' lang='lat' dir='ltr'>MONACHI</span> <span class='ocrx_word' id='word_1_4' title='bbox 2217 281 2282 340; x_wconf 92' lang='lat' dir='ltr'>S.</span> <span class='ocrx_word' id='word_1_5' title='bbox 2329 279 2824 342; x_wconf 81' lang='lat' dir='ltr'>EMMERAMMI</span> 
     </span>
    </p>
   </div>
   <div class='ocr_carea' id='block_1_3' title="bbox 3701 274 3819 334">
    <p class='ocr_par' dir='ltr' id='par_1_3' title="bbox 3701 274 3819 334">
     <span class='ocr_line' id='line_1_3' title="bbox 3701 274 3819 334; baseline -0.025 0"><span class='ocrx_word' id='word_1_6' title='bbox 3701 274 3819 334; x_wconf 74' lang='lat'>332</span> 
     </span>
    </p>
   </div>
   <div class='ocr_carea' id='block_1_4' title="bbox 490 405 3819 502">
    <p class='ocr_par' dir='ltr' id='par_1_4' title="bbox 490 405 3819 502">
     <span class='ocr_line' id='line_1_4' title="bbox 490 405 3819 502; baseline -0.007 -16"><span class='ocrx_word' id='word_1_7' title='bbox 490 427 789 502; x_wconf 83' lang='lat' dir='ltr'>Sapientia</span> <span class='ocrx_word' id='word_1_8' title='bbox 819 424 1181 493; x_wconf 89' lang='lat' dir='ltr'>abscondita,</span> <span class='ocrx_word' id='word_1_9' title='bbox 1214 426 1272 479; x_wconf 90' lang='lat' dir='ltr'>et</span> <span class='ocrx_word' id='word_1_10' title='bbox 1315 422 1625 478; x_wconf 77' lang='lat' dir='ltr'>thesaurus</span> <span class='ocrx_word' id='word_1_11' title='bbox 1663 417 1908 489; x_wconf 90' lang='lat' dir='ltr'>invisus,</span> <span class='ocrx_word' id='word_1_12' title='bbox 1933 432 2056 488; x_wconf 64' lang='lat' dir='ltr'>qua</span> <span class='ocrx_word' id='word_1_13' title='bbox 2088 423 2144 489; x_wconf 77' lang='grc' dir='ltr'><strong>Α</strong></span> <span class='ocrx_word' id='word_1_14' title='bbox 2246 413 2502 470; x_wconf 81' lang='lat' dir='ltr'>Stultum</span> <span class='ocrx_word' id='word_1_15' title='bbox 2530 414 2696 469; x_wconf 83' lang='lat' dir='ltr'>valde</span> <span class='ocrx_word' id='word_1_16' title='bbox 2726 416 2834 485; x_wconf 85' lang='lat' dir='ltr'>est,</span> <span class='ocrx_word' id='word_1_17' title='bbox 2857 411 2906 468; x_wconf 91' lang='lat' dir='ltr'>si</span> <span class='ocrx_word' id='word_1_18' title='bbox 2927 411 3020 467; x_wconf 90' lang='lat' dir='ltr'>hic</span> <span class='ocrx_word' id='word_1_19' title='bbox 3053 408 3274 482; x_wconf 82' lang='lat' dir='ltr'>placere</span> <span class='ocrx_word' id='word_1_20' title='bbox 3303 405 3643 481; x_wconf 61' lang='lat' dir='ltr'>quaerimus,</span> <span class='ocrx_word' id='word_1_21' title='bbox 3670 422 3819 479; x_wconf 90' lang='lat' dir='ltr'>quos</span> 
     </span>
    </p>
   </div>
   <div class='ocr_carea' id='block_1_5' title="bbox 419 515 1084 586">
    <p class='ocr_par' dir='ltr' id='par_1_5' title="bbox 419 515 1084 586">
     <span class='ocr_line' id='line_1_5' title="bbox 419 515 1084 586; baseline -0.011 -10"><span class='ocrx_word' id='word_1_22' title='bbox 419 520 646 576; x_wconf 82' lang='lat' dir='ltr'>utilitas</span> <span class='ocrx_word' id='word_1_23' title='bbox 677 518 732 572; x_wconf 91' lang='lat' dir='ltr'>in</span> <span class='ocrx_word' id='word_1_24' title='bbox 768 515 1036 586; x_wconf 85' lang='lat' dir='ltr'>utrisque</span> <span class='ocrx_word' id='word_1_25' title='bbox 1057 515 1084 568; x_wconf 86' lang='lat'><strong>?</strong></span> 
     </span>
    </p>
   </div>
   <div class='ocr_carea' id='block_1_6' title="bbox 495 601 1558 680">
    <p class='ocr_par' dir='ltr' id='par_1_6' title="bbox 495 601 1558 680">
     <span class='ocr_line' id='line_1_6' title="bbox 495 601 1558 680; baseline -0.008 -15"><span class='ocrx_word' id='word_1_26' title='bbox 495 609 739 680; x_wconf 85' lang='lat' dir='ltr'>Sapiens</span> <span class='ocrx_word' id='word_1_27' title='bbox 768 605 960 660; x_wconf 78' lang='lat' dir='ltr'>verbis</span> <span class='ocrx_word' id='word_1_28' title='bbox 993 603 1304 659; x_wconf 88' lang='lat' dir='ltr'>innotescit</span> <span class='ocrx_word' id='word_1_29' title='bbox 1335 601 1558 674; x_wconf 87' lang='lat' dir='ltr'>paucis.</span> 
     </span>
    </p>
   </div>
   <div class='ocr_carea' id='block_1_7' title="bbox 496 686 1970 766">
    <p class='ocr_par' dir='ltr' id='par_1_7' title="bbox 496 686 1970 766">
     <span class='ocr_line' id='line_1_7' title="bbox 496 686 1970 766; baseline -0.009 -12"><span class='ocrx_word' id='word_1_30' title='bbox 496 695 685 753; x_wconf 88' lang='lat' dir='ltr'>Semel</span> <span class='ocrx_word' id='word_1_31' title='bbox 719 693 978 766; x_wconf 83' lang='lat' dir='ltr'>loquitur</span> <span class='ocrx_word' id='word_1_32' title='bbox 1009 693 1186 761; x_wconf 87' lang='lat' dir='ltr'>Deus,</span> <span class='ocrx_word' id='word_1_33' title='bbox 1217 698 1275 747; x_wconf 89' lang='lat' dir='ltr'>et</span> <span class='ocrx_word' id='word_1_34' title='bbox 1305 691 1562 746; x_wconf 90' lang='lat' dir='ltr'>secundo</span> <span class='ocrx_word' id='word_1_35' title='bbox 1596 705 1710 744; x_wconf 91' lang='lat' dir='ltr'>non</span> <span class='ocrx_word' id='word_1_36' title='bbox 1744 686 1970 758; x_wconf 85' lang='lat' dir='ltr'>repetit.</span> 
     </span>
    </p>
   </div>
   <div class='ocr_carea' id='block_1_8' title="bbox 496 782 1249 857">
    <p class='ocr_par' dir='ltr' id='par_1_8' title="bbox 496 782 1249 857">
     <span class='ocr_line' id='line_1_8' title="bbox 496 782 1249 857; baseline -0.007 -17"><span class='ocrx_word' id='word_1_37' title='bbox 496 787 640 857; x_wconf 86' lang='lat' dir='ltr'>Spes</span> <span class='ocrx_word' id='word_1_38' title='bbox 671 783 983 855; x_wconf 70' lang='lat' dir='ltr'>hypocritze</span> <span class='ocrx_word' id='word_1_39' title='bbox 1022 782 1249 854; x_wconf 83' lang='lat' dir='ltr'>peribit.</span> 
     </span>
    </p>
   </div>
   <div class='ocr_carea' id='block_1_9' title="bbox 496 865 2071 947">
    <p class='ocr_par' dir='ltr' id='par_1_9' title="bbox 496 865 2071 947">
     <span class='ocr_line' id='line_1_9' title="bbox 496 865 2071 947; baseline -0.007 -17"><span class='ocrx_word' id='word_1_40' title='bbox 496 875 720 947; x_wconf 84' lang='lat' dir='ltr'>Septies</span> <span class='ocrx_word' id='word_1_41' title='bbox 752 873 906 928; x_wconf 86' lang='lat' dir='ltr'>cadit</span> <span class='ocrx_word' id='word_1_42' title='bbox 945 873 1168 943; x_wconf 83' lang='lat' dir='ltr'>justus,</span> <span class='ocrx_word' id='word_1_43' title='bbox 1203 875 1258 926; x_wconf 87' lang='lat' dir='ltr'>et</span> <span class='ocrx_word' id='word_1_44' title='bbox 1303 873 1594 941; x_wconf 85' lang='lat' dir='ltr'>resurget;</span> <span class='ocrx_word' id='word_1_45' title='bbox 1654 865 1820 939; x_wconf 86' lang='lat' dir='ltr'>impii</span> <span class='ocrx_word' id='word_1_46' title='bbox 1878 869 2071 921; x_wconf 91' lang='lat' dir='ltr'>autem</span> 
     </span>
    </p>
   </div>
   <div class='ocr_carea' id='block_1_10' title="bbox 426 961 1064 1023">
    <p class='ocr_par' dir='ltr' id='par_1_10' title="bbox 426 961 1064 1023">
     <span class='ocr_line' id='line_1_10' title="bbox 426 961 1064 1023; baseline -0.014 0"><span class='ocrx_word' id='word_1_47' title='bbox 426 967 698 1023; x_wconf 92' lang='lat' dir='ltr'>corruent</span> <span class='ocrx_word' id='word_1_48' title='bbox 730 963 789 1016; x_wconf 92' lang='lat' dir='ltr'>in</span> <span class='ocrx_word' id='word_1_49' title='bbox 820 961 1064 1017; x_wconf 90' lang='lat' dir='ltr'>malum.</span> 
     </span>
    </p>
   </div>
   <div class='ocr_carea' id='block_1_11' title="bbox 499 1048 1666 1109">
    <p class='ocr_par' dir='ltr' id='par_1_11' title="bbox 499 1048 1666 1109">
     <span class='ocr_line' id='line_1_11' title="bbox 499 1048 1666 1109; baseline -0.009 0"><span class='ocrx_word' id='word_1_50' title='bbox 499 1053 727 1109; x_wconf 85' lang='lat' dir='ltr'>Stultus</span> <span class='ocrx_word' id='word_1_51' title='bbox 758 1051 817 1105; x_wconf 92' lang='lat' dir='ltr'>in</span> <span class='ocrx_word' id='word_1_52' title='bbox 850 1051 972 1106; x_wconf 84' lang='lat' dir='ltr'>risu</span> <span class='ocrx_word' id='word_1_53' title='bbox 1005 1048 1220 1104; x_wconf 82' lang='lat' dir='ltr'>exaltat</span> <span class='ocrx_word' id='word_1_54' title='bbox 1248 1063 1445 1102; x_wconf 91' lang='lat' dir='ltr'>vocem</span> <span class='ocrx_word' id='word_1_55' title='bbox 1477 1061 1666 1100; x_wconf 88' lang='lat' dir='ltr'>suam.</span> 
     </span>
    </p>
   </div>
   <div class='ocr_carea' id='block_1_12' title="bbox 502 1131 2074 1212">
    <p class='ocr_par' dir='ltr' id='par_1_12' title="bbox 502 1131 2074 1212">
     <span class='ocr_line' id='line_1_12' title="bbox 502 1131 2074 1212; baseline -0.011 -12"><span class='ocrx_word' id='word_1_56' title='bbox 502 1142 734 1200; x_wconf 88' lang='lat' dir='ltr'>Secreta</span> <span class='ocrx_word' id='word_1_57' title='bbox 763 1141 916 1212; x_wconf 84' lang='lat' dir='ltr'>regis</span> <span class='ocrx_word' id='word_1_58' title='bbox 946 1139 1130 1194; x_wconf 89' lang='lat' dir='ltr'>celare</span> <span class='ocrx_word' id='word_1_59' title='bbox 1161 1139 1378 1192; x_wconf 93' lang='lat' dir='ltr'>bonum</span> <span class='ocrx_word' id='word_1_60' title='bbox 1413 1140 1519 1202; x_wconf 88' lang='lat' dir='ltr'>est,</span> <span class='ocrx_word' id='word_1_61' title='bbox 1555 1131 1850 1204; x_wconf 86' lang='lat' dir='ltr'>magnalia</span> <span class='ocrx_word' id='word_1_62' title='bbox 1880 1135 2074 1187; x_wconf 88' lang='lat' dir='ltr'>autem</span> 
     </span>
    </p>
   </div>
   <div class='ocr_carea' id='block_1_13' title="bbox 430 1228 1372 1290">
    <p class='ocr_par' dir='ltr' id='par_1_13' title="bbox 430 1228 1372 1290">
     <span class='ocr_line' id='line_1_13' title="bbox 430 1228 1372 1290; baseline -0.012 1"><span class='ocrx_word' id='word_1_63' title='bbox 430 1233 532 1290; x_wconf 91' lang='lat' dir='ltr'>Dei</span> <span class='ocrx_word' id='word_1_64' title='bbox 565 1230 817 1287; x_wconf 87' lang='lat' dir='ltr'>revelare</span> <span class='ocrx_word' id='word_1_65' title='bbox 848 1228 1236 1284; x_wconf 88' lang='lat' dir='ltr'>honoriﬁcum</span> <span class='ocrx_word' id='word_1_66' title='bbox 1268 1230 1372 1281; x_wconf 93' lang='lat' dir='ltr'>est.</span> 
     </span>
    </p>
   </div>
   <div class='ocr_carea' id='block_1_14' title="bbox 503 1316 1508 1388">
    <p class='ocr_par' dir='ltr' id='par_1_14' title="bbox 503 1316 1508 1388">
     <span class='ocr_line' id='line_1_14' title="bbox 503 1316 1508 1388; baseline -0.009 -10"><span class='ocrx_word' id='word_1_67' title='bbox 503 1322 744 1378; x_wconf 90' lang='lat' dir='ltr'>Somnia</span> <span class='ocrx_word' id='word_1_68' title='bbox 773 1317 1057 1374; x_wconf 76' lang='lat' dir='ltr'>extollunt</span> <span class='ocrx_word' id='word_1_69' title='bbox 1087 1316 1508 1388; x_wconf 86' lang='lat' dir='ltr'>imprudentes.</span> 
     </span>
    </p>
   </div>
   <div class='ocr_carea' id='block_1_15' title="bbox 501 1401 1858 1479">
    <p class='ocr_par' dir='ltr' id='par_1_15' title="bbox 501 1401 1858 1479">
     <span class='ocr_line' id='line_1_15' title="bbox 501 1401 1858 1479; baseline -0.008 -14"><span class='ocrx_word' id='word_1_70' title='bbox 501 1411 557 1466; x_wconf 91' lang='lat' dir='ltr'>Si</span> <span class='ocrx_word' id='word_1_71' title='bbox 591 1409 837 1465; x_wconf 89' lang='lat' dir='ltr'>vivimus</span> <span class='ocrx_word' id='word_1_72' title='bbox 871 1407 1104 1479; x_wconf 87' lang='lat' dir='ltr'>spiritu,</span> <span class='ocrx_word' id='word_1_73' title='bbox 1140 1404 1348 1476; x_wconf 86' lang='lat' dir='ltr'>spiritu</span> <span class='ocrx_word' id='word_1_74' title='bbox 1380 1409 1436 1458; x_wconf 91' lang='lat' dir='ltr'>et</span> <span class='ocrx_word' id='word_1_75' title='bbox 1466 1401 1858 1458; x_wconf 87' lang='lat' dir='ltr'>ambulemus.</span> 
     </span>
    </p>
   </div>
   <div class='ocr_carea' id='block_1_16' title="bbox 500 1491 2080 1570">
    <p class='ocr_par' dir='ltr' id='par_1_16' title="bbox 500 1491 2080 1570">
     <span class='ocr_line' id='line_1_16' title="bbox 500 1491 2080 1570; baseline -0.009 -15"><span class='ocrx_word' id='word_1_76' title='bbox 500 1500 557 1555; x_wconf 89' lang='lat' dir='ltr'>Si</span> <span class='ocrx_word' id='word_1_77' title='bbox 588 1499 904 1570; x_wconf 86' lang='lat' dir='ltr'>diligamus</span> <span class='ocrx_word' id='word_1_78' title='bbox 953 1496 1225 1562; x_wconf 87' lang='lat' dir='ltr'>invicem,</span> <span class='ocrx_word' id='word_1_79' title='bbox 1259 1495 1412 1549; x_wconf 91' lang='lat' dir='ltr'>Deus</span> <span class='ocrx_word' id='word_1_80' title='bbox 1445 1493 1506 1546; x_wconf 91' lang='lat' dir='ltr'>in</span> <span class='ocrx_word' id='word_1_81' title='bbox 1557 1491 1724 1546; x_wconf 89' lang='lat' dir='ltr'>nobis</span> <span class='ocrx_word' id='word_1_82' title='bbox 1777 1491 1991 1559; x_wconf 88' lang='lat' dir='ltr'>manet,</span> <span class='ocrx_word' id='word_1_83' title='bbox 2023 1491 2080 1541; x_wconf 90' lang='lat' dir='ltr'>et</span> 
     </span>
    </p>
   </div>
   <div class='ocr_carea' id='block_1_17' title="bbox 432 1585 1559 1658">
    <p class='ocr_par' dir='ltr' id='par_1_17' title="bbox 432 1585 1559 1658">
     <span class='ocr_line' id='line_1_17' title="bbox 432 1585 1559 1658; baseline -0.008 -13"><span class='ocrx_word' id='word_1_84' title='bbox 432 1589 687 1645; x_wconf 81' lang='lat' dir='ltr'>Charitas</span> <span class='ocrx_word' id='word_1_85' title='bbox 718 1588 845 1658; x_wconf 84' lang='lat' dir='ltr'>ejus</span> <span class='ocrx_word' id='word_1_86' title='bbox 875 1585 934 1639; x_wconf 93' lang='lat' dir='ltr'>in</span> <span class='ocrx_word' id='word_1_87' title='bbox 966 1585 1135 1640; x_wconf 91' lang='lat' dir='ltr'>nobis</span> <span class='ocrx_word' id='word_1_88' title='bbox 1167 1585 1419 1656; x_wconf 78' lang='lat' dir='ltr'>perfecta</span> <span class='ocrx_word' id='word_1_89' title='bbox 1451 1586 1559 1638; x_wconf 87' lang='lat' dir='ltr'>est.</span> 
     </span>
    </p>
   </div>
   <div class='ocr_carea' id='block_1_18' title="bbox 503 1672 1552 1740">
    <p class='ocr_par' dir='ltr' id='par_1_18' title="bbox 503 1672 1552 1740">
     <span class='ocr_line' id='line_1_18' title="bbox 503 1672 1552 1740; baseline -0.009 -8"><span class='ocrx_word' id='word_1_90' title='bbox 503 1677 754 1732; x_wconf 89' lang='lat' dir='ltr'>Scientia</span> <span class='ocrx_word' id='word_1_91' title='bbox 785 1675 967 1740; x_wconf 81' lang='lat' dir='ltr'>inflat,</span> <span class='ocrx_word' id='word_1_92' title='bbox 1003 1674 1255 1728; x_wconf 87' lang='lat' dir='ltr'>charitas</span> <span class='ocrx_word' id='word_1_93' title='bbox 1283 1672 1552 1726; x_wconf 68' lang='lat' dir='ltr'>aadiﬁcat.</span> 
     </span>
    </p>
   </div>
   <div class='ocr_carea' id='block_1_19' title="bbox 2179 502 2901 574">
    <p class='ocr_par' dir='ltr' id='par_1_19' title="bbox 2179 502 2901 574">
     <span class='ocr_line' id='line_1_19' title="bbox 2179 502 2901 574; baseline -0.004 -16"><span class='ocrx_word' id='word_1_94' title='bbox 2179 502 2485 574; x_wconf 88' lang='lat' dir='ltr'>displicere</span> <span class='ocrx_word' id='word_1_95' title='bbox 2516 508 2628 558; x_wconf 90' lang='lat' dir='ltr'>Deo</span> <span class='ocrx_word' id='word_1_96' title='bbox 2661 502 2901 558; x_wconf 89' lang='lat' dir='ltr'>scimus.</span> 
     </span>
    </p>
   </div>
   <div class='ocr_carea' id='block_1_20' title="bbox 2249 585 3824 661">
    <p class='ocr_par' dir='ltr' id='par_1_20' title="bbox 2249 585 3824 661">
     <span class='ocr_line' id='line_1_20' title="bbox 2249 585 3824 661; baseline -0.003 -16"><span class='ocrx_word' id='word_1_97' title='bbox 2249 591 2480 648; x_wconf 89' lang='lat' dir='ltr'>Sanitas</span> <span class='ocrx_word' id='word_1_98' title='bbox 2507 596 2564 647; x_wconf 91' lang='lat' dir='ltr'>et</span> <span class='ocrx_word' id='word_1_99' title='bbox 2592 593 2763 647; x_wconf 88' lang='lat' dir='ltr'>decor</span> <span class='ocrx_word' id='word_1_100' title='bbox 2787 590 3038 647; x_wconf 88' lang='lat' dir='ltr'>carnalis</span> <span class='ocrx_word' id='word_1_101' title='bbox 3063 589 3155 644; x_wconf 82' lang='lat' dir='ltr'>vix</span> <span class='ocrx_word' id='word_1_102' title='bbox 3178 588 3416 661; x_wconf 87' lang='lat' dir='ltr'>capiunt</span> <span class='ocrx_word' id='word_1_103' title='bbox 3437 587 3687 643; x_wconf 86' lang='lat' dir='ltr'>formam</span> <span class='ocrx_word' id='word_1_104' title='bbox 3718 585 3824 642; x_wconf 87' lang='lat' dir='ltr'>hu-</span> 
     </span>
    </p>
   </div>
   <div class='ocr_carea' id='block_1_21' title="bbox 2182 680 2468 736">
    <p class='ocr_par' dir='ltr' id='par_1_21' title="bbox 2182 680 2468 736">
     <span class='ocr_line' id='line_1_21' title="bbox 2182 680 2468 736; baseline 0 0"><span class='ocrx_word' id='word_1_105' title='bbox 2182 680 2468 736; x_wconf 88' lang='lat' dir='ltr'>militatis.</span> 
     </span>
    </p>
   </div>
   <div class='ocr_carea' id='block_1_22' title="bbox 2211 762 3827 848">
    <p class='ocr_par' dir='ltr' id='par_1_22' title="bbox 2211 762 3827 848">
     <span class='ocr_line' id='line_1_22' title="bbox 2211 762 3827 848; baseline -0.004 -22"><span class='ocrx_word' id='word_1_106' title='bbox 2211 845 2220 848; x_wconf 16' lang='lat'>._</span> <span class='ocrx_word' id='word_1_107' title='bbox 2252 771 2496 842; x_wconf 87' lang='lat' dir='ltr'>Sapiens</span> <span class='ocrx_word' id='word_1_108' title='bbox 2527 774 2616 826; x_wconf 90' lang='lat' dir='ltr'>est</span> <span class='ocrx_word' id='word_1_109' title='bbox 2645 769 2743 842; x_wconf 90' lang='lat' dir='ltr'>qui</span> <span class='ocrx_word' id='word_1_110' title='bbox 2775 768 2942 826; x_wconf 83' lang='lat' dir='ltr'>factis</span> <span class='ocrx_word' id='word_1_111' title='bbox 2965 769 3097 842; x_wconf 89' lang='lat' dir='ltr'>plus</span> <span class='ocrx_word' id='word_1_112' title='bbox 3128 783 3304 841; x_wconf 89' lang='lat' dir='ltr'>quam</span> <span class='ocrx_word' id='word_1_113' title='bbox 3334 765 3526 822; x_wconf 88' lang='lat' dir='ltr'>verbis</span> <span class='ocrx_word' id='word_1_114' title='bbox 3557 764 3702 820; x_wconf 89' lang='lat' dir='ltr'>alios</span> <span class='ocrx_word' id='word_1_115' title='bbox 3728 762 3827 820; x_wconf 90' lang='lat' dir='ltr'>do-</span> 
     </span>
    </p>
   </div>
   <div class='ocr_carea' id='block_1_23' title="bbox 2181 862 2554 916">
    <p class='ocr_par' dir='ltr' id='par_1_23' title="bbox 2181 862 2554 916">
     <span class='ocr_line' id='line_1_23' title="bbox 2181 862 2554 916; baseline -0.008 0"><span class='ocrx_word' id='word_1_116' title='bbox 2181 876 2308 916; x_wconf 90' lang='lat' dir='ltr'>cere</span> <span class='ocrx_word' id='word_1_117' title='bbox 2340 862 2554 916; x_wconf 83' lang='lat' dir='ltr'>studet.</span> 
     </span>
    </p>
   </div>
   <div class='ocr_carea' id='block_1_24' title="bbox 2254 943 3829 1018">
    <p class='ocr_par' dir='ltr' id='par_1_24' title="bbox 2254 943 3829 1018">
     <span class='ocr_line' id='line_1_24' title="bbox 2254 943 3829 1018; baseline -0.003 -14"><span class='ocrx_word' id='word_1_118' title='bbox 2254 951 2389 1004; x_wconf 87' lang='lat' dir='ltr'>Sine</span> <span class='ocrx_word' id='word_1_119' title='bbox 2425 951 2540 1004; x_wconf 89' lang='lat' dir='ltr'>ﬁne</span> <span class='ocrx_word' id='word_1_120' title='bbox 2572 948 2817 1004; x_wconf 90' lang='lat' dir='ltr'>cruciari</span> <span class='ocrx_word' id='word_1_121' title='bbox 2849 952 3104 1004; x_wconf 91' lang='lat' dir='ltr'>meretur</span> <span class='ocrx_word' id='word_1_122' title='bbox 3135 947 3235 1018; x_wconf 89' lang='lat' dir='ltr'>qui</span> <span class='ocrx_word' id='word_1_123' title='bbox 3287 945 3516 1001; x_wconf 90' lang='lat' dir='ltr'>nullum</span> <span class='ocrx_word' id='word_1_124' title='bbox 3551 943 3829 1018; x_wconf 89' lang='lat' dir='ltr'>peccandi</span> 
     </span>
    </p>
   </div>
   <div class='ocr_carea' id='block_1_25' title="bbox 2184 1037 3047 1094">
    <p class='ocr_par' dir='ltr' id='par_1_25' title="bbox 2184 1037 3047 1094">
     <span class='ocr_line' id='line_1_25' title="bbox 2184 1037 3047 1094; baseline -0.003 -1"><span class='ocrx_word' id='word_1_125' title='bbox 2184 1040 2359 1094; x_wconf 87' lang='lat' dir='ltr'>ﬁnem</span> <span class='ocrx_word' id='word_1_126' title='bbox 2395 1041 2451 1093; x_wconf 90' lang='lat' dir='ltr'>in</span> <span class='ocrx_word' id='word_1_127' title='bbox 2483 1040 2654 1094; x_wconf 90' lang='lat' dir='ltr'>corde</span> <span class='ocrx_word' id='word_1_128' title='bbox 2684 1055 2790 1094; x_wconf 92' lang='lat' dir='ltr'>suo</span> <span class='ocrx_word' id='word_1_129' title='bbox 2823 1037 3047 1093; x_wconf 88' lang='lat' dir='ltr'>statuit.</span> 
     </span>
    </p>
   </div>
   <div class='ocr_carea' id='block_1_26' title="bbox 2255 1141 3832 1216">
    <p class='ocr_par' dir='ltr' id='par_1_26' title="bbox 2255 1141 3832 1216">
     <span class='ocr_line' id='line_1_26' title="bbox 2255 1141 3832 1216; baseline -0.004 -14"><span class='ocrx_word' id='word_1_130' title='bbox 2255 1147 2483 1202; x_wconf 83' lang='lat' dir='ltr'>Sufﬁcit</span> <span class='ocrx_word' id='word_1_131' title='bbox 2531 1145 2848 1216; x_wconf 88' lang='lat' dir='ltr'>unicuique</span> <span class='ocrx_word' id='word_1_132' title='bbox 2880 1145 2964 1200; x_wconf 91' lang='lat' dir='ltr'>sic</span> <span class='ocrx_word' id='word_1_133' title='bbox 3008 1143 3309 1216; x_wconf 88' lang='lat' dir='ltr'>disputare</span> <span class='ocrx_word' id='word_1_134' title='bbox 3354 1141 3442 1198; x_wconf 90' lang='lat' dir='ltr'>vel</span> <span class='ocrx_word' id='word_1_135' title='bbox 3491 1141 3732 1209; x_wconf 87' lang='lat' dir='ltr'>dictare,</span> <span class='ocrx_word' id='word_1_136' title='bbox 3765 1144 3832 1196; x_wconf 88' lang='lat' dir='ltr'>ut</span> 
     </span>
    </p>
   </div>
   <div class='ocr_carea' id='block_1_27' title="bbox 2187 1235 2564 1306">
    <p class='ocr_par' dir='ltr' id='par_1_27' title="bbox 2187 1235 2564 1306">
     <span class='ocr_line' id='line_1_27' title="bbox 2187 1235 2564 1306; baseline 0 -17"><span class='ocrx_word' id='word_1_137' title='bbox 2187 1235 2564 1306; x_wconf 82' lang='lat' dir='ltr'>intelligatur.</span> 
     </span>
    </p>
   </div>
   <div class='ocr_carea' id='block_1_28' title="bbox 2257 1320 3830 1396">
    <p class='ocr_par' dir='ltr' id='par_1_28' title="bbox 2257 1320 3830 1396">
     <span class='ocr_line' id='line_1_28' title="bbox 2257 1320 3830 1396; baseline -0.003 -16"><span class='ocrx_word' id='word_1_138' title='bbox 2257 1323 2642 1396; x_wconf 90' lang='lat' dir='ltr'>Superﬁuitas</span> <span class='ocrx_word' id='word_1_139' title='bbox 2670 1329 2789 1380; x_wconf 90' lang='lat' dir='ltr'>tam</span> <span class='ocrx_word' id='word_1_140' title='bbox 2811 1324 3121 1380; x_wconf 87' lang='lat' dir='ltr'>verborum</span> <span class='ocrx_word' id='word_1_141' title='bbox 3152 1338 3329 1395; x_wconf 89' lang='lat' dir='ltr'>quam</span> <span class='ocrx_word' id='word_1_142' title='bbox 3361 1338 3556 1378; x_wconf 90' lang='lat' dir='ltr'>rerum</span> <span class='ocrx_word' id='word_1_143' title='bbox 3580 1320 3830 1377; x_wconf 87' lang='lat' dir='ltr'>aliarum</span> 
     </span>
    </p>
   </div>
   <div class='ocr_carea' id='block_1_29' title="bbox 2187 1414 2560 1469">
    <p class='ocr_par' dir='ltr' id='par_1_29' title="bbox 2187 1414 2560 1469">
     <span class='ocr_line' id='line_1_29' title="bbox 2187 1414 2560 1469; baseline 0 -1"><span class='ocrx_word' id='word_1_144' title='bbox 2187 1414 2423 1468; x_wconf 90' lang='lat' dir='ltr'>vitanda</span> <span class='ocrx_word' id='word_1_145' title='bbox 2452 1420 2560 1469; x_wconf 92' lang='lat' dir='ltr'>est.</span> 
     </span>
    </p>
   </div>
   <div class='ocr_carea' id='block_1_30' title="bbox 2258 1499 3833 1572">
    <p class='ocr_par' dir='ltr' id='par_1_30' title="bbox 2258 1499 3833 1572">
     <span class='ocr_line' id='line_1_30' title="bbox 2258 1499 3833 1572; baseline -0.001 -16"><span class='ocrx_word' id='word_1_146' title='bbox 2258 1502 2643 1558; x_wconf 64' lang='lat' dir='ltr'>chularibus</span> <span class='ocrx_word' id='word_1_147' title='bbox 2698 1500 2909 1557; x_wconf 88' lang='lat' dir='ltr'>litteris</span> <span class='ocrx_word' id='word_1_148' title='bbox 2971 1502 3232 1557; x_wconf 91' lang='lat' dir='ltr'>intentus</span> <span class='ocrx_word' id='word_1_149' title='bbox 3289 1517 3467 1556; x_wconf 75' lang='lat' dir='ltr'>sacrae</span> <span class='ocrx_word' id='word_1_150' title='bbox 3517 1499 3833 1572; x_wconf 70' lang='lat' dir='ltr'>Scriptura:</span> 
     </span>
    </p>
   </div>
   <div class='ocr_carea' id='block_1_31' title="bbox 2190 1591 2885 1664">
    <p class='ocr_par' dir='ltr' id='par_1_31' title="bbox 2190 1591 2885 1664">
     <span class='ocr_line' id='line_1_31' title="bbox 2190 1591 2885 1664; baseline 0 -18"><span class='ocrx_word' id='word_1_151' title='bbox 2190 1609 2402 1647; x_wconf 91' lang='lat' dir='ltr'>arcana</span> <span class='ocrx_word' id='word_1_152' title='bbox 2431 1608 2634 1664; x_wconf 89' lang='lat' dir='ltr'>capere</span> <span class='ocrx_word' id='word_1_153' title='bbox 2665 1591 2885 1663; x_wconf 89' lang='lat' dir='ltr'>nequit.</span> 
     </span>
    </p>
   </div>
   <div class='ocr_carea' id='block_1_32' title="bbox 2261 1677 3836 1752">
    <p class='ocr_par' dir='ltr' id='par_1_32' title="bbox 2261 1677 3836 1752">
     <span class='ocr_line' id='line_1_32' title="bbox 2261 1677 3836 1752; baseline -0.003 -16"><span class='ocrx_word' id='word_1_154' title='bbox 2261 1682 2621 1752; x_wconf 88' lang='lat' dir='ltr'>Scripturam</span> <span class='ocrx_word' id='word_1_155' title='bbox 2654 1698 2880 1736; x_wconf 86' lang='lat' dir='ltr'>sacram</span> <span class='ocrx_word' id='word_1_156' title='bbox 2921 1680 3120 1752; x_wconf 89' lang='lat' dir='ltr'>legens</span> <span class='ocrx_word' id='word_1_157' title='bbox 3152 1680 3444 1735; x_wconf 89' lang='lat' dir='ltr'>attendere</span> <span class='ocrx_word' id='word_1_158' title='bbox 3492 1678 3662 1734; x_wconf 88' lang='lat' dir='ltr'>debet</span> <span class='ocrx_word' id='word_1_159' title='bbox 3692 1677 3836 1750; x_wconf 89' lang='lat' dir='ltr'>quid</span> 
     </span>
    </p>
   </div>
   <div class='ocr_carea' id='block_1_33' title="bbox 504 1756 3836 1867">
    <p class='ocr_par' dir='ltr' id='par_1_33' title="bbox 504 1756 3836 1867">
     <span class='ocr_line' id='line_1_33' title="bbox 504 1756 3836 1867; baseline -0.005 -29"><span class='ocrx_word' id='word_1_160' title='bbox 504 1767 565 1823; x_wconf 69' lang='lat' dir='ltr'>Si</span> <span class='ocrx_word' id='word_1_161' title='bbox 597 1766 728 1838; x_wconf 70' lang='lat' dir='ltr'>qUiS</span> <span class='ocrx_word' id='word_1_162' title='bbox 777 1766 1029 1867; x_wconf 38' lang='lat' dir='ltr'>diX‘eI‘ii‘I</span> <span class='ocrx_word' id='word_1_163' title='bbox 1066 1762 1351 1867; x_wconf 57' lang='grc' dir='ltr'>Ουοῐξὶθοῐϊι</span> <span class='ocrx_word' id='word_1_164' title='bbox 1401 1759 1577 1867; x_wconf 41' lang='lat' dir='ltr'>{ﬁngo</span> <span class='ocrx_word' id='word_1_165' title='bbox 1626 1763 1829 1826; x_wconf 64' lang='lat' dir='ltr'>Deum:</span> <span class='ocrx_word' id='word_1_166' title='bbox 1866 1761 1922 1812; x_wconf 63' lang='grc' dir='ltr'>ει</span> <span class='ocrx_word' id='word_1_167' title='bbox 1972 1756 2080 1811; x_wconf 64' lang='lat'>“‘8‘</span> <span class='ocrx_word' id='word_1_168' title='bbox 2110 1803 2157 1867; x_wconf 84' lang='lat' dir='ltr'><strong>B</strong></span> <span class='ocrx_word' id='word_1_169' title='bbox 2190 1772 2432 1843; x_wconf 86' lang='lat' dir='ltr'>mystice</span> <span class='ocrx_word' id='word_1_170' title='bbox 2463 1771 2548 1825; x_wconf 87' lang='lat' dir='ltr'>vel</span> <span class='ocrx_word' id='word_1_171' title='bbox 2571 1772 2741 1840; x_wconf 83' lang='lat' dir='ltr'>juxta</span> <span class='ocrx_word' id='word_1_172' title='bbox 2770 1769 3042 1840; x_wconf 87' lang='lat' dir='ltr'>litteram,</span> <span class='ocrx_word' id='word_1_173' title='bbox 3076 1769 3216 1840; x_wconf 91' lang='lat' dir='ltr'>quid</span> <span class='ocrx_word' id='word_1_174' title='bbox 3257 1785 3360 1841; x_wconf 91' lang='lat' dir='ltr'>pro</span> <span class='ocrx_word' id='word_1_175' title='bbox 3392 1772 3577 1840; x_wconf 90' lang='lat' dir='ltr'>parte,</span> <span class='ocrx_word' id='word_1_176' title='bbox 3608 1769 3696 1824; x_wconf 89' lang='lat' dir='ltr'>vel</span> <span class='ocrx_word' id='word_1_177' title='bbox 3729 1783 3836 1838; x_wconf 87' lang='lat' dir='ltr'>pro</span> 
     </span>
    </p>
   </div>
   <div class='ocr_carea' id='block_1_34' title="bbox 432 1852 1448 1923">
    <p class='ocr_par' dir='ltr' id='par_1_34' title="bbox 432 1852 1448 1923">
     <span class='ocr_line' id='line_1_34' title="bbox 432 1852 1448 1923; baseline -0.009 -10"><span class='ocrx_word' id='word_1_178' title='bbox 432 1862 578 1913; x_wconf 85' lang='lat' dir='ltr'>trem</span> <span class='ocrx_word' id='word_1_179' title='bbox 613 1871 787 1911; x_wconf 91' lang='lat' dir='ltr'>suum</span> <span class='ocrx_word' id='word_1_180' title='bbox 819 1853 1023 1923; x_wconf 82' lang='lat' dir='ltr'>oderit,</span> <span class='ocrx_word' id='word_1_181' title='bbox 1059 1852 1309 1906; x_wconf 79' lang='lat' dir='ltr'>mendax</span> <span class='ocrx_word' id='word_1_182' title='bbox 1339 1855 1448 1905; x_wconf 87' lang='lat' dir='ltr'>est.</span> 
     </span>
    </p>
   </div>
   <div class='ocr_carea' id='block_1_35' title="bbox 504 1937 2078 2017">
    <p class='ocr_par' dir='ltr' id='par_1_35' title="bbox 504 1937 2078 2017">
     <span class='ocr_line' id='line_1_35' title="bbox 504 1937 2078 2017; baseline -0.005 -19"><span class='ocrx_word' id='word_1_183' title='bbox 504 1943 836 2017; x_wconf 89' lang='lat' dir='ltr'>Spiritualis</span> <span class='ocrx_word' id='word_1_184' title='bbox 877 1944 1050 1998; x_wconf 92' lang='lat' dir='ltr'>homo</span> <span class='ocrx_word' id='word_1_185' title='bbox 1093 1940 1377 2010; x_wconf 88' lang='lat' dir='ltr'>dijudicat</span> <span class='ocrx_word' id='word_1_186' title='bbox 1407 1938 1622 2007; x_wconf 82' lang='lat' dir='ltr'>omnia,</span> <span class='ocrx_word' id='word_1_187' title='bbox 1657 1941 1713 1993; x_wconf 92' lang='lat' dir='ltr'>et</span> <span class='ocrx_word' id='word_1_188' title='bbox 1762 1937 1887 2008; x_wconf 90' lang='lat' dir='ltr'>ipse</span> <span class='ocrx_word' id='word_1_189' title='bbox 1917 1953 1951 1991; x_wconf 91' lang='lat' dir='ltr'>a</span> <span class='ocrx_word' id='word_1_190' title='bbox 1980 1951 2078 1990; x_wconf 90' lang='lat' dir='ltr'>ne-</span> 
     </span>
    </p>
   </div>
   <div class='ocr_carea' id='block_1_36' title="bbox 435 2033 935 2104">
    <p class='ocr_par' dir='ltr' id='par_1_36' title="bbox 435 2033 935 2104">
     <span class='ocr_line' id='line_1_36' title="bbox 435 2033 935 2104; baseline -0.01 -13"><span class='ocrx_word' id='word_1_191' title='bbox 435 2036 592 2091; x_wconf 88' lang='lat' dir='ltr'>mine</span> <span class='ocrx_word' id='word_1_192' title='bbox 615 2033 935 2104; x_wconf 89' lang='lat' dir='ltr'>judicatur.</span> 
     </span>
    </p>
   </div>
   <div class='ocr_carea' id='block_1_37' title="bbox 506 2115 2081 2194">
    <p class='ocr_par' dir='ltr' id='par_1_37' title="bbox 506 2115 2081 2194">
     <span class='ocr_line' id='line_1_37' title="bbox 506 2115 2081 2194; baseline -0.007 -15"><span class='ocrx_word' id='word_1_193' title='bbox 506 2124 564 2179; x_wconf 92' lang='lat' dir='ltr'>Si</span> <span class='ocrx_word' id='word_1_194' title='bbox 597 2123 730 2194; x_wconf 92' lang='lat' dir='ltr'>quis</span> <span class='ocrx_word' id='word_1_195' title='bbox 762 2121 962 2176; x_wconf 89' lang='lat' dir='ltr'>domui</span> <span class='ocrx_word' id='word_1_196' title='bbox 995 2137 1112 2176; x_wconf 82' lang='lat' dir='ltr'>suae</span> <span class='ocrx_word' id='word_1_197' title='bbox 1145 2135 1392 2192; x_wconf 68' lang='lat' dir='ltr'>praeesse</span> <span class='ocrx_word' id='word_1_198' title='bbox 1422 2116 1626 2186; x_wconf 89' lang='lat' dir='ltr'>nescit,</span> <span class='ocrx_word' id='word_1_199' title='bbox 1661 2115 1951 2187; x_wconf 92' lang='lat' dir='ltr'>quomodo</span> <span class='ocrx_word' id='word_1_200' title='bbox 1983 2115 2081 2168; x_wconf 90' lang='lat' dir='ltr'>Ec-</span> 
     </span>
    </p>
   </div>
   <div class='ocr_carea' id='block_1_38' title="bbox 435 2208 1469 2283">
    <p class='ocr_par' dir='ltr' id='par_1_38' title="bbox 435 2208 1469 2283">
     <span class='ocr_line' id='line_1_38' title="bbox 435 2208 1469 2283; baseline -0.007 -15"><span class='ocrx_word' id='word_1_201' title='bbox 435 2211 620 2268; x_wconf 73' lang='lat' dir='ltr'>clesiae</span> <span class='ocrx_word' id='word_1_202' title='bbox 650 2210 748 2266; x_wconf 93' lang='lat' dir='ltr'>Dei</span> <span class='ocrx_word' id='word_1_203' title='bbox 781 2210 1148 2283; x_wconf 83' lang='lat' dir='ltr'>diligentiam</span> <span class='ocrx_word' id='word_1_204' title='bbox 1183 2208 1469 2263; x_wconf 86' lang='lat' dir='ltr'>habebit?</span> 
     </span>
    </p>
   </div>
   <div class='ocr_carea' id='block_1_39' title="bbox 504 2295 2078 2373">
    <p class='ocr_par' dir='ltr' id='par_1_39' title="bbox 504 2295 2078 2373">
     <span class='ocr_line' id='line_1_39' title="bbox 504 2295 2078 2373; baseline -0.008 -15"><span class='ocrx_word' id='word_1_205' title='bbox 504 2301 799 2373; x_wconf 87' lang='lat' dir='ltr'>Sapientia</span> <span class='ocrx_word' id='word_1_206' title='bbox 829 2299 1007 2370; x_wconf 84' lang='lat' dir='ltr'>hujus</span> <span class='ocrx_word' id='word_1_207' title='bbox 1040 2298 1266 2368; x_wconf 87' lang='lat' dir='ltr'>mundi,</span> <span class='ocrx_word' id='word_1_208' title='bbox 1290 2296 1542 2352; x_wconf 88' lang='lat' dir='ltr'>stultitia</span> <span class='ocrx_word' id='word_1_209' title='bbox 1571 2299 1660 2351; x_wconf 92' lang='lat' dir='ltr'>est</span> <span class='ocrx_word' id='word_1_210' title='bbox 1690 2295 1844 2366; x_wconf 92' lang='lat' dir='ltr'>apud</span> <span class='ocrx_word' id='word_1_211' title='bbox 1877 2298 2078 2347; x_wconf 89' lang='lat' dir='ltr'>Deum.</span> 
     </span>
    </p>
   </div>
   <div class='ocr_carea' id='block_1_40' title="bbox 433 2381 2080 2450">
    <p class='ocr_par' dir='ltr' id='par_1_40' title="bbox 433 2381 2080 2450">
     <span class='ocr_line' id='line_1_40' title="bbox 433 2381 2080 2450; baseline -0.007 -4"><span class='ocrx_word' id='word_1_212' title='bbox 433 2392 598 2448; x_wconf 90' lang='lat' dir='ltr'>Sicut</span> <span class='ocrx_word' id='word_1_213' title='bbox 628 2390 686 2444; x_wconf 90' lang='lat' dir='ltr'>in</span> <span class='ocrx_word' id='word_1_214' title='bbox 713 2390 898 2444; x_wconf 89' lang='lat' dir='ltr'>Adam</span> <span class='ocrx_word' id='word_1_215' title='bbox 930 2404 1134 2443; x_wconf 88' lang='lat' dir='ltr'>omnes</span> <span class='ocrx_word' id='word_1_216' title='bbox 1165 2386 1518 2450; x_wconf 88' lang='lat' dir='ltr'>moriuntur,</span> <span class='ocrx_word' id='word_1_217' title='bbox 1551 2385 1630 2438; x_wconf 88' lang='lat' dir='ltr'>ita</span> <span class='ocrx_word' id='word_1_218' title='bbox 1676 2388 1734 2438; x_wconf 91' lang='lat' dir='ltr'>et</span> <span class='ocrx_word' id='word_1_219' title='bbox 1762 2383 1820 2437; x_wconf 92' lang='lat' dir='ltr'>in</span> <span class='ocrx_word' id='word_1_220' title='bbox 1853 2381 2080 2438; x_wconf 89' lang='lat' dir='ltr'>Christo</span> 
     </span>
    </p>
   </div>
   <div class='ocr_carea' id='block_1_41' title="bbox 433 2478 1130 2535">
    <p class='ocr_par' dir='ltr' id='par_1_41' title="bbox 433 2478 1130 2535">
     <span class='ocr_line' id='line_1_41' title="bbox 433 2478 1130 2535; baseline -0.009 0"><span class='ocrx_word' id='word_1_221' title='bbox 433 2494 636 2535; x_wconf 86' lang='lat' dir='ltr'>omnes</span> <span class='ocrx_word' id='word_1_222' title='bbox 665 2478 1130 2532; x_wconf 85' lang='lat' dir='ltr'>viviﬁcabuntur.</span> 
     </span>
    </p>
   </div>
   <div class='ocr_carea' id='block_1_42' title="bbox 507 2561 1850 2637">
    <p class='ocr_par' dir='ltr' id='par_1_42' title="bbox 507 2561 1850 2637">
     <span class='ocr_line' id='line_1_42' title="bbox 507 2561 1850 2637; baseline -0.007 -15"><span class='ocrx_word' id='word_1_223' title='bbox 507 2568 642 2622; x_wconf 88' lang='lat' dir='ltr'>Sine</span> <span class='ocrx_word' id='word_1_224' title='bbox 673 2566 1013 2637; x_wconf 74' lang='lat' dir='ltr'>pmnitentia</span> <span class='ocrx_word' id='word_1_225' title='bbox 1044 2569 1184 2618; x_wconf 91' lang='lat' dir='ltr'>sunt</span> <span class='ocrx_word' id='word_1_226' title='bbox 1215 2565 1368 2618; x_wconf 88' lang='lat' dir='ltr'>dona</span> <span class='ocrx_word' id='word_1_227' title='bbox 1397 2568 1451 2618; x_wconf 90' lang='lat' dir='ltr'>et</span> <span class='ocrx_word' id='word_1_228' title='bbox 1479 2562 1700 2617; x_wconf 89' lang='lat' dir='ltr'>vocatio</span> <span class='ocrx_word' id='word_1_229' title='bbox 1731 2561 1850 2615; x_wconf 93' lang='lat' dir='ltr'>Dei.</span> 
     </span>
    </p>
   </div>
   <div class='ocr_carea' id='block_1_43' title="bbox 510 2651 2079 2725">
    <p class='ocr_par' dir='ltr' id='par_1_43' title="bbox 510 2651 2079 2725">
     <span class='ocr_line' id='line_1_43' title="bbox 510 2651 2079 2725; baseline -0.005 -14"><span class='ocrx_word' id='word_1_230' title='bbox 510 2657 753 2711; x_wconf 86' lang='lat' dir='ltr'>Servum</span> <span class='ocrx_word' id='word_1_231' title='bbox 777 2654 876 2709; x_wconf 91' lang='lat' dir='ltr'>Dei</span> <span class='ocrx_word' id='word_1_232' title='bbox 911 2671 1024 2709; x_wconf 90' lang='lat' dir='ltr'>non</span> <span class='ocrx_word' id='word_1_233' title='bbox 1048 2657 1271 2725; x_wconf 89' lang='lat' dir='ltr'>oportet</span> <span class='ocrx_word' id='word_1_234' title='bbox 1300 2651 1548 2724; x_wconf 81' lang='lat' dir='ltr'>litigare,</span> <span class='ocrx_word' id='word_1_235' title='bbox 1574 2651 1673 2706; x_wconf 90' lang='lat' dir='ltr'>sed</span> <span class='ocrx_word' id='word_1_236' title='bbox 1706 2654 2079 2705; x_wconf 89' lang='lat' dir='ltr'>mansuetum</span> 
     </span>
    </p>
   </div>
   <div class='ocr_carea' id='block_1_44' title="bbox 441 2745 927 2802">
    <p class='ocr_par' dir='ltr' id='par_1_44' title="bbox 441 2745 927 2802">
     <span class='ocr_line' id='line_1_44' title="bbox 441 2745 927 2802; baseline -0.01 0"><span class='ocrx_word' id='word_1_237' title='bbox 441 2763 569 2802; x_wconf 91' lang='lat' dir='ltr'>esse</span> <span class='ocrx_word' id='word_1_238' title='bbox 600 2745 670 2800; x_wconf 91' lang='lat' dir='ltr'>ad</span> <span class='ocrx_word' id='word_1_239' title='bbox 705 2760 927 2799; x_wconf 90' lang='lat' dir='ltr'>omnes.</span> 
     </span>
    </p>
   </div>
   <div class='ocr_carea' id='block_1_45' title="bbox 513 2830 2084 2896">
    <p class='ocr_par' dir='ltr' id='par_1_45' title="bbox 513 2830 2084 2896">
     <span class='ocr_line' id='line_1_45' title="bbox 513 2830 2084 2896; baseline -0.004 -7"><span class='ocrx_word' id='word_1_240' title='bbox 513 2834 687 2890; x_wconf 89' lang='lat' dir='ltr'>Stella</span> <span class='ocrx_word' id='word_1_241' title='bbox 717 2834 786 2889; x_wconf 91' lang='lat' dir='ltr'>ab</span> <span class='ocrx_word' id='word_1_242' title='bbox 819 2833 987 2888; x_wconf 89' lang='lat' dir='ltr'>stella</span> <span class='ocrx_word' id='word_1_243' title='bbox 1009 2832 1199 2887; x_wconf 77' lang='lat' dir='ltr'>diﬁ&#39;ert</span> <span class='ocrx_word' id='word_1_244' title='bbox 1228 2831 1286 2885; x_wconf 91' lang='lat' dir='ltr'>in</span> <span class='ocrx_word' id='word_1_245' title='bbox 1320 2830 1598 2896; x_wconf 86' lang='lat' dir='ltr'>claritate,</span> <span class='ocrx_word' id='word_1_246' title='bbox 1624 2830 1776 2885; x_wconf 90' lang='lat' dir='ltr'>sicut</span> <span class='ocrx_word' id='word_1_247' title='bbox 1807 2833 1864 2884; x_wconf 92' lang='lat' dir='ltr'>et</span> <span class='ocrx_word' id='word_1_248' title='bbox 1895 2845 2084 2884; x_wconf 87' lang='lat' dir='ltr'>resur-</span> 
     </span>
    </p>
   </div>
   <div class='ocr_carea' id='block_1_46' title="bbox 439 2924 1037 2979">
    <p class='ocr_par' dir='ltr' id='par_1_46' title="bbox 439 2924 1037 2979">
     <span class='ocr_line' id='line_1_46' title="bbox 439 2924 1037 2979; baseline -0.007 0"><span class='ocrx_word' id='word_1_249' title='bbox 439 2924 617 2979; x_wconf 89' lang='lat' dir='ltr'>rectio</span> <span class='ocrx_word' id='word_1_250' title='bbox 650 2927 1037 2978; x_wconf 90' lang='lat' dir='ltr'>mortuorum.</span> 
     </span>
    </p>
   </div>
   <div class='ocr_carea' id='block_1_47' title="bbox 511 3009 1920 3074">
    <p class='ocr_par' dir='ltr' id='par_1_47' title="bbox 511 3009 1920 3074">
     <span class='ocr_line' id='line_1_47' title="bbox 511 3009 1920 3074; baseline -0.003 -8"><span class='ocrx_word' id='word_1_251' title='bbox 511 3013 638 3067; x_wconf 89' lang='lat' dir='ltr'>Sive</span> <span class='ocrx_word' id='word_1_252' title='bbox 665 3011 915 3066; x_wconf 89' lang='lat' dir='ltr'>vivimus</span> <span class='ocrx_word' id='word_1_253' title='bbox 947 3010 1065 3065; x_wconf 89' lang='lat' dir='ltr'>sive</span> <span class='ocrx_word' id='word_1_254' title='bbox 1097 3009 1402 3074; x_wconf 89' lang='lat' dir='ltr'>morimur,</span> <span class='ocrx_word' id='word_1_255' title='bbox 1437 3009 1664 3063; x_wconf 92' lang='lat' dir='ltr'>Domini</span> <span class='ocrx_word' id='word_1_256' title='bbox 1693 3024 1920 3063; x_wconf 91' lang='lat' dir='ltr'>sumus.</span> 
     </span>
    </p>
   </div>
   <div class='ocr_carea' id='block_1_48' title="bbox 511 3095 2082 3173">
    <p class='ocr_par' dir='ltr' id='par_1_48' title="bbox 511 3095 2082 3173">
     <span class='ocr_line' id='line_1_48' title="bbox 511 3095 2082 3173; baseline -0.004 -17"><span class='ocrx_word' id='word_1_257' title='bbox 511 3102 605 3156; x_wconf 89' lang='lat' dir='ltr'>Sic</span> <span class='ocrx_word' id='word_1_258' title='bbox 637 3101 915 3173; x_wconf 83' lang='lat' dir='ltr'>diligendi</span> <span class='ocrx_word' id='word_1_259' title='bbox 947 3103 1086 3155; x_wconf 87' lang='lat' dir='ltr'>sunt</span> <span class='ocrx_word' id='word_1_260' title='bbox 1128 3099 1416 3166; x_wconf 89' lang='lat' dir='ltr'>homines,</span> <span class='ocrx_word' id='word_1_261' title='bbox 1455 3103 1517 3152; x_wconf 92' lang='lat' dir='ltr'>ut</span> <span class='ocrx_word' id='word_1_262' title='bbox 1565 3113 1764 3153; x_wconf 91' lang='lat' dir='ltr'>eorum</span> <span class='ocrx_word' id='word_1_263' title='bbox 1799 3113 1914 3151; x_wconf 92' lang='lat' dir='ltr'>non</span> <span class='ocrx_word' id='word_1_264' title='bbox 1945 3095 2082 3150; x_wconf 89' lang='lat' dir='ltr'>dili-</span> 
     </span>
    </p>
   </div>
   <div class='ocr_carea' id='block_1_49' title="bbox 434 3196 925 3262">
    <p class='ocr_par' dir='ltr' id='par_1_49' title="bbox 434 3196 925 3262">
     <span class='ocr_line' id='line_1_49' title="bbox 434 3196 925 3262; baseline -0.002 -17"><span class='ocrx_word' id='word_1_265' title='bbox 434 3196 652 3262; x_wconf 87' lang='lat' dir='ltr'>gantur</span> <span class='ocrx_word' id='word_1_266' title='bbox 681 3206 925 3244; x_wconf 87' lang='lat' dir='ltr'>errores.</span> 
     </span>
    </p>
   </div>
   <div class='ocr_carea' id='block_1_50' title="bbox 506 3272 2077 3350">
    <p class='ocr_par' dir='ltr' id='par_1_50' title="bbox 506 3272 2077 3350">
     <span class='ocr_line' id='line_1_50' title="bbox 506 3272 2077 3350; baseline -0.003 -17"><span class='ocrx_word' id='word_1_267' title='bbox 506 3278 846 3350; x_wconf 90' lang='lat' dir='ltr'>Speculator</span> <span class='ocrx_word' id='word_1_268' title='bbox 876 3282 1027 3332; x_wconf 88' lang='lat' dir='ltr'>astat</span> <span class='ocrx_word' id='word_1_269' title='bbox 1071 3278 1339 3348; x_wconf 80' lang='lat' dir='ltr'>desuper,</span> <span class='ocrx_word' id='word_1_270' title='bbox 1370 3277 1470 3347; x_wconf 91' lang='lat' dir='ltr'>qui</span> <span class='ocrx_word' id='word_1_271' title='bbox 1516 3292 1621 3332; x_wconf 90' lang='lat' dir='ltr'>nos</span> <span class='ocrx_word' id='word_1_272' title='bbox 1653 3275 1859 3330; x_wconf 91' lang='lat' dir='ltr'>diebus</span> <span class='ocrx_word' id='word_1_273' title='bbox 1891 3272 2077 3330; x_wconf 89' lang='lat' dir='ltr'>omni-</span> 
     </span>
    </p>
   </div>
   <div class='ocr_carea' id='block_1_51' title="bbox 429 3365 1454 3438">
    <p class='ocr_par' dir='ltr' id='par_1_51' title="bbox 429 3365 1454 3438">
     <span class='ocr_line' id='line_1_51' title="bbox 429 3365 1454 3438; baseline -0.004 -16"><span class='ocrx_word' id='word_1_274' title='bbox 429 3369 543 3422; x_wconf 87' lang='lat' dir='ltr'>bus</span> <span class='ocrx_word' id='word_1_275' title='bbox 575 3373 860 3438; x_wconf 88' lang='lat' dir='ltr'>actusque</span> <span class='ocrx_word' id='word_1_276' title='bbox 891 3370 1121 3421; x_wconf 89' lang='lat' dir='ltr'>nostros</span> <span class='ocrx_word' id='word_1_277' title='bbox 1153 3365 1454 3437; x_wconf 89' lang='lat' dir='ltr'>prospicit.</span> 
     </span>
    </p>
   </div>
   <div class='ocr_carea' id='block_1_52' title="bbox 499 3453 2074 3528">
    <p class='ocr_par' dir='ltr' id='par_1_52' title="bbox 499 3453 2074 3528">
     <span class='ocr_line' id='line_1_52' title="bbox 499 3453 2074 3528; baseline -0.004 -16"><span class='ocrx_word' id='word_1_278' title='bbox 499 3457 658 3512; x_wconf 92' lang='lat' dir='ltr'>Scire</span> <span class='ocrx_word' id='word_1_279' title='bbox 686 3456 784 3511; x_wconf 90' lang='lat' dir='ltr'>Dei</span> <span class='ocrx_word' id='word_1_280' title='bbox 816 3456 1136 3528; x_wconf 91' lang='lat' dir='ltr'>approbare</span> <span class='ocrx_word' id='word_1_281' title='bbox 1171 3459 1276 3522; x_wconf 89' lang='lat' dir='ltr'>est,</span> <span class='ocrx_word' id='word_1_282' title='bbox 1318 3455 1542 3509; x_wconf 88' lang='lat' dir='ltr'>nescire</span> <span class='ocrx_word' id='word_1_283' title='bbox 1572 3471 1704 3509; x_wconf 85' lang='lat' dir='ltr'>vero</span> <span class='ocrx_word' id='word_1_284' title='bbox 1747 3453 2074 3525; x_wconf 89' lang='lat' dir='ltr'>reprobare.</span> 
     </span>
    </p>
   </div>
   <div class='ocr_carea' id='block_1_53' title="bbox 494 3541 2079 3617">
    <p class='ocr_par' dir='ltr' id='par_1_53' title="bbox 494 3541 2079 3617">
     <span class='ocr_line' id='line_1_53' title="bbox 494 3541 2079 3617; baseline -0.003 -18"><span class='ocrx_word' id='word_1_285' title='bbox 494 3549 736 3601; x_wconf 91' lang='lat' dir='ltr'>Summa</span> <span class='ocrx_word' id='word_1_286' title='bbox 782 3546 934 3617; x_wconf 89' lang='lat' dir='ltr'>apud</span> <span class='ocrx_word' id='word_1_287' title='bbox 988 3550 1167 3600; x_wconf 89' lang='lat' dir='ltr'>Deum</span> <span class='ocrx_word' id='word_1_288' title='bbox 1217 3547 1305 3599; x_wconf 92' lang='lat' dir='ltr'>est</span> <span class='ocrx_word' id='word_1_289' title='bbox 1352 3543 1627 3599; x_wconf 89' lang='lat' dir='ltr'>nobilitas</span> <span class='ocrx_word' id='word_1_290' title='bbox 1678 3541 1898 3597; x_wconf 89' lang='lat' dir='ltr'>clarum</span> <span class='ocrx_word' id='word_1_291' title='bbox 1951 3556 2079 3596; x_wconf 89' lang='lat' dir='ltr'>esse</span> 
     </span>
    </p>
   </div>
   <div class='ocr_carea' id='block_1_54' title="bbox 434 3635 773 3691">
    <p class='ocr_par' dir='ltr' id='par_1_54' title="bbox 434 3635 773 3691">
     <span class='ocr_line' id='line_1_54' title="bbox 434 3635 773 3691; baseline 0.003 -1"><span class='ocrx_word' id='word_1_292' title='bbox 434 3635 773 3691; x_wconf 89' lang='lat' dir='ltr'>virtutibus.</span> 
     </span>
    </p>
   </div>
   <div class='ocr_carea' id='block_1_55' title="bbox 499 3719 2077 3791">
    <p class='ocr_par' dir='ltr' id='par_1_55' title="bbox 499 3719 2077 3791">
     <span class='ocr_line' id='line_1_55' title="bbox 499 3719 2077 3791; baseline -0.003 -12"><span class='ocrx_word' id='word_1_293' title='bbox 499 3724 724 3779; x_wconf 84' lang='lat' dir='ltr'>Satanae</span> <span class='ocrx_word' id='word_1_294' title='bbox 758 3723 1003 3778; x_wconf 89' lang='lat' dir='ltr'>insidias</span> <span class='ocrx_word' id='word_1_295' title='bbox 1050 3723 1291 3777; x_wconf 89' lang='lat' dir='ltr'>evadere</span> <span class='ocrx_word' id='word_1_296' title='bbox 1324 3737 1436 3775; x_wconf 94' lang='lat' dir='ltr'>non</span> <span class='ocrx_word' id='word_1_297' title='bbox 1469 3724 1558 3775; x_wconf 89' lang='lat' dir='ltr'>est</span> <span class='ocrx_word' id='word_1_298' title='bbox 1589 3719 1837 3774; x_wconf 90' lang='lat' dir='ltr'>volentis</span> <span class='ocrx_word' id='word_1_299' title='bbox 1887 3735 2077 3791; x_wconf 90' lang='lat' dir='ltr'>neque</span> 
     </span>
    </p>
   </div>
   <div class='ocr_carea' id='block_1_56' title="bbox 425 3809 1386 3882">
    <p class='ocr_par' dir='ltr' id='par_1_56' title="bbox 425 3809 1386 3882">
     <span class='ocr_line' id='line_1_56' title="bbox 425 3809 1386 3882; baseline -0.004 -14"><span class='ocrx_word' id='word_1_300' title='bbox 425 3815 734 3882; x_wconf 89' lang='lat' dir='ltr'>currentis,</span> <span class='ocrx_word' id='word_1_301' title='bbox 769 3813 870 3868; x_wconf 91' lang='lat' dir='ltr'>sed</span> <span class='ocrx_word' id='word_1_302' title='bbox 898 3810 1232 3867; x_wconf 87' lang='lat' dir='ltr'>miserentis</span> <span class='ocrx_word' id='word_1_303' title='bbox 1265 3809 1386 3864; x_wconf 92' lang='lat' dir='ltr'>Dei.</span> 
     </span>
    </p>
   </div>
   <div class='ocr_carea' id='block_1_57' title="bbox 493 3896 2071 3972">
    <p class='ocr_par' dir='ltr' id='par_1_57' title="bbox 493 3896 2071 3972">
     <span class='ocr_line' id='line_1_57' title="bbox 493 3896 2071 3972; baseline -0.003 -17"><span class='ocrx_word' id='word_1_304' title='bbox 493 3903 899 3972; x_wconf 86' lang='lat' dir='ltr'>Subjectorum</span> <span class='ocrx_word' id='word_1_305' title='bbox 932 3899 1072 3954; x_wconf 90' lang='lat' dir='ltr'>vitia</span> <span class='ocrx_word' id='word_1_306' title='bbox 1103 3897 1420 3969; x_wconf 90' lang='lat' dir='ltr'>aliquando</span> <span class='ocrx_word' id='word_1_307' title='bbox 1453 3901 1590 3952; x_wconf 89' lang='lat' dir='ltr'>sunt</span> <span class='ocrx_word' id='word_1_308' title='bbox 1621 3896 2071 3966; x_wconf 89' lang='lat' dir='ltr'>dissimulanda,</span> 
     </span>
    </p>
   </div>
   <div class='ocr_carea' id='block_1_58' title="bbox 425 3985 1950 4062">
    <p class='ocr_par' dir='ltr' id='par_1_58' title="bbox 425 3985 1950 4062">
     <span class='ocr_line' id='line_1_58' title="bbox 425 3985 1950 4062; baseline -0.003 -16"><span class='ocrx_word' id='word_1_309' title='bbox 425 3991 527 4046; x_wconf 87' lang='lat' dir='ltr'>sed</span> <span class='ocrx_word' id='word_1_310' title='bbox 556 3991 834 4062; x_wconf 75' lang='lat' dir='ltr'>posthaec,</span> <span class='ocrx_word' id='word_1_311' title='bbox 869 3988 1006 4060; x_wconf 91' lang='lat' dir='ltr'>quia</span> <span class='ocrx_word' id='word_1_312' title='bbox 1038 3985 1585 4052; x_wconf 89' lang='lat' dir='ltr'>dissimulabantur,</span> <span class='ocrx_word' id='word_1_313' title='bbox 1618 3987 1950 4042; x_wconf 89' lang='lat' dir='ltr'>indicanda.</span> 
     </span>
    </p>
   </div>
   <div class='ocr_carea' id='block_1_59' title="bbox 498 4075 2074 4150">
    <p class='ocr_par' dir='ltr' id='par_1_59' title="bbox 498 4075 2074 4150">
     <span class='ocr_line' id='line_1_59' title="bbox 498 4075 2074 4150; baseline -0.001 -18"><span class='ocrx_word' id='word_1_314' title='bbox 498 4078 842 4150; x_wconf 89' lang='lat' dir='ltr'>Scorpiones</span> <span class='ocrx_word' id='word_1_315' title='bbox 865 4077 977 4131; x_wconf 91' lang='lat' dir='ltr'>dici</span> <span class='ocrx_word' id='word_1_316' title='bbox 1000 4076 1372 4148; x_wconf 87' lang='lat' dir='ltr'>possunt,qui</span> <span class='ocrx_word' id='word_1_317' title='bbox 1397 4076 1565 4131; x_wconf 89' lang='lat' dir='ltr'>bonis</span> <span class='ocrx_word' id='word_1_318' title='bbox 1589 4076 1824 4146; x_wconf 90' lang='lat' dir='ltr'>quidem</span> <span class='ocrx_word' id='word_1_319' title='bbox 1848 4076 1907 4130; x_wconf 88' lang='lat' dir='ltr'>in</span> <span class='ocrx_word' id='word_1_320' title='bbox 1932 4075 2074 4131; x_wconf 84' lang='lat' dir='ltr'>facie</span> 
     </span>
    </p>
   </div>
   <div class='ocr_carea' id='block_1_60' title="bbox 427 4165 2070 4232">
    <p class='ocr_par' dir='ltr' id='par_1_60' title="bbox 427 4165 2070 4232">
     <span class='ocr_line' id='line_1_60' title="bbox 427 4165 2070 4232; baseline -0.001 -10"><span class='ocrx_word' id='word_1_321' title='bbox 427 4183 543 4222; x_wconf 89' lang='lat' dir='ltr'>non</span> <span class='ocrx_word' id='word_1_322' title='bbox 568 4167 870 4232; x_wconf 90' lang='lat' dir='ltr'>resistunt,</span> <span class='ocrx_word' id='word_1_323' title='bbox 895 4167 995 4221; x_wconf 90' lang='lat' dir='ltr'>sed</span> <span class='ocrx_word' id='word_1_324' title='bbox 1030 4183 1164 4220; x_wconf 87' lang='lat' dir='ltr'>mox</span> <span class='ocrx_word' id='word_1_325' title='bbox 1186 4183 1318 4220; x_wconf 89' lang='lat' dir='ltr'>cum</span> <span class='ocrx_word' id='word_1_326' title='bbox 1347 4165 1709 4232; x_wconf 87' lang='lat' dir='ltr'>recesserint,</span> <span class='ocrx_word' id='word_1_327' title='bbox 1734 4166 2070 4220; x_wconf 90' lang='lat' dir='ltr'>detrahunt.</span> 
     </span>
    </p>
   </div>
   <div class='ocr_carea' id='block_1_61' title="bbox 498 4254 2074 4327">
    <p class='ocr_par' dir='ltr' id='par_1_61' title="bbox 498 4254 2074 4327">
     <span class='ocr_line' id='line_1_61' title="bbox 498 4254 2074 4327; baseline 0 -17"><span class='ocrx_word' id='word_1_328' title='bbox 498 4255 884 4310; x_wconf 89' lang='lat' dir='ltr'>Solitudinem</span> <span class='ocrx_word' id='word_1_329' title='bbox 915 4256 1123 4327; x_wconf 71' lang='lat' dir='ltr'>quaerit</span> <span class='ocrx_word' id='word_1_330' title='bbox 1155 4255 1252 4326; x_wconf 92' lang='lat' dir='ltr'>qui</span> <span class='ocrx_word' id='word_1_331' title='bbox 1287 4271 1419 4310; x_wconf 91' lang='lat' dir='ltr'>cum</span> <span class='ocrx_word' id='word_1_332' title='bbox 1453 4254 1858 4310; x_wconf 90' lang='lat' dir='ltr'>innocentibus</span> <span class='ocrx_word' id='word_1_333' title='bbox 1885 4255 2074 4310; x_wconf 85' lang='lat' dir='ltr'>vivere</span> 
     </span>
    </p>
   </div>
   <div class='ocr_carea' id='block_1_62' title="bbox 427 4344 607 4416">
    <p class='ocr_par' dir='ltr' id='par_1_62' title="bbox 427 4344 607 4416">
     <span class='ocr_line' id='line_1_62' title="bbox 427 4344 607 4416; baseline 0 -18"><span class='ocrx_word' id='word_1_334' title='bbox 427 4344 607 4416; x_wconf 90' lang='lat' dir='ltr'>cupit.</span> 
     </span>
    </p>
   </div>
   <div class='ocr_carea' id='block_1_63' title="bbox 497 4432 2070 4506">
    <p class='ocr_par' dir='ltr' id='par_1_63' title="bbox 497 4432 2070 4506">
     <span class='ocr_line' id='line_1_63' title="bbox 497 4432 2070 4506; baseline 0 -18"><span class='ocrx_word' id='word_1_335' title='bbox 497 4432 669 4489; x_wconf 90' lang='lat' dir='ltr'>Salus</span> <span class='ocrx_word' id='word_1_336' title='bbox 701 4437 788 4490; x_wconf 90' lang='lat' dir='ltr'>est</span> <span class='ocrx_word' id='word_1_337' title='bbox 818 4435 1064 4489; x_wconf 87' lang='lat' dir='ltr'>divitum</span> <span class='ocrx_word' id='word_1_338' title='bbox 1100 4434 1409 4490; x_wconf 91' lang='lat' dir='ltr'>subvenire</span> <span class='ocrx_word' id='word_1_339' title='bbox 1449 4433 1897 4490; x_wconf 89' lang='lat' dir='ltr'>necessitatibus</span> <span class='ocrx_word' id='word_1_340' title='bbox 1929 4451 2070 4506; x_wconf 84' lang='lat' dir='ltr'>pau-</span> 
     </span>
    </p>
   </div>
   <div class='ocr_carea' id='block_1_64' title="bbox 421 4539 651 4595">
    <p class='ocr_par' dir='ltr' id='par_1_64' title="bbox 421 4539 651 4595">
     <span class='ocr_line' id='line_1_64' title="bbox 421 4539 651 4595; baseline -0.004 -16"><span class='ocrx_word' id='word_1_341' title='bbox 421 4539 651 4595; x_wconf 87' lang='lat' dir='ltr'>perum.</span> 
     </span>
    </p>
   </div>
   <div class='ocr_carea' id='block_1_65' title="bbox 493 4611 1958 4685">
    <p class='ocr_par' dir='ltr' id='par_1_65' title="bbox 493 4611 1958 4685">
     <span class='ocr_line' id='line_1_65' title="bbox 493 4611 1958 4685; baseline -0.002 -17"><span class='ocrx_word' id='word_1_342' title='bbox 493 4612 748 4685; x_wconf 90' lang='lat' dir='ltr'>Sagittas</span> <span class='ocrx_word' id='word_1_343' title='bbox 778 4612 1140 4668; x_wconf 74' lang='lat' dir='ltr'>contumeliae</span> <span class='ocrx_word' id='word_1_344' title='bbox 1171 4612 1354 4667; x_wconf 91' lang='lat' dir='ltr'>virtus</span> <span class='ocrx_word' id='word_1_345' title='bbox 1386 4611 1614 4683; x_wconf 90' lang='lat' dir='ltr'>repellit</span> <span class='ocrx_word' id='word_1_346' title='bbox 1645 4612 1958 4683; x_wconf 62' lang='lat' dir='ltr'>patientiae.</span> 
     </span>
    </p>
   </div>
   <div class='ocr_carea' id='block_1_66' title="bbox 490 4700 2068 4773">
    <p class='ocr_par' dir='ltr' id='par_1_66' title="bbox 490 4700 2068 4773">
     <span class='ocr_line' id='line_1_66' title="bbox 490 4700 2068 4773; baseline 0 -18"><span class='ocrx_word' id='word_1_347' title='bbox 490 4701 881 4773; x_wconf 90' lang='lat' dir='ltr'>Semetipsum</span> <span class='ocrx_word' id='word_1_348' title='bbox 931 4703 1182 4773; x_wconf 85' lang='lat' dir='ltr'>abnegat</span> <span class='ocrx_word' id='word_1_349' title='bbox 1232 4701 1352 4773; x_wconf 86' lang='lat' dir='ltr'>qui,</span> <span class='ocrx_word' id='word_1_350' title='bbox 1388 4701 1585 4755; x_wconf 92' lang='lat' dir='ltr'>relicto</span> <span class='ocrx_word' id='word_1_351' title='bbox 1636 4700 1889 4756; x_wconf 89' lang='lat' dir='ltr'>carnalis</span> <span class='ocrx_word' id='word_1_352' title='bbox 1944 4701 2068 4756; x_wconf 68' lang='lat' dir='ltr'>vitae</span> 
     </span>
    </p>
   </div>
   <div class='ocr_carea' id='block_1_67' title="bbox 422 4789 2066 4862">
    <p class='ocr_par' dir='ltr' id='par_1_67' title="bbox 422 4789 2066 4862">
     <span class='ocr_line' id='line_1_67' title="bbox 422 4789 2066 4862; baseline 0.001 -18"><span class='ocrx_word' id='word_1_353' title='bbox 422 4789 683 4855; x_wconf 84' lang='lat' dir='ltr'>homine,</span> <span class='ocrx_word' id='word_1_354' title='bbox 707 4790 901 4845; x_wconf 89' lang='lat' dir='ltr'>induit</span> <span class='ocrx_word' id='word_1_355' title='bbox 930 4807 991 4846; x_wconf 91' lang='lat' dir='ltr'>se</span> <span class='ocrx_word' id='word_1_356' title='bbox 1024 4789 1388 4862; x_wconf 90' lang='lat' dir='ltr'>spiritualem</span> <span class='ocrx_word' id='word_1_357' title='bbox 1413 4794 1468 4845; x_wconf 90' lang='lat' dir='ltr'>et</span> <span class='ocrx_word' id='word_1_358' title='bbox 1497 4806 1712 4845; x_wconf 89' lang='lat' dir='ltr'>novum</span> <span class='ocrx_word' id='word_1_359' title='bbox 1745 4789 2066 4862; x_wconf 88' lang='lat' dir='ltr'>hominem,</span> 
     </span>
    </p>
   </div>
   <div class='ocr_carea' id='block_1_68' title="bbox 425 4879 975 4948">
    <p class='ocr_par' dir='ltr' id='par_1_68' title="bbox 425 4879 975 4948">
     <span class='ocr_line' id='line_1_68' title="bbox 425 4879 975 4948; baseline 0.002 -15"><span class='ocrx_word' id='word_1_360' title='bbox 425 4879 484 4933; x_wconf 91' lang='lat' dir='ltr'>id</span> <span class='ocrx_word' id='word_1_361' title='bbox 517 4884 625 4948; x_wconf 88' lang='lat' dir='ltr'>est,</span> <span class='ocrx_word' id='word_1_362' title='bbox 659 4879 975 4934; x_wconf 86' lang='lat' dir='ltr'>Christum.</span> 
     </span>
    </p>
   </div>
   <div class='ocr_carea' id='block_1_69' title="bbox 490 4967 2068 5025">
    <p class='ocr_par' dir='ltr' id='par_1_69' title="bbox 490 4967 2068 5025">
     <span class='ocr_line' id='line_1_69' title="bbox 490 4967 2068 5025; baseline 0.003 -5"><span class='ocrx_word' id='word_1_363' title='bbox 490 4967 850 5022; x_wconf 89' lang='lat' dir='ltr'>Sacriﬁcium</span> <span class='ocrx_word' id='word_1_364' title='bbox 920 4968 1149 5023; x_wconf 88' lang='lat' dir='ltr'>visibile</span> <span class='ocrx_word' id='word_1_365' title='bbox 1220 4969 1488 5024; x_wconf 88' lang='lat' dir='ltr'>sacriﬁcii</span> <span class='ocrx_word' id='word_1_366' title='bbox 1566 4973 1655 5024; x_wconf 92' lang='lat' dir='ltr'>est</span> <span class='ocrx_word' id='word_1_367' title='bbox 1729 4984 2068 5025; x_wconf 86' lang='lat' dir='ltr'>sacramen-</span> 
     </span>
    </p>
   </div>
   <div class='ocr_carea' id='block_1_70' title="bbox 421 5062 570 5112">
    <p class='ocr_par' dir='ltr' id='par_1_70' title="bbox 421 5062 570 5112">
     <span class='ocr_line' id='line_1_70' title="bbox 421 5062 570 5112; baseline -0.013 0"><span class='ocrx_word' id='word_1_368' title='bbox 421 5062 570 5112; x_wconf 90' lang='lat' dir='ltr'>tum.</span> 
     </span>
    </p>
   </div>
   <div class='ocr_carea' id='block_1_71' title="bbox 492 5144 2063 5204">
    <p class='ocr_par' dir='ltr' id='par_1_71' title="bbox 492 5144 2063 5204">
     <span class='ocr_line' id='line_1_71' title="bbox 492 5144 2063 5204; baseline 0.001 -3"><span class='ocrx_word' id='word_1_369' title='bbox 492 5144 763 5201; x_wconf 89' lang='lat' dir='ltr'>Studium</span> <span class='ocrx_word' id='word_1_370' title='bbox 795 5145 1069 5203; x_wconf 65' lang='lat' dir='ltr'>saeculare</span> <span class='ocrx_word' id='word_1_371' title='bbox 1108 5147 1221 5202; x_wconf 92' lang='lat' dir='ltr'>cito</span> <span class='ocrx_word' id='word_1_372' title='bbox 1271 5147 1408 5202; x_wconf 75' lang='lat' dir='ltr'>facit</span> <span class='ocrx_word' id='word_1_373' title='bbox 1450 5146 1718 5202; x_wconf 91' lang='lat' dir='ltr'>homines</span> <span class='ocrx_word' id='word_1_374' title='bbox 1748 5147 1807 5202; x_wconf 91' lang='lat' dir='ltr'>in</span> <span class='ocrx_word' id='word_1_375' title='bbox 1837 5148 1931 5203; x_wconf 88' lang='lat' dir='ltr'>via</span> <span class='ocrx_word' id='word_1_376' title='bbox 1961 5147 2063 5204; x_wconf 86' lang='lat' dir='ltr'>Dei</span> 
     </span>
    </p>
   </div>
   <div class='ocr_carea' id='block_1_72' title="bbox 425 5252 636 5292">
    <p class='ocr_par' dir='ltr' id='par_1_72' title="bbox 425 5252 636 5292">
     <span class='ocr_line' id='line_1_72' title="bbox 425 5252 636 5292; baseline -0.005 0"><span class='ocrx_word' id='word_1_377' title='bbox 425 5252 636 5292; x_wconf 89' lang='lat' dir='ltr'>errare.</span> 
     </span>
    </p>
   </div>
   <div class='ocr_carea' id='block_1_73' title="bbox 447 5324 2065 5395">
    <p class='ocr_par' dir='ltr' id='par_1_73' title="bbox 447 5324 2065 5395">
     <span class='ocr_line' id='line_1_73' title="bbox 447 5324 2065 5395; baseline 0.002 -18"><span class='ocrx_word' id='word_1_378' title='bbox 447 5327 450 5330; x_wconf 78' lang='grc'><em>’</em></span> <span class='ocrx_word' id='word_1_379' title='bbox 491 5325 823 5395; x_wconf 90' lang='lat' dir='ltr'>Spiritualis</span> <span class='ocrx_word' id='word_1_380' title='bbox 852 5326 980 5381; x_wconf 67' lang='lat' dir='ltr'>vitae</span> <span class='ocrx_word' id='word_1_381' title='bbox 1013 5325 1223 5380; x_wconf 89' lang='lat' dir='ltr'>militia</span> <span class='ocrx_word' id='word_1_382' title='bbox 1255 5324 1507 5381; x_wconf 72' lang='lat' dir='ltr'>maxime</span> <span class='ocrx_word' id='word_1_383' title='bbox 1540 5325 1809 5380; x_wconf 89' lang='lat' dir='ltr'>consistit</span> <span class='ocrx_word' id='word_1_384' title='bbox 1840 5326 1898 5381; x_wconf 91' lang='lat' dir='ltr'>in</span> <span class='ocrx_word' id='word_1_385' title='bbox 1932 5326 2065 5381; x_wconf 90' lang='lat' dir='ltr'>cha-</span> 
     </span>
    </p>
   </div>
   <div class='ocr_carea' id='block_1_74' title="bbox 419 5411 1006 5485">
    <p class='ocr_par' dir='ltr' id='par_1_74' title="bbox 419 5411 1006 5485">
     <span class='ocr_line' id='line_1_74' title="bbox 419 5411 1006 5485; baseline -0.002 -17"><span class='ocrx_word' id='word_1_386' title='bbox 419 5411 591 5468; x_wconf 86' lang='lat' dir='ltr'>ritate</span> <span class='ocrx_word' id='word_1_387' title='bbox 621 5419 676 5467; x_wconf 92' lang='lat' dir='ltr'>et</span> <span class='ocrx_word' id='word_1_388' title='bbox 707 5415 1006 5485; x_wconf 86' lang='lat' dir='ltr'>patientia.</span> 
     </span>
    </p>
   </div>
   <div class='ocr_carea' id='block_1_75' title="bbox 491 5500 2061 5574">
    <p class='ocr_par' dir='ltr' id='par_1_75' title="bbox 491 5500 2061 5574">
     <span class='ocr_line' id='line_1_75' title="bbox 491 5500 2061 5574; baseline 0.001 -16"><span class='ocrx_word' id='word_1_389' title='bbox 491 5500 829 5560; x_wconf 84' lang='lat' dir='ltr'>Sanctitatis</span> <span class='ocrx_word' id='word_1_390' title='bbox 879 5519 1087 5560; x_wconf 87' lang='lat' dir='ltr'>nomen</span> <span class='ocrx_word' id='word_1_391' title='bbox 1147 5503 1359 5561; x_wconf 89' lang='lat' dir='ltr'>habere</span> <span class='ocrx_word' id='word_1_392' title='bbox 1416 5500 1540 5558; x_wconf 88' lang='lat' dir='ltr'>sine</span> <span class='ocrx_word' id='word_1_393' title='bbox 1585 5502 1858 5574; x_wconf 88' lang='lat' dir='ltr'>operibus</span> <span class='ocrx_word' id='word_1_394' title='bbox 1917 5506 2061 5561; x_wconf 89' lang='lat' dir='ltr'>nulli</span> 
     </span>
    </p>
   </div>
   <div class='ocr_carea' id='block_1_76' title="bbox 416 5592 673 5668">
    <p class='ocr_par' dir='ltr' id='par_1_76' title="bbox 416 5592 673 5668">
     <span class='ocr_line' id='line_1_76' title="bbox 416 5592 673 5668; baseline 0.004 -20"><span class='ocrx_word' id='word_1_395' title='bbox 416 5592 673 5668; x_wconf 87' lang='lat' dir='ltr'>prodest.</span> 
     </span>
    </p>
   </div>
   <div class='ocr_carea' id='block_1_77' title="bbox 2189 1860 2692 1916">
    <p class='ocr_par' dir='ltr' id='par_1_77' title="bbox 2189 1860 2692 1916">
     <span class='ocr_line' id='line_1_77' title="bbox 2189 1860 2692 1916; baseline -0.004 0"><span class='ocrx_word' id='word_1_396' title='bbox 2189 1866 2306 1916; x_wconf 90' lang='lat' dir='ltr'>toto</span> <span class='ocrx_word' id='word_1_397' title='bbox 2340 1860 2560 1915; x_wconf 90' lang='lat' dir='ltr'>dictum</span> <span class='ocrx_word' id='word_1_398' title='bbox 2594 1861 2692 1915; x_wconf 90' lang='lat' dir='ltr'>sit.</span> 
     </span>
    </p>
   </div>
   <div class='ocr_carea' id='block_1_78' title="bbox 2260 1948 3834 2022">
    <p class='ocr_par' dir='ltr' id='par_1_78' title="bbox 2260 1948 3834 2022">
     <span class='ocr_line' id='line_1_78' title="bbox 2260 1948 3834 2022; baseline -0.001 -18"><span class='ocrx_word' id='word_1_399' title='bbox 2260 1951 2479 2005; x_wconf 91' lang='lat' dir='ltr'>Sensus</span> <span class='ocrx_word' id='word_1_400' title='bbox 2509 1950 2726 2022; x_wconf 90' lang='lat' dir='ltr'>pariter</span> <span class='ocrx_word' id='word_1_401' title='bbox 2755 1966 2890 2005; x_wconf 92' lang='lat' dir='ltr'>cum</span> <span class='ocrx_word' id='word_1_402' title='bbox 2921 1949 3114 2005; x_wconf 89' lang='lat' dir='ltr'>verbis</span> <span class='ocrx_word' id='word_1_403' title='bbox 3146 1965 3317 2004; x_wconf 71' lang='lat' dir='ltr'>sacrae</span> <span class='ocrx_word' id='word_1_404' title='bbox 3350 1948 3659 2020; x_wconf 67' lang='lat' dir='ltr'>Scripturaa</span> <span class='ocrx_word' id='word_1_405' title='bbox 3690 1962 3834 2019; x_wconf 89' lang='lat' dir='ltr'>pen-</span> 
     </span>
    </p>
   </div>
   <div class='ocr_carea' id='block_1_79' title="bbox 2189 2040 2554 2096">
    <p class='ocr_par' dir='ltr' id='par_1_79' title="bbox 2189 2040 2554 2096">
     <span class='ocr_line' id='line_1_79' title="bbox 2189 2040 2554 2096; baseline -0.008 0"><span class='ocrx_word' id='word_1_406' title='bbox 2189 2040 2410 2096; x_wconf 89' lang='lat' dir='ltr'>sandus</span> <span class='ocrx_word' id='word_1_407' title='bbox 2446 2045 2554 2094; x_wconf 91' lang='lat' dir='ltr'>est.</span> 
     </span>
    </p>
   </div>
   <div class='ocr_carea' id='block_1_80' title="bbox 2258 2125 3840 2201">
    <p class='ocr_par' dir='ltr' id='par_1_80' title="bbox 2258 2125 3840 2201">
     <span class='ocr_line' id='line_1_80' title="bbox 2258 2125 3840 2201; baseline -0.003 -17"><span class='ocrx_word' id='word_1_408' title='bbox 2258 2128 2567 2201; x_wconf 63' lang='lat' dir='ltr'>Scriptura:</span> <span class='ocrx_word' id='word_1_409' title='bbox 2616 2144 2792 2184; x_wconf 71' lang='lat' dir='ltr'>sacrae</span> <span class='ocrx_word' id='word_1_410' title='bbox 2852 2127 3154 2183; x_wconf 92' lang='lat' dir='ltr'>meditatio</span> <span class='ocrx_word' id='word_1_411' title='bbox 3213 2131 3467 2184; x_wconf 88' lang='lat' dir='ltr'>mentem</span> <span class='ocrx_word' id='word_1_412' title='bbox 3520 2125 3765 2182; x_wconf 89' lang='lat' dir='ltr'>retrahit</span> <span class='ocrx_word' id='word_1_413' title='bbox 3804 2141 3840 2180; x_wconf 92' lang='lat' dir='ltr'>a</span> 
     </span>
    </p>
   </div>
   <div class='ocr_carea' id='block_1_81' title="bbox 2189 2217 2666 2290">
    <p class='ocr_par' dir='ltr' id='par_1_81' title="bbox 2189 2217 2666 2290">
     <span class='ocr_line' id='line_1_81' title="bbox 2189 2217 2666 2290; baseline -0.002 -17"><span class='ocrx_word' id='word_1_414' title='bbox 2189 2218 2441 2290; x_wconf 85' lang='lat' dir='ltr'>cogitatu</span> <span class='ocrx_word' id='word_1_415' title='bbox 2476 2217 2666 2273; x_wconf 83' lang='lat' dir='ltr'>noxio.</span> 
     </span>
    </p>
   </div>
   <div class='ocr_carea' id='block_1_82' title="bbox 2259 2304 3837 2362">
    <p class='ocr_par' dir='ltr' id='par_1_82' title="bbox 2259 2304 3837 2362">
     <span class='ocr_line' id='line_1_82' title="bbox 2259 2304 3837 2362; baseline -0.002 -1"><span class='ocrx_word' id='word_1_416' title='bbox 2259 2307 2686 2362; x_wconf 82' lang='lat' dir='ltr'>Similitudines</span> <span class='ocrx_word' id='word_1_417' title='bbox 2752 2324 2947 2362; x_wconf 91' lang='lat' dir='ltr'>rerum</span> <span class='ocrx_word' id='word_1_418' title='bbox 3013 2306 3304 2362; x_wconf 90' lang='lat' dir='ltr'>variarum</span> <span class='ocrx_word' id='word_1_419' title='bbox 3366 2306 3438 2360; x_wconf 90' lang='lat' dir='ltr'>ad</span> <span class='ocrx_word' id='word_1_420' title='bbox 3503 2304 3837 2360; x_wconf 68' lang='lat' dir='ltr'>aediﬁcatio-</span> 
     </span>
    </p>
   </div>
   <div class='ocr_carea' id='block_1_83' title="bbox 2190 2393 3841 2468">
    <p class='ocr_par' dir='ltr' id='par_1_83' title="bbox 2190 2393 3841 2468">
     <span class='ocr_line' id='line_1_83' title="bbox 2190 2393 3841 2468; baseline -0.002 -16"><span class='ocrx_word' id='word_1_421' title='bbox 2190 2413 2324 2452; x_wconf 91' lang='lat' dir='ltr'>nem</span> <span class='ocrx_word' id='word_1_422' title='bbox 2357 2401 2615 2452; x_wconf 88' lang='lat' dir='ltr'>nostram</span> <span class='ocrx_word' id='word_1_423' title='bbox 2639 2397 2862 2468; x_wconf 85' lang='lat' dir='ltr'>jugiter</span> <span class='ocrx_word' id='word_1_424' title='bbox 2891 2397 3276 2468; x_wconf 60' lang='lat' dir='ltr'>proponenda”:</span> <span class='ocrx_word' id='word_1_425' title='bbox 3308 2399 3450 2451; x_wconf 86' lang='lat' dir='ltr'>sunt</span> <span class='ocrx_word' id='word_1_426' title='bbox 3478 2395 3588 2450; x_wconf 89' lang='lat' dir='ltr'>hoc</span> <span class='ocrx_word' id='word_1_427' title='bbox 3618 2393 3841 2450; x_wconf 80' lang='lat' dir='ltr'>scilicet</span> 
     </span>
    </p>
   </div>
   <div class='ocr_carea' id='block_1_84' title="bbox 2191 2487 2410 2542">
    <p class='ocr_par' dir='ltr' id='par_1_84' title="bbox 2191 2487 2410 2542">
     <span class='ocr_line' id='line_1_84' title="bbox 2191 2487 2410 2542; baseline -0.005 -1"><span class='ocrx_word' id='word_1_428' title='bbox 2191 2487 2363 2542; x_wconf 91' lang='lat' dir='ltr'>modo</span> <span class='ocrx_word' id='word_1_429' title='bbox 2399 2503 2410 2540; x_wconf 90' lang='lat'>:</span> 
     </span>
    </p>
   </div>
   <div class='ocr_carea' id='block_1_85' title="bbox 2262 2572 3837 2644">
    <p class='ocr_par' dir='ltr' id='par_1_85' title="bbox 2262 2572 3837 2644">
     <span class='ocr_line' id='line_1_85' title="bbox 2262 2572 3837 2644; baseline -0.003 -13"><span class='ocrx_word' id='word_1_430' title='bbox 2262 2577 2422 2632; x_wconf 90' lang='lat' dir='ltr'>Sicut</span> <span class='ocrx_word' id='word_1_431' title='bbox 2451 2576 2613 2630; x_wconf 91' lang='lat' dir='ltr'>canis</span> <span class='ocrx_word' id='word_1_432' title='bbox 2639 2576 2944 2631; x_wconf 89' lang='lat' dir='ltr'>revertitur</span> <span class='ocrx_word' id='word_1_433' title='bbox 2973 2576 3044 2630; x_wconf 90' lang='lat' dir='ltr'>ad</span> <span class='ocrx_word' id='word_1_434' title='bbox 3075 2574 3360 2630; x_wconf 88' lang='lat' dir='ltr'>vomitum</span> <span class='ocrx_word' id='word_1_435' title='bbox 3393 2591 3590 2644; x_wconf 90' lang='lat' dir='ltr'>suum,</span> <span class='ocrx_word' id='word_1_436' title='bbox 3623 2573 3708 2630; x_wconf 92' lang='lat' dir='ltr'>sic</span> <span class='ocrx_word' id='word_1_437' title='bbox 3729 2572 3837 2627; x_wconf 89' lang='lat' dir='ltr'>im-</span> 
     </span>
    </p>
   </div>
   <div class='ocr_carea' id='block_1_86' title="bbox 2190 2663 3208 2737">
    <p class='ocr_par' dir='ltr' id='par_1_86' title="bbox 2190 2663 3208 2737">
     <span class='ocr_line' id='line_1_86' title="bbox 2190 2663 3208 2737; baseline -0.002 -17"><span class='ocrx_word' id='word_1_438' title='bbox 2190 2667 2447 2737; x_wconf 84' lang='lat' dir='ltr'>prudens</span> <span class='ocrx_word' id='word_1_439' title='bbox 2479 2665 2648 2720; x_wconf 91' lang='lat' dir='ltr'>iterat</span> <span class='ocrx_word' id='word_1_440' title='bbox 2677 2663 2989 2720; x_wconf 88' lang='lat' dir='ltr'>stultitiam</span> <span class='ocrx_word' id='word_1_441' title='bbox 3019 2681 3208 2719; x_wconf 89' lang='lat' dir='ltr'>suam.</span> 
     </span>
    </p>
   </div>
   <div class='ocr_carea' id='block_1_87' title="bbox 2262 2753 3840 2827">
    <p class='ocr_par' dir='ltr' id='par_1_87' title="bbox 2262 2753 3840 2827">
     <span class='ocr_line' id='line_1_87' title="bbox 2262 2753 3840 2827; baseline -0.003 -18"><span class='ocrx_word' id='word_1_442' title='bbox 2262 2754 2422 2810; x_wconf 89' lang='lat' dir='ltr'>Sicut</span> <span class='ocrx_word' id='word_1_443' title='bbox 2480 2771 2634 2825; x_wconf 90' lang='lat' dir='ltr'>aqua</span> <span class='ocrx_word' id='word_1_444' title='bbox 2689 2753 3006 2826; x_wconf 84' lang='lat' dir='ltr'>exstinguit</span> <span class='ocrx_word' id='word_1_445' title='bbox 3062 2754 3278 2827; x_wconf 85' lang='lat' dir='ltr'>ignem,</span> <span class='ocrx_word' id='word_1_446' title='bbox 3331 2754 3410 2808; x_wconf 91' lang='lat' dir='ltr'>ita</span> <span class='ocrx_word' id='word_1_447' title='bbox 3467 2753 3840 2823; x_wconf 85' lang='lat' dir='ltr'>eleemosyna</span> 
     </span>
    </p>
   </div>
   <div class='ocr_carea' id='block_1_88' title="bbox 2191 2848 2516 2915">
    <p class='ocr_par' dir='ltr' id='par_1_88' title="bbox 2191 2848 2516 2915">
     <span class='ocr_line' id='line_1_88' title="bbox 2191 2848 2516 2915; baseline -0.009 -16"><span class='ocrx_word' id='word_1_448' title='bbox 2191 2848 2516 2915; x_wconf 90' lang='lat' dir='ltr'>peccatum.</span> 
     </span>
    </p>
   </div>
   <div class='ocr_carea' id='block_1_89' title="bbox 2262 2930 3838 3004">
    <p class='ocr_par' dir='ltr' id='par_1_89' title="bbox 2262 2930 3838 3004">
     <span class='ocr_line' id='line_1_89' title="bbox 2262 2930 3838 3004; baseline 0 -18"><span class='ocrx_word' id='word_1_449' title='bbox 2262 2933 2422 2987; x_wconf 89' lang='lat' dir='ltr'>Sicut</span> <span class='ocrx_word' id='word_1_450' title='bbox 2452 2932 2692 3004; x_wconf 89' lang='lat' dir='ltr'>plurimi</span> <span class='ocrx_word' id='word_1_451' title='bbox 2723 2933 2836 2987; x_wconf 91' lang='lat' dir='ltr'>cibi</span> <span class='ocrx_word' id='word_1_452' title='bbox 2868 2931 3015 2988; x_wconf 91' lang='lat' dir='ltr'>nihil</span> <span class='ocrx_word' id='word_1_453' title='bbox 3045 2937 3291 3004; x_wconf 90' lang='lat' dir='ltr'>prosunt</span> <span class='ocrx_word' id='word_1_454' title='bbox 3322 2932 3545 3003; x_wconf 85' lang='lat' dir='ltr'>absque</span> <span class='ocrx_word' id='word_1_455' title='bbox 3577 2930 3718 3000; x_wconf 90' lang='lat' dir='ltr'>sale,</span> <span class='ocrx_word' id='word_1_456' title='bbox 3752 2931 3838 2986; x_wconf 84' lang='lat' dir='ltr'>ita</span> 
     </span>
    </p>
   </div>
   <div class='ocr_carea' id='block_1_90' title="bbox 2192 3022 3251 3094">
    <p class='ocr_par' dir='ltr' id='par_1_90' title="bbox 2192 3022 3251 3094">
     <span class='ocr_line' id='line_1_90' title="bbox 2192 3022 3251 3094; baseline 0 -18"><span class='ocrx_word' id='word_1_457' title='bbox 2192 3039 2395 3077; x_wconf 88' lang='lat' dir='ltr'>omnes</span> <span class='ocrx_word' id='word_1_458' title='bbox 2426 3022 2668 3077; x_wconf 86' lang='lat' dir='ltr'>virtutes</span> <span class='ocrx_word' id='word_1_459' title='bbox 2699 3022 2920 3094; x_wconf 89' lang='lat' dir='ltr'>absque</span> <span class='ocrx_word' id='word_1_460' title='bbox 2950 3022 3251 3077; x_wconf 90' lang='lat' dir='ltr'>charitate.</span> 
     </span>
    </p>
   </div>
   <div class='ocr_carea' id='block_1_91' title="bbox 2265 3108 3840 3183">
    <p class='ocr_par' dir='ltr' id='par_1_91' title="bbox 2265 3108 3840 3183">
     <span class='ocr_line' id='line_1_91' title="bbox 2265 3108 3840 3183; baseline -0.002 -17"><span class='ocrx_word' id='word_1_461' title='bbox 2265 3110 2425 3166; x_wconf 88' lang='lat' dir='ltr'>Sicut</span> <span class='ocrx_word' id='word_1_462' title='bbox 2469 3111 2668 3166; x_wconf 90' lang='lat' dir='ltr'>ﬁstula</span> <span class='ocrx_word' id='word_1_463' title='bbox 2719 3112 2942 3183; x_wconf 90' lang='lat' dir='ltr'>absque</span> <span class='ocrx_word' id='word_1_464' title='bbox 2989 3111 3313 3183; x_wconf 91' lang='lat' dir='ltr'>inspirante</span> <span class='ocrx_word' id='word_1_465' title='bbox 3361 3110 3587 3165; x_wconf 92' lang='lat' dir='ltr'>nullum</span> <span class='ocrx_word' id='word_1_466' title='bbox 3647 3108 3840 3166; x_wconf 87' lang='lat' dir='ltr'>reddit</span> 
     </span>
    </p>
   </div>
   <div class='ocr_carea' id='block_1_92' title="bbox 2192 3199 3841 3272">
    <p class='ocr_par' dir='ltr' id='par_1_92' title="bbox 2192 3199 3841 3272">
     <span class='ocr_line' id='line_1_92' title="bbox 2192 3199 3841 3272; baseline -0.002 -16"><span class='ocrx_word' id='word_1_467' title='bbox 2192 3218 2424 3269; x_wconf 90' lang='lat' dir='ltr'>sonum,</span> <span class='ocrx_word' id='word_1_468' title='bbox 2458 3201 2542 3256; x_wconf 90' lang='lat' dir='ltr'>ita</span> <span class='ocrx_word' id='word_1_469' title='bbox 2571 3204 2628 3256; x_wconf 89' lang='lat' dir='ltr'>et</span> <span class='ocrx_word' id='word_1_470' title='bbox 2656 3216 2754 3256; x_wconf 87' lang='lat' dir='ltr'>cor</span> <span class='ocrx_word' id='word_1_471' title='bbox 2783 3200 3038 3256; x_wconf 90' lang='lat' dir='ltr'>hominis</span> <span class='ocrx_word' id='word_1_472' title='bbox 3084 3201 3304 3272; x_wconf 86' lang='lat' dir='ltr'>absque</span> <span class='ocrx_word' id='word_1_473' title='bbox 3332 3199 3716 3272; x_wconf 86' lang='lat' dir='ltr'>inspiratione</span> <span class='ocrx_word' id='word_1_474' title='bbox 3745 3199 3841 3254; x_wconf 91' lang='lat' dir='ltr'>di-</span> 
     </span>
    </p>
   </div>
   <div class='ocr_carea' id='block_1_93' title="bbox 2190 3289 3092 3361">
    <p class='ocr_par' dir='ltr' id='par_1_93' title="bbox 2190 3289 3092 3361">
     <span class='ocr_line' id='line_1_93' title="bbox 2190 3289 3092 3361; baseline -0.001 -16"><span class='ocrx_word' id='word_1_475' title='bbox 2190 3290 2322 3346; x_wconf 88' lang='lat' dir='ltr'>vina</span> <span class='ocrx_word' id='word_1_476' title='bbox 2355 3289 2584 3346; x_wconf 90' lang='lat' dir='ltr'>nullum</span> <span class='ocrx_word' id='word_1_477' title='bbox 2617 3290 2822 3361; x_wconf 90' lang='lat' dir='ltr'>recipit</span> <span class='ocrx_word' id='word_1_478' title='bbox 2851 3290 3092 3345; x_wconf 89' lang='lat' dir='ltr'>bonum.</span> 
     </span>
    </p>
   </div>
   <div class='ocr_carea' id='block_1_94' title="bbox 2259 3393 3834 3468">
    <p class='ocr_par' dir='ltr' id='par_1_94' title="bbox 2259 3393 3834 3468">
     <span class='ocr_line' id='line_1_94' title="bbox 2259 3393 3834 3468; baseline -0.003 -16"><span class='ocrx_word' id='word_1_479' title='bbox 2259 3397 2420 3452; x_wconf 90' lang='lat' dir='ltr'>Sicut</span> <span class='ocrx_word' id='word_1_480' title='bbox 2449 3397 2582 3468; x_wconf 89' lang='lat' dir='ltr'>equi</span> <span class='ocrx_word' id='word_1_481' title='bbox 2605 3413 2813 3452; x_wconf 90' lang='lat' dir='ltr'>cursus</span> <span class='ocrx_word' id='word_1_482' title='bbox 2844 3396 2904 3452; x_wconf 93' lang='lat' dir='ltr'>in</span> <span class='ocrx_word' id='word_1_483' title='bbox 2935 3396 3060 3452; x_wconf 92' lang='lat' dir='ltr'>loco</span> <span class='ocrx_word' id='word_1_484' title='bbox 3092 3396 3369 3468; x_wconf 89' lang='lat' dir='ltr'>spatioso,</span> <span class='ocrx_word' id='word_1_485' title='bbox 3395 3396 3478 3451; x_wconf 88' lang='lat' dir='ltr'>ita</span> <span class='ocrx_word' id='word_1_486' title='bbox 3497 3399 3555 3451; x_wconf 85' lang='lat' dir='ltr'>et</span> <span class='ocrx_word' id='word_1_487' title='bbox 3574 3393 3834 3450; x_wconf 86' lang='lat' dir='ltr'>hominis</span> 
     </span>
    </p>
   </div>
   <div class='ocr_carea' id='block_1_95' title="bbox 2194 3485 3314 3558">
    <p class='ocr_par' dir='ltr' id='par_1_95' title="bbox 2194 3485 3314 3558">
     <span class='ocr_line' id='line_1_95' title="bbox 2194 3485 3314 3558; baseline 0.001 -18"><span class='ocrx_word' id='word_1_488' title='bbox 2194 3486 2460 3542; x_wconf 90' lang='lat' dir='ltr'>voluntas</span> <span class='ocrx_word' id='word_1_489' title='bbox 2490 3487 2770 3558; x_wconf 89' lang='lat' dir='ltr'>probatur</span> <span class='ocrx_word' id='word_1_490' title='bbox 2799 3486 2859 3540; x_wconf 93' lang='lat' dir='ltr'>in</span> <span class='ocrx_word' id='word_1_491' title='bbox 2890 3485 3129 3542; x_wconf 90' lang='lat' dir='ltr'>arbitrio</span> <span class='ocrx_word' id='word_1_492' title='bbox 3161 3486 3314 3541; x_wconf 91' lang='lat' dir='ltr'>dato.</span> 
     </span>
    </p>
   </div>
   <div class='ocr_carea' id='block_1_96' title="bbox 2259 3572 3835 3647">
    <p class='ocr_par' dir='ltr' id='par_1_96' title="bbox 2259 3572 3835 3647">
     <span class='ocr_line' id='line_1_96' title="bbox 2259 3572 3835 3647; baseline -0.001 -17"><span class='ocrx_word' id='word_1_493' title='bbox 2259 3576 2421 3630; x_wconf 90' lang='lat' dir='ltr'>Sicut</span> <span class='ocrx_word' id='word_1_494' title='bbox 2468 3575 2619 3631; x_wconf 91' lang='lat' dir='ltr'>oculi</span> <span class='ocrx_word' id='word_1_495' title='bbox 2669 3576 2932 3631; x_wconf 91' lang='lat' dir='ltr'>omnium</span> <span class='ocrx_word' id='word_1_496' title='bbox 2989 3575 3049 3629; x_wconf 90' lang='lat' dir='ltr'>in</span> <span class='ocrx_word' id='word_1_497' title='bbox 3108 3574 3316 3647; x_wconf 90' lang='lat' dir='ltr'>capite,</span> <span class='ocrx_word' id='word_1_498' title='bbox 3347 3575 3430 3629; x_wconf 89' lang='lat' dir='ltr'>ita</span> <span class='ocrx_word' id='word_1_499' title='bbox 3484 3574 3545 3629; x_wconf 93' lang='lat' dir='ltr'>in</span> <span class='ocrx_word' id='word_1_500' title='bbox 3605 3572 3835 3629; x_wconf 90' lang='lat' dir='ltr'>Christo</span> 
     </span>
    </p>
   </div>
   <div class='ocr_carea' id='block_1_97' title="bbox 2187 3663 3506 3721">
    <p class='ocr_par' dir='ltr' id='par_1_97' title="bbox 2187 3663 3506 3721">
     <span class='ocr_line' id='line_1_97' title="bbox 2187 3663 3506 3721; baseline -0.002 -2"><span class='ocrx_word' id='word_1_501' title='bbox 2187 3665 2504 3721; x_wconf 87' lang='lat' dir='ltr'>consistere</span> <span class='ocrx_word' id='word_1_502' title='bbox 2535 3665 2705 3720; x_wconf 90' lang='lat' dir='ltr'>debet</span> <span class='ocrx_word' id='word_1_503' title='bbox 2735 3664 2926 3720; x_wconf 86' lang='lat' dir='ltr'>omnis</span> <span class='ocrx_word' id='word_1_504' title='bbox 2958 3665 3197 3721; x_wconf 87' lang='lat' dir='ltr'>intentio</span> <span class='ocrx_word' id='word_1_505' title='bbox 3225 3663 3506 3719; x_wconf 83' lang='lat' dir='ltr'>ﬁdelium.</span> 
     </span>
    </p>
   </div>
   <div class='ocr_carea' id='block_1_98' title="bbox 2258 3751 3834 3825">
    <p class='ocr_par' dir='ltr' id='par_1_98' title="bbox 2258 3751 3834 3825">
     <span class='ocr_line' id='line_1_98' title="bbox 2258 3751 3834 3825; baseline -0.001 -17"><span class='ocrx_word' id='word_1_506' title='bbox 2258 3754 2485 3808; x_wconf 92' lang='lat' dir='ltr'>Summi</span> <span class='ocrx_word' id='word_1_507' title='bbox 2517 3752 2796 3824; x_wconf 89' lang='lat' dir='ltr'>principis</span> <span class='ocrx_word' id='word_1_508' title='bbox 2828 3753 3081 3809; x_wconf 91' lang='lat' dir='ltr'>ministri</span> <span class='ocrx_word' id='word_1_509' title='bbox 3126 3753 3184 3807; x_wconf 91' lang='lat' dir='ltr'>in</span> <span class='ocrx_word' id='word_1_510' title='bbox 3228 3753 3435 3825; x_wconf 89' lang='lat' dir='ltr'>primis</span> <span class='ocrx_word' id='word_1_511' title='bbox 3469 3755 3608 3808; x_wconf 89' lang='lat' dir='ltr'>sunt</span> <span class='ocrx_word' id='word_1_512' title='bbox 3637 3751 3834 3823; x_wconf 89' lang='lat' dir='ltr'>provi-</span> 
     </span>
    </p>
   </div>
   <div class='ocr_carea' id='block_1_99' title="bbox 2185 3843 2382 3898">
    <p class='ocr_par' dir='ltr' id='par_1_99' title="bbox 2185 3843 2382 3898">
     <span class='ocr_line' id='line_1_99' title="bbox 2185 3843 2382 3898; baseline -0.01 0"><span class='ocrx_word' id='word_1_513' title='bbox 2185 3843 2382 3898; x_wconf 88' lang='lat' dir='ltr'>dendi.</span> 
     </span>
    </p>
   </div>
   <div class='ocr_carea' id='block_1_100' title="bbox 2255 3931 3474 4004">
    <p class='ocr_par' dir='ltr' id='par_1_100' title="bbox 2255 3931 3474 4004">
     <span class='ocr_line' id='line_1_100' title="bbox 2255 3931 3474 4004; baseline -0.001 -18"><span class='ocrx_word' id='word_1_514' title='bbox 2255 3932 2537 4004; x_wconf 90' lang='lat' dir='ltr'>Superbia</span> <span class='ocrx_word' id='word_1_515' title='bbox 2568 3934 2692 3988; x_wconf 91' lang='lat' dir='ltr'>sola</span> <span class='ocrx_word' id='word_1_516' title='bbox 2723 3933 3045 4004; x_wconf 89' lang='lat' dir='ltr'>corrumpit</span> <span class='ocrx_word' id='word_1_517' title='bbox 3078 3931 3275 3988; x_wconf 88' lang='lat' dir='ltr'>omnia</span> <span class='ocrx_word' id='word_1_518' title='bbox 3303 3932 3474 3987; x_wconf 88' lang='lat' dir='ltr'>bona.</span> 
     </span>
    </p>
   </div>
   <div class='ocr_carea' id='block_1_101' title="bbox 2254 4037 3834 4111">
    <p class='ocr_par' dir='ltr' id='par_1_101' title="bbox 2254 4037 3834 4111">
     <span class='ocr_line' id='line_1_101' title="bbox 2254 4037 3834 4111; baseline 0.002 -19"><span class='ocrx_word' id='word_1_519' title='bbox 2254 4045 2471 4095; x_wconf 90' lang='lat' dir='ltr'>Sensus</span> <span class='ocrx_word' id='word_1_520' title='bbox 2504 4043 2700 4095; x_wconf 90' lang='lat' dir='ltr'>noster</span> <span class='ocrx_word' id='word_1_521' title='bbox 2730 4041 2800 4095; x_wconf 88' lang='lat' dir='ltr'>ad</span> <span class='ocrx_word' id='word_1_522' title='bbox 2841 4042 2968 4110; x_wconf 78' lang='lat' dir='ltr'>ejus</span> <span class='ocrx_word' id='word_1_523' title='bbox 2996 4039 3249 4094; x_wconf 89' lang='lat' dir='ltr'>trahitur</span> <span class='ocrx_word' id='word_1_524' title='bbox 3279 4037 3627 4111; x_wconf 89' lang='lat' dir='ltr'>appetitum,</span> <span class='ocrx_word' id='word_1_525' title='bbox 3658 4039 3834 4110; x_wconf 87' lang='lat' dir='ltr'>cujus</span> 
     </span>
    </p>
   </div>
   <div class='ocr_carea' id='block_1_102' title="bbox 2185 4128 2757 4200">
    <p class='ocr_par' dir='ltr' id='par_1_102' title="bbox 2185 4128 2757 4200">
     <span class='ocr_line' id='line_1_102' title="bbox 2185 4128 2757 4200; baseline 0 -18"><span class='ocrx_word' id='word_1_526' title='bbox 2185 4129 2414 4199; x_wconf 87' lang='lat' dir='ltr'>capitur</span> <span class='ocrx_word' id='word_1_527' title='bbox 2444 4128 2757 4200; x_wconf 88' lang='lat' dir='ltr'>voluptate.</span> 
     </span>
    </p>
   </div>
   <div class='ocr_carea' id='block_1_103' title="bbox 2255 4216 3834 4288">
    <p class='ocr_par' dir='ltr' id='par_1_103' title="bbox 2255 4216 3834 4288">
     <span class='ocr_line' id='line_1_103' title="bbox 2255 4216 3834 4288; baseline 0.001 -17"><span class='ocrx_word' id='word_1_528' title='bbox 2255 4219 2464 4272; x_wconf 90' lang='lat' dir='ltr'>Servus</span> <span class='ocrx_word' id='word_1_529' title='bbox 2498 4217 2595 4272; x_wconf 91' lang='lat' dir='ltr'>Dei</span> <span class='ocrx_word' id='word_1_530' title='bbox 2625 4234 2739 4288; x_wconf 81' lang='lat' dir='ltr'>prae</span> <span class='ocrx_word' id='word_1_531' title='bbox 2770 4217 3022 4288; x_wconf 87' lang='lat' dir='ltr'>gemmis</span> <span class='ocrx_word' id='word_1_532' title='bbox 3052 4221 3109 4273; x_wconf 89' lang='lat' dir='ltr'>et</span> <span class='ocrx_word' id='word_1_533' title='bbox 3138 4216 3321 4273; x_wconf 91' lang='lat' dir='ltr'>serico</span> <span class='ocrx_word' id='word_1_534' title='bbox 3343 4216 3570 4273; x_wconf 91' lang='lat' dir='ltr'>divinos</span> <span class='ocrx_word' id='word_1_535' title='bbox 3602 4216 3834 4273; x_wconf 88' lang='lat' dir='ltr'>codices</span> 
     </span>
    </p>
   </div>
   <div class='ocr_carea' id='block_1_104' title="bbox 2183 4307 2600 4362">
    <p class='ocr_par' dir='ltr' id='par_1_104' title="bbox 2183 4307 2600 4362">
     <span class='ocr_line' id='line_1_104' title="bbox 2183 4307 2600 4362; baseline 0 0"><span class='ocrx_word' id='word_1_536' title='bbox 2183 4323 2381 4362; x_wconf 90' lang='lat' dir='ltr'>amare</span> <span class='ocrx_word' id='word_1_537' title='bbox 2411 4307 2600 4362; x_wconf 89' lang='lat' dir='ltr'>debet.</span> 
     </span>
    </p>
   </div>
   <div class='ocr_carea' id='block_1_105' title="bbox 2255 4395 3835 4467">
    <p class='ocr_par' dir='ltr' id='par_1_105' title="bbox 2255 4395 3835 4467">
     <span class='ocr_line' id='line_1_105' title="bbox 2255 4395 3835 4467; baseline 0.001 -17"><span class='ocrx_word' id='word_1_538' title='bbox 2255 4397 2474 4451; x_wconf 87' lang='lat' dir='ltr'>Sensus</span> <span class='ocrx_word' id='word_1_539' title='bbox 2513 4412 2821 4467; x_wconf 90' lang='lat' dir='ltr'>corporum</span> <span class='ocrx_word' id='word_1_540' title='bbox 2854 4400 2990 4452; x_wconf 90' lang='lat' dir='ltr'>sunt</span> <span class='ocrx_word' id='word_1_541' title='bbox 3021 4396 3190 4467; x_wconf 89' lang='lat' dir='ltr'>quasi</span> <span class='ocrx_word' id='word_1_542' title='bbox 3243 4395 3377 4467; x_wconf 91' lang='lat' dir='ltr'>equi</span> <span class='ocrx_word' id='word_1_543' title='bbox 3431 4397 3554 4452; x_wconf 91' lang='lat' dir='ltr'>sine</span> <span class='ocrx_word' id='word_1_544' title='bbox 3605 4395 3835 4452; x_wconf 85' lang='lat' dir='ltr'>ratione</span> 
     </span>
    </p>
   </div>
   <div class='ocr_carea' id='block_1_106' title="bbox 2185 4484 3837 4558">
    <p class='ocr_par' dir='ltr' id='par_1_106' title="bbox 2185 4484 3837 4558">
     <span class='ocr_line' id='line_1_106' title="bbox 2185 4484 3837 4558; baseline 0.001 -18"><span class='ocrx_word' id='word_1_545' title='bbox 2185 4490 2515 4553; x_wconf 82' lang='lat' dir='ltr'>currentes;</span> <span class='ocrx_word' id='word_1_546' title='bbox 2548 4485 2746 4541; x_wconf 89' lang='lat' dir='ltr'>anima</span> <span class='ocrx_word' id='word_1_547' title='bbox 2773 4501 2905 4541; x_wconf 91' lang='lat' dir='ltr'>vero</span> <span class='ocrx_word' id='word_1_548' title='bbox 2952 4486 3010 4540; x_wconf 90' lang='lat' dir='ltr'>in</span> <span class='ocrx_word' id='word_1_549' title='bbox 3059 4486 3272 4558; x_wconf 69' lang='lat' dir='ltr'>aurigas</span> <span class='ocrx_word' id='word_1_550' title='bbox 3323 4486 3565 4541; x_wconf 91' lang='lat' dir='ltr'>modum</span> <span class='ocrx_word' id='word_1_551' title='bbox 3618 4484 3837 4541; x_wconf 84' lang='lat' dir='ltr'>retinet</span> 
     </span>
    </p>
   </div>
   <div class='ocr_carea' id='block_1_107' title="bbox 2101 4548 2755 4630">
    <p class='ocr_par' dir='ltr' id='par_1_107' title="bbox 2101 4548 2755 4630">
     <span class='ocr_line' id='line_1_107' title="bbox 2101 4548 2755 4630; baseline -0.002 -1"><span class='ocrx_word' id='word_1_552' title='bbox 2101 4548 2148 4612; x_wconf 85' lang='lat' dir='ltr'>D</span> <span class='ocrx_word' id='word_1_553' title='bbox 2180 4575 2345 4630; x_wconf 88' lang='lat' dir='ltr'>frena</span> <span class='ocrx_word' id='word_1_554' title='bbox 2375 4573 2667 4629; x_wconf 90' lang='lat' dir='ltr'>currentiu</span> <span class='ocrx_word' id='word_1_555' title='bbox 2680 4591 2755 4628; x_wconf 92' lang='lat' dir='ltr'>m.</span> 
     </span>
    </p>
   </div>
   <div class='ocr_carea' id='block_1_108' title="bbox 2250 4661 3792 4734">
    <p class='ocr_par' dir='ltr' id='par_1_108' title="bbox 2250 4661 3792 4734">
     <span class='ocr_line' id='line_1_108' title="bbox 2250 4661 3792 4734; baseline 0.001 -15"><span class='ocrx_word' id='word_1_556' title='bbox 2250 4663 2531 4719; x_wconf 89' lang='lat' dir='ltr'>Solatium</span> <span class='ocrx_word' id='word_1_557' title='bbox 2563 4667 2650 4718; x_wconf 90' lang='lat' dir='ltr'>est</span> <span class='ocrx_word' id='word_1_558' title='bbox 2680 4661 2969 4717; x_wconf 89' lang='lat' dir='ltr'>malorum</span> <span class='ocrx_word' id='word_1_559' title='bbox 2999 4663 3178 4719; x_wconf 90' lang='lat' dir='ltr'>vitam</span> <span class='ocrx_word' id='word_1_560' title='bbox 3212 4678 3445 4734; x_wconf 87' lang='lat' dir='ltr'>carpere</span> <span class='ocrx_word' id='word_1_561' title='bbox 3470 4661 3792 4720; x_wconf 89' lang='lat' dir='ltr'>bonorum.</span> 
     </span>
    </p>
   </div>
   <div class='ocr_carea' id='block_1_109' title="bbox 2249 4767 3833 4839">
    <p class='ocr_par' dir='ltr' id='par_1_109' title="bbox 2249 4767 3833 4839">
     <span class='ocr_line' id='line_1_109' title="bbox 2249 4767 3833 4839; baseline 0.001 -15"><span class='ocrx_word' id='word_1_562' title='bbox 2249 4770 2585 4826; x_wconf 88' lang='lat' dir='ltr'>Sacerdotes</span> <span class='ocrx_word' id='word_1_563' title='bbox 2615 4773 2672 4825; x_wconf 90' lang='lat' dir='ltr'>et</span> <span class='ocrx_word' id='word_1_564' title='bbox 2719 4768 2956 4824; x_wconf 87' lang='lat' dir='ltr'>clericos</span> <span class='ocrx_word' id='word_1_565' title='bbox 3007 4787 3121 4825; x_wconf 91' lang='lat' dir='ltr'>non</span> <span class='ocrx_word' id='word_1_566' title='bbox 3164 4769 3296 4824; x_wconf 90' lang='lat' dir='ltr'>licet</span> <span class='ocrx_word' id='word_1_567' title='bbox 3343 4767 3692 4839; x_wconf 91' lang='lat' dir='ltr'>spectaculis</span> <span class='ocrx_word' id='word_1_568' title='bbox 3736 4771 3833 4825; x_wconf 88' lang='lat' dir='ltr'>in-</span> 
     </span>
    </p>
   </div>
   <div class='ocr_carea' id='block_1_110' title="bbox 2177 4864 2416 4917">
    <p class='ocr_par' dir='ltr' id='par_1_110' title="bbox 2177 4864 2416 4917">
     <span class='ocr_line' id='line_1_110' title="bbox 2177 4864 2416 4917; baseline 0.008 -3"><span class='ocrx_word' id='word_1_569' title='bbox 2177 4864 2416 4917; x_wconf 90' lang='lat' dir='ltr'>teresse.</span> 
     </span>
    </p>
   </div>
   <div class='ocr_carea' id='block_1_111' title="bbox 2249 4948 3828 5023">
    <p class='ocr_par' dir='ltr' id='par_1_111' title="bbox 2249 4948 3828 5023">
     <span class='ocr_line' id='line_1_111' title="bbox 2249 4948 3828 5023; baseline 0.003 -19"><span class='ocrx_word' id='word_1_570' title='bbox 2249 4950 2340 5006; x_wconf 88' lang='lat' dir='ltr'>Sic</span> <span class='ocrx_word' id='word_1_571' title='bbox 2371 4949 2499 5005; x_wconf 89' lang='lat' dir='ltr'>aliis</span> <span class='ocrx_word' id='word_1_572' title='bbox 2553 4950 2806 5021; x_wconf 85' lang='lat' dir='ltr'>ignosce,</span> <span class='ocrx_word' id='word_1_573' title='bbox 2841 4953 2904 5003; x_wconf 93' lang='lat' dir='ltr'>ut</span> <span class='ocrx_word' id='word_1_574' title='bbox 2933 4953 2993 5004; x_wconf 90' lang='lat' dir='ltr'>tu</span> <span class='ocrx_word' id='word_1_575' title='bbox 3026 4948 3133 5004; x_wconf 88' lang='lat' dir='ltr'>tibi</span> <span class='ocrx_word' id='word_1_576' title='bbox 3180 4948 3444 5020; x_wconf 89' lang='lat' dir='ltr'>peccanti</span> <span class='ocrx_word' id='word_1_577' title='bbox 3494 4949 3624 5007; x_wconf 90' lang='lat' dir='ltr'>illos</span> <span class='ocrx_word' id='word_1_578' title='bbox 3657 4949 3828 5023; x_wconf 80' lang='lat' dir='ltr'>igno-</span> 
     </span>
    </p>
   </div>
   <div class='ocr_carea' id='block_1_112' title="bbox 2178 5039 2553 5112">
    <p class='ocr_par' dir='ltr' id='par_1_112' title="bbox 2178 5039 2553 5112">
     <span class='ocr_line' id='line_1_112' title="bbox 2178 5039 2553 5112; baseline 0 -17"><span class='ocrx_word' id='word_1_579' title='bbox 2178 5057 2336 5096; x_wconf 91' lang='lat' dir='ltr'>scere</span> <span class='ocrx_word' id='word_1_580' title='bbox 2368 5039 2553 5112; x_wconf 89' lang='lat' dir='ltr'>cupis.</span> 
     </span>
    </p>
   </div>
   <div class='ocr_carea' id='block_1_113' title="bbox 2247 5126 3829 5203">
    <p class='ocr_par' dir='ltr' id='par_1_113' title="bbox 2247 5126 3829 5203">
     <span class='ocr_line' id='line_1_113' title="bbox 2247 5126 3829 5203; baseline 0.002 -19"><span class='ocrx_word' id='word_1_581' title='bbox 2247 5129 2479 5200; x_wconf 89' lang='lat' dir='ltr'>Species</span> <span class='ocrx_word' id='word_1_582' title='bbox 2518 5126 2790 5199; x_wconf 76' lang='lat' dir='ltr'>quaelibet</span> <span class='ocrx_word' id='word_1_583' title='bbox 2848 5133 3068 5199; x_wconf 89' lang='lat' dir='ltr'>quanto</span> <span class='ocrx_word' id='word_1_584' title='bbox 3128 5130 3435 5202; x_wconf 71' lang='lat' dir='ltr'>praetiosor</span> <span class='ocrx_word' id='word_1_585' title='bbox 3480 5131 3608 5203; x_wconf 87' lang='lat' dir='ltr'>erit,</span> <span class='ocrx_word' id='word_1_586' title='bbox 3658 5135 3829 5188; x_wconf 82' lang='lat' dir='ltr'>tanto</span> 
     </span>
    </p>
   </div>
   <div class='ocr_carea' id='block_1_114' title="bbox 2176 5215 3351 5289">
    <p class='ocr_par' dir='ltr' id='par_1_114' title="bbox 2176 5215 3351 5289">
     <span class='ocr_line' id='line_1_114' title="bbox 2176 5215 3351 5289; baseline 0.003 -16"><span class='ocrx_word' id='word_1_587' title='bbox 2176 5218 2381 5289; x_wconf 83' lang='lat' dir='ltr'>majori</span> <span class='ocrx_word' id='word_1_588' title='bbox 2414 5215 2806 5272; x_wconf 90' lang='lat' dir='ltr'>sollicitudine</span> <span class='ocrx_word' id='word_1_589' title='bbox 2831 5219 3216 5274; x_wconf 89' lang='lat' dir='ltr'>custodienda</span> <span class='ocrx_word' id='word_1_590' title='bbox 3244 5224 3351 5277; x_wconf 89' lang='lat' dir='ltr'>est.</span> 
     </span>
    </p>
   </div>
   <div class='ocr_carea' id='block_1_115' title="bbox 2245 5324 3826 5401">
    <p class='ocr_par' dir='ltr' id='par_1_115' title="bbox 2245 5324 3826 5401">
     <span class='ocr_line' id='line_1_115' title="bbox 2245 5324 3826 5401; baseline 0.004 -21"><span class='ocrx_word' id='word_1_591' title='bbox 2245 5325 2493 5396; x_wconf 80' lang='lat' dir='ltr'>Sanguis</span> <span class='ocrx_word' id='word_1_592' title='bbox 2525 5324 2868 5398; x_wconf 87' lang='lat' dir='ltr'>sanguinem</span> <span class='ocrx_word' id='word_1_593' title='bbox 2901 5328 3108 5398; x_wconf 83' lang='lat' dir='ltr'>tangit,</span> <span class='ocrx_word' id='word_1_594' title='bbox 3141 5345 3274 5384; x_wconf 91' lang='lat' dir='ltr'>cum</span> <span class='ocrx_word' id='word_1_595' title='bbox 3305 5332 3539 5401; x_wconf 85' lang='lat' dir='ltr'>peccata</span> <span class='ocrx_word' id='word_1_596' title='bbox 3566 5328 3826 5401; x_wconf 85' lang='lat' dir='ltr'>peccatis</span> 
     </span>
    </p>
   </div>
   <div class='ocr_carea' id='block_1_116' title="bbox 2174 5415 2552 5485">
    <p class='ocr_par' dir='ltr' id='par_1_116' title="bbox 2174 5415 2552 5485">
     <span class='ocr_line' id='line_1_116' title="bbox 2174 5415 2552 5485; baseline -0.005 -13"><span class='ocrx_word' id='word_1_597' title='bbox 2174 5415 2552 5485; x_wconf 76' lang='lat' dir='ltr'>adjiciuntur.</span> 
     </span>
    </p>
   </div>
   <div class='ocr_carea' id='block_1_117' title="bbox 2243 5505 3826 5583">
    <p class='ocr_par' dir='ltr' id='par_1_117' title="bbox 2243 5505 3826 5583">
     <span class='ocr_line' id='line_1_117' title="bbox 2243 5505 3826 5583; baseline 0.005 -23"><span class='ocrx_word' id='word_1_598' title='bbox 2243 5505 2641 5561; x_wconf 84' lang='lat' dir='ltr'>Substantiam</span> <span class='ocrx_word' id='word_1_599' title='bbox 2673 5506 2878 5562; x_wconf 85' lang='lat' dir='ltr'>mundi</span> <span class='ocrx_word' id='word_1_600' title='bbox 2903 5507 3210 5579; x_wconf 86' lang='lat' dir='ltr'>possidens</span> <span class='ocrx_word' id='word_1_601' title='bbox 3239 5507 3481 5581; x_wconf 82' lang='lat' dir='ltr'>indiget,</span> <span class='ocrx_word' id='word_1_602' title='bbox 3509 5512 3574 5565; x_wconf 86' lang='lat' dir='ltr'>ut</span> <span class='ocrx_word' id='word_1_603' title='bbox 3603 5525 3826 5583; x_wconf 83' lang='lat' dir='ltr'>egenos</span> 
     </span>
    </p>
   </div>
   <div class='ocr_carea' id='block_1_118' title="bbox 2173 5596 3584 5669">
    <p class='ocr_par' dir='ltr' id='par_1_118' title="bbox 2173 5596 3584 5669">
     <span class='ocr_line' id='line_1_118' title="bbox 2173 5596 3584 5669; baseline 0.004 -18"><span class='ocrx_word' id='word_1_604' title='bbox 2173 5613 2437 5669; x_wconf 85' lang='lat' dir='ltr'>quosque</span> <span class='ocrx_word' id='word_1_605' title='bbox 2467 5596 2526 5652; x_wconf 88' lang='lat' dir='ltr'>in</span> <span class='ocrx_word' id='word_1_606' title='bbox 2557 5596 2799 5652; x_wconf 90' lang='lat' dir='ltr'>domum</span> <span class='ocrx_word' id='word_1_607' title='bbox 2831 5613 2999 5653; x_wconf 88' lang='lat' dir='ltr'>suam</span> <span class='ocrx_word' id='word_1_608' title='bbox 3032 5597 3314 5662; x_wconf 82' lang='lat' dir='ltr'>inducens</span> <span class='ocrx_word' id='word_1_609' title='bbox 3346 5599 3584 5658; x_wconf 82' lang='lat' dir='ltr'>reﬁciat.</span> 
     </span>
    </p>
   </div>
  </div>
