4108 6188
261 326 365 387 333
1490 325 1722 386 LIBER
1768 325 2413 389 PROVERBIOHUM.
3537 332 3651 390 334

323 458 380 512 Si
410 471 571 512 ames
603 453 717 510 dici
764 458 930 525 pater
959 460 1015 511 et
1058 457 1348 529 princeps,
1385 475 1595 514 nomen
1627 476 1761 514 cum
1792 458 1893 514 ho-
1922 459 1977 525 Α
2076 458 2275 513 Timor
2304 457 2405 513 Dei
2436 463 2492 513 et
2522 459 2706 515 oratio
2738 458 2977 515 assidua
3018 458 3317 516 hominem
3348 460 3539 517 volare
3570 461 3652 516 fa-

256 562 388 602 nore
417 560 605 614 serva,
641 542 909 599 moribus
941 544 1138 617 imple.
2008 548 2171 602 ciunt
2202 547 2273 601 ad
2304 546 2579 603 coelestia.

320 634 538 705 Saepius
567 633 758 688 ventis
781 633 1037 705 agitatur
1071 635 1275 706 ingens
1305 636 1567 708 pinus,et
1596 636 1761 691 celsae
1784 640 1900 691 tur-
2078 636 2355 691 Tentator
2384 637 2625 709 pervigil
2670 637 2777 693 hos
2816 638 3140 695 acrioribus
3172 638 3367 711 pulsat
3396 639 3652 707 insidiis,

254 740 340 779 res
369 721 631 795 graviore
665 737 805 777 casu
836 722 1125 778 decident.
2008 743 2156 796 quos
2189 726 2441 781 maxime
2470 725 2681 782 viderit
2704 727 2996 783 abstinere
3029 745 3062 783 a
3092 729 3365 800 peccatis.

318 811 502 867 Stulta
530 815 666 866 vota
698 811 1023 884 frangenda
1054 816 1212 868 sunt.
2079 816 2264 870 Tanto
2297 816 2497 887 pejora
2535 821 2675 872 sunt
2710 816 2868 883 vitia,
2902 820 3120 888 quanto
3148 816 3430 875 virtutum
3462 818 3654 891 specie

319 900 455 956 Sine
484 900 723 955 docrina
753 899 869 955 vita
898 904 988 956 est
1016 901 1183 973 quasi
1227 901 1433 958 mortis
1466 902 1681 973 imago.
2007 904 2288 959 celantur.

317 990 617 1045 Stantibus
648 992 703 1044 et
734 988 916 1061 lapsis
947 1006 1049 1061 par
1078 989 1410 1046 sollicitudo
1438 993 1688 1047 tenenda
1716 995 1831 1059 est;
2076 993 2291 1065 Tepide
2321 994 2577 1051 viventes
2607 994 2917 1050 Christiani
2951 994 3251 1051 difﬁcilius
3281 997 3654 1069 corriguntur

318 1079 423 1135 His
455 1096 526 1134 ne
556 1083 705 1134 retro
737 1081 969 1149 cadant,
1001 1078 1118 1135 illis
1151 1084 1216 1135 ut
1245 1080 1468 1136 concite
1500 1086 1765 1152 surgant.
2008 1100 2183 1154 quam
2216 1084 2448 1155 pagani.

319 1169 521 1224 Sermo
551 1169 725 1223 datur
755 1167 979 1236 multis,
1013 1168 1196 1226 animi
1228 1170 1514 1241 sapientia
1545 1170 1767 1242 paucis.
2077 1174 2271 1227 Tenax
2300 1177 2356 1228 et
2387 1173 2663 1245 prodigus
2704 1174 2978 1242 nimium,
3012 1176 3185 1231 ambo
3235 1174 3294 1232 in
3344 1191 3529 1233 unum
3560 1176 3654 1231 ni-

320 1256 375 1311 Si
408 1273 663 1329 nequeas
693 1255 914 1329 plures,
946 1256 1033 1312 vel
1077 1262 1133 1313 te
1164 1257 1533 1315 solummodo
1564 1275 1751 1315 cures.
2008 1261 2261 1317 mietatis
2290 1262 2596 1318 conﬂuunt
2623 1263 2849 1318 vitium.

322 1347 374 1401 Si
406 1346 548 1419 quid
579 1346 785 1402 vovisti
818 1348 1083 1416 Domino,
1117 1364 1190 1403 ne
1220 1348 1458 1404 reddere
1488 1349 1703 1405 tardes.
2078 1352 2493 1423 Temperatum
2533 1369 2705 1408 omne
2752 1355 2871 1408 tam
2922 1353 3038 1410 Deo
3087 1369 3261 1424 quam
3312 1352 3655 1411 hominibus

326 1436 513 1491 Solius
544 1439 631 1491 est
667 1434 892 1490 Domini
924 1435 1078 1492 bona
1108 1437 1179 1491 de
1211 1438 1400 1507 pravis
1432 1438 1681 1509 operari.
2007 1445 2094 1497 est
2124 1441 2496 1513 acceptabile.

325 1526 610 1597 Spernens
640 1522 949 1579 consilium
983 1526 1237 1596 patietur
1267 1543 1419 1599 saepe
1446 1525 1752 1598 periclum.
2078 1531 2310 1585 Teneraa
2362 1530 2541 1585 nimis
2579 1534 2806 1586 mentes
2838 1531 3235 1603 asperioribus
3266 1532 3652 1589 informandce

328 1614 483 1686 Saepe
512 1614 733 1669 bonum
766 1613 1060 1686 cupimus,
1092 1615 1247 1687 quod
1281 1632 1417 1671 mox
1446 1632 1553 1672 nos
1584 1615 1735 1671 nolle
1766 1631 1897 1688 pro-
2008 1621 2147 1671 sunt
2169 1616 2401 1671 studiis.

1625 1705 1896 1782 [.bamus.
2077 1706 2392 1761 Tormenta
2412 1707 2802 1777 quorumdam
2827 1707 2958 1764 aliis
2988 1713 3234 1779 prosunt
3254 1710 3327 1766 ad
3354 1708 3656 1766 correctio-

326 1793 565 1865 Semper
593 1810 804 1849 avarus
834 1797 991 1866 eget;
1036 1793 1193 1849 hunc
1226 1793 1387 1849 nulla
1417 1793 1664 1866 pecunia
1693 1793 1894 1865 replet.
1930 1832 1978 1897 B
2009 1810 2163 1849 nem.

328 1883 382 1937 Si
410 1882 499 1938 vis
527 1882 764 1949 salvari,
800 1882 880 1937 nil
912 1882 1047 1937 huic
1077 1900 1347 1955 praepone
1378 1883 1577 1938 saluti.
1930 1882 1978 1897 "
2081 1884 2293 1940 Tacere
2326 1884 2426 1955 qui
2458 1885 2663 1948 nescit,
2698 1885 2885 1941 nescit
2914 1889 2971 1941 et
3000 1885 3180 1957 loqui.

328 1972 477 2027 Sunt
506 1971 755 2027 nimium
788 1972 980 2043 pauci,
1005 1972 1105 2043 qui
1139 1972 1248 2028 rite
1278 1972 1454 2027 velint
1485 1972 1767 2029 misereri.
2081 1972 2404 2029 Timendus
2435 1979 2525 2029 est
2556 1991 2671 2045 pres
2692 1975 2939 2044 cunctis,
2962 1976 3133 2046 cujus
3161 1980 3420 2047 potestas
3442 1979 3532 2033 est
3562 1992 3655 2033 su-

328 2060 576 2133 Spiritus
606 2066 695 2117 est
725 2061 862 2129 vita,
896 2078 1055 2117 mors
1085 2062 1276 2116 carnis
1308 2061 1696 2134 philosOphia.
2011 2078 2113 2134 per
2145 2079 2369 2119 omnes.

2082 2152 2295 2208 Tactus
2326 2152 2650 2209 alienorum
2692 2170 3001 2225 corporum
3031 2158 3088 2209 et
3119 2154 3331 2211 ardens
3360 2154 3658 2226 appetitus

876 2203 1107 2260 CAPUT
1146 2204 1288 2260 XIX-
2012 2203 2653 2298 ςειὶιῖιᾷέιξζιτῖιῖηὶᾘιὲἔι
2686 2203 3309 2299 ξιτέζιῖίὶἐῖῐίιῖεζαᾘίέξιῖζ

328 2333 402 2384 Te
430 2327 597 2385 decet
627 2328 899 2401 hymnus,
938 2333 1109 2400 Deus,
1136 2330 1195 2385 in
1225 2329 1381 2400 Sion,
1405 2333 1460 2385 et
1489 2329 1594 2385 tibi
1627 2330 1904 2387 reddetur
2081 2331 2225 2385 Tam
2252 2331 2352 2385 diu
2376 2331 2508 2403 quis
2529 2335 2682 2386 errat
2700 2330 2760 2386 in
2784 2332 2916 2401 ﬁde,
2933 2347 3241 2403 quousque
3262 2330 3461 2388 omnia
3485 2348 3519 2388 a
3539 2331 3655 2387 Deo

262 2424 457 2475 votum
492 2419 551 2473 in
587 2418 969 2474 Hierusalem.
2013 2419 2227 2491 inspici
2258 2424 2315 2474 et
2344 2419 2465 2491 regi
2498 2419 2732 2475 difﬁdit.

332 2508 763 2564 Testimonium
784 2506 1015 2563 Domini
1038 2508 1227 2577 ﬁdele,
1248 2508 1595 2581 sapientiam
1619 2516 1903 2582 praestans
2084 2508 2439 2564 Tacentibus
2486 2508 2724 2564 difﬁcile
2754 2509 3127 2577 subvenitur;
3176 2510 3523 2565 conﬁtentes
3556 2524 3659 2564 au-

270 2596 542 2670 parvulis.
2012 2603 2131 2653 tem
2162 2597 2465 2670 languoris
2495 2597 2587 2654 sui
2619 2597 2962 2669 qualitatem
2994 2597 3221 2654 facilius
3253 2597 3534 2671 recipient
3562 2613 3658 2653 sa-

334 2687 484 2755 Tibi,
520 2685 780 2755 Domine,
814 2686 1126 2744 derelictus
1156 2691 1245 2743 est
1275 2705 1514 2761 pauper,
1548 2690 1809 2762 orphano
1840 2692 1903 2745 tu
2015 2687 2279 2743 nitatem.

269 2777 377 2832 eris
405 2776 660 2846 adjutor.
2085 2776 2277 2832 Toties
2318 2776 2485 2833 nobis
2532 2777 2679 2833 bene
2723 2777 2932 2849 agendi
2984 2777 3352 2833 occasionem
3400 2776 3662 2847 praebent

336 2866 557 2920 Timete
592 2866 796 2932 Deum,
829 2881 1031 2921 omnes
1087 2866 1272 2923 sancti
1303 2868 1451 2938 ejus,
1476 2867 1755 2939 quoniam
1786 2884 1903 2923 non
2015 2864 2189 2936 mala,
2223 2865 2452 2937 quoties
2482 2881 2552 2922 ea
2580 2866 2841 2921 videntes
2872 2869 2973 2921 aut
2997 2866 3300 2921 audientes
3332 2863 3662 2921 contemni-

268 2959 353 3010 est
380 2953 579 3026 inopia
608 2953 953 3010 timentibus
985 2970 1139 3010 eum.
2016 2972 2168 3010 mus.

333 3042 744 3099 Thesaurizate
772 3044 938 3098 vobis
976 3043 1285 3100 thesauros
1334 3044 1394 3100 in
1450 3044 1613 3113 caelo,
1647 3046 1748 3102 ubi
1800 3062 1905 3102 nec
2086 3045 2267 3099 Tanto
2298 3044 2566 3116 quisquis
2590 3060 2790 3100 cavere
2812 3044 2982 3099 debet
3012 3061 3083 3100 ne
3113 3043 3388 3116 superbia
3416 3041 3663 3115 decipia-

265 3148 452 3205 aerugo
484 3148 674 3204 neque
705 3131 862 3187 tinea
892 3133 1224 3200 demolitur,
1256 3138 1313 3189 et
1352 3134 1451 3189 ubi
1487 3135 1643 3190 fures
1675 3152 1789 3191 non
1821 3136 1903 3191 ef-
2014 3138 2132 3203 tur,
2166 3139 2382 3203 quanto
2414 3133 2676 3188 sanctius
2706 3132 2927 3204 aliquid
2961 3133 3286 3204 proﬁtetur.

266 3221 492 3277 fodiunt
520 3238 624 3277 nec
652 3222 943 3278 furantur.
1934 3206 1977 3272 C
2086 3224 2272 3278 Tanta
2318 3223 2728 3294 unusquisque
2774 3226 2968 3293 potest
3015 3227 3405 3288 contemnere,
3439 3224 3662 3291 quanta

330 3312 664 3367 Thesaurus
717 3311 1123 3368 desiderabilis
1177 3312 1491 3385 requiescit
1547 3312 1606 3368 in
1654 3330 1752 3369 ore
1807 3330 1907 3369 sa-
2016 3312 2193 3367 etiam
2225 3315 2419 3383 potest
2448 3311 2878 3382 concupiscere.

266 3400 503 3472 pientis.
2086 3400 2222 3455 Tale
2251 3416 2435 3472 genus
2464 3404 2555 3455 est
2583 3399 2878 3464 vitiorum,
2911 3402 2995 3463 ut,
3026 3398 3140 3453 nisi
3171 3396 3463 3469 praeterita
3491 3395 3665 3452 celeri

334 3489 553 3543 Totum
592 3489 858 3561 spiritum
890 3507 1063 3546 suum
1109 3491 1329 3562 profert
1371 3490 1623 3560 stultus;
1674 3492 1908 3563 sapiens
2018 3489 2358 3563 pcenitentia
2388 3488 2711 3555 deleantur,
2744 3486 2859 3543 alia
2887 3486 3093 3543 exinde
3123 3485 3402 3542 oriantur.

268 3581 466 3634 autem
496 3577 688 3632 differt
714 3583 768 3633 et
798 3584 1050 3635 reservat
1078 3578 1138 3634 in
1168 3585 1488 3652 posterum.
2091 3580 2268 3635 Tecta
2298 3577 2431 3634 odia
2460 3578 2657 3649 pejora
2687 3580 2826 3632 sunt
2856 3592 3035 3648 quam
3067 3579 3286 3647 aperta.

334 3666 540 3722 Timor
566 3665 799 3722 Domini
831 3667 1069 3740 expellit
1099 3674 1423 3741 peccatum.
2089 3668 2256 3725 Tales
2315 3667 2503 3723 simus
2550 3666 2732 3734 intus,
2786 3663 2987 3736 quales
3044 3681 3151 3721 nos
3207 3664 3349 3721 foris
3406 3662 3668 3721 ostendi-

302 3757 596 3828 .Tempus
626 3756 787 3811 omni
820 3756 901 3812 rei
932 3757 1042 3812 sub
1074 3757 1237 3814 coelo.
2024 3775 2176 3813 mus.

336 3844 534 3901 Turris
558 3845 883 3901 fortissima
898 3861 1110 3901 nomen
1138 3847 1397 3915 Domini;
1424 3848 1493 3903 ad
1519 3848 1713 3920 ipsum
1734 3847 1915 3904 currit
2093 3848 2400 3918 Tanquam
2433 3844 2685 3902 fornacis
2714 3844 2964 3900 rutilans
3011 3860 3220 3899 aurum
3251 3843 3460 3915 probat
3489 3841 3668 3914 ignis.

264 3932 480 4002 justus,
514 3937 571 3989 et
601 3933 970 3990 exaltabitur.
2093 3936 2185 3991 Sic
2214 3936 2367 3991 Deus
2394 3934 2607 3991 electos
2639 3933 2914 4006 purgabit
2942 3932 3001 3987 in
3031 3932 3167 4005 igne
3197 3930 3436 3988 doloris.

338 4022 572 4095 Triplex
602 4023 899 4079 funiculus
931 4024 1166 4081 difﬁcile
1192 4026 1502 4097 rumpitur.
2095 4027 2287 4094 Turpe
2317 4030 2406 4080 est
2434 4024 2676 4090 doctori,
2708 4039 2843 4077 cum
2875 4021 3051 4094 culpa
3080 4021 3378 4093 redarguit
3414 4020 3633 4092 ipsum.

336 4111 527 4167 Testis
556 4109 746 4167 falsus
774 4128 888 4167 non
923 4113 1031 4167 erit
1055 4112 1402 4185 impunitus.
2094 4115 2258 4169 Tunc
2286 4118 2342 4169 te
2372 4113 2678 4185 lapsuram
2710 4111 2979 4182 formida,
3015 4128 3149 4167 cum
3181 4110 3299 4166 ruit
3330 4110 3494 4165 alter.

338 4199 537 4256 Timor
556 4204 648 4256 est
670 4200 1051 4271 incharitate,
1080 4201 1181 4258 sed
1205 4202 1458 4274 perfecta
1477 4202 1731 4260 charitas
1761 4204 1918 4259 foras
2098 4205 2178 4259 Te
2207 4202 2411 4258 laesum
2442 4202 2628 4272 crede,
2662 4217 2797 4256 cum
2837 4198 3028 4255 cernis
3058 4215 3352 4270 quemque
3384 4197 3601 4254 dolere.

276 4288 454 4343 mittit
482 4288 779 4345 timorem.
2099 4291 2367 4349 Terrenis
2399 4290 2635 4346 inhians
2665 4290 2761 4345 vix
2793 4288 3122 4361 spiritualia
3154 4288 3353 4343 credit.

342 4381 532 4450 Turpe
562 4384 653 4434 est
684 4384 749 4434 ut
779 4380 879 4452 qui
911 4380 1098 4436 nescit
1135 4385 1332 4437 tenere
1362 4381 1764 4438 moderamina
1790 4382 1919 4438 vitae
2099 4383 2287 4437 Tutus
2316 4379 2425 4436 erit
2454 4395 2759 4450 nunquam
2790 4378 2890 4448 qui
2923 4377 3257 4448 suspicione
3287 4375 3531 4432 laborat.

278 4485 412 4539 suae,
438 4470 627 4540 judex
657 4470 758 4525 ﬁat
785 4470 1005 4527 alienas.
2103 4470 2437 4526 Tristantur
2466 4468 2636 4524 facile
2668 4483 2918 4538 quorum
2949 4482 3083 4537 spes
3108 4468 3295 4520 exstat
3324 4464 3383 4519 in
3415 4464 3572 4518 imis.

344 4559 533 4613 Tanto
593 4559 873 4615 subtilius
932 4560 1181 4632 quisque
1239 4562 1309 4617 de
1363 4562 1619 4618 tenebris
1674 4562 1923 4633 judicat,
1957 4578 2003 4642 D
2108 4558 2297 4615 Testis
2325 4557 2613 4613 veridicus
2645 4556 2766 4627 regi
2798 4571 2930 4610 vero
2972 4558 3170 4642 manet
3200 4558 3397 4642 aptus.

280 4654 493 4718 quanto
528 4663 664 4703 eum
696 4649 889 4704 verius
921 4648 1158 4704 claritas
1188 4648 1337 4705 lucis
1362 4649 1640 4706 illustrat.
1958 4641 1971 4642 ί
2108 4650 2450 4719 Tempestas
2481 4645 2719 4718 grandis
2746 4647 2834 4698 est
2863 4641 3189 4713 indignatio
3219 4641 3395 4712 regis.

346 4736 607 4791 Terrena
646 4738 845 4792 omnia
892 4737 1173 4794 servando
1221 4738 1597 4808 emittuntur,
1629 4738 1926 4813 largiendo
2107 4740 2291 4793 Totus
2322 4736 2540 4807 ubique
2570 4749 2837 4797 manens,
2869 4735 2991 4787 tota
3021 4734 3109 4785 est
3137 4731 3349 4785 virtute
3380 4727 3682 4786 colendus.

281 4832 609 4882 servantur.
2671 4819 2900 4876 CAPUT
2939 4819 3053 4875 XX.

349 4914 565 4987 Tergat
594 4914 799 4971 sordes
824 4916 985 4988 pravi
1017 4917 1211 4988 operis
1241 4917 1340 4988 qui
1374 4917 1490 4974 Deo
1523 4922 1809 4991 preparat
1838 4918 1935 4974 do-
2116 4912 2403 4969 Universae
2432 4911 2535 4965 viae
2574 4908 2805 4965 Domini
2838 4908 3239 4964 misericordia
3267 4912 3324 4963 et
3350 4908 3563 4964 veritas
3594 4922 3692 4962 re-

282 5018 443 5059 mum
477 5004 719 5059 mentis.
2046 5002 2416 5076 quirentibus
2445 5002 2865 5054 testamentum
2898 4999 3025 5069 ejus
3050 5002 3107 5053 et
3135 4997 3477 5053 testimonia
3502 4998 3653 5068 ejus.

353 5091 750 5149 Tolerabilius
804 5093 1009 5149 mundi
1042 5095 1198 5149 mala
1244 5094 1622 5167 suscipimus,
1656 5096 1706 5152 si
1736 5100 1939 5153 contra
2116 5091 2331 5147 Vultus
2352 5088 2586 5145 Domini
2611 5104 2788 5159 super
2810 5088 3087 5144 facientes
3111 5086 3285 5158 mala,
3310 5091 3375 5142 ut
3395 5086 3602 5158 perdat
3624 5086 3697 5140 de

280 5179 402 5237 haec
434 5182 820 5255 praescientiaa
849 5183 1048 5255 clypeo
1078 5185 1400 5238 munimur.
2049 5186 2204 5237 terra
2235 5177 2577 5234 memoriam
2616 5193 2839 5232 eorum.

350 5271 670 5326 Talentum
704 5270 761 5325 in
794 5274 948 5327 terra
978 5272 1333 5327 abscondere
1382 5276 1471 5327 est
1520 5277 1825 5345 acceptum
1856 5273 1943 5327 in-
2126 5268 2439 5323 Veritatem
2470 5264 2727 5337 requiret
2774 5266 3078 5335 Dominus,
3112 5269 3169 5320 et
3200 5265 3481 5321 retribuet
3509 5264 3694 5319 abun-

277 5360 526 5428 genium
562 5360 623 5414 in
656 5360 905 5416 terrenis
933 5361 1160 5417 actibus
1190 5360 1513 5434 implicare.
2053 5359 2260 5413 danter
2290 5356 2642 5411 facientibus
2673 5353 3033 5426 superbiam.

354 5448 613 5505 Tantum
673 5450 924 5521 quisque
981 5450 1313 5523 proximum
1370 5454 1593 5523 portat,
1651 5454 1944 5523 quantum
2126 5446 2290 5502 Vana
2319 5444 2478 5501 salus
2509 5444 2785 5499 hominis.

275 5544 468 5594 amat.
2056 5558 2059 5561 ν
2127 5535 2316 5591 Verbo
2347 5532 2578 5590 Domini
2622 5531 2750 5588 coeli
2798 5530 3013 5587 ﬁrmati
3044 5534 3203 5599 sunt,
3237 5536 3295 5588 et
3344 5531 3557 5606 spiritu
3589 5529 3708 5591 oris

349 5628 571 5691 Totum
599 5632 719 5689 Deo
748 5628 907 5689 dedit
931 5630 1033 5704 qui
1064 5630 1451 5705 semetipsum
1483 5626 1716 5690 obtulit.
2057 5628 2188 5700 ejus
2218 5623 2411 5686 omnis
2438 5623 2626 5681 virtus
2665 5636 2888 5680 eorum.
