4108 6188
444 332 561 391 335
842 340 845 345 ’
1449 329 1794 390 OTHLONI
1838 327 2194 389 MONACHI
2239 329 2302 390 S.
2352 326 2842 391 EMMERAMMI
3725 330 3839 391 336

515 464 773 520 Viriliter
798 462 970 535 agite,
993 465 1052 517 et
1083 460 1438 518 confertetur
1469 478 1568 518 cor
1594 465 1853 519 vestrum
1881 476 2085 517 omnes
2114 462 2169 529 Α
2268 460 2377 517 Ubi
2406 464 2495 517 est
2523 459 2776 516 charitas
2825 465 2879 516 et
2927 459 3179 529 dilectio,
3212 460 3292 516 ibi
3324 464 3665 519 sanctorum
3707 476 3839 519 con-

448 555 550 628 qui
581 552 828 625 speratis
858 551 916 605 in
943 551 1208 606 Domino.
2201 550 2482 623 gregatio.

518 641 636 698 Viri
665 639 1020 713 sanguinum
1067 644 1122 695 et
1160 638 1347 694 dolosi
1380 657 1496 695 non
1528 639 1922 695 dimidiabunt
1969 638 2093 694 dies
2273 638 2490 693 Ultima
2527 637 2823 695 tribulatio
2864 639 3065 696 multis
3112 638 3593 697 tribulationibus
3640 656 3848 714 praeve-

450 748 609 789 suos.
2204 728 2379 784 nitur.

521 820 622 875 Vir
650 817 960 891 linguosus
992 835 1106 874 non
1138 818 1423 891 dirigetur
1462 819 1520 873 in
1569 822 1753 888 terra;
1786 818 1976 873 virum
2006 816 2094 871 in-
2277 817 2420 873 Vera
2449 817 2722 873 discretio
2770 836 2884 874 non
2935 818 3049 875 nisi
3081 835 3217 875 vera
3262 818 3597 876 humilitate
3648 820 3853 892 acqui-

445 911 679 982 justum
713 907 870 963 mala
901 908 1133 980 capient
1162 908 1220 962 in
1253 908 1514 963 interitu.
2208 906 2374 961 ritur.

522 1003 647 1055 Vox
676 997 1081 1054 exsultationis
1130 1002 1185 1053 et
1231 998 1439 1053 salutis
1465 997 1527 1052 in
1566 996 1961 1053 tabernaculis
2000 997 2095 1066 ju-
2276 995 2481 1051 Victus
2511 1000 2687 1068 atque
2715 997 2959 1053 vestitus
2990 998 3201 1054 divitiae
3231 998 3697 1056 Christianorum
3728 1015 3858 1057 esse

453 1093 700 1147 storum.
2208 1086 2437 1140 debent.

524 1178 774 1250 Vigilate
814 1176 973 1231 omni
1003 1180 1285 1249 tempore,
1320 1180 1552 1232 orantes
1583 1179 1648 1231 ut
1677 1176 1838 1248 digni
1888 1175 2099 1231 habea-
2279 1174 2495 1247 Vigilat
2543 1175 2643 1247 qui
2701 1177 2771 1231 ad
2830 1182 3133 1249 aspectum
3180 1177 3298 1233 veri
3355 1178 3599 1234 luminis
3656 1178 3857 1236 oculos

456 1267 602 1324 mini
635 1268 833 1339 fugere
864 1282 991 1338 quae
1021 1269 1269 1321 ventura
1301 1268 1458 1321 sunt.
2212 1264 2423 1319 mentis
2455 1268 2687 1336 apertos
2718 1268 2896 1321 tenet.

525 1356 777 1429 Vigilate
807 1360 865 1411 et
893 1359 1073 1425 orate,
1110 1372 1181 1411 ne
1212 1355 1441 1411 intretis
1472 1355 1531 1409 in
1556 1354 1958 1411 tentationem.
2282 1352 2566 1410 Voluntas
2596 1354 2825 1427 integra
2853 1356 3250 1413 benefaciendi
3284 1375 3318 1414 a
3346 1360 3460 1414 Deo
3492 1359 3861 1432 reputabitur

532 1450 629 1500 Vae
661 1445 825 1500 vobis
856 1445 957 1516 qui
988 1444 1293 1500 decimatis
1337 1448 1616 1513 mentem,
1652 1448 1709 1498 et
1740 1443 2018 1499 anethum
2050 1446 2106 1497 et
2214 1458 2316 1514 pro
2348 1459 2518 1514 opere
2548 1443 2836 1500 beneficii.
3852 1498 3857 1503 .

461 1535 789 1605 cuminum,
822 1538 878 1589 et
907 1549 1033 1605 quae
1065 1534 1332 1605 graviora
1370 1537 1509 1589 sunt
1556 1532 1896 1604 reliquistis,
1928 1532 1987 1587 id
2019 1535 2108 1589 est
2286 1530 2563 1588 Voluntas
2596 1531 2693 1587 Dei
2725 1549 2872 1605 opus
2902 1534 3030 1604 ejus
3073 1539 3162 1591 est
3195 1552 3208 1591 :
3244 1536 3390 1592 dixit
3435 1536 3594 1594 enim
3624 1541 3681 1593 et
3710 1538 3864 1595 facta

461 1623 923 1681 misericordiam
954 1628 1012 1678 et
1035 1622 1351 1694 judicium.
2216 1624 2373 1675 sunt.

535 1714 908 1785 Unaquaeque
942 1712 1113 1767 arbor
1142 1728 1210 1766 ex
1241 1712 1431 1766 fructu
1464 1702 1578 1766 suo
1612 1710 1999 1784 cognoscitur.
2286 1708 2572 1765 Voluntas
2604 1709 2755 1766 bona
2786 1709 2846 1765 in
2877 1711 3088 1783 primis
3118 1717 3207 1768 est
3236 1714 3573 1771 obtinenda.

530 1803 749 1874 Vulpes
805 1802 997 1856 foveas
1053 1800 1292 1869 habent,
1325 1804 1381 1855 et
1410 1800 1675 1907 volucres
1731 1800 1859 1856 coeli
1918 1800 2107 1870 nidos,
2139 1841 2188 1907 B
2290 1797 2663 1907 Upaquzeque
2696 1799 2878 1856 virtus
2922 1804 3083 1857 tanto
3124 1801 3325 1859 'minor
3371 1808 3480 1873 est,
3513 1808 3731 1876 quanto
3762 1805 3867 1861 de-

460 1892 643 1947 Filius
674 1896 871 1946 autem
912 1888 1168 1944 hominis
1200 1906 1315 1944 non
1346 1889 1521 1945 habet
1564 1889 1664 1945 ubi
1711 1893 1885 1962 caput
1931 1905 2107 1945 suum
2139 1888 2188 1907 ⁴¹¹
2220 1891 2359 1942 sunt
2389 1893 2622 1943 caterua.

462 1979 721 2035 reclinet.
2289 1976 2443 2031 Vitia
2481 1975 2643 2048 prius
2674 1979 3050 2052 exstirpanda
3077 1986 3217 2038 sunt
3263 1981 3323 2038 in
3372 1981 3629 2054 homine,
3654 1983 3872 2040 deinde

538 2066 644 2123 Ubi
679 2071 767 2123 est
796 2066 1112 2123 thesaurus
1140 2070 1300 2133 tuus,
1333 2067 1413 2123 ibi
1440 2071 1529 2123 est
1552 2071 1608 2123 et
1636 2084 1734 2123 cor
1761 2072 1952 2123 tuum.
2219 2065 2464 2122 virtutes
2494 2065 2833 2123 inserendas.

534 2156 724 2212 Verba
752 2155 1106 2227 sapientium
1138 2156 1305 2227 quasi
1339 2156 1565 2212 stimuli
1587 2161 1644 2212 et
1673 2156 1841 2229 quasi
1872 2155 2020 2213 clavi
2050 2156 2110 2211 in
2294 2157 2670 2212 Venerandus
2702 2158 2856 2214 Deus
2905 2176 3020 2214 non
3069 2160 3260 2215 solum
3295 2178 3398 2233 pro
3439 2161 3731 2218 immensa
3777 2162 3878 2219 sui

464 2247 650 2303 altum
681 2245 871 2301 deﬁxi.
2222 2244 2497 2316 potentia,
2533 2246 2632 2301 sed
2664 2246 2839 2303 etiam
2867 2265 2971 2320 pro
3000 2248 3397 2305 inaestimabili
3430 2250 3761 2308 clementia.

533 2336 728 2432 Ῡθῐξῢει
759 2334 1131 2432 θάυιθῒφίιιω
1179 2336 1349 2407 (Ιυθεί
1398 2336 1618 2406 monia;
1650 2336 1871 2393 feriunt
1917 2338 2113 2391 autem
2292 2351 2564 2423 Virgines
2594 2357 2651 2407 et
2680 2354 2952 2410 monachi
2984 2356 3067 2411 sic
3097 2362 3425 2429 temperent
3456 2359 3777 2432 jejunium,
3817 2364 3886 2417 ut

465 2425 661 2480 intimi
702 2441 802 2479 ora
852 2426 1088 2480 ventris.

2301 2458 2457 2513 mper
2486 2442 2663 2497 fortes
2697 2443 2815 2497 sint
2842 2445 2912 2499 ad
2948 2445 3043 2500 Dei
3074 2445 3395 2502 servitium.

538 2512 687 2567 Vani
731 2517 871 2568 sunt
929 2529 1135 2568 omnes
1180 2512 1450 2569 homines
1493 2514 1552 2568 in
1597 2514 1814 2585 quibus
1858 2532 1972 2571 non
2030 2518 2119 2570 est
2298 2532 2498 2586 Virtus
2530 2548 2762 2603 semper
2789 2533 3018 2589 invidia,
3051 2541 3227 2606 patet.

475 2600 725 2699 scientia
739 2601 878 2699 Dei;
990 2688 1001 2699 .
1056 2690 1064 2699 Ι
1368 2696 1375 2699 _
1424 2691 1453 2699 Π
1528 2691 1537 2699 ι
1584 2693 1597 2699 _
1628 2693 1659 2699 ’Δ
1889 2694 1907 2699 _
1977 2694 2009 2699 γ’
2300 2619 2422 2674 Uno
2475 2600 2783 2692 pestilente
2830 2600 3142 2693 ﬂagella-to,
3177 2626 3347 2682 multi
3395 2630 3649 2699 perversi
3698 2633 3887 2687 corri-

542 2689 665 2745 Vox
695 2689 808 2744 diei
840 2688 1069 2744 Domini
1100 2706 1328 2757 amara;
1363 2691 1742 2747 tribulabitur
1771 2693 1850 2748 ibi
1882 2694 2066 2749 fortis.
2228 2688 2489 2779 piantur:

548 2779 760 2882 Vinum
791 2782 847 2833 et
877 2777 1154 2834 mulieres
1194 2784 1521 2850 apostatare
1565 2781 1785 2836 faciunt
1815 2782 1989 2838 etiam
2022 2800 2121 2838 sa-
2229 2777 2248 2779 θ
2300 2797 2585 2869 voluptas
2643 2801 2858 2872 omnis,
2903 2803 2975 2857 ad
3034 2802 3221 2859 instar
3276 2805 3498 2877 apium,
3548 2806 3648 2862 ubi
3708 2813 3888 2882 ἕω,ιᾶ

475 2868 723 2942 pientes.

2301 2886 2406 2941 ella
2437 2868 2610 2955 fudit,
2644 2868 2852 2945 morsu
2876 2892 3051 2947 corda
3081 2891 3232 2947 ferit.

543 2958 639 3012 Vae
671 2957 885 3013 civitati
917 2958 1087 3027 cujus
1139 2974 1232 3013 rex
1276 2959 1509 3028 juvenis
1540 2964 1647 3029 est,
1672 2964 1729 3014 et
1759 2960 1928 3031 cujus
1959 2961 2121 3032 prin-

476 3048 633 3119 cipes
667 3062 837 3101 mane
866 3047 1182 3101 comedunt
1207 3047 1219 3101 Ι

546 3135 652 3190 Ubi
688 3136 859 3190 fuerit
889 3134 1181 3207 superbia,
1214 3135 1294 3190 ibi
1320 3135 1430 3191 erit
1461 3140 1516 3191 et
1544 3135 1916 3191 contumelia.

546 3224 649 3277 Vir
679 3224 996 3281 iracundus
1027 3228 1299 3295 provocat
1328 3224 1509 3293 rixas;
1539 3225 1639 3296 qui
1670 3230 1862 3281 autem
1894 3226 2119 3297 patiens
2152 3212 2195 3278 C

477 3316 567 3368 est
596 3312 827 3384 mitigat
856 3313 1194 3368 suscitatus.

548 3402 638 3457 Vae
665 3400 811 3456 solii
847 3402 1008 3471 quia,
1038 3418 1171 3456 cum
1221 3402 1510 3471 ceciderit,
1544 3419 1659 3458 non
1708 3403 1884 3459 habet
1928 3405 2123 3461 suble-

2300 2991 2581 3065 Voluptas
2613 2994 2789 3051 habet
2818 3013 3071 3069 poenam,
3102 3004 3159 3055 et
3189 3001 3506 3058 necessitas
3532 3002 3685 3075 parit
3713 3019 3887 3060 coro-

2232 3098 2389 3137 nam.

2302 3171 2712 3229 Vehementior
2741 3179 2831 3230 est
2861 3176 3041 3231 animi
3068 3193 3246 3248 quam
3278 3180 3536 3252 corporis
3560 3181 3769 3238 febris.

2302 3260 2500 3317 Viator
2527 3261 2623 3318 ille
2644 3263 2861 3320 stultus
2885 3270 2975 3320 est
3004 3266 3126 3337 qui,
3148 3266 3207 3321 in
3234 3268 3437 3324 itinere
3458 3286 3683 3326 ammna
3714 3274 3893 3343 prata

2232 3350 2619 3422 conspiciens,
2649 3352 3014 3409 obliviscitur
3044 3371 3157 3427 quo
3184 3358 3482 3413 tendebat.

2304 3439 2410 3495 Ubi
2442 3457 2557 3495 non
2588 3445 2677 3497 est
2707 3440 2884 3498 timor
2911 3442 3035 3515 Dei,
3067 3443 3150 3499 ibi
3180 3461 3425 3518 regnum
3455 3448 3699 3519 peccati.

2444 3494 2453 3495 ,
2494 3494 2507 3495 ,
2550 3494 2553 3495 ν
2598 3494 2673 3497 η-
2911 3494 3035 3515 _--,
3068 3494 3150 3499 _-_
3181 3494 3425 3518 --ο-κ...
3455 3494 3699 3519 πηνα-..

477 3494 1043 3650 νδξξῃέιιῗῗᾱίωυι
1089 3580 1311 3635 bonum
1361 3580 1603 3650 malum,
1633 3586 1689 3637 et
1739 3582 1961 3638 malum
2016 3585 2122 3640 bo-
2299 3547 2544 3646 mntis
2569 3548 2830 3650 fﬂictuin
2890 3550 3126 3650 siapiens
3184 3551 3350 3624 Ponit
3390 3554 3451 3609 in
3491 3556 3889 3627 conscientia;

476 3623 658 3726 una”;
691 3623 792 3650 Tu
842 3623 1043 3634 “Nam
1089 3623 1311 3635 unum
1361 3623 1603 3650 “mum,
1634 3623 1689 3637 ν’
1740 3623 1961 3638 “mum
2019 3623 2121 3640 νυ-
2232 3635 2429 3691 minus
2459 3637 2750 3708 perfectus
2780 3638 2840 3694 in
2870 3638 3074 3712 gloria.

543 3758 651 3813 Via
680 3757 996 3830 impiorum
1026 3758 1366 3827 tenebrosa;
1393 3758 1662 3814 nesciunt
1692 3760 1792 3815 ubi
1824 3768 2117 3819 corruant.
2300 3725 2604 3832 Xictuseb
2638 3744 2870 3832 imoun
2877 3728 2913 3832 1?
2921 3729 3016 3785 bet
3044 3730 3183 3829 Ῠὴίο
3208 3731 3326 3832 im
3356 3732 3576 3832 bibitur
3600 3734 3661 3791 in
3690 3734 3833 3793 alia"

541 3846 650 3903 Via
705 3814 833 3902 vita:
891 3845 1242 3902 custodienti
1301 3845 1706 3918 disciplinam;
1762 3848 1862 3919 qui
1922 3854 2120 3907 autem
2247 3814 2474 3920 ,.Vanae
2506 3814 2703 3920 gl‘ome
2732 3823 2986 3920 sed???
3027 3836 3224 3920 e‘fl‘f“
3261 3838 3503 3920 fmmma
3549 3839 3659 3880 sua
3706 3833 3892 3882 νθῐιῑο

472 3937 900 4009 increpationes
926 3935 1206 4008 relinquit
1237 3940 1409 3991 errat.
1450 3903 1470 3918 ⁸
1694 3903 1706 3915 ¹
1776 3903 1797 3919 Δ
2010 3903 2120 3949 in"
2230 3903 3371 4009 d‘EPcf‘ge“dafommittitfséim‘mﬂ-

540 3991 745 4080 Vinum
778 4024 1024 4080 stultum
1056 3991 1333 4080 interficit
1370 4025 1691 4090 iracundia,
1725 4030 1783 4082 et
1810 4028 2119 4100 parvulum
2231 4082 2243 4100 ,
2298 3991 2514 4100 Y9]???
2564 3994 2812 4100 ac“???
2860 3997 3173 4055 sanitatem
3204 3999 3429 4057 nullius
3456 4003 3739 4077 despiciat
3792 4005 3893 4062 vel

471 4113 683 4170 occidit
713 4114 951 4169 invidia.
1757 4170 1767 4176 ,

2301 4082 2466 4139 ~ideat
2496 4083 2923 4141 infirmitatem.

541 4203 673 4258 Vita
714 4203 979 4259 carnium
1038 4204 1262 4259 sanitas
1316 4203 1536 4273 cordis;
1590 4171 1836 4277 putredo
1894 4208 2118 4264 ossium
2296 4171 2467 4227 Vitiis
2501 4173 2680 4228 dediti
2712 4190 2827 4230 non
2859 4182 3109 4247 possunt
3136 4178 3458 4238 virtutibus
3486 4182 3681 4239 ditari.

467 4292 711 4349 invidia.
2296 4278 2549 4335 Vitanda
2580 4285 2667 4336 est
2695 4283 2989 4355 superbia,
3013 4301 3140 4356 quae
3173 4291 3231 4342 et
3259 4287 3497 4361 angelos
3540 4289 3795 4363 decepit,
3827 4296 3893 4349 et

539 4381 693 4439 Vasa
723 4382 887 4454 figuli
916 4382 1122 4454 prohat
1142 4383 1364 4451 fornax,
1388 4387 1444 4438 et
1472 4382 1742 4441 homines
1766 4386 1962 4457 justos
1990 4391 2116 4444 ten-
2228 4384 2433 4424 omnes
2463 4370 2709 4426 νίνίυῒθδ
2740 4371 3008 4428 destruu-

463 4473 606 4529 tatio
637 4472 1055 4529 tribulationis,
2298 4457 2459 4545 Unde
2490 4459 2681 4515 bonus
2714 4462 2965 4533 proﬁcit,
2998 4462 3134 4519 inde
3163 4464 3397 4523 invidus
3427 4468 3695 4526 tabescit.

533 4563 789 4619 verbum
821 4562 1041 4618 bonum
1072 4578 1252 4634 super
1280 4561 1482 4618 datum
1517 4564 1827 4636 optimum.
2147 4583 2193 4650 Β
2296 4546 2476 4650 V‘alde
2507 4549 2813 4650 imperitus
2838 4555 2927 4607 est
2955 4553 3240 4650 medicus,
3261 4556 3359 4627 qui
3381 4554 3546 4614 nulla
3576 4559 3691 4616 nisi
3718 4559 3896 4620 lenia

532 4654 789 4708 Verbum
821 4651 989 4707 dulce
1021 4650 1378 4723 multiplicat
1408 4650 1628 4708 amicas
1657 4658 1714 4708 et
1743 4652 1972 4724 mitigat
2002 4655 2112 4709 ini-
2147 4636 2190 4650 ὐ
2225 4636 2652 4694 medicamenta
2680 4640 2820 4695 dare
2850 4641 3030 4697 novit.

460 4742 666 4799 mices.
2294 4726 2366 4780 Ut
2393 4726 2597 4783 volunt
2625 4745 2810 4800 reges,
2842 4730 2923 4786 ita
2952 4731 3145 4788 valent
3174 4733 3351 4807 leges.

531 4830 694 4885 Unus
725 4830 1026 4897 Dominus,
1060 4848 1178 4886 una
1208 4832 1372 4903 ﬁdes,
1398 4848 1582 4887 unum
1613 4831 1927 4904 baptisma,
1955 4850 2110 4890 unus

2301 4814 2399 4869 Vix
2430 4817 2741 4890 quisquam
2773 4819 2832 4874 in
2864 4820 3083 4876 bonum
3115 4824 3349 4892 transit,
3384 4826 3498 4883 nisi
3528 4842 3594 4883 ex
3624 4827 3807 4886 malo.

459 4918 615 4973 Deus
644 4922 701 4972 et
733 4918 902 4973 Pater
930 4919 1219 4988 omnium,
2293 4921 2454 4979 Ultra
2484 4925 2723 4981 modum
2756 4928 2894 4982 sunt
2923 4927 3157 4985 delicati
3183 4930 3283 5002 qui
3314 4930 3478 4988 nulla
3505 4933 3754 4993 adversa
3782 4952 3895 4995 vo-

532 5004 858 5078 Unicuique
889 5006 1061 5061 datur
1105 5007 1502 5064 manifestatio
1531 5010 1775 5081 spiritus
1824 5011 1895 5066 ad
1944 5010 2105 5067 utili-
2219 5011 2348 5067 lunt
2379 5014 2517 5084 pati.

456 5099 655 5152 tatem.
2288 5101 2707 5159 Verecundiam
2740 5105 3023 5178 abjiciens
3056 5108 3233 5165 simul
3264 5126 3468 5168 omnes
3498 5112 3747 5171 virtutes
3776 5115 3898 5173 ab-

525 5184 943 5259 Unusquisque
991 5184 1288 5257 propriam
1343 5187 1669 5242 mercedem
1716 5190 1960 5262 accipiet
2007 5206 2103 5248 se-
2212 5191 2356 5261 jicit.

456 5277 714 5332 cundum
747 5292 923 5333 suum
954 5275 1233 5331 laborem.
2284 5282 2519 5338 Vacuus
2538 5299 2727 5341 sermo
2749 5290 2806 5342 et
2824 5303 2970 5343 vana
2992 5288 3265 5362 cogitatio
3284 5286 3533 5349 multam
3553 5291 3897 5353 destruunt

524 5365 627 5421 Vir
654 5366 712 5421 in
744 5364 1083 5421 inﬁrmitate
1116 5363 1436 5437 perficitur.
2217 5371 2493 5443 quietem.

524 5452 631 5508 Ubi
664 5454 918 5526 Spiritus
948 5454 1202 5523 Domini,
1238 5454 1318 5510 ibi
1350 5454 1608 5511 libertas.
2283 5461 2518 5517 Variam
2547 5464 2689 5519 dant
2717 5465 2834 5520 otia
2865 5472 3143 5524 mentem.

520 5544 626 5601 Vir
648 5543 863 5623 duplex
885 5545 1080 5601 animo
1112 5545 1454 5603 inconstans
1476 5550 1565 5602 est
1592 5545 1651 5601 in
1683 5549 1960 5606 omnibus
1990 5547 2099 5609 viis
2282 5549 2379 5606 Vae
2408 5552 2507 5623 qui
2540 5560 2904 5625 praesumunt
2933 5573 2993 5612 se
3024 5559 3256 5617 credere
3285 5560 3371 5617 sic
3401 5561 3722 5636 sapientes.

449 5634 594 5694 suis.
2280 5639 2354 5697 Ut
2384 5656 2499 5698 non
2531 5642 2830 5719 indigeant
2856 5646 3094 5711 monitis
3126 5641 3264 5706 ullis
3294 5634 3592 5711 aliorum!
