  <div class='ocr_page' id='page_1' title='image "/cluster/home/n/w/nwhite01/storage/ocr_20150623/146/hvd.32044054760053/174.png"; bbox 0 0 4108 6188; ppageno 0'>
   <div class='ocr_carea' id='block_1_1' title="bbox 302 348 412 413">
    <p class='ocr_par' dir='ltr' id='par_1_1' title="bbox 302 348 412 413">
     <span class='ocr_line' id='line_1_1' title="bbox 302 348 412 413; baseline -0.027 -1"><span class='ocrx_word' id='word_1_1' title='bbox 302 348 412 413; x_wconf 77' lang='grc'>33⁸1</span> 
     </span>
    </p>
   </div>
   <div class='ocr_carea' id='block_1_2' title="bbox 359 480 1752 569">
    <p class='ocr_par' dir='ltr' id='par_1_2' title="bbox 359 480 1752 569">
     <span class='ocr_line' id='line_1_2' title="bbox 359 480 1752 569; baseline 0.008 -27"><span class='ocrx_word' id='word_1_2' title='bbox 359 480 630 556; x_wconf 77' lang='lat' dir='ltr'><strong>Undique</strong></span> <span class='ocrx_word' id='word_1_3' title='bbox 655 483 945 544; x_wconf 81' lang='lat' dir='ltr'>falluntur</span> <span class='ocrx_word' id='word_1_4' title='bbox 969 488 1069 561; x_wconf 87' lang='lat' dir='ltr'>qui</span> <span class='ocrx_word' id='word_1_5' title='bbox 1097 507 1274 548; x_wconf 76' lang='lat' dir='ltr'>sacras</span> <span class='ocrx_word' id='word_1_6' title='bbox 1304 493 1580 566; x_wconf 80' lang='lat' dir='ltr'>dogmata</span> <span class='ocrx_word' id='word_1_7' title='bbox 1606 496 1752 569; x_wconf 84' lang='lat' dir='ltr'>legis</span> 
     </span>
    </p>
   </div>
   <div class='ocr_carea' id='block_1_3' title="bbox 365 572 1681 655">
    <p class='ocr_par' dir='ltr' id='par_1_3' title="bbox 365 572 1681 655">
     <span class='ocr_line' id='line_1_3' title="bbox 365 572 1681 655; baseline 0.008 -26"><span class='ocrx_word' id='word_1_8' title='bbox 365 572 544 630; x_wconf 87' lang='lat' dir='ltr'>Sensu</span> <span class='ocrx_word' id='word_1_9' title='bbox 579 574 800 632; x_wconf 78' lang='lat' dir='ltr'>carnali</span> <span class='ocrx_word' id='word_1_10' title='bbox 825 593 891 632; x_wconf 86' lang='lat' dir='ltr'>se</span> <span class='ocrx_word' id='word_1_11' title='bbox 919 594 1090 648; x_wconf 82' lang='lat' dir='ltr'>posse</span> <span class='ocrx_word' id='word_1_12' title='bbox 1106 585 1336 652; x_wconf 56' lang='lat' dir='ltr'>putant.</span> <span class='ocrx_word' id='word_1_13' title='bbox 1356 589 1681 655; x_wconf 88' lang='lat' dir='ltr'>penetrare.</span> 
     </span>
    </p>
   </div>
   <div class='ocr_carea' id='block_1_4' title="bbox 363 661 1803 741">
    <p class='ocr_par' dir='ltr' id='par_1_4' title="bbox 363 661 1803 741">
     <span class='ocr_line' id='line_1_4' title="bbox 363 661 1803 741; baseline 0.009 -22"><span class='ocrx_word' id='word_1_14' title='bbox 363 661 544 719; x_wconf 85' lang='lat' dir='ltr'>Vilius</span> <span class='ocrx_word' id='word_1_15' title='bbox 573 670 883 737; x_wconf 77' lang='lat' dir='ltr'>argentum</span> <span class='ocrx_word' id='word_1_16' title='bbox 914 672 1004 723; x_wconf 86' lang='lat' dir='ltr'>est</span> <span class='ocrx_word' id='word_1_17' title='bbox 1033 685 1194 741; x_wconf 87' lang='lat' dir='ltr'>auro,</span> <span class='ocrx_word' id='word_1_18' title='bbox 1226 671 1544 729; x_wconf 86' lang='lat' dir='ltr'>virtutibus</span> <span class='ocrx_word' id='word_1_19' title='bbox 1571 692 1803 731; x_wconf 90' lang='lat' dir='ltr'>aurum.</span> 
     </span>
    </p>
   </div>
   <div class='ocr_carea' id='block_1_5' title="bbox 361 751 1572 834">
    <p class='ocr_par' dir='ltr' id='par_1_5' title="bbox 361 751 1572 834">
     <span class='ocr_line' id='line_1_5' title="bbox 361 751 1572 834; baseline 0.012 -29"><span class='ocrx_word' id='word_1_20' title='bbox 361 751 567 809; x_wconf 82' lang='lat' dir='ltr'>Vivere</span> <span class='ocrx_word' id='word_1_21' title='bbox 597 753 648 809; x_wconf 90' lang='lat' dir='ltr'>si</span> <span class='ocrx_word' id='word_1_22' title='bbox 677 759 835 812; x_wconf 87' lang='lat' dir='ltr'>recte</span> <span class='ocrx_word' id='word_1_23' title='bbox 865 758 1078 826; x_wconf 84' lang='lat' dir='ltr'>nescis,</span> <span class='ocrx_word' id='word_1_24' title='bbox 1107 760 1318 817; x_wconf 90' lang='lat' dir='ltr'>decede</span> <span class='ocrx_word' id='word_1_25' title='bbox 1348 763 1572 834; x_wconf 91' lang='lat' dir='ltr'>peritis.</span> 
     </span>
    </p>
   </div>
   <div class='ocr_carea' id='block_1_6' title="bbox 359 841 1847 925">
    <p class='ocr_par' dir='ltr' id='par_1_6' title="bbox 359 841 1847 925">
     <span class='ocr_line' id='line_1_6' title="bbox 359 841 1847 925; baseline 0.007 -29"><span class='ocrx_word' id='word_1_26' title='bbox 359 841 597 898; x_wconf 88' lang='lat' dir='ltr'>Utilitas</span> <span class='ocrx_word' id='word_1_27' title='bbox 629 846 871 916; x_wconf 78' lang='lat' dir='ltr'>grandis</span> <span class='ocrx_word' id='word_1_28' title='bbox 902 846 1045 904; x_wconf 85' lang='lat' dir='ltr'>latet</span> <span class='ocrx_word' id='word_1_29' title='bbox 1073 848 1131 904; x_wconf 89' lang='lat' dir='ltr'>in</span> <span class='ocrx_word' id='word_1_30' title='bbox 1164 851 1339 907; x_wconf 83' lang='lat' dir='ltr'>rebus</span> <span class='ocrx_word' id='word_1_31' title='bbox 1369 869 1602 924; x_wconf 90' lang='lat' dir='ltr'>quoque</span> <span class='ocrx_word' id='word_1_32' title='bbox 1631 853 1847 925; x_wconf 82' lang='lat' dir='ltr'>parvis.</span> 
     </span>
    </p>
   </div>
   <div class='ocr_carea' id='block_1_7' title="bbox 359 930 1841 1015">
    <p class='ocr_par' dir='ltr' id='par_1_7' title="bbox 359 930 1841 1015">
     <span class='ocr_line' id='line_1_7' title="bbox 359 930 1841 1015; baseline 0.009 -29"><span class='ocrx_word' id='word_1_33' title='bbox 359 930 647 988; x_wconf 79' lang='lat' dir='ltr'>Utilitatis</span> <span class='ocrx_word' id='word_1_34' title='bbox 676 951 842 990; x_wconf 88' lang='lat' dir='ltr'>amor</span> <span class='ocrx_word' id='word_1_35' title='bbox 871 936 985 992; x_wconf 87' lang='lat' dir='ltr'>cito</span> <span class='ocrx_word' id='word_1_36' title='bbox 1017 939 1225 995; x_wconf 79' lang='lat' dir='ltr'>suadet</span> <span class='ocrx_word' id='word_1_37' title='bbox 1253 941 1391 1012; x_wconf 90' lang='lat' dir='ltr'>quid</span> <span class='ocrx_word' id='word_1_38' title='bbox 1424 943 1500 997; x_wconf 85' lang='lat' dir='ltr'>sit</span> <span class='ocrx_word' id='word_1_39' title='bbox 1529 943 1841 1015; x_wconf 88' lang='lat' dir='ltr'>agendum.</span> 
     </span>
    </p>
   </div>
   <div class='ocr_carea' id='block_1_8' title="bbox 355 1021 1604 1094">
    <p class='ocr_par' dir='ltr' id='par_1_8' title="bbox 355 1021 1604 1094">
     <span class='ocr_line' id='line_1_8' title="bbox 355 1021 1604 1094; baseline 0.011 -20"><span class='ocrx_word' id='word_1_40' title='bbox 355 1021 565 1078; x_wconf 75' lang='lat' dir='ltr'>Vestes</span> <span class='ocrx_word' id='word_1_41' title='bbox 595 1024 884 1094; x_wconf 63' lang='lat' dir='ltr'>praeclarae</span> <span class='ocrx_word' id='word_1_42' title='bbox 916 1043 1015 1083; x_wconf 87' lang='lat' dir='ltr'>cor</span> <span class='ocrx_word' id='word_1_43' title='bbox 1042 1029 1306 1086; x_wconf 82' lang='lat' dir='ltr'>efﬁciunt</span> <span class='ocrx_word' id='word_1_44' title='bbox 1334 1031 1604 1088; x_wconf 82' lang='lat' dir='ltr'>animale.</span> 
     </span>
    </p>
   </div>
   <div class='ocr_carea' id='block_1_9' title="bbox 352 1109 1932 1195">
    <p class='ocr_par' dir='ltr' id='par_1_9' title="bbox 352 1109 1932 1195">
     <span class='ocr_line' id='line_1_9' title="bbox 352 1109 1932 1195; baseline 0.009 -31"><span class='ocrx_word' id='word_1_45' title='bbox 352 1109 538 1166; x_wconf 74' lang='lat' dir='ltr'>Valde</span> <span class='ocrx_word' id='word_1_46' title='bbox 558 1115 915 1184; x_wconf 82' lang='lat' dir='ltr'>premendus</span> <span class='ocrx_word' id='word_1_47' title='bbox 943 1116 1052 1172; x_wconf 91' lang='lat' dir='ltr'>erit</span> <span class='ocrx_word' id='word_1_48' title='bbox 1071 1117 1172 1189; x_wconf 87' lang='lat' dir='ltr'>qui</span> <span class='ocrx_word' id='word_1_49' title='bbox 1205 1135 1359 1174; x_wconf 89' lang='lat' dir='ltr'>nunc</span> <span class='ocrx_word' id='word_1_50' title='bbox 1392 1121 1630 1177; x_wconf 88' lang='lat' dir='ltr'>omnino</span> <span class='ocrx_word' id='word_1_51' title='bbox 1649 1122 1932 1195; x_wconf 82' lang='lat' dir='ltr'>superbit.</span> 
     </span>
    </p>
   </div>
   <div class='ocr_carea' id='block_1_10' title="bbox 350 1199 1668 1278">
    <p class='ocr_par' dir='ltr' id='par_1_10' title="bbox 350 1199 1668 1278">
     <span class='ocr_line' id='line_1_10' title="bbox 350 1199 1668 1278; baseline 0.01 -24"><span class='ocrx_word' id='word_1_52' title='bbox 350 1199 462 1255; x_wconf 80' lang='lat' dir='ltr'>Vix</span> <span class='ocrx_word' id='word_1_53' title='bbox 487 1203 839 1260; x_wconf 86' lang='lat' dir='ltr'>emendatur</span> <span class='ocrx_word' id='word_1_54' title='bbox 867 1205 966 1277; x_wconf 89' lang='lat' dir='ltr'>qui</span> <span class='ocrx_word' id='word_1_55' title='bbox 997 1223 1174 1278; x_wconf 88' lang='lat' dir='ltr'>prava</span> <span class='ocrx_word' id='word_1_56' title='bbox 1203 1208 1304 1265; x_wconf 90' lang='lat' dir='ltr'>diu</span> <span class='ocrx_word' id='word_1_57' title='bbox 1336 1210 1668 1267; x_wconf 88' lang='lat' dir='ltr'>comitatur.</span> 
     </span>
    </p>
   </div>
   <div class='ocr_carea' id='block_1_11' title="bbox 1311 359 2683 431">
    <p class='ocr_par' dir='ltr' id='par_1_11' title="bbox 1311 359 2683 431">
     <span class='ocr_line' id='line_1_11' title="bbox 1311 359 2683 431; baseline 0.007 -11"><span class='ocrx_word' id='word_1_58' title='bbox 1311 359 1576 423; x_wconf 77' lang='lat' dir='ltr'>SER-M0</span> <span class='ocrx_word' id='word_1_59' title='bbox 1622 362 1698 424; x_wconf 83' lang='lat' dir='ltr'><strong>IN</strong></span> <span class='ocrx_word' id='word_1_60' title='bbox 1746 365 2030 426; x_wconf 73' lang='lat' dir='ltr'>NA&#39;I‘AIJ</span> <span class='ocrx_word' id='word_1_61' title='bbox 2076 367 2683 431; x_wconf 77' lang='lat' dir='ltr'>APOSTOLORUM.</span> 
     </span>
    </p>
   </div>
   <div class='ocr_carea' id='block_1_12' title="bbox 3583 372 3702 432">
    <p class='ocr_par' dir='ltr' id='par_1_12' title="bbox 3583 372 3702 432">
     <span class='ocr_line' id='line_1_12' title="bbox 3583 372 3702 432; baseline 0 -1"><span class='ocrx_word' id='word_1_62' title='bbox 3583 372 3702 432; x_wconf 83' lang='lat'>338</span> 
     </span>
    </p>
   </div>
   <div class='ocr_carea' id='block_1_13' title="bbox 1966 499 3418 576">
    <p class='ocr_par' dir='ltr' id='par_1_13' title="bbox 1966 499 3418 576">
     <span class='ocr_line' id='line_1_13' title="bbox 1966 499 3418 576; baseline 0.004 -22"><span class='ocrx_word' id='word_1_63' title='bbox 1966 504 2019 570; x_wconf 74' lang='grc' dir='ltr'><strong>Α</strong></span> <span class='ocrx_word' id='word_1_64' title='bbox 2119 499 2384 557; x_wconf 88' lang='lat' dir='ltr'>Virtutes</span> <span class='ocrx_word' id='word_1_65' title='bbox 2413 502 2583 557; x_wconf 78' lang='lat' dir='ltr'>variae</span> <span class='ocrx_word' id='word_1_66' title='bbox 2615 503 2830 574; x_wconf 88' lang='lat' dir='ltr'>pariter</span> <span class='ocrx_word' id='word_1_67' title='bbox 2859 508 3106 576; x_wconf 88' lang='lat' dir='ltr'>possunt</span> <span class='ocrx_word' id='word_1_68' title='bbox 3135 504 3418 562; x_wconf 83' lang='lat' dir='ltr'>habitare.</span> 
     </span>
    </p>
   </div>
   <div class='ocr_carea' id='block_1_14' title="bbox 2120 589 3586 666">
    <p class='ocr_par' dir='ltr' id='par_1_14' title="bbox 2120 589 3586 666">
     <span class='ocr_line' id='line_1_14' title="bbox 2120 589 3586 666; baseline 0.005 -23"><span class='ocrx_word' id='word_1_69' title='bbox 2120 589 2320 646; x_wconf 88' lang='lat' dir='ltr'>Virtus</span> <span class='ocrx_word' id='word_1_70' title='bbox 2351 595 2441 646; x_wconf 92' lang='lat' dir='ltr'>est</span> <span class='ocrx_word' id='word_1_71' title='bbox 2468 592 2709 663; x_wconf 84' lang='lat' dir='ltr'>grandis</span> <span class='ocrx_word' id='word_1_72' title='bbox 2737 593 3076 650; x_wconf 89' lang='lat' dir='ltr'>benedicere</span> <span class='ocrx_word' id='word_1_73' title='bbox 3105 612 3208 666; x_wconf 91' lang='lat' dir='ltr'>pro</span> <span class='ocrx_word' id='word_1_74' title='bbox 3239 594 3586 652; x_wconf 81' lang='lat' dir='ltr'>maledictis.</span> 
     </span>
    </p>
   </div>
   <div class='ocr_carea' id='block_1_15' title="bbox 2122 678 3695 756">
    <p class='ocr_par' dir='ltr' id='par_1_15' title="bbox 2122 678 3695 756">
     <span class='ocr_line' id='line_1_15' title="bbox 2122 678 3695 756; baseline 0.006 -23"><span class='ocrx_word' id='word_1_75' title='bbox 2122 678 2194 734; x_wconf 89' lang='lat' dir='ltr'>Ut</span> <span class='ocrx_word' id='word_1_76' title='bbox 2223 679 2372 750; x_wconf 87' lang='lat' dir='ltr'>lapis</span> <span class='ocrx_word' id='word_1_77' title='bbox 2401 680 2592 736; x_wconf 90' lang='lat' dir='ltr'>omnis</span> <span class='ocrx_word' id='word_1_78' title='bbox 2623 681 2819 748; x_wconf 82' lang='lat' dir='ltr'>homo,</span> <span class='ocrx_word' id='word_1_79' title='bbox 2844 682 2957 737; x_wconf 90' lang='lat' dir='ltr'>nisi</span> <span class='ocrx_word' id='word_1_80' title='bbox 2989 683 3183 738; x_wconf 90' lang='lat' dir='ltr'>mollis</span> <span class='ocrx_word' id='word_1_81' title='bbox 3214 688 3421 756; x_wconf 86' lang='lat' dir='ltr'>agatur</span> <span class='ocrx_word' id='word_1_82' title='bbox 3441 685 3512 741; x_wconf 88' lang='lat' dir='ltr'>ab</span> <span class='ocrx_word' id='word_1_83' title='bbox 3544 684 3695 742; x_wconf 86' lang='lat' dir='ltr'>Alto.</span> 
     </span>
    </p>
   </div>
   <div class='ocr_carea' id='block_1_16' title="bbox 2119 767 3693 842">
    <p class='ocr_par' dir='ltr' id='par_1_16' title="bbox 2119 767 3693 842">
     <span class='ocr_line' id='line_1_16' title="bbox 2119 767 3693 842; baseline 0.005 -20"><span class='ocrx_word' id='word_1_84' title='bbox 2119 767 2220 823; x_wconf 89' lang='lat' dir='ltr'>Vir</span> <span class='ocrx_word' id='word_1_85' title='bbox 2246 770 2434 841; x_wconf 90' lang='lat' dir='ltr'>magis</span> <span class='ocrx_word' id='word_1_86' title='bbox 2463 785 2530 825; x_wconf 86' lang='lat' dir='ltr'>ex</span> <span class='ocrx_word' id='word_1_87' title='bbox 2562 769 2742 825; x_wconf 90' lang='lat' dir='ltr'>animi</span> <span class='ocrx_word' id='word_1_88' title='bbox 2777 788 2953 842; x_wconf 88' lang='lat' dir='ltr'>quam</span> <span class='ocrx_word' id='word_1_89' title='bbox 2984 772 3178 828; x_wconf 90' lang='lat' dir='ltr'>carnis</span> <span class='ocrx_word' id='word_1_90' title='bbox 3208 774 3413 829; x_wconf 89' lang='lat' dir='ltr'>robore</span> <span class='ocrx_word' id='word_1_91' title='bbox 3443 778 3693 832; x_wconf 85' lang='lat' dir='ltr'>constat.</span> 
     </span>
    </p>
   </div>
   <div class='ocr_carea' id='block_1_17' title="bbox 2116 856 3392 929">
    <p class='ocr_par' dir='ltr' id='par_1_17' title="bbox 2116 856 3392 929">
     <span class='ocr_line' id='line_1_17' title="bbox 2116 856 3392 929; baseline 0.005 -19"><span class='ocrx_word' id='word_1_92' title='bbox 2116 856 2220 912; x_wconf 90' lang='lat' dir='ltr'>Vis</span> <span class='ocrx_word' id='word_1_93' title='bbox 2250 857 2458 929; x_wconf 88' lang='lat' dir='ltr'>ingens</span> <span class='ocrx_word' id='word_1_94' title='bbox 2490 858 2671 914; x_wconf 89' lang='lat' dir='ltr'>animi</span> <span class='ocrx_word' id='word_1_95' title='bbox 2705 859 2926 915; x_wconf 90' lang='lat' dir='ltr'>nullius</span> <span class='ocrx_word' id='word_1_96' title='bbox 2955 860 3127 916; x_wconf 89' lang='lat' dir='ltr'>laude</span> <span class='ocrx_word' id='word_1_97' title='bbox 3153 863 3392 918; x_wconf 87' lang='lat' dir='ltr'>moveri.</span> 
     </span>
    </p>
   </div>
   <div class='ocr_carea' id='block_1_18' title="bbox 2115 945 3451 1021">
    <p class='ocr_par' dir='ltr' id='par_1_18' title="bbox 2115 945 3451 1021">
     <span class='ocr_line' id='line_1_18' title="bbox 2115 945 3451 1021; baseline 0.004 -22"><span class='ocrx_word' id='word_1_98' title='bbox 2115 945 2265 1001; x_wconf 87' lang='lat' dir='ltr'>Vilia</span> <span class='ocrx_word' id='word_1_99' title='bbox 2291 964 2467 1018; x_wconf 87' lang='lat' dir='ltr'>quam</span> <span class='ocrx_word' id='word_1_100' title='bbox 2501 947 2671 1019; x_wconf 91' lang='lat' dir='ltr'>plura</span> <span class='ocrx_word' id='word_1_101' title='bbox 2700 953 2839 1004; x_wconf 90' lang='lat' dir='ltr'>sunt</span> <span class='ocrx_word' id='word_1_102' title='bbox 2870 949 3146 1021; x_wconf 85' lang='lat' dir='ltr'>mysterio</span> <span class='ocrx_word' id='word_1_103' title='bbox 3179 951 3451 1020; x_wconf 90' lang='lat' dir='ltr'>pretiosa.</span> 
     </span>
    </p>
   </div>
   <div class='ocr_carea' id='block_1_19' title="bbox 2115 1036 3478 1112">
    <p class='ocr_par' dir='ltr' id='par_1_19' title="bbox 2115 1036 3478 1112">
     <span class='ocr_line' id='line_1_19' title="bbox 2115 1036 3478 1112; baseline 0.003 -22"><span class='ocrx_word' id='word_1_104' title='bbox 2115 1036 2331 1092; x_wconf 87' lang='lat' dir='ltr'>Vivens</span> <span class='ocrx_word' id='word_1_105' title='bbox 2361 1037 2418 1092; x_wconf 92' lang='lat' dir='ltr'>in</span> <span class='ocrx_word' id='word_1_106' title='bbox 2447 1037 2674 1093; x_wconf 89' lang='lat' dir='ltr'>Christo</span> <span class='ocrx_word' id='word_1_107' title='bbox 2705 1042 2822 1093; x_wconf 87' lang='lat' dir='ltr'>stat</span> <span class='ocrx_word' id='word_1_108' title='bbox 2853 1038 3210 1094; x_wconf 85' lang='lat' dir='ltr'>conﬁdenter</span> <span class='ocrx_word' id='word_1_109' title='bbox 3237 1039 3297 1094; x_wconf 88' lang='lat' dir='ltr'>in</span> <span class='ocrx_word' id='word_1_110' title='bbox 3329 1040 3478 1112; x_wconf 90' lang='lat' dir='ltr'>ipso.</span> 
     </span>
    </p>
   </div>
   <div class='ocr_carea' id='block_1_20' title="bbox 2116 1125 3592 1201">
    <p class='ocr_par' dir='ltr' id='par_1_20' title="bbox 2116 1125 3592 1201">
     <span class='ocr_line' id='line_1_20' title="bbox 2116 1125 3592 1201; baseline 0.001 -19"><span class='ocrx_word' id='word_1_111' title='bbox 2116 1125 2213 1182; x_wconf 89' lang='lat' dir='ltr'>Vir</span> <span class='ocrx_word' id='word_1_112' title='bbox 2242 1126 2539 1198; x_wconf 83' lang='lat' dir='ltr'>sapienter</span> <span class='ocrx_word' id='word_1_113' title='bbox 2569 1143 2748 1200; x_wconf 88' lang='lat' dir='ltr'>agens</span> <span class='ocrx_word' id='word_1_114' title='bbox 2777 1126 2910 1183; x_wconf 86' lang='lat' dir='ltr'>aliis</span> <span class='ocrx_word' id='word_1_115' title='bbox 2939 1131 3029 1184; x_wconf 89' lang='lat' dir='ltr'>est</span> <span class='ocrx_word' id='word_1_116' title='bbox 3054 1127 3140 1184; x_wconf 89' lang='lat' dir='ltr'>sol</span> <span class='ocrx_word' id='word_1_117' title='bbox 3173 1128 3342 1201; x_wconf 86' lang='lat' dir='ltr'>quasi</span> <span class='ocrx_word' id='word_1_118' title='bbox 3367 1128 3592 1186; x_wconf 90' lang='lat' dir='ltr'>lucens.</span> 
     </span>
    </p>
   </div>
   <div class='ocr_carea' id='block_1_21' title="bbox 278 1391 3048 1428">
    <p class='ocr_par' dir='ltr' id='par_1_21' title="bbox 278 1391 3048 1428">
     <span class='ocr_line' id='line_1_21' title="bbox 278 1391 3048 1428; baseline 0.004 -18"><span class='ocrx_word' id='word_1_119' title='bbox 278 1391 3048 1428; x_wconf 55' lang='lat' dir='ltr'>mmm</span> 
     </span>
    </p>
   </div>
   <div class='ocr_carea' id='block_1_22' title="bbox 1163 1572 2808 1683">
    <p class='ocr_par' dir='ltr' id='par_1_22' title="bbox 1163 1572 2808 1683">
     <span class='ocr_line' id='line_1_22' title="bbox 1163 1572 2808 1683; baseline 0.004 -10"><span class='ocrx_word' id='word_1_120' title='bbox 1163 1572 1952 1679; x_wconf 63' lang='lat' dir='ltr'>EIUSDEM</span> <span class='ocrx_word' id='word_1_121' title='bbox 2035 1576 2808 1683; x_wconf 69' lang='lat' dir='ltr'>OTnl-ONI</span> 
     </span>
    </p>
   </div>
   <div class='ocr_carea' id='block_1_23' title="bbox 902 1811 3048 1936">
    <p class='ocr_par' dir='ltr' id='par_1_23' title="bbox 902 1811 3048 1936">
     <span class='ocr_line' id='line_1_23' title="bbox 902 1811 3048 1936; baseline 0.005 -11"><span class='ocrx_word' id='word_1_122' title='bbox 902 1811 1306 1928; x_wconf 82' lang='lat' dir='ltr'><strong>SERMO</strong></span> <span class='ocrx_word' id='word_1_123' title='bbox 1386 1816 1513 1930; x_wconf 94' lang='lat' dir='ltr'><strong>IN</strong></span> <span class='ocrx_word' id='word_1_124' title='bbox 1591 1816 2046 1931; x_wconf 84' lang='lat' dir='ltr'><strong>NATALI</strong></span> <span class='ocrx_word' id='word_1_125' title='bbox 2121 1817 3048 1936; x_wconf 80' lang='lat' dir='ltr'>APOSTOLORUM.</span> 
     </span>
    </p>
   </div>
   <div class='ocr_carea' id='block_1_24' title="bbox 488 2015 3464 2107">
    <p class='ocr_par' dir='ltr' id='par_1_24' title="bbox 488 2015 3464 2107">
     <span class='ocr_line' id='line_1_24' title="bbox 488 2015 3464 2107; baseline 0.006 -32"><span class='ocrx_word' id='word_1_126' title='bbox 488 2015 724 2079; x_wconf 79' lang='lat' dir='ltr'>Emtus</span> <span class='ocrx_word' id='word_1_127' title='bbox 751 2037 828 2080; x_wconf 72' lang='lat' dir='ltr'>ea:</span> <span class='ocrx_word' id='word_1_128' title='bbox 855 2019 982 2082; x_wconf 83' lang='lat' dir='ltr'>cod.</span> <span class='ocrx_word' id='word_1_129' title='bbox 1015 2023 1388 2107; x_wconf 54' lang='lat' dir='ltr'>autograpiio</span> <span class='ocrx_word' id='word_1_130' title='bbox 1418 2024 1640 2107; x_wconf 65' lang='lat' dir='ltr'>mclyti</span> <span class='ocrx_word' id='word_1_131' title='bbox 1659 2027 2008 2107; x_wconf 78' lang='lat' dir='ltr'>monasterii</span> <span class='ocrx_word' id='word_1_132' title='bbox 2033 2025 2802 2091; x_wconf 81' lang='lat' dir='ltr'>Sanct-Emmerammensis</span> <span class='ocrx_word' id='word_1_133' title='bbox 2830 2029 3168 2092; x_wconf 63' lang='lat' dir='ltr'>Ratisbonw</span> <span class='ocrx_word' id='word_1_134' title='bbox 3197 2030 3274 2092; x_wconf 87' lang='lat' dir='ltr'>ab</span> <span class='ocrx_word' id='word_1_135' title='bbox 3303 2030 3464 2093; x_wconf 88' lang='lat' dir='ltr'>adm.</span> 
     </span>
    </p>
   </div>
   <div class='ocr_carea' id='block_1_25' title="bbox 1089 2103 2867 2188">
    <p class='ocr_par' dir='ltr' id='par_1_25' title="bbox 1089 2103 2867 2188">
     <span class='ocr_line' id='line_1_25' title="bbox 1089 2103 2867 2188; baseline 0.004 -25"><span class='ocrx_word' id='word_1_136' title='bbox 1089 2103 1166 2164; x_wconf 79' lang='lat' dir='ltr'>lt.</span> <span class='ocrx_word' id='word_1_137' title='bbox 1201 2103 1283 2164; x_wconf 28' lang='lat' dir='ltr'>D.’</span> <span class='ocrx_word' id='word_1_138' title='bbox 1311 2104 1388 2165; x_wconf 85' lang='lat' dir='ltr'>P.</span> <span class='ocrx_word' id='word_1_139' title='bbox 1425 2103 1689 2188; x_wconf 73' lang='grc' dir='ltr'><em>σαερανο</em></span> <span class='ocrx_word' id='word_1_140' title='bbox 1719 2105 2080 2182; x_wconf 79' lang='lat' dir='ltr'>Altlechner,</span> <span class='ocrx_word' id='word_1_141' title='bbox 2115 2108 2496 2170; x_wconf 79' lang='lat' dir='ltr'>Benedictino</span> <span class='ocrx_word' id='word_1_142' title='bbox 2526 2110 2867 2172; x_wconf 77' lang='lat' dir='ltr'>Mellz&#39;censi.</span> 
     </span>
    </p>
   </div>
   <div class='ocr_carea' id='block_1_26' title="bbox 570 2259 3375 2345">
    <p class='ocr_par' dir='ltr' id='par_1_26' title="bbox 570 2259 3375 2345">
     <span class='ocr_line' id='line_1_26' title="bbox 570 2259 3375 2345; baseline 0.004 -27"><span class='ocrx_word' id='word_1_143' title='bbox 570 2259 760 2333; x_wconf 74' lang='lat' dir='ltr'>(Apud</span> <span class='ocrx_word' id='word_1_144' title='bbox 792 2261 858 2322; x_wconf 76' lang='grc' dir='ltr'><strong>Η.</strong></span> <span class='ocrx_word' id='word_1_145' title='bbox 891 2261 952 2319; x_wconf 91' lang='grc' dir='ltr'>Ρ.</span> <span class='ocrx_word' id='word_1_146' title='bbox 985 2265 1346 2324; x_wconf 84' lang='lat' dir='ltr'>Bernardum</span> <span class='ocrx_word' id='word_1_147' title='bbox 1377 2266 1635 2338; x_wconf 82' lang='lat' dir='ltr'>Pezium,</span> <span class='ocrx_word' id='word_1_148' title='bbox 1669 2268 1976 2326; x_wconf 75' lang='lat' dir='ltr'>Theseum</span> <span class='ocrx_word' id='word_1_149' title='bbox 2003 2270 2199 2326; x_wconf 75' lang='lat' dir='ltr'>Anecd.</span> <span class='ocrx_word' id='word_1_150' title='bbox 2233 2273 2459 2344; x_wconf 83' lang='lat' dir='ltr'>noviss.,</span> <span class='ocrx_word' id='word_1_151' title='bbox 2489 2272 2633 2328; x_wconf 88' lang='lat' dir='ltr'>tomi</span> <span class='ocrx_word' id='word_1_152' title='bbox 2664 2273 2742 2328; x_wconf 90' lang='lat' dir='ltr'>III</span> <span class='ocrx_word' id='word_1_153' title='bbox 2772 2275 2936 2345; x_wconf 89' lang='lat' dir='ltr'>parte</span> <span class='ocrx_word' id='word_1_154' title='bbox 2965 2288 3026 2342; x_wconf 81' lang='grc' dir='ltr'>ιι,</span> <span class='ocrx_word' id='word_1_155' title='bbox 3059 2286 3194 2344; x_wconf 85' lang='lat' dir='ltr'>pag.</span> <span class='ocrx_word' id='word_1_156' title='bbox 3222 2273 3375 2345; x_wconf 86' lang='lat'>537.)</span> 
     </span>
    </p>
   </div>
   <div class='ocr_carea' id='block_1_27' title="bbox 330 2543 3674 2632">
    <p class='ocr_par' dir='ltr' id='par_1_27' title="bbox 330 2543 3674 2632">
     <span class='ocr_line' id='line_1_27' title="bbox 330 2543 3674 2632; baseline 0.004 -29"><span class='ocrx_word' id='word_1_157' title='bbox 330 2547 484 2603; x_wconf 87' lang='lat' dir='ltr'>Cum</span> <span class='ocrx_word' id='word_1_158' title='bbox 515 2546 696 2620; x_wconf 90' lang='lat' dir='ltr'>igitur</span> <span class='ocrx_word' id='word_1_159' title='bbox 724 2564 928 2606; x_wconf 88' lang='lat' dir='ltr'>omnes</span> <span class='ocrx_word' id='word_1_160' title='bbox 959 2555 1293 2608; x_wconf 89' lang='lat' dir='ltr'>sanctorum</span> <span class='ocrx_word' id='word_1_161' title='bbox 1325 2558 1649 2627; x_wconf 85' lang='lat' dir='ltr'>martyrum</span> <span class='ocrx_word' id='word_1_162' title='bbox 1693 2559 1750 2611; x_wconf 92' lang='lat' dir='ltr'>et</span> <span class='ocrx_word' id='word_1_163' title='bbox 1777 2573 1918 2612; x_wconf 89' lang='lat' dir='ltr'>con-</span> <span class='ocrx_word' id='word_1_164' title='bbox 1949 2561 1998 2627; x_wconf 87' lang='lat' dir='ltr'><strong>B</strong></span> <span class='ocrx_word' id='word_1_165' title='bbox 2028 2559 2126 2630; x_wconf 88' lang='lat' dir='ltr'>qui</span> <span class='ocrx_word' id='word_1_166' title='bbox 2151 2559 2327 2614; x_wconf 79' lang='lat' dir='ltr'>credit</span> <span class='ocrx_word' id='word_1_167' title='bbox 2357 2560 2419 2614; x_wconf 85' lang='lat' dir='ltr'>in</span> <span class='ocrx_word' id='word_1_168' title='bbox 2447 2575 2554 2631; x_wconf 87' lang='lat' dir='ltr'>me,</span> <span class='ocrx_word' id='word_1_169' title='bbox 2581 2575 2765 2632; x_wconf 82' lang='lat' dir='ltr'>opera,</span> <span class='ocrx_word' id='word_1_170' title='bbox 2797 2543 2917 2631; x_wconf 75' lang='lat' dir='ltr'>quae</span> <span class='ocrx_word' id='word_1_171' title='bbox 2945 2575 3047 2631; x_wconf 82' lang='lat' dir='ltr'>ego</span> <span class='ocrx_word' id='word_1_172' title='bbox 3075 2562 3320 2632; x_wconf 81' lang='lat' dir='ltr'>facio,et</span> <span class='ocrx_word' id='word_1_173' title='bbox 3348 2562 3466 2632; x_wconf 84' lang='lat' dir='ltr'>ipse</span> <span class='ocrx_word' id='word_1_174' title='bbox 3490 2561 3674 2632; x_wconf 77' lang='lat' dir='ltr'>faciet,</span> 
     </span>
    </p>
   </div>
   <div class='ocr_carea' id='block_1_28' title="bbox 258 2636 1920 2717">
    <p class='ocr_par' dir='ltr' id='par_1_28' title="bbox 258 2636 1920 2717">
     <span class='ocr_line' id='line_1_28' title="bbox 258 2636 1920 2717; baseline 0.006 -26"><span class='ocrx_word' id='word_1_175' title='bbox 258 2636 562 2693; x_wconf 72' lang='lat' dir='ltr'>fossorum</span> <span class='ocrx_word' id='word_1_176' title='bbox 594 2636 752 2693; x_wconf 86' lang='lat' dir='ltr'>chori</span> <span class='ocrx_word' id='word_1_177' title='bbox 782 2638 843 2694; x_wconf 89' lang='lat' dir='ltr'>in</span> <span class='ocrx_word' id='word_1_178' title='bbox 871 2643 993 2695; x_wconf 90' lang='lat' dir='ltr'>toto</span> <span class='ocrx_word' id='word_1_179' title='bbox 1025 2641 1146 2697; x_wconf 89' lang='lat' dir='ltr'>sint</span> <span class='ocrx_word' id='word_1_180' title='bbox 1174 2643 1311 2698; x_wconf 90' lang='lat' dir='ltr'>orbe</span> <span class='ocrx_word' id='word_1_181' title='bbox 1339 2647 1628 2700; x_wconf 88' lang='lat' dir='ltr'>terrarum</span> <span class='ocrx_word' id='word_1_182' title='bbox 1660 2646 1796 2717; x_wconf 85' lang='lat' dir='ltr'>jure</span> <span class='ocrx_word' id='word_1_183' title='bbox 1826 2663 1920 2701; x_wconf 92' lang='lat' dir='ltr'>ve-</span> 
     </span>
    </p>
   </div>
   <div class='ocr_carea' id='block_1_29' title="bbox 256 2725 1924 2807">
    <p class='ocr_par' dir='ltr' id='par_1_29' title="bbox 256 2725 1924 2807">
     <span class='ocr_line' id='line_1_29' title="bbox 256 2725 1924 2807; baseline 0.005 -25"><span class='ocrx_word' id='word_1_184' title='bbox 256 2725 910 2793; x_wconf 81' lang='lat' dir='ltr'>nerandi,veneratione</span> <span class='ocrx_word' id='word_1_185' title='bbox 939 2733 1134 2786; x_wconf 87' lang='lat' dir='ltr'>tamen</span> <span class='ocrx_word' id='word_1_186' title='bbox 1160 2732 1381 2803; x_wconf 89' lang='lat' dir='ltr'>majore</span> <span class='ocrx_word' id='word_1_187' title='bbox 1413 2733 1620 2806; x_wconf 89' lang='lat' dir='ltr'>dignos</span> <span class='ocrx_word' id='word_1_188' title='bbox 1641 2751 1768 2790; x_wconf 87' lang='lat' dir='ltr'>esse</span> <span class='ocrx_word' id='word_1_189' title='bbox 1789 2753 1924 2807; x_wconf 87' lang='lat' dir='ltr'>apo-</span> 
     </span>
    </p>
   </div>
   <div class='ocr_carea' id='block_1_30' title="bbox 251 2813 1919 2890">
    <p class='ocr_par' dir='ltr' id='par_1_30' title="bbox 251 2813 1919 2890">
     <span class='ocr_line' id='line_1_30' title="bbox 251 2813 1919 2890; baseline 0.006 -20"><span class='ocrx_word' id='word_1_190' title='bbox 251 2813 444 2870; x_wconf 81' lang='lat' dir='ltr'>stolas</span> <span class='ocrx_word' id='word_1_191' title='bbox 475 2816 975 2890; x_wconf 81' lang='lat' dir='ltr'>credimus,qui,a</span> <span class='ocrx_word' id='word_1_192' title='bbox 1009 2820 1252 2876; x_wconf 91' lang='lat' dir='ltr'>Domino</span> <span class='ocrx_word' id='word_1_193' title='bbox 1284 2825 1483 2877; x_wconf 90' lang='lat' dir='ltr'>nostro</span> <span class='ocrx_word' id='word_1_194' title='bbox 1511 2823 1652 2878; x_wconf 90' lang='lat' dir='ltr'>Jesu</span> <span class='ocrx_word' id='word_1_195' title='bbox 1687 2823 1919 2880; x_wconf 86' lang='lat' dir='ltr'>Christo</span> 
     </span>
    </p>
   </div>
   <div class='ocr_carea' id='block_1_31' title="bbox 253 2903 1920 2982">
    <p class='ocr_par' dir='ltr' id='par_1_31' title="bbox 253 2903 1920 2982">
     <span class='ocr_line' id='line_1_31' title="bbox 253 2903 1920 2982; baseline 0.007 -25"><span class='ocrx_word' id='word_1_196' title='bbox 253 2903 522 2976; x_wconf 82' lang='lat' dir='ltr'>primum</span> <span class='ocrx_word' id='word_1_197' title='bbox 555 2904 745 2974; x_wconf 81' lang='lat' dir='ltr'>electi,</span> <span class='ocrx_word' id='word_1_198' title='bbox 791 2906 1076 2979; x_wconf 87' lang='lat' dir='ltr'>corporali</span> <span class='ocrx_word' id='word_1_199' title='bbox 1107 2909 1297 2980; x_wconf 90' lang='lat' dir='ltr'>ipsius</span> <span class='ocrx_word' id='word_1_200' title='bbox 1337 2912 1646 2982; x_wconf 73' lang='lat' dir='ltr'>praesentia</span> <span class='ocrx_word' id='word_1_201' title='bbox 1694 2929 1920 2969; x_wconf 86' lang='lat' dir='ltr'>merue-</span> 
     </span>
    </p>
   </div>
   <div class='ocr_carea' id='block_1_32' title="bbox 253 2993 1918 3074">
    <p class='ocr_par' dir='ltr' id='par_1_32' title="bbox 253 2993 1918 3074">
     <span class='ocr_line' id='line_1_32' title="bbox 253 2993 1918 3074; baseline 0.007 -26"><span class='ocrx_word' id='word_1_202' title='bbox 253 2997 401 3048; x_wconf 81' lang='lat' dir='ltr'>runt</span> <span class='ocrx_word' id='word_1_203' title='bbox 430 2993 627 3065; x_wconf 90' lang='lat' dir='ltr'>potiri.</span> <span class='ocrx_word' id='word_1_204' title='bbox 663 2995 781 3067; x_wconf 88' lang='lat' dir='ltr'>Ipsi</span> <span class='ocrx_word' id='word_1_205' title='bbox 831 2996 1045 3052; x_wconf 87' lang='lat' dir='ltr'>etenim</span> <span class='ocrx_word' id='word_1_206' title='bbox 1080 3014 1196 3054; x_wconf 90' lang='lat' dir='ltr'>non</span> <span class='ocrx_word' id='word_1_207' title='bbox 1228 3001 1417 3054; x_wconf 89' lang='lat' dir='ltr'>solum</span> <span class='ocrx_word' id='word_1_208' title='bbox 1451 3001 1578 3056; x_wconf 90' lang='lat' dir='ltr'>idco</span> <span class='ocrx_word' id='word_1_209' title='bbox 1626 3003 1918 3074; x_wconf 80' lang='lat' dir='ltr'>principes</span> 
     </span>
    </p>
   </div>
   <div class='ocr_carea' id='block_1_33' title="bbox 252 3081 1918 3160">
    <p class='ocr_par' dir='ltr' id='par_1_33' title="bbox 252 3081 1918 3160">
     <span class='ocr_line' id='line_1_33' title="bbox 252 3081 1918 3160; baseline 0.007 -24"><span class='ocrx_word' id='word_1_210' title='bbox 252 3081 659 3138; x_wconf 63' lang='lat' dir='ltr'>itccleiarum</span> <span class='ocrx_word' id='word_1_211' title='bbox 717 3086 1037 3140; x_wconf 90' lang='lat' dir='ltr'>creduntur</span> <span class='ocrx_word' id='word_1_212' title='bbox 1064 3087 1203 3158; x_wconf 90' lang='lat' dir='ltr'>quia</span> <span class='ocrx_word' id='word_1_213' title='bbox 1231 3104 1328 3143; x_wconf 89' lang='lat' dir='ltr'>eas</span> <span class='ocrx_word' id='word_1_214' title='bbox 1358 3089 1632 3160; x_wconf 86' lang='lat' dir='ltr'>primitus</span> <span class='ocrx_word' id='word_1_215' title='bbox 1689 3092 1918 3147; x_wconf 86' lang='lat' dir='ltr'>Domini</span> 
     </span>
    </p>
   </div>
   <div class='ocr_carea' id='block_1_34' title="bbox 248 3173 1917 3246">
    <p class='ocr_par' dir='ltr' id='par_1_34' title="bbox 248 3173 1917 3246">
     <span class='ocr_line' id='line_1_34' title="bbox 248 3173 1917 3246; baseline 0.005 -20"><span class='ocrx_word' id='word_1_216' title='bbox 248 3177 552 3244; x_wconf 74' lang='lat' dir='ltr'>praecepta</span> <span class='ocrx_word' id='word_1_217' title='bbox 579 3173 844 3231; x_wconf 82' lang='lat' dir='ltr'>docendo</span> <span class='ocrx_word' id='word_1_218' title='bbox 874 3178 931 3228; x_wconf 89' lang='lat' dir='ltr'>et</span> <span class='ocrx_word' id='word_1_219' title='bbox 963 3175 1268 3231; x_wconf 90' lang='lat' dir='ltr'>scribendo</span> <span class='ocrx_word' id='word_1_220' title='bbox 1300 3177 1466 3246; x_wconf 85' lang='lat' dir='ltr'>quasi</span> <span class='ocrx_word' id='word_1_221' title='bbox 1495 3179 1837 3236; x_wconf 86' lang='lat' dir='ltr'>fundatores</span> <span class='ocrx_word' id='word_1_222' title='bbox 1860 3181 1917 3234; x_wconf 87' lang='lat' dir='ltr'>in</span> 
     </span>
    </p>
   </div>
   <div class='ocr_carea' id='block_1_35' title="bbox 251 3259 1916 3340">
    <p class='ocr_par' dir='ltr' id='par_1_35' title="bbox 251 3259 1916 3340">
     <span class='ocr_line' id='line_1_35' title="bbox 251 3259 1916 3340; baseline 0.004 -21"><span class='ocrx_word' id='word_1_223' title='bbox 251 3259 372 3319; x_wconf 73' lang='lat' dir='ltr'>hoc</span> <span class='ocrx_word' id='word_1_224' title='bbox 404 3262 627 3318; x_wconf 85' lang='lat' dir='ltr'>mundo</span> <span class='ocrx_word' id='word_1_225' title='bbox 657 3262 1166 3333; x_wconf 87' lang='lat' dir='ltr'>instituerunt,sed</span> <span class='ocrx_word' id='word_1_226' title='bbox 1196 3266 1372 3321; x_wconf 89' lang='lat' dir='ltr'>etiam</span> <span class='ocrx_word' id='word_1_227' title='bbox 1404 3283 1472 3323; x_wconf 83' lang='lat' dir='ltr'>ex</span> <span class='ocrx_word' id='word_1_228' title='bbox 1503 3267 1608 3324; x_wconf 87' lang='lat' dir='ltr'>hoc</span> <span class='ocrx_word' id='word_1_229' title='bbox 1639 3271 1916 3340; x_wconf 89' lang='lat' dir='ltr'>quoniam</span> 
     </span>
    </p>
   </div>
   <div class='ocr_carea' id='block_1_36' title="bbox 248 3349 1918 3429">
    <p class='ocr_par' dir='ltr' id='par_1_36' title="bbox 248 3349 1918 3429">
     <span class='ocr_line' id='line_1_36' title="bbox 248 3349 1918 3429; baseline 0.006 -25"><span class='ocrx_word' id='word_1_230' title='bbox 248 3349 315 3406; x_wconf 87' lang='lat' dir='ltr'>in</span> <span class='ocrx_word' id='word_1_231' title='bbox 351 3350 451 3405; x_wconf 89' lang='lat' dir='ltr'>die</span> <span class='ocrx_word' id='word_1_232' title='bbox 477 3351 684 3421; x_wconf 83' lang='lat' dir='ltr'>judicii</span> <span class='ocrx_word' id='word_1_233' title='bbox 710 3351 942 3423; x_wconf 88' lang='lat' dir='ltr'>judices</span> <span class='ocrx_word' id='word_1_234' title='bbox 972 3355 1148 3426; x_wconf 87' lang='lat' dir='ltr'>primi</span> <span class='ocrx_word' id='word_1_235' title='bbox 1178 3360 1368 3424; x_wconf 90' lang='lat' dir='ltr'>erunt,</span> <span class='ocrx_word' id='word_1_236' title='bbox 1389 3356 1541 3412; x_wconf 87' lang='lat' dir='ltr'>sicut</span> <span class='ocrx_word' id='word_1_237' title='bbox 1571 3358 1696 3429; x_wconf 90' lang='lat' dir='ltr'>ipse</span> <span class='ocrx_word' id='word_1_238' title='bbox 1731 3359 1918 3414; x_wconf 89' lang='lat' dir='ltr'>Domi-</span> 
     </span>
    </p>
   </div>
   <div class='ocr_carea' id='block_1_37' title="bbox 246 3441 1917 3503">
    <p class='ocr_par' dir='ltr' id='par_1_37' title="bbox 246 3441 1917 3503">
     <span class='ocr_line' id='line_1_37' title="bbox 246 3441 1917 3503; baseline 0.005 -9"><span class='ocrx_word' id='word_1_239' title='bbox 246 3455 380 3494; x_wconf 77' lang='lat' dir='ltr'>nus</span> <span class='ocrx_word' id='word_1_240' title='bbox 409 3443 659 3496; x_wconf 70' lang='lat' dir='ltr'>testatur</span> <span class='ocrx_word' id='word_1_241' title='bbox 689 3441 759 3496; x_wconf 89' lang='lat' dir='ltr'>ad</span> <span class='ocrx_word' id='word_1_242' title='bbox 791 3458 889 3498; x_wconf 89' lang='lat' dir='ltr'>eos</span> <span class='ocrx_word' id='word_1_243' title='bbox 937 3442 1137 3498; x_wconf 89' lang='lat' dir='ltr'>dicens</span> <span class='ocrx_word' id='word_1_244' title='bbox 1166 3461 1178 3499; x_wconf 90' lang='lat'>:</span> <span class='ocrx_word' id='word_1_245' title='bbox 1211 3445 1384 3500; x_wconf 80' lang='lat' dir='ltr'>Amen</span> <span class='ocrx_word' id='word_1_246' title='bbox 1414 3463 1570 3501; x_wconf 81' lang='lat' dir='ltr'>amen</span> <span class='ocrx_word' id='word_1_247' title='bbox 1602 3446 1720 3502; x_wconf 82' lang='lat' dir='ltr'>dico</span> <span class='ocrx_word' id='word_1_248' title='bbox 1765 3449 1917 3503; x_wconf 84' lang='lat' dir='ltr'>vobis</span> 
     </span>
    </p>
   </div>
   <div class='ocr_carea' id='block_1_38' title="bbox 244 3529 1916 3608">
    <p class='ocr_par' dir='ltr' id='par_1_38' title="bbox 244 3529 1916 3608">
     <span class='ocr_line' id='line_1_38' title="bbox 244 3529 1916 3608; baseline 0.005 -24"><span class='ocrx_word' id='word_1_249' title='bbox 244 3529 407 3600; x_wconf 83' lang='lat' dir='ltr'>quod</span> <span class='ocrx_word' id='word_1_250' title='bbox 454 3544 548 3585; x_wconf 82' lang='lat' dir='ltr'>vos</span> <span class='ocrx_word' id='word_1_251' title='bbox 598 3532 690 3600; x_wconf 87' lang='lat' dir='ltr'>qui</span> <span class='ocrx_word' id='word_1_252' title='bbox 713 3533 886 3588; x_wconf 84' lang='lat' dir='ltr'>secuti</span> <span class='ocrx_word' id='word_1_253' title='bbox 928 3534 1058 3588; x_wconf 85' lang='lat' dir='ltr'>estis</span> <span class='ocrx_word' id='word_1_254' title='bbox 1086 3550 1190 3600; x_wconf 89' lang='lat' dir='ltr'>me,</span> <span class='ocrx_word' id='word_1_255' title='bbox 1223 3535 1284 3589; x_wconf 80' lang='lat' dir='ltr'>in</span> <span class='ocrx_word' id='word_1_256' title='bbox 1330 3538 1750 3608; x_wconf 80' lang='lat' dir='ltr'>regeneratione</span> <span class='ocrx_word' id='word_1_257' title='bbox 1793 3553 1916 3592; x_wconf 89' lang='lat' dir='ltr'>cum</span> 
     </span>
    </p>
   </div>
   <div class='ocr_carea' id='block_1_39' title="bbox 249 3619 1916 3695">
    <p class='ocr_par' dir='ltr' id='par_1_39' title="bbox 249 3619 1916 3695">
     <span class='ocr_line' id='line_1_39' title="bbox 249 3619 1916 3695; baseline 0.004 -19"><span class='ocrx_word' id='word_1_258' title='bbox 249 3621 472 3676; x_wconf 58' lang='lat' dir='ltr'>sedent</span> <span class='ocrx_word' id='word_1_259' title='bbox 499 3619 676 3674; x_wconf 82' lang='lat' dir='ltr'>Filius</span> <span class='ocrx_word' id='word_1_260' title='bbox 703 3621 944 3676; x_wconf 79' lang='lat' dir='ltr'>hominis</span> <span class='ocrx_word' id='word_1_261' title='bbox 974 3623 1034 3676; x_wconf 81' lang='lat' dir='ltr'>in</span> <span class='ocrx_word' id='word_1_262' title='bbox 1065 3623 1185 3678; x_wconf 85' lang='lat' dir='ltr'>sede</span> <span class='ocrx_word' id='word_1_263' title='bbox 1211 3624 1521 3695; x_wconf 85' lang='lat' dir='ltr'>majestatis</span> <span class='ocrx_word' id='word_1_264' title='bbox 1548 3641 1681 3692; x_wconf 59' lang='lat' dir='ltr'>sum,</span> <span class='ocrx_word' id='word_1_265' title='bbox 1712 3626 1916 3682; x_wconf 87' lang='lat' dir='ltr'>sedebi-</span> 
     </span>
    </p>
   </div>
   <div class='ocr_carea' id='block_1_40' title="bbox 241 3710 1915 3782">
    <p class='ocr_par' dir='ltr' id='par_1_40' title="bbox 241 3710 1915 3782">
     <span class='ocr_line' id='line_1_40' title="bbox 241 3710 1915 3782; baseline 0.004 -18"><span class='ocrx_word' id='word_1_266' title='bbox 241 3711 323 3764; x_wconf 82' lang='lat' dir='ltr'>tis</span> <span class='ocrx_word' id='word_1_267' title='bbox 353 3712 407 3764; x_wconf 83' lang='lat' dir='ltr'>et</span> <span class='ocrx_word' id='word_1_268' title='bbox 454 3725 556 3777; x_wconf 59' lang='lat' dir='ltr'>eos</span> <span class='ocrx_word' id='word_1_269' title='bbox 581 3725 748 3781; x_wconf 77' lang='lat' dir='ltr'>super</span> <span class='ocrx_word' id='word_1_270' title='bbox 791 3710 938 3766; x_wconf 86' lang='lat' dir='ltr'>sedes</span> <span class='ocrx_word' id='word_1_271' title='bbox 965 3711 1247 3768; x_wconf 82' lang='lat' dir='ltr'>duodecim</span> <span class='ocrx_word' id='word_1_272' title='bbox 1279 3713 1588 3782; x_wconf 81' lang='lat' dir='ltr'>judicantes</span> <span class='ocrx_word' id='word_1_273' title='bbox 1635 3714 1915 3770; x_wconf 87' lang='lat' dir='ltr'>duodecim</span> 
     </span>
    </p>
   </div>
   <div class='ocr_carea' id='block_1_41' title="bbox 243 3798 1911 3876">
    <p class='ocr_par' dir='ltr' id='par_1_41' title="bbox 243 3798 1911 3876">
     <span class='ocr_line' id='line_1_41' title="bbox 243 3798 1911 3876; baseline 0.003 -23"><span class='ocrx_word' id='word_1_274' title='bbox 243 3798 429 3853; x_wconf 73' lang='lat' dir='ltr'>tribus</span> <span class='ocrx_word' id='word_1_275' title='bbox 459 3799 638 3854; x_wconf 80' lang='lat' dir='ltr'>Israel</span> <span class='ocrx_word' id='word_1_276' title='bbox 685 3799 906 3871; x_wconf 78' lang='lat' dir='ltr'>(Matth.</span> <span class='ocrx_word' id='word_1_277' title='bbox 938 3818 1052 3864; x_wconf 73' lang='lat' dir='ltr'>xxx,</span> <span class='ocrx_word' id='word_1_278' title='bbox 1083 3803 1197 3870; x_wconf 83' lang='lat'>28).</span> <span class='ocrx_word' id='word_1_279' title='bbox 1232 3803 1375 3858; x_wconf 89' lang='lat' dir='ltr'>Item</span> <span class='ocrx_word' id='word_1_280' title='bbox 1408 3803 1519 3859; x_wconf 88' lang='lat' dir='ltr'>alio</span> <span class='ocrx_word' id='word_1_281' title='bbox 1549 3803 1675 3860; x_wconf 93' lang='lat' dir='ltr'>loco</span> <span class='ocrx_word' id='word_1_282' title='bbox 1721 3804 1911 3876; x_wconf 89' lang='lat' dir='ltr'>loqui-</span> 
     </span>
    </p>
   </div>
   <div class='ocr_carea' id='block_1_42' title="bbox 247 3887 1908 3965">
    <p class='ocr_par' dir='ltr' id='par_1_42' title="bbox 247 3887 1908 3965">
     <span class='ocr_line' id='line_1_42' title="bbox 247 3887 1908 3965; baseline 0.005 -24"><span class='ocrx_word' id='word_1_283' title='bbox 247 3890 349 3942; x_wconf 75' lang='lat' dir='ltr'>tur</span> <span class='ocrx_word' id='word_1_284' title='bbox 377 3888 454 3942; x_wconf 86' lang='lat' dir='ltr'>ad</span> <span class='ocrx_word' id='word_1_285' title='bbox 485 3887 642 3955; x_wconf 89' lang='lat' dir='ltr'>illos,</span> <span class='ocrx_word' id='word_1_286' title='bbox 678 3887 879 3945; x_wconf 90' lang='lat' dir='ltr'>dicens</span> <span class='ocrx_word' id='word_1_287' title='bbox 914 3907 927 3946; x_wconf 93' lang='lat'>:</span> <span class='ocrx_word' id='word_1_288' title='bbox 961 3891 1068 3962; x_wconf 90' lang='lat' dir='ltr'>Ego</span> <span class='ocrx_word' id='word_1_289' title='bbox 1097 3891 1319 3963; x_wconf 82' lang='lat' dir='ltr'>dispono</span> <span class='ocrx_word' id='word_1_290' title='bbox 1348 3893 1516 3962; x_wconf 83' lang='lat' dir='ltr'>vobis,</span> <span class='ocrx_word' id='word_1_291' title='bbox 1546 3895 1695 3949; x_wconf 81' lang='lat' dir='ltr'>sicut</span> <span class='ocrx_word' id='word_1_292' title='bbox 1724 3894 1908 3965; x_wconf 87' lang='lat' dir='ltr'>dispo-</span> 
     </span>
    </p>
   </div>
   <div class='ocr_carea' id='block_1_43' title="bbox 247 3977 1910 4049">
    <p class='ocr_par' dir='ltr' id='par_1_43' title="bbox 247 3977 1910 4049">
     <span class='ocr_line' id='line_1_43' title="bbox 247 3977 1910 4049; baseline 0.005 -18"><span class='ocrx_word' id='word_1_293' title='bbox 247 3979 363 4032; x_wconf 76' lang='lat' dir='ltr'>suit</span> <span class='ocrx_word' id='word_1_294' title='bbox 413 3977 564 4032; x_wconf 70' lang='lat' dir='ltr'>mihi</span> <span class='ocrx_word' id='word_1_295' title='bbox 612 3979 772 4033; x_wconf 83' lang='lat' dir='ltr'>Pater</span> <span class='ocrx_word' id='word_1_296' title='bbox 810 3995 962 4035; x_wconf 83' lang='lat' dir='ltr'>meus</span> <span class='ocrx_word' id='word_1_297' title='bbox 1010 3996 1268 4049; x_wconf 82' lang='lat' dir='ltr'>regnum,</span> <span class='ocrx_word' id='word_1_298' title='bbox 1301 3985 1361 4036; x_wconf 84' lang='lat' dir='ltr'>ut</span> <span class='ocrx_word' id='word_1_299' title='bbox 1407 3983 1579 4038; x_wconf 86' lang='lat' dir='ltr'>edatis</span> <span class='ocrx_word' id='word_1_300' title='bbox 1619 3991 1669 4038; x_wconf 84' lang='lat' dir='ltr'>et</span> <span class='ocrx_word' id='word_1_301' title='bbox 1714 3984 1910 4039; x_wconf 81' lang='lat' dir='ltr'>bibatis</span> 
     </span>
    </p>
   </div>
   <div class='ocr_carea' id='block_1_44' title="bbox 247 4071 1909 4146">
    <p class='ocr_par' dir='ltr' id='par_1_44' title="bbox 247 4071 1909 4146">
     <span class='ocr_line' id='line_1_44' title="bbox 247 4071 1909 4146; baseline 0.004 -25"><span class='ocrx_word' id='word_1_302' title='bbox 247 4082 416 4138; x_wconf 79' lang='lat' dir='ltr'>super</span> <span class='ocrx_word' id='word_1_303' title='bbox 444 4083 703 4122; x_wconf 84' lang='lat' dir='ltr'>mensam</span> <span class='ocrx_word' id='word_1_304' title='bbox 730 4084 912 4123; x_wconf 83' lang='lat' dir='ltr'>meum</span> <span class='ocrx_word' id='word_1_305' title='bbox 939 4073 991 4124; x_wconf 88' lang='lat' dir='ltr'>et</span> <span class='ocrx_word' id='word_1_306' title='bbox 1016 4071 1250 4126; x_wconf 72' lang='lat' dir='ltr'>sedentis</span> <span class='ocrx_word' id='word_1_307' title='bbox 1299 4087 1460 4143; x_wconf 85' lang='lat' dir='ltr'>super</span> <span class='ocrx_word' id='word_1_308' title='bbox 1487 4073 1729 4128; x_wconf 83' lang='lat' dir='ltr'>thromos</span> <span class='ocrx_word' id='word_1_309' title='bbox 1750 4073 1909 4146; x_wconf 85' lang='lat' dir='ltr'>judi-</span> 
     </span>
    </p>
   </div>
   <div class='ocr_carea' id='block_1_45' title="bbox 248 4156 1905 4234">
    <p class='ocr_par' dir='ltr' id='par_1_45' title="bbox 248 4156 1905 4234">
     <span class='ocr_line' id='line_1_45' title="bbox 248 4156 1905 4234; baseline 0.004 -24"><span class='ocrx_word' id='word_1_310' title='bbox 248 4161 434 4211; x_wconf 79' lang='lat' dir='ltr'>cantes</span> <span class='ocrx_word' id='word_1_311' title='bbox 485 4156 773 4212; x_wconf 80' lang='lat' dir='ltr'>duodecim</span> <span class='ocrx_word' id='word_1_312' title='bbox 821 4159 995 4214; x_wconf 86' lang='lat' dir='ltr'>tribus</span> <span class='ocrx_word' id='word_1_313' title='bbox 1045 4161 1222 4215; x_wconf 76' lang='lat' dir='ltr'>Israel</span> <span class='ocrx_word' id='word_1_314' title='bbox 1270 4161 1419 4232; x_wconf 84' lang='lat' dir='ltr'>(Luc.</span> <span class='ocrx_word' id='word_1_315' title='bbox 1471 4179 1608 4230; x_wconf 83' lang='lat' dir='ltr'>xxn,</span> <span class='ocrx_word' id='word_1_316' title='bbox 1653 4164 1744 4232; x_wconf 86' lang='lat'>29,</span> <span class='ocrx_word' id='word_1_317' title='bbox 1794 4162 1905 4234; x_wconf 91' lang='lat'>30).</span> 
     </span>
    </p>
   </div>
   <div class='ocr_carea' id='block_1_46' title="bbox 241 4245 1910 4324">
    <p class='ocr_par' dir='ltr' id='par_1_46' title="bbox 241 4245 1910 4324">
     <span class='ocr_line' id='line_1_46' title="bbox 241 4245 1910 4324; baseline 0.003 -22"><span class='ocrx_word' id='word_1_318' title='bbox 241 4245 367 4302; x_wconf 75' lang='lat' dir='ltr'>Sed</span> <span class='ocrx_word' id='word_1_319' title='bbox 397 4251 458 4301; x_wconf 85' lang='lat' dir='ltr'>et</span> <span class='ocrx_word' id='word_1_320' title='bbox 488 4263 598 4319; x_wconf 87' lang='lat' dir='ltr'>pro</span> <span class='ocrx_word' id='word_1_321' title='bbox 646 4246 757 4302; x_wconf 91' lang='lat' dir='ltr'>hoc</span> <span class='ocrx_word' id='word_1_322' title='bbox 785 4249 1154 4304; x_wconf 83' lang='lat' dir='ltr'>veneratione</span> <span class='ocrx_word' id='word_1_323' title='bbox 1206 4251 1462 4305; x_wconf 81' lang='lat' dir='ltr'>maxima</span> <span class='ocrx_word' id='word_1_324' title='bbox 1501 4256 1641 4306; x_wconf 87' lang='lat' dir='ltr'>sunt</span> <span class='ocrx_word' id='word_1_325' title='bbox 1689 4251 1910 4324; x_wconf 89' lang='lat' dir='ltr'>ample-</span> 
     </span>
    </p>
   </div>
   <div class='ocr_carea' id='block_1_47' title="bbox 250 4334 1908 4412">
    <p class='ocr_par' dir='ltr' id='par_1_47' title="bbox 250 4334 1908 4412">
     <span class='ocr_line' id='line_1_47' title="bbox 250 4334 1908 4412; baseline 0.004 -24"><span class='ocrx_word' id='word_1_326' title='bbox 250 4334 470 4403; x_wconf 72' lang='lat' dir='ltr'>ctendi,</span> <span class='ocrx_word' id='word_1_327' title='bbox 490 4336 650 4407; x_wconf 89' lang='lat' dir='ltr'>quod</span> <span class='ocrx_word' id='word_1_328' title='bbox 680 4335 899 4408; x_wconf 86' lang='lat' dir='ltr'>ligandi</span> <span class='ocrx_word' id='word_1_329' title='bbox 931 4336 1310 4411; x_wconf 89' lang='lat' dir='ltr'>solvendique</span> <span class='ocrx_word' id='word_1_330' title='bbox 1342 4344 1578 4412; x_wconf 86' lang='lat' dir='ltr'>peccata</span> <span class='ocrx_word' id='word_1_331' title='bbox 1600 4339 1908 4395; x_wconf 88' lang='lat' dir='ltr'>hominum</span> 
     </span>
    </p>
   </div>
   <div class='ocr_carea' id='block_1_48' title="bbox 245 4425 1911 4500">
    <p class='ocr_par' dir='ltr' id='par_1_48' title="bbox 245 4425 1911 4500">
     <span class='ocr_line' id='line_1_48' title="bbox 245 4425 1911 4500; baseline 0.003 -21"><span class='ocrx_word' id='word_1_332' title='bbox 245 4427 536 4496; x_wconf 74' lang='lat' dir='ltr'>potestas,</span> <span class='ocrx_word' id='word_1_333' title='bbox 570 4441 705 4496; x_wconf 51' lang='lat' dir='ltr'>quae.</span> <span class='ocrx_word' id='word_1_334' title='bbox 752 4425 888 4482; x_wconf 91' lang='lat' dir='ltr'>licet</span> <span class='ocrx_word' id='word_1_335' title='bbox 927 4426 1058 4482; x_wconf 88' lang='lat' dir='ltr'>aliis</span> <span class='ocrx_word' id='word_1_336' title='bbox 1103 4428 1324 4484; x_wconf 86' lang='lat' dir='ltr'>sanctis</span> <span class='ocrx_word' id='word_1_337' title='bbox 1372 4427 1584 4500; x_wconf 86' lang='lat' dir='ltr'>partim</span> <span class='ocrx_word' id='word_1_338' title='bbox 1635 4445 1911 4484; x_wconf 90' lang='lat' dir='ltr'>concessa</span> 
     </span>
    </p>
   </div>
   <div class='ocr_carea' id='block_1_49' title="bbox 247 4512 1910 4589">
    <p class='ocr_par' dir='ltr' id='par_1_49' title="bbox 247 4512 1910 4589">
     <span class='ocr_line' id='line_1_49' title="bbox 247 4512 1910 4589; baseline 0.004 -22"><span class='ocrx_word' id='word_1_339' title='bbox 247 4512 703 4585; x_wconf 80' lang='lat' dir='ltr'>credatur,ipsis</span> <span class='ocrx_word' id='word_1_340' title='bbox 726 4517 921 4570; x_wconf 89' lang='lat' dir='ltr'>tamen</span> <span class='ocrx_word' id='word_1_341' title='bbox 949 4515 1231 4587; x_wconf 89' lang='lat' dir='ltr'>apostolis</span> <span class='ocrx_word' id='word_1_342' title='bbox 1263 4533 1443 4589; x_wconf 89' lang='lat' dir='ltr'>supra</span> <span class='ocrx_word' id='word_1_343' title='bbox 1467 4533 1670 4572; x_wconf 88' lang='lat' dir='ltr'>omnes</span> <span class='ocrx_word' id='word_1_344' title='bbox 1694 4518 1910 4589; x_wconf 88' lang='lat' dir='ltr'>specia-</span> 
     </span>
    </p>
   </div>
   <div class='ocr_carea' id='block_1_50' title="bbox 244 4600 1910 4672">
    <p class='ocr_par' dir='ltr' id='par_1_50' title="bbox 244 4600 1910 4672">
     <span class='ocr_line' id='line_1_50' title="bbox 244 4600 1910 4672; baseline 0.002 -15"><span class='ocrx_word' id='word_1_345' title='bbox 244 4600 366 4658; x_wconf 83' lang='lat' dir='ltr'>lius</span> <span class='ocrx_word' id='word_1_346' title='bbox 415 4603 706 4658; x_wconf 72' lang='lat' dir='ltr'>attributa</span> <span class='ocrx_word' id='word_1_347' title='bbox 733 4603 982 4672; x_wconf 88' lang='lat' dir='ltr'>videtur,</span> <span class='ocrx_word' id='word_1_348' title='bbox 1016 4605 1099 4660; x_wconf 91' lang='lat' dir='ltr'>ita</span> <span class='ocrx_word' id='word_1_349' title='bbox 1138 4605 1383 4661; x_wconf 90' lang='lat' dir='ltr'>Domino</span> <span class='ocrx_word' id='word_1_350' title='bbox 1433 4606 1659 4661; x_wconf 89' lang='lat' dir='ltr'>dicente</span> <span class='ocrx_word' id='word_1_351' title='bbox 1694 4625 1706 4662; x_wconf 92' lang='lat'><strong>:</strong></span> <span class='ocrx_word' id='word_1_352' title='bbox 1742 4609 1910 4663; x_wconf 85' lang='lat' dir='ltr'>Amen</span> 
     </span>
    </p>
   </div>
   <div class='ocr_carea' id='block_1_51' title="bbox 241 4691 1906 4766">
    <p class='ocr_par' dir='ltr' id='par_1_51' title="bbox 241 4691 1906 4766">
     <span class='ocr_line' id='line_1_51' title="bbox 241 4691 1906 4766; baseline 0.002 -19"><span class='ocrx_word' id='word_1_353' title='bbox 241 4691 367 4748; x_wconf 77' lang='lat' dir='ltr'>dico</span> <span class='ocrx_word' id='word_1_354' title='bbox 413 4693 594 4760; x_wconf 77' lang='lat' dir='ltr'>vobis,</span> <span class='ocrx_word' id='word_1_355' title='bbox 650 4707 992 4766; x_wconf 70' lang='lat' dir='ltr'>quaecunque</span> <span class='ocrx_word' id='word_1_356' title='bbox 1039 4694 1417 4764; x_wconf 81' lang='lat' dir='ltr'>alligaveritis</span> <span class='ocrx_word' id='word_1_357' title='bbox 1463 4711 1627 4766; x_wconf 87' lang='lat' dir='ltr'>super</span> <span class='ocrx_word' id='word_1_358' title='bbox 1682 4703 1906 4766; x_wconf 85' lang='lat' dir='ltr'>terram,</span> 
     </span>
    </p>
   </div>
   <div class='ocr_carea' id='block_1_52' title="bbox 247 4782 1910 4856">
    <p class='ocr_par' dir='ltr' id='par_1_52' title="bbox 247 4782 1910 4856">
     <span class='ocr_line' id='line_1_52' title="bbox 247 4782 1910 4856; baseline 0.001 -19"><span class='ocrx_word' id='word_1_359' title='bbox 247 4786 412 4837; x_wconf 75' lang='lat' dir='ltr'>erant</span> <span class='ocrx_word' id='word_1_360' title='bbox 446 4782 624 4851; x_wconf 82' lang='lat' dir='ltr'>ligata</span> <span class='ocrx_word' id='word_1_361' title='bbox 653 4790 703 4838; x_wconf 91' lang='lat' dir='ltr'>et</span> <span class='ocrx_word' id='word_1_362' title='bbox 745 4785 805 4838; x_wconf 85' lang='lat' dir='ltr'>in</span> <span class='ocrx_word' id='word_1_363' title='bbox 831 4783 1010 4849; x_wconf 77' lang='lat' dir='ltr'>caelis,</span> <span class='ocrx_word' id='word_1_364' title='bbox 1038 4787 1088 4837; x_wconf 89' lang='lat' dir='ltr'>et</span> <span class='ocrx_word' id='word_1_365' title='bbox 1135 4799 1466 4856; x_wconf 74' lang='lat' dir='ltr'>quaecunque</span> <span class='ocrx_word' id='word_1_366' title='bbox 1515 4785 1790 4839; x_wconf 84' lang='lat' dir='ltr'>solveritis</span> <span class='ocrx_word' id='word_1_367' title='bbox 1817 4801 1910 4839; x_wconf 89' lang='lat' dir='ltr'>su-</span> 
     </span>
    </p>
   </div>
   <div class='ocr_carea' id='block_1_53' title="bbox 244 4873 1906 4946">
    <p class='ocr_par' dir='ltr' id='par_1_53' title="bbox 244 4873 1906 4946">
     <span class='ocr_line' id='line_1_53' title="bbox 244 4873 1906 4946; baseline 0.001 -19"><span class='ocrx_word' id='word_1_368' title='bbox 244 4886 352 4943; x_wconf 79' lang='lat' dir='ltr'>per</span> <span class='ocrx_word' id='word_1_369' title='bbox 399 4879 620 4927; x_wconf 75' lang='lat' dir='ltr'>terram</span> <span class='ocrx_word' id='word_1_370' title='bbox 660 4875 820 4928; x_wconf 81' lang='lat' dir='ltr'>erunt</span> <span class='ocrx_word' id='word_1_371' title='bbox 865 4873 1047 4929; x_wconf 85' lang='lat' dir='ltr'>soluta</span> <span class='ocrx_word' id='word_1_372' title='bbox 1096 4875 1145 4928; x_wconf 85' lang='lat' dir='ltr'>et</span> <span class='ocrx_word' id='word_1_373' title='bbox 1200 4874 1257 4927; x_wconf 88' lang='lat' dir='ltr'>in</span> <span class='ocrx_word' id='word_1_374' title='bbox 1305 4873 1452 4927; x_wconf 69' lang='lat' dir='ltr'>caelis</span> <span class='ocrx_word' id='word_1_375' title='bbox 1502 4873 1715 4946; x_wconf 81' lang='lat' dir='ltr'>(Matth.</span> <span class='ocrx_word' id='word_1_376' title='bbox 1746 4891 1906 4942; x_wconf 84' lang='lat' dir='ltr'>xvm,</span> 
     </span>
    </p>
   </div>
   <div class='ocr_carea' id='block_1_54' title="bbox 245 4960 1911 5035">
    <p class='ocr_par' dir='ltr' id='par_1_54' title="bbox 245 4960 1911 5035">
     <span class='ocr_line' id='line_1_54' title="bbox 245 4960 1911 5035; baseline 0.001 -19"><span class='ocrx_word' id='word_1_377' title='bbox 245 4960 366 5032; x_wconf 75' lang='lat'>1&#39;8).</span> <span class='ocrx_word' id='word_1_378' title='bbox 397 4960 619 5017; x_wconf 62' lang='lat' dir='ltr'>Praeter</span> <span class='ocrx_word' id='word_1_379' title='bbox 663 4961 782 5017; x_wconf 77' lang='lat' dir='ltr'>haec</span> <span class='ocrx_word' id='word_1_380' title='bbox 813 4977 972 5035; x_wconf 87' lang='lat' dir='ltr'>ergo,</span> <span class='ocrx_word' id='word_1_381' title='bbox 1005 4978 1130 5034; x_wconf 71' lang='lat' dir='ltr'>quae</span> <span class='ocrx_word' id='word_1_382' title='bbox 1164 4963 1291 5032; x_wconf 91' lang='lat' dir='ltr'>jam</span> <span class='ocrx_word' id='word_1_383' title='bbox 1319 4961 1575 5016; x_wconf 86' lang='lat' dir='ltr'>diximus</span> <span class='ocrx_word' id='word_1_384' title='bbox 1623 4963 1911 5018; x_wconf 88' lang='lat' dir='ltr'>universis</span> 
     </span>
    </p>
   </div>
   <div class='ocr_carea' id='block_1_55' title="bbox 239 5049 1914 5123">
    <p class='ocr_par' dir='ltr' id='par_1_55' title="bbox 239 5049 1914 5123">
     <span class='ocr_line' id='line_1_55' title="bbox 239 5049 1914 5123; baseline -0.001 -17"><span class='ocrx_word' id='word_1_385' title='bbox 239 5049 574 5106; x_wconf 76' lang='lat' dir='ltr'>duodecim</span> <span class='ocrx_word' id='word_1_386' title='bbox 605 5049 816 5106; x_wconf 88' lang='lat' dir='ltr'>Christi</span> <span class='ocrx_word' id='word_1_387' title='bbox 836 5049 1145 5123; x_wconf 89' lang='lat' dir='ltr'>discipulis</span> <span class='ocrx_word' id='word_1_388' title='bbox 1171 5049 1561 5106; x_wconf 88' lang='lat' dir='ltr'>communiter</span> <span class='ocrx_word' id='word_1_389' title='bbox 1579 5051 1914 5122; x_wconf 68' lang='lat' dir='ltr'>dicta,qum-</span> 
     </span>
    </p>
   </div>
   <div class='ocr_carea' id='block_1_56' title="bbox 232 5138 1915 5212">
    <p class='ocr_par' dir='ltr' id='par_1_56' title="bbox 232 5138 1915 5212">
     <span class='ocr_line' id='line_1_56' title="bbox 232 5138 1915 5212; baseline 0.001 -17"><span class='ocrx_word' id='word_1_390' title='bbox 232 5139 391 5195; x_wconf 83' lang='lat' dir='ltr'>&#39;dam</span> <span class='ocrx_word' id='word_1_391' title='bbox 424 5156 548 5195; x_wconf 83' lang='lat' dir='ltr'>non</span> <span class='ocrx_word' id='word_1_392' title='bbox 581 5138 776 5195; x_wconf 86' lang='lat' dir='ltr'>solum</span> <span class='ocrx_word' id='word_1_393' title='bbox 808 5139 868 5194; x_wconf 88' lang='lat' dir='ltr'>in</span> <span class='ocrx_word' id='word_1_394' title='bbox 899 5138 1441 5212; x_wconf 85' lang='lat' dir='ltr'>Evangelio,verum</span> <span class='ocrx_word' id='word_1_395' title='bbox 1474 5139 1649 5194; x_wconf 89' lang='lat' dir='ltr'>etiam</span> <span class='ocrx_word' id='word_1_396' title='bbox 1680 5140 1739 5194; x_wconf 90' lang='lat' dir='ltr'>in</span> <span class='ocrx_word' id='word_1_397' title='bbox 1762 5140 1915 5197; x_wconf 85' lang='lat' dir='ltr'>Acti-</span> 
     </span>
    </p>
   </div>
   <div class='ocr_carea' id='block_1_57' title="bbox 243 5227 1915 5301">
    <p class='ocr_par' dir='ltr' id='par_1_57' title="bbox 243 5227 1915 5301">
     <span class='ocr_line' id='line_1_57' title="bbox 243 5227 1915 5301; baseline 0.001 -17"><span class='ocrx_word' id='word_1_398' title='bbox 243 5227 369 5284; x_wconf 71' lang='lat' dir='ltr'>bus</span> <span class='ocrx_word' id='word_1_399' title='bbox 395 5227 808 5301; x_wconf 80' lang='lat' dir='ltr'>apostolorum</span> <span class='ocrx_word' id='word_1_400' title='bbox 841 5233 898 5284; x_wconf 87' lang='lat' dir='ltr'>et</span> <span class='ocrx_word' id='word_1_401' title='bbox 926 5228 986 5283; x_wconf 92' lang='lat' dir='ltr'>in</span> <span class='ocrx_word' id='word_1_402' title='bbox 1015 5227 1429 5284; x_wconf 89' lang='lat' dir='ltr'>ecclesiasticis</span> <span class='ocrx_word' id='word_1_403' title='bbox 1459 5229 1710 5300; x_wconf 86' lang='lat' dir='ltr'>sparsim</span> <span class='ocrx_word' id='word_1_404' title='bbox 1737 5229 1915 5286; x_wconf 90' lang='lat' dir='ltr'>histo-</span> 
     </span>
    </p>
   </div>
   <div class='ocr_carea' id='block_1_58' title="bbox 2031 2649 3681 2722">
    <p class='ocr_par' dir='ltr' id='par_1_58' title="bbox 2031 2649 3681 2722">
     <span class='ocr_line' id='line_1_58' title="bbox 2031 2649 3681 2722; baseline 0.001 -18"><span class='ocrx_word' id='word_1_405' title='bbox 2031 2656 2084 2704; x_wconf 83' lang='lat' dir='ltr'>et</span> <span class='ocrx_word' id='word_1_406' title='bbox 2111 2649 2328 2719; x_wconf 86' lang='lat' dir='ltr'>majora</span> <span class='ocrx_word' id='word_1_407' title='bbox 2357 2649 2550 2704; x_wconf 85' lang='lat' dir='ltr'>horum</span> <span class='ocrx_word' id='word_1_408' title='bbox 2579 2651 2751 2716; x_wconf 83' lang='lat' dir='ltr'>faciet</span> <span class='ocrx_word' id='word_1_409' title='bbox 2797 2651 2974 2721; x_wconf 86' lang='lat' dir='ltr'>(Joan.</span> <span class='ocrx_word' id='word_1_410' title='bbox 3007 2664 3123 2717; x_wconf 77' lang='lat' dir='ltr'>xtv,</span> <span class='ocrx_word' id='word_1_411' title='bbox 3158 2651 3265 2722; x_wconf 81' lang='lat'>12).</span> <span class='ocrx_word' id='word_1_412' title='bbox 3297 2650 3443 2705; x_wconf 92' lang='lat' dir='ltr'>Nam</span> <span class='ocrx_word' id='word_1_413' title='bbox 3475 2653 3540 2705; x_wconf 89' lang='lat' dir='ltr'>ut</span> <span class='ocrx_word' id='word_1_414' title='bbox 3569 2667 3681 2706; x_wconf 69' lang='lat' dir='ltr'>cas-</span> 
     </span>
    </p>
   </div>
   <div class='ocr_carea' id='block_1_59' title="bbox 2028 2735 3684 2809">
    <p class='ocr_par' dir='ltr' id='par_1_59' title="bbox 2028 2735 3684 2809">
     <span class='ocr_line' id='line_1_59' title="bbox 2028 2735 3684 2809; baseline 0.004 -21"><span class='ocrx_word' id='word_1_415' title='bbox 2028 2737 2152 2788; x_wconf 87' lang='lat' dir='ltr'>tera</span> <span class='ocrx_word' id='word_1_416' title='bbox 2199 2735 2354 2789; x_wconf 81' lang='lat' dir='ltr'>beati</span> <span class='ocrx_word' id='word_1_417' title='bbox 2407 2735 2581 2805; x_wconf 89' lang='lat' dir='ltr'>Petri,</span> <span class='ocrx_word' id='word_1_418' title='bbox 2616 2737 2897 2808; x_wconf 89' lang='lat' dir='ltr'>principis</span> <span class='ocrx_word' id='word_1_419' title='bbox 2945 2737 3365 2809; x_wconf 86' lang='lat' dir='ltr'>apostolorum,</span> <span class='ocrx_word' id='word_1_420' title='bbox 3400 2737 3684 2794; x_wconf 91' lang='lat' dir='ltr'>miracula</span> 
     </span>
    </p>
   </div>
   <div class='ocr_carea' id='block_1_60' title="bbox 2025 2823 3680 2898">
    <p class='ocr_par' dir='ltr' id='par_1_60' title="bbox 2025 2823 3680 2898">
     <span class='ocr_line' id='line_1_60' title="bbox 2025 2823 3680 2898; baseline 0.004 -21"><span class='ocrx_word' id='word_1_421' title='bbox 2025 2826 2347 2889; x_wconf 88' lang='lat' dir='ltr'>taceamus,</span> <span class='ocrx_word' id='word_1_422' title='bbox 2399 2823 2506 2879; x_wconf 88' lang='lat' dir='ltr'>hoc</span> <span class='ocrx_word' id='word_1_423' title='bbox 2569 2842 2751 2880; x_wconf 91' lang='lat' dir='ltr'>unum</span> <span class='ocrx_word' id='word_1_424' title='bbox 2805 2825 3060 2880; x_wconf 80' lang='lat' dir='ltr'>sufﬁciat</span> <span class='ocrx_word' id='word_1_425' title='bbox 3107 2826 3364 2898; x_wconf 80' lang='lat' dir='ltr'>proferre</span> <span class='ocrx_word' id='word_1_426' title='bbox 3415 2829 3571 2898; x_wconf 90' lang='lat' dir='ltr'>quod</span> <span class='ocrx_word' id='word_1_427' title='bbox 3619 2828 3680 2883; x_wconf 86' lang='lat' dir='ltr'>in</span> 
     </span>
    </p>
   </div>
   <div class='ocr_carea' id='block_1_61' title="bbox 2027 2911 3679 2988">
    <p class='ocr_par' dir='ltr' id='par_1_61' title="bbox 2027 2911 3679 2988">
     <span class='ocr_line' id='line_1_61' title="bbox 2027 2911 3679 2988; baseline 0.004 -22"><span class='ocrx_word' id='word_1_428' title='bbox 2027 2911 2238 2984; x_wconf 87' lang='lat' dir='ltr'>plateis</span> <span class='ocrx_word' id='word_1_429' title='bbox 2269 2914 2638 2984; x_wconf 89' lang='lat' dir='ltr'>ponebantur</span> <span class='ocrx_word' id='word_1_430' title='bbox 2667 2915 2906 2985; x_wconf 81' lang='lat' dir='ltr'>inﬁrmi,</span> <span class='ocrx_word' id='word_1_431' title='bbox 2939 2918 3006 2970; x_wconf 90' lang='lat' dir='ltr'>ut</span> <span class='ocrx_word' id='word_1_432' title='bbox 3035 2916 3374 2971; x_wconf 86' lang='lat' dir='ltr'>adveniente</span> <span class='ocrx_word' id='word_1_433' title='bbox 3404 2915 3532 2988; x_wconf 90' lang='lat' dir='ltr'>ipso</span> <span class='ocrx_word' id='word_1_434' title='bbox 3564 2917 3679 2972; x_wconf 88' lang='lat' dir='ltr'>sal-</span> 
     </span>
    </p>
   </div>
   <div class='ocr_carea' id='block_1_62' title="bbox 2026 3001 3680 3072">
    <p class='ocr_par' dir='ltr' id='par_1_62' title="bbox 2026 3001 3680 3072">
     <span class='ocr_line' id='line_1_62' title="bbox 2026 3001 3680 3072; baseline 0.004 -17"><span class='ocrx_word' id='word_1_435' title='bbox 2026 3005 2144 3056; x_wconf 88' lang='lat' dir='ltr'>tem</span> <span class='ocrx_word' id='word_1_436' title='bbox 2168 3019 2270 3072; x_wconf 90' lang='lat' dir='ltr'>per</span> <span class='ocrx_word' id='word_1_437' title='bbox 2290 3001 2560 3057; x_wconf 88' lang='lat' dir='ltr'>umbram</span> <span class='ocrx_word' id='word_1_438' title='bbox 2583 3002 2739 3057; x_wconf 91' lang='lat' dir='ltr'>illius</span> <span class='ocrx_word' id='word_1_439' title='bbox 2753 3004 3330 3072; x_wconf 87' lang='lat' dir='ltr'>obumbrarentur,et</span> <span class='ocrx_word' id='word_1_440' title='bbox 3351 3005 3680 3062; x_wconf 82' lang='lat' dir='ltr'>abinﬁrmi-</span> 
     </span>
    </p>
   </div>
   <div class='ocr_carea' id='block_1_63' title="bbox 2023 3090 3680 3168">
    <p class='ocr_par' dir='ltr' id='par_1_63' title="bbox 2023 3090 3680 3168">
     <span class='ocr_line' id='line_1_63' title="bbox 2023 3090 3680 3168; baseline 0.003 -22"><span class='ocrx_word' id='word_1_441' title='bbox 2023 3090 2246 3146; x_wconf 84' lang='lat' dir='ltr'>tatibus</span> <span class='ocrx_word' id='word_1_442' title='bbox 2276 3091 2402 3146; x_wconf 88' lang='lat' dir='ltr'>suis</span> <span class='ocrx_word' id='word_1_443' title='bbox 2432 3091 2820 3148; x_wconf 87' lang='lat' dir='ltr'>liberarentur</span> <span class='ocrx_word' id='word_1_444' title='bbox 2847 3094 2980 3160; x_wconf 82' lang='lat' dir='ltr'>(Act.</span> <span class='ocrx_word' id='word_1_445' title='bbox 3015 3094 3192 3162; x_wconf 78' lang='lat' dir='ltr'>v,15).</span> <span class='ocrx_word' id='word_1_446' title='bbox 3225 3095 3387 3158; x_wconf 87' lang='lat' dir='ltr'>Quod</span> <span class='ocrx_word' id='word_1_447' title='bbox 3421 3095 3562 3168; x_wconf 91' lang='lat' dir='ltr'>quia</span> <span class='ocrx_word' id='word_1_448' title='bbox 3608 3096 3680 3151; x_wconf 87' lang='lat' dir='ltr'>de</span> 
     </span>
    </p>
   </div>
   <div class='ocr_carea' id='block_1_64' title="bbox 2025 3178 3680 3255">
    <p class='ocr_par' dir='ltr' id='par_1_64' title="bbox 2025 3178 3680 3255">
     <span class='ocr_line' id='line_1_64' title="bbox 2025 3178 3680 3255; baseline 0.003 -20"><span class='ocrx_word' id='word_1_449' title='bbox 2025 3178 2272 3235; x_wconf 90' lang='lat' dir='ltr'>Domino</span> <span class='ocrx_word' id='word_1_450' title='bbox 2305 3185 2502 3236; x_wconf 89' lang='lat' dir='ltr'>nostro</span> <span class='ocrx_word' id='word_1_451' title='bbox 2535 3198 2838 3252; x_wconf 88' lang='lat' dir='ltr'>nunquam</span> <span class='ocrx_word' id='word_1_452' title='bbox 2871 3181 3084 3252; x_wconf 89' lang='lat' dir='ltr'>legitur</span> <span class='ocrx_word' id='word_1_453' title='bbox 3115 3184 3524 3254; x_wconf 65' lang='lat' dir='ltr'>factumjuxta</span> <span class='ocrx_word' id='word_1_454' title='bbox 3551 3185 3680 3255; x_wconf 86' lang='lat' dir='ltr'>ejus</span> 
     </span>
    </p>
   </div>
   <div class='ocr_carea' id='block_1_65' title="bbox 2026 3268 3678 3340">
    <p class='ocr_par' dir='ltr' id='par_1_65' title="bbox 2026 3268 3678 3340">
     <span class='ocr_line' id='line_1_65' title="bbox 2026 3268 3678 3340; baseline 0.003 -17"><span class='ocrx_word' id='word_1_455' title='bbox 2026 3268 2405 3340; x_wconf 90' lang='lat' dir='ltr'>promissum,</span> <span class='ocrx_word' id='word_1_456' title='bbox 2435 3270 2495 3324; x_wconf 88' lang='lat' dir='ltr'>in</span> <span class='ocrx_word' id='word_1_457' title='bbox 2528 3287 2590 3325; x_wconf 91' lang='lat' dir='ltr'>se</span> <span class='ocrx_word' id='word_1_458' title='bbox 2619 3272 2898 3326; x_wconf 85' lang='lat' dir='ltr'>veraciter</span> <span class='ocrx_word' id='word_1_459' title='bbox 2928 3272 3169 3325; x_wconf 89' lang='lat' dir='ltr'>credens</span> <span class='ocrx_word' id='word_1_460' title='bbox 3217 3272 3425 3326; x_wconf 87' lang='lat' dir='ltr'>beatus</span> <span class='ocrx_word' id='word_1_461' title='bbox 3456 3271 3678 3328; x_wconf 89' lang='lat' dir='ltr'>scilicet</span> 
     </span>
    </p>
   </div>
   <div class='ocr_carea' id='block_1_66' title="bbox 2025 3357 3671 3430">
    <p class='ocr_par' dir='ltr' id='par_1_66' title="bbox 2025 3357 3671 3430">
     <span class='ocr_line' id='line_1_66' title="bbox 2025 3357 3671 3430; baseline 0.001 -17"><span class='ocrx_word' id='word_1_462' title='bbox 2025 3357 2392 3427; x_wconf 86' lang='lat' dir='ltr'>Petrus,fecit</span> <span class='ocrx_word' id='word_1_463' title='bbox 2422 3361 2614 3427; x_wconf 87' lang='lat' dir='ltr'>majus</span> <span class='ocrx_word' id='word_1_464' title='bbox 2645 3375 2821 3430; x_wconf 88' lang='lat' dir='ltr'>quam</span> <span class='ocrx_word' id='word_1_465' title='bbox 2854 3358 3118 3413; x_wconf 88' lang='lat' dir='ltr'>Christus</span> <span class='ocrx_word' id='word_1_466' title='bbox 3153 3358 3524 3413; x_wconf 89' lang='lat' dir='ltr'>miraculum.</span> <span class='ocrx_word' id='word_1_467' title='bbox 3545 3359 3671 3428; x_wconf 88' lang='lat' dir='ltr'>Cui,</span> 
     </span>
    </p>
   </div>
   <div class='ocr_carea' id='block_1_67' title="bbox 2025 3445 3410 3518">
    <p class='ocr_par' dir='ltr' id='par_1_67' title="bbox 2025 3445 3410 3518">
     <span class='ocr_line' id='line_1_67' title="bbox 2025 3445 3410 3518; baseline -0.001 -16"><span class='ocrx_word' id='word_1_468' title='bbox 2025 3463 2185 3518; x_wconf 88' lang='lat' dir='ltr'>rogo,</span> <span class='ocrx_word' id='word_1_469' title='bbox 2218 3445 2332 3500; x_wconf 89' lang='lat' dir='ltr'>tale</span> <span class='ocrx_word' id='word_1_470' title='bbox 2363 3445 2585 3518; x_wconf 89' lang='lat' dir='ltr'>aliquid</span> <span class='ocrx_word' id='word_1_471' title='bbox 2619 3446 2732 3501; x_wconf 90' lang='lat' dir='ltr'>nisi</span> <span class='ocrx_word' id='word_1_472' title='bbox 2765 3445 3053 3518; x_wconf 90' lang='lat' dir='ltr'>discipulo</span> <span class='ocrx_word' id='word_1_473' title='bbox 3085 3446 3410 3501; x_wconf 84' lang='lat' dir='ltr'>reseravit?</span> 
     </span>
    </p>
   </div>
   <div class='ocr_carea' id='block_1_68' title="bbox 2095 3533 3676 3607">
    <p class='ocr_par' dir='ltr' id='par_1_68' title="bbox 2095 3533 3676 3607">
     <span class='ocr_line' id='line_1_68' title="bbox 2095 3533 3676 3607; baseline 0.001 -17"><span class='ocrx_word' id='word_1_474' title='bbox 2095 3536 2254 3591; x_wconf 89' lang='lat' dir='ltr'>Idem</span> <span class='ocrx_word' id='word_1_475' title='bbox 2280 3551 2413 3590; x_wconf 89' lang='lat' dir='ltr'>vero</span> <span class='ocrx_word' id='word_1_476' title='bbox 2446 3536 2596 3606; x_wconf 88' lang='lat' dir='ltr'>quod</span> <span class='ocrx_word' id='word_1_477' title='bbox 2630 3536 2700 3590; x_wconf 88' lang='lat' dir='ltr'>de</span> <span class='ocrx_word' id='word_1_478' title='bbox 2731 3552 2847 3591; x_wconf 92' lang='lat' dir='ltr'>uno</span> <span class='ocrx_word' id='word_1_479' title='bbox 2880 3533 3142 3607; x_wconf 86' lang='lat' dir='ltr'>apostolo</span> <span class='ocrx_word' id='word_1_480' title='bbox 3173 3534 3447 3604; x_wconf 88' lang='lat' dir='ltr'>diximus,</span> <span class='ocrx_word' id='word_1_481' title='bbox 3471 3536 3543 3592; x_wconf 91' lang='lat' dir='ltr'>de</span> <span class='ocrx_word' id='word_1_482' title='bbox 3572 3553 3676 3592; x_wconf 63' lang='lat' dir='ltr'>ce-</span> 
     </span>
    </p>
   </div>
   <div class='ocr_carea' id='block_1_69' title="bbox 2023 3624 3673 3696">
    <p class='ocr_par' dir='ltr' id='par_1_69' title="bbox 2023 3624 3673 3696">
     <span class='ocr_line' id='line_1_69' title="bbox 2023 3624 3673 3696; baseline 0.001 -16"><span class='ocrx_word' id='word_1_483' title='bbox 2023 3624 2187 3690; x_wconf 88' lang='lat' dir='ltr'>teris,</span> <span class='ocrx_word' id='word_1_484' title='bbox 2219 3625 2328 3680; x_wconf 90' lang='lat' dir='ltr'>etsi</span> <span class='ocrx_word' id='word_1_485' title='bbox 2375 3641 2490 3680; x_wconf 92' lang='lat' dir='ltr'>non</span> <span class='ocrx_word' id='word_1_486' title='bbox 2518 3624 2742 3694; x_wconf 75' lang='lat' dir='ltr'>omnia</span> <span class='ocrx_word' id='word_1_487' title='bbox 2793 3641 2995 3679; x_wconf 88' lang='lat' dir='ltr'>eorum</span> <span class='ocrx_word' id='word_1_488' title='bbox 3045 3624 3194 3679; x_wconf 85' lang='lat' dir='ltr'>facta</span> <span class='ocrx_word' id='word_1_489' title='bbox 3243 3624 3577 3696; x_wconf 87' lang='lat' dir='ltr'>legerimus,</span> <span class='ocrx_word' id='word_1_490' title='bbox 3612 3625 3673 3681; x_wconf 92' lang='lat' dir='ltr'>in</span> 
     </span>
    </p>
   </div>
   <div class='ocr_carea' id='block_1_70' title="bbox 2025 3712 3674 3784">
    <p class='ocr_par' dir='ltr' id='par_1_70' title="bbox 2025 3712 3674 3784">
     <span class='ocr_line' id='line_1_70' title="bbox 2025 3712 3674 3784; baseline 0 -15"><span class='ocrx_word' id='word_1_491' title='bbox 2025 3713 2221 3784; x_wconf 90' lang='lat' dir='ltr'>aliquo</span> <span class='ocrx_word' id='word_1_492' title='bbox 2279 3729 2408 3769; x_wconf 90' lang='lat' dir='ltr'>esse</span> <span class='ocrx_word' id='word_1_493' title='bbox 2465 3712 2748 3768; x_wconf 89' lang='lat' dir='ltr'>miraculo</span> <span class='ocrx_word' id='word_1_494' title='bbox 2807 3712 3122 3768; x_wconf 87' lang='lat' dir='ltr'>credimus.</span> <span class='ocrx_word' id='word_1_495' title='bbox 3182 3713 3457 3777; x_wconf 87' lang='lat' dir='ltr'>Quamvis</span> <span class='ocrx_word' id='word_1_496' title='bbox 3515 3713 3674 3770; x_wconf 90' lang='lat' dir='ltr'>enim</span> 
     </span>
    </p>
   </div>
   <div class='ocr_carea' id='block_1_71' title="bbox 2023 3801 3673 3872">
    <p class='ocr_par' dir='ltr' id='par_1_71' title="bbox 2023 3801 3673 3872">
     <span class='ocr_line' id='line_1_71' title="bbox 2023 3801 3673 3872; baseline 0 -14"><span class='ocrx_word' id='word_1_497' title='bbox 2023 3802 2250 3858; x_wconf 88' lang='lat' dir='ltr'>cunctis</span> <span class='ocrx_word' id='word_1_498' title='bbox 2297 3801 2358 3857; x_wconf 89' lang='lat' dir='ltr'>in</span> <span class='ocrx_word' id='word_1_499' title='bbox 2391 3819 2519 3858; x_wconf 90' lang='lat' dir='ltr'>sese</span> <span class='ocrx_word' id='word_1_500' title='bbox 2566 3802 2940 3858; x_wconf 84' lang='lat' dir='ltr'>credentibus</span> <span class='ocrx_word' id='word_1_501' title='bbox 2990 3801 3176 3857; x_wconf 91' lang='lat' dir='ltr'>multa</span> <span class='ocrx_word' id='word_1_502' title='bbox 3222 3803 3375 3858; x_wconf 90' lang='lat' dir='ltr'>dona</span> <span class='ocrx_word' id='word_1_503' title='bbox 3422 3802 3673 3872; x_wconf 89' lang='lat' dir='ltr'>dederit,</span> 
     </span>
    </p>
   </div>
   <div class='ocr_carea' id='block_1_72' title="bbox 2021 3890 3674 3964">
    <p class='ocr_par' dir='ltr' id='par_1_72' title="bbox 2021 3890 3674 3964">
     <span class='ocr_line' id='line_1_72' title="bbox 2021 3890 3674 3964; baseline -0.001 -17"><span class='ocrx_word' id='word_1_504' title='bbox 2021 3891 2298 3964; x_wconf 87' lang='lat' dir='ltr'>specialia</span> <span class='ocrx_word' id='word_1_505' title='bbox 2326 3895 2521 3946; x_wconf 89' lang='lat' dir='ltr'>tamen</span> <span class='ocrx_word' id='word_1_506' title='bbox 2557 3890 3013 3964; x_wconf 86' lang='lat' dir='ltr'>apostolis,quos</span> <span class='ocrx_word' id='word_1_507' title='bbox 3042 3891 3168 3962; x_wconf 90' lang='lat' dir='ltr'>ipse</span> <span class='ocrx_word' id='word_1_508' title='bbox 3193 3890 3674 3962; x_wconf 84' lang='lat' dir='ltr'>corporaliterin—</span> 
     </span>
    </p>
   </div>
   <div class='ocr_carea' id='block_1_73' title="bbox 2021 3979 3673 4050">
    <p class='ocr_par' dir='ltr' id='par_1_73' title="bbox 2021 3979 3673 4050">
     <span class='ocr_line' id='line_1_73' title="bbox 2021 3979 3673 4050; baseline 0 -15"><span class='ocrx_word' id='word_1_509' title='bbox 2021 3980 2647 4047; x_wconf 88' lang='lat' dir='ltr'>struxerat,concessit.</span> <span class='ocrx_word' id='word_1_510' title='bbox 2682 3979 2902 4034; x_wconf 90' lang='lat' dir='ltr'>Idcirco</span> <span class='ocrx_word' id='word_1_511' title='bbox 2934 3983 3126 4034; x_wconf 90' lang='lat' dir='ltr'>autem</span> <span class='ocrx_word' id='word_1_512' title='bbox 3159 3979 3299 4050; x_wconf 90' lang='lat' dir='ltr'>quia</span> <span class='ocrx_word' id='word_1_513' title='bbox 3329 3979 3572 4034; x_wconf 89' lang='lat' dir='ltr'>minime</span> <span class='ocrx_word' id='word_1_514' title='bbox 3601 3980 3673 4035; x_wconf 90' lang='lat' dir='ltr'>de</span> 
     </span>
    </p>
   </div>
   <div class='ocr_carea' id='block_1_74' title="bbox 2019 4067 3672 4142">
    <p class='ocr_par' dir='ltr' id='par_1_74' title="bbox 2019 4067 3672 4142">
     <span class='ocr_line' id='line_1_74' title="bbox 2019 4067 3672 4142; baseline -0.001 -16"><span class='ocrx_word' id='word_1_515' title='bbox 2019 4069 2295 4126; x_wconf 91' lang='lat' dir='ltr'>omnibus</span> <span class='ocrx_word' id='word_1_516' title='bbox 2324 4068 2632 4142; x_wconf 89' lang='lat' dir='ltr'>discipulis</span> <span class='ocrx_word' id='word_1_517' title='bbox 2660 4068 2904 4124; x_wconf 85' lang='lat' dir='ltr'>virtutes</span> <span class='ocrx_word' id='word_1_518' title='bbox 2937 4068 3218 4140; x_wconf 88' lang='lat' dir='ltr'>speciales</span> <span class='ocrx_word' id='word_1_519' title='bbox 3249 4067 3528 4141; x_wconf 87' lang='lat' dir='ltr'>replicare</span> <span class='ocrx_word' id='word_1_520' title='bbox 3570 4085 3672 4140; x_wconf 89' lang='lat' dir='ltr'>po-</span> 
     </span>
    </p>
   </div>
   <div class='ocr_carea' id='block_1_75' title="bbox 2018 4158 3670 4230">
    <p class='ocr_par' dir='ltr' id='par_1_75' title="bbox 2018 4158 3670 4230">
     <span class='ocr_line' id='line_1_75' title="bbox 2018 4158 3670 4230; baseline -0.001 -16"><span class='ocrx_word' id='word_1_521' title='bbox 2018 4159 2287 4226; x_wconf 89' lang='lat' dir='ltr'>terimus,</span> <span class='ocrx_word' id='word_1_522' title='bbox 2322 4158 2521 4230; x_wconf 86' lang='lat' dir='ltr'>aliqua</span> <span class='ocrx_word' id='word_1_523' title='bbox 2550 4175 2753 4213; x_wconf 90' lang='lat' dir='ltr'>eorum</span> <span class='ocrx_word' id='word_1_524' title='bbox 2785 4162 2949 4229; x_wconf 90' lang='lat' dir='ltr'>gesta</span> <span class='ocrx_word' id='word_1_525' title='bbox 2980 4158 3274 4230; x_wconf 66' lang='lat' dir='ltr'>memoriae</span> <span class='ocrx_word' id='word_1_526' title='bbox 3306 4167 3518 4213; x_wconf 66' lang='lat' dir='ltr'>nostra:</span> <span class='ocrx_word' id='word_1_527' title='bbox 3550 4160 3670 4212; x_wconf 87' lang='lat' dir='ltr'>tra-</span> 
     </span>
    </p>
   </div>
   <div class='ocr_carea' id='block_1_76' title="bbox 2019 4239 3672 4318">
    <p class='ocr_par' dir='ltr' id='par_1_76' title="bbox 2019 4239 3672 4318">
     <span class='ocr_line' id='line_1_76' title="bbox 2019 4239 3672 4318; baseline -0.001 -16"><span class='ocrx_word' id='word_1_528' title='bbox 2019 4248 2143 4303; x_wconf 89' lang='lat' dir='ltr'>dita</span> <span class='ocrx_word' id='word_1_529' title='bbox 2173 4249 2231 4302; x_wconf 88' lang='lat' dir='ltr'>in</span> <span class='ocrx_word' id='word_1_530' title='bbox 2283 4239 2624 4303; x_wconf 80' lang='lat' dir='ltr'>eorumdem</span> <span class='ocrx_word' id='word_1_531' title='bbox 2665 4247 2951 4302; x_wconf 89' lang='lat' dir='ltr'>solemnia</span> <span class='ocrx_word' id='word_1_532' title='bbox 2999 4251 3056 4302; x_wconf 91' lang='lat' dir='ltr'>et</span> <span class='ocrx_word' id='word_1_533' title='bbox 3104 4247 3330 4312; x_wconf 87' lang='lat' dir='ltr'>laudes,</span> <span class='ocrx_word' id='word_1_534' title='bbox 3363 4263 3509 4318; x_wconf 86' lang='lat' dir='ltr'>quas</span> <span class='ocrx_word' id='word_1_535' title='bbox 3556 4263 3672 4318; x_wconf 63' lang='lat' dir='ltr'>prae</span> 
     </span>
    </p>
   </div>
   <div class='ocr_carea' id='block_1_77' title="bbox 2020 4335 3672 4407">
    <p class='ocr_par' dir='ltr' id='par_1_77' title="bbox 2020 4335 3672 4407">
     <span class='ocr_line' id='line_1_77' title="bbox 2020 4335 3672 4407; baseline -0.001 -15"><span class='ocrx_word' id='word_1_536' title='bbox 2020 4337 2242 4392; x_wconf 66' lang='lat' dir='ltr'>caeteris</span> <span class='ocrx_word' id='word_1_537' title='bbox 2289 4337 2568 4392; x_wconf 90' lang='lat' dir='ltr'>celebrari</span> <span class='ocrx_word' id='word_1_538' title='bbox 2619 4336 2829 4391; x_wconf 89' lang='lat' dir='ltr'>debere</span> <span class='ocrx_word' id='word_1_539' title='bbox 2883 4335 3255 4405; x_wconf 86' lang='lat' dir='ltr'>arbitramur,</span> <span class='ocrx_word' id='word_1_540' title='bbox 3297 4335 3672 4407; x_wconf 86' lang='lat' dir='ltr'>proferimus.</span> 
     </span>
    </p>
   </div>
   <div class='ocr_carea' id='block_1_78' title="bbox 2019 4423 3670 4496">
    <p class='ocr_par' dir='ltr' id='par_1_78' title="bbox 2019 4423 3670 4496">
     <span class='ocr_line' id='line_1_78' title="bbox 2019 4423 3670 4496; baseline -0.004 -14"><span class='ocrx_word' id='word_1_541' title='bbox 2019 4427 2155 4482; x_wconf 87' lang='lat' dir='ltr'>Post</span> <span class='ocrx_word' id='word_1_542' title='bbox 2170 4430 2406 4481; x_wconf 85' lang='lat' dir='ltr'>Petrum</span> <span class='ocrx_word' id='word_1_543' title='bbox 2430 4424 2646 4480; x_wconf 88' lang='lat' dir='ltr'>Paulus</span> <span class='ocrx_word' id='word_1_544' title='bbox 2667 4423 2872 4479; x_wconf 87' lang='lat' dir='ltr'>merito</span> <span class='ocrx_word' id='word_1_545' title='bbox 2889 4424 3143 4495; x_wconf 89' lang='lat' dir='ltr'>primum</span> <span class='ocrx_word' id='word_1_546' title='bbox 3159 4424 3530 4496; x_wconf 90' lang='lat' dir='ltr'>replicandus</span> <span class='ocrx_word' id='word_1_547' title='bbox 3549 4423 3670 4493; x_wconf 91' lang='lat' dir='ltr'>qui,</span> 
     </span>
    </p>
   </div>
   <div class='ocr_carea' id='block_1_79' title="bbox 2018 4512 3671 4585">
    <p class='ocr_par' dir='ltr' id='par_1_79' title="bbox 2018 4512 3671 4585">
     <span class='ocr_line' id='line_1_79' title="bbox 2018 4512 3671 4585; baseline -0.004 -14"><span class='ocrx_word' id='word_1_548' title='bbox 2018 4515 2154 4571; x_wconf 89' lang='lat' dir='ltr'>licet</span> <span class='ocrx_word' id='word_1_549' title='bbox 2179 4515 2240 4570; x_wconf 91' lang='lat' dir='ltr'>in</span> <span class='ocrx_word' id='word_1_550' title='bbox 2272 4515 2580 4570; x_wconf 88' lang='lat' dir='ltr'>duodecim</span> <span class='ocrx_word' id='word_1_551' title='bbox 2622 4512 3023 4585; x_wconf 89' lang='lat' dir='ltr'>apostolorum</span> <span class='ocrx_word' id='word_1_552' title='bbox 3054 4529 3088 4567; x_wconf 84' lang='lat' dir='ltr'>a</span> <span class='ocrx_word' id='word_1_553' title='bbox 3115 4513 3253 4567; x_wconf 87' lang='lat' dir='ltr'>Jesu</span> <span class='ocrx_word' id='word_1_554' title='bbox 3285 4512 3514 4567; x_wconf 87' lang='lat' dir='ltr'>Christo</span> <span class='ocrx_word' id='word_1_555' title='bbox 3545 4527 3671 4565; x_wconf 87' lang='lat' dir='ltr'>cor-</span> 
     </span>
    </p>
   </div>
   <div class='ocr_carea' id='block_1_80' title="bbox 2021 4598 3672 4677">
    <p class='ocr_par' dir='ltr' id='par_1_80' title="bbox 2021 4598 3672 4677">
     <span class='ocr_line' id='line_1_80' title="bbox 2021 4598 3672 4677; baseline -0.005 -17"><span class='ocrx_word' id='word_1_556' title='bbox 2021 4604 2296 4677; x_wconf 87' lang='lat' dir='ltr'>poraliter</span> <span class='ocrx_word' id='word_1_557' title='bbox 2308 4604 2624 4659; x_wconf 88' lang='lat' dir='ltr'>electorum</span> <span class='ocrx_word' id='word_1_558' title='bbox 2641 4617 2884 4657; x_wconf 90' lang='lat' dir='ltr'>numero</span> <span class='ocrx_word' id='word_1_559' title='bbox 2897 4618 3012 4656; x_wconf 89' lang='lat' dir='ltr'>non</span> <span class='ocrx_word' id='word_1_560' title='bbox 3027 4601 3103 4655; x_wconf 88' lang='lat' dir='ltr'>sit</span> <span class='ocrx_word' id='word_1_561' title='bbox 3118 4598 3672 4670; x_wconf 76' lang='lat' dir='ltr'>deputatus,eequali</span> 
     </span>
    </p>
   </div>
   <div class='ocr_carea' id='block_1_81' title="bbox 2016 4687 3671 4763">
    <p class='ocr_par' dir='ltr' id='par_1_81' title="bbox 2016 4687 3671 4763">
     <span class='ocr_line' id='line_1_81' title="bbox 2016 4687 3671 4763; baseline -0.006 -12"><span class='ocrx_word' id='word_1_562' title='bbox 2016 4699 2214 4751; x_wconf 88' lang='lat' dir='ltr'>tamen</span> <span class='ocrx_word' id='word_1_563' title='bbox 2248 4691 2456 4749; x_wconf 88' lang='lat' dir='ltr'>merito</span> <span class='ocrx_word' id='word_1_564' title='bbox 2487 4708 2590 4763; x_wconf 89' lang='lat' dir='ltr'>per</span> <span class='ocrx_word' id='word_1_565' title='bbox 2618 4706 2932 4763; x_wconf 89' lang='lat' dir='ltr'>supernam</span> <span class='ocrx_word' id='word_1_566' title='bbox 2975 4688 3333 4744; x_wconf 89' lang='lat' dir='ltr'>vocationem</span> <span class='ocrx_word' id='word_1_567' title='bbox 3369 4691 3424 4743; x_wconf 87' lang='lat' dir='ltr'>et</span> <span class='ocrx_word' id='word_1_568' title='bbox 3455 4687 3671 4744; x_wconf 89' lang='lat' dir='ltr'>doctri-</span> 
     </span>
    </p>
   </div>
   <div class='ocr_carea' id='block_1_82' title="bbox 2019 4775 3668 4850">
    <p class='ocr_par' dir='ltr' id='par_1_82' title="bbox 2019 4775 3668 4850">
     <span class='ocr_line' id='line_1_82' title="bbox 2019 4775 3668 4850; baseline -0.005 -11"><span class='ocrx_word' id='word_1_569' title='bbox 2019 4801 2157 4839; x_wconf 90' lang='lat' dir='ltr'>nam</span> <span class='ocrx_word' id='word_1_570' title='bbox 2191 4781 2520 4836; x_wconf 86' lang='lat' dir='ltr'>mirabilem</span> <span class='ocrx_word' id='word_1_571' title='bbox 2551 4781 2704 4834; x_wconf 89' lang='lat' dir='ltr'>inter</span> <span class='ocrx_word' id='word_1_572' title='bbox 2735 4776 3055 4850; x_wconf 90' lang='lat' dir='ltr'>apostolica</span> <span class='ocrx_word' id='word_1_573' title='bbox 3098 4775 3388 4832; x_wconf 87' lang='lat' dir='ltr'>consortia</span> <span class='ocrx_word' id='word_1_574' title='bbox 3417 4779 3476 4831; x_wconf 92' lang='lat' dir='ltr'>et</span> <span class='ocrx_word' id='word_1_575' title='bbox 3501 4791 3668 4832; x_wconf 86' lang='lat' dir='ltr'>voca-</span> 
     </span>
    </p>
   </div>
   <div class='ocr_carea' id='block_1_83' title="bbox 2017 4866 3676 4941">
    <p class='ocr_par' dir='ltr' id='par_1_83' title="bbox 2017 4866 3676 4941">
     <span class='ocr_line' id='line_1_83' title="bbox 2017 4866 3676 4941; baseline -0.005 -13"><span class='ocrx_word' id='word_1_576' title='bbox 2017 4872 2161 4928; x_wconf 89' lang='lat' dir='ltr'>bula</span> <span class='ocrx_word' id='word_1_577' title='bbox 2190 4875 2418 4927; x_wconf 89' lang='lat' dir='ltr'>constat</span> <span class='ocrx_word' id='word_1_578' title='bbox 2447 4871 2809 4941; x_wconf 90' lang='lat' dir='ltr'>assumptus.</span> <span class='ocrx_word' id='word_1_579' title='bbox 2843 4871 2910 4923; x_wconf 86' lang='lat' dir='ltr'>Et</span> <span class='ocrx_word' id='word_1_580' title='bbox 2938 4866 3046 4923; x_wconf 92' lang='lat' dir='ltr'>hoc</span> <span class='ocrx_word' id='word_1_581' title='bbox 3079 4866 3331 4922; x_wconf 82' lang='lat' dir='ltr'>maxime</span> <span class='ocrx_word' id='word_1_582' title='bbox 3369 4868 3676 4938; x_wconf 89' lang='lat' dir='ltr'>propterea</span> 
     </span>
    </p>
   </div>
   <div class='ocr_carea' id='block_1_84' title="bbox 2020 4955 3670 5036">
    <p class='ocr_par' dir='ltr' id='par_1_84' title="bbox 2020 4955 3670 5036">
     <span class='ocr_line' id='line_1_84' title="bbox 2020 4955 3670 5036; baseline -0.005 -19"><span class='ocrx_word' id='word_1_583' title='bbox 2020 4960 2254 5036; x_wconf 87' lang='lat' dir='ltr'>probari</span> <span class='ocrx_word' id='word_1_584' title='bbox 2309 4960 2556 5027; x_wconf 88' lang='lat' dir='ltr'>videtur,</span> <span class='ocrx_word' id='word_1_585' title='bbox 2591 4957 2728 5029; x_wconf 88' lang='lat' dir='ltr'>quia</span> <span class='ocrx_word' id='word_1_586' title='bbox 2760 4957 2963 5012; x_wconf 89' lang='lat' dir='ltr'>eodem</span> <span class='ocrx_word' id='word_1_587' title='bbox 3010 4959 3270 5028; x_wconf 87' lang='lat' dir='ltr'>tempore</span> <span class='ocrx_word' id='word_1_588' title='bbox 3301 4971 3415 5027; x_wconf 90' lang='lat' dir='ltr'>quo</span> <span class='ocrx_word' id='word_1_589' title='bbox 3464 4955 3670 5011; x_wconf 89' lang='lat' dir='ltr'>beatus</span> 
     </span>
    </p>
   </div>
   <div class='ocr_carea' id='block_1_85' title="bbox 2021 5044 3670 5122">
    <p class='ocr_par' dir='ltr' id='par_1_85' title="bbox 2021 5044 3670 5122">
     <span class='ocr_line' id='line_1_85' title="bbox 2021 5044 3670 5122; baseline -0.005 -15"><span class='ocrx_word' id='word_1_590' title='bbox 2021 5056 2230 5107; x_wconf 90' lang='lat' dir='ltr'>Petrus</span> <span class='ocrx_word' id='word_1_591' title='bbox 2259 5047 2574 5122; x_wconf 74' lang='lat' dir='ltr'>przedicare</span> <span class='ocrx_word' id='word_1_592' title='bbox 2603 5047 2796 5119; x_wconf 86' lang='lat' dir='ltr'>coepit,</span> <span class='ocrx_word' id='word_1_593' title='bbox 2829 5051 2886 5102; x_wconf 87' lang='lat' dir='ltr'>et</span> <span class='ocrx_word' id='word_1_594' title='bbox 2913 5046 3038 5118; x_wconf 88' lang='lat' dir='ltr'>ipse</span> <span class='ocrx_word' id='word_1_595' title='bbox 3086 5044 3430 5118; x_wconf 61' lang='lat' dir='ltr'>praedicator</span> <span class='ocrx_word' id='word_1_596' title='bbox 3459 5044 3670 5109; x_wconf 86' lang='lat' dir='ltr'>factus,</span> 
     </span>
    </p>
   </div>
   <div class='ocr_carea' id='block_1_86' title="bbox 2024 5131 3670 5207">
    <p class='ocr_par' dir='ltr' id='par_1_86' title="bbox 2024 5131 3670 5207">
     <span class='ocr_line' id='line_1_86' title="bbox 2024 5131 3670 5207; baseline -0.004 -12"><span class='ocrx_word' id='word_1_597' title='bbox 2024 5141 2179 5196; x_wconf 89' lang='lat' dir='ltr'>diem</span> <span class='ocrx_word' id='word_1_598' title='bbox 2210 5155 2396 5194; x_wconf 91' lang='lat' dir='ltr'>unum</span> <span class='ocrx_word' id='word_1_599' title='bbox 2427 5140 2483 5193; x_wconf 89' lang='lat' dir='ltr'>et</span> <span class='ocrx_word' id='word_1_600' title='bbox 2514 5137 2785 5192; x_wconf 89' lang='lat' dir='ltr'>eumdem</span> <span class='ocrx_word' id='word_1_601' title='bbox 2836 5134 3029 5190; x_wconf 90' lang='lat' dir='ltr'>locum</span> <span class='ocrx_word' id='word_1_602' title='bbox 3062 5133 3352 5207; x_wconf 87' lang='lat' dir='ltr'>passionis</span> <span class='ocrx_word' id='word_1_603' title='bbox 3406 5149 3540 5188; x_wconf 91' lang='lat' dir='ltr'>cum</span> <span class='ocrx_word' id='word_1_604' title='bbox 3569 5131 3670 5188; x_wconf 90' lang='lat' dir='ltr'>illo</span> 
     </span>
    </p>
   </div>
   <div class='ocr_carea' id='block_1_87' title="bbox 2021 5222 3672 5286">
    <p class='ocr_par' dir='ltr' id='par_1_87' title="bbox 2021 5222 3672 5286">
     <span class='ocr_line' id='line_1_87' title="bbox 2021 5222 3672 5286; baseline -0.007 1"><span class='ocrx_word' id='word_1_605' title='bbox 2021 5231 2238 5286; x_wconf 85' lang='lat' dir='ltr'>habere</span> <span class='ocrx_word' id='word_1_606' title='bbox 2290 5227 2642 5283; x_wconf 91' lang='lat' dir='ltr'>merebatur.</span> <span class='ocrx_word' id='word_1_607' title='bbox 2676 5225 2738 5280; x_wconf 91' lang='lat' dir='ltr'>In</span> <span class='ocrx_word' id='word_1_608' title='bbox 2777 5229 3008 5280; x_wconf 90' lang='lat' dir='ltr'>tantum</span> <span class='ocrx_word' id='word_1_609' title='bbox 3039 5228 3235 5279; x_wconf 87' lang='lat' dir='ltr'>autem</span> <span class='ocrx_word' id='word_1_610' title='bbox 3266 5222 3421 5278; x_wconf 90' lang='lat' dir='ltr'>idem</span> <span class='ocrx_word' id='word_1_611' title='bbox 3465 5223 3672 5276; x_wconf 87' lang='lat' dir='ltr'>beatus</span> 
     </span>
    </p>
   </div>
   <div class='ocr_carea' id='block_1_88' title="bbox 238 5307 3672 5391">
    <p class='ocr_par' dir='ltr' id='par_1_88' title="bbox 238 5307 3672 5391">
     <span class='ocr_line' id='line_1_88' title="bbox 238 5307 3672 5391; baseline -0.003 -17"><span class='ocrx_word' id='word_1_612' title='bbox 238 5318 360 5374; x_wconf 71' lang='lat' dir='ltr'>‘riis</span> <span class='ocrx_word' id='word_1_613' title='bbox 389 5317 619 5391; x_wconf 84' lang='lat' dir='ltr'>scripta</span> <span class='ocrx_word' id='word_1_614' title='bbox 641 5317 842 5373; x_wconf 81' lang='lat' dir='ltr'>valent</span> <span class='ocrx_word' id='word_1_615' title='bbox 871 5317 1264 5390; x_wconf 83' lang='lat' dir='ltr'>reperiri,quae</span> <span class='ocrx_word' id='word_1_616' title='bbox 1301 5317 1550 5390; x_wconf 91' lang='lat' dir='ltr'>singulis</span> <span class='ocrx_word' id='word_1_617' title='bbox 1583 5317 1914 5390; x_wconf 90' lang='lat' dir='ltr'>quibusque</span> <span class='ocrx_word' id='word_1_618' title='bbox 1943 5307 1990 5371; x_wconf 89' lang='lat' dir='ltr'><strong>D</strong></span> <span class='ocrx_word' id='word_1_619' title='bbox 2021 5319 2234 5377; x_wconf 92' lang='lat' dir='ltr'>Paulus</span> <span class='ocrx_word' id='word_1_620' title='bbox 2247 5318 2525 5374; x_wconf 90' lang='lat' dir='ltr'>virtutum</span> <span class='ocrx_word' id='word_1_621' title='bbox 2541 5315 2897 5373; x_wconf 87' lang='lat' dir='ltr'>sublimitate</span> <span class='ocrx_word' id='word_1_622' title='bbox 2910 5312 3247 5386; x_wconf 88' lang='lat' dir='ltr'>specialium</span> <span class='ocrx_word' id='word_1_623' title='bbox 3262 5326 3672 5384; x_wconf 88' lang='lat' dir='ltr'>supergressus</span> 
     </span>
    </p>
   </div>
   <div class='ocr_carea' id='block_1_89' title="bbox 239 5407 1913 5480">
    <p class='ocr_par' dir='ltr' id='par_1_89' title="bbox 239 5407 1913 5480">
     <span class='ocr_line' id='line_1_89' title="bbox 239 5407 1913 5480; baseline -0.001 -16"><span class='ocrx_word' id='word_1_624' title='bbox 239 5423 464 5464; x_wconf 65' lang='lat' dir='ltr'>eorum</span> <span class='ocrx_word' id='word_1_625' title='bbox 498 5407 768 5478; x_wconf 85' lang='lat' dir='ltr'>personis</span> <span class='ocrx_word' id='word_1_626' title='bbox 799 5407 1168 5476; x_wconf 88' lang='lat' dir='ltr'>conveniunt,</span> <span class='ocrx_word' id='word_1_627' title='bbox 1193 5424 1295 5479; x_wconf 89' lang='lat' dir='ltr'>per</span> <span class='ocrx_word' id='word_1_628' title='bbox 1325 5423 1452 5478; x_wconf 74' lang='lat' dir='ltr'>quae</span> <span class='ocrx_word' id='word_1_629' title='bbox 1485 5407 1682 5462; x_wconf 87' lang='lat' dir='ltr'>omnia</span> <span class='ocrx_word' id='word_1_630' title='bbox 1708 5409 1913 5480; x_wconf 87' lang='lat' dir='ltr'>proba-</span> 
     </span>
    </p>
   </div>
   <div class='ocr_carea' id='block_1_90' title="bbox 2023 5400 3675 5476">
    <p class='ocr_par' dir='ltr' id='par_1_90' title="bbox 2023 5400 3675 5476">
     <span class='ocr_line' id='line_1_90' title="bbox 2023 5400 3675 5476; baseline -0.006 -12"><span class='ocrx_word' id='word_1_631' title='bbox 2023 5413 2112 5464; x_wconf 89' lang='lat' dir='ltr'>est</span> <span class='ocrx_word' id='word_1_632' title='bbox 2141 5407 2411 5462; x_wconf 86' lang='lat' dir='ltr'>homines</span> <span class='ocrx_word' id='word_1_633' title='bbox 2437 5421 2580 5476; x_wconf 85' lang='lat' dir='ltr'>pene</span> <span class='ocrx_word' id='word_1_634' title='bbox 2612 5403 3009 5470; x_wconf 87' lang='lat' dir='ltr'>universos,ut</span> <span class='ocrx_word' id='word_1_635' title='bbox 3038 5418 3105 5457; x_wconf 84' lang='lat' dir='ltr'>ex</span> <span class='ocrx_word' id='word_1_636' title='bbox 3127 5400 3487 5456; x_wconf 88' lang='lat' dir='ltr'>abundantia</span> <span class='ocrx_word' id='word_1_637' title='bbox 3509 5403 3565 5455; x_wconf 92' lang='lat' dir='ltr'>et</span> <span class='ocrx_word' id='word_1_638' title='bbox 3586 5416 3675 5455; x_wconf 87' lang='lat' dir='ltr'>sa-</span> 
     </span>
    </p>
   </div>
   <div class='ocr_carea' id='block_1_91' title="bbox 253 5489 3672 5572">
    <p class='ocr_par' dir='ltr' id='par_1_91' title="bbox 253 5489 3672 5572">
     <span class='ocr_line' id='line_1_91' title="bbox 253 5489 3672 5572; baseline -0.003 -18"><span class='ocrx_word' id='word_1_639' title='bbox 253 5501 364 5554; x_wconf 80' lang='lat' dir='ltr'>tur</span> <span class='ocrx_word' id='word_1_640' title='bbox 389 5497 645 5572; x_wconf 86' lang='lat' dir='ltr'>gratiam</span> <span class='ocrx_word' id='word_1_641' title='bbox 678 5495 990 5569; x_wconf 89' lang='lat' dir='ltr'>specialem</span> <span class='ocrx_word' id='word_1_642' title='bbox 1021 5497 1302 5552; x_wconf 87' lang='lat' dir='ltr'>virtutum</span> <span class='ocrx_word' id='word_1_643' title='bbox 1327 5495 1620 5567; x_wconf 89' lang='lat' dir='ltr'>apostolos</span> <span class='ocrx_word' id='word_1_644' title='bbox 1642 5495 1920 5551; x_wconf 87' lang='lat' dir='ltr'>habuisse</span> <span class='ocrx_word' id='word_1_645' title='bbox 2029 5492 2688 5570; x_wconf 71' lang='lat' dir='ltr'>pientiaprzedicationis</span> <span class='ocrx_word' id='word_1_646' title='bbox 2702 5493 2908 5547; x_wconf 92' lang='lat' dir='ltr'>Doctor</span> <span class='ocrx_word' id='word_1_647' title='bbox 2928 5496 2983 5545; x_wconf 89' lang='lat' dir='ltr'>et</span> <span class='ocrx_word' id='word_1_648' title='bbox 2995 5491 3270 5563; x_wconf 88' lang='lat' dir='ltr'>Magister</span> <span class='ocrx_word' id='word_1_649' title='bbox 3285 5489 3672 5563; x_wconf 87' lang='lat' dir='ltr'>plurimarum</span> 
     </span>
    </p>
   </div>
   <div class='ocr_carea' id='block_1_92' title="bbox 253 5584 1923 5660">
    <p class='ocr_par' dir='ltr' id='par_1_92' title="bbox 253 5584 1923 5660">
     <span class='ocr_line' id='line_1_92' title="bbox 253 5584 1923 5660; baseline -0.004 -15"><span class='ocrx_word' id='word_1_650' title='bbox 253 5591 323 5645; x_wconf 73' lang='lat' dir='ltr'>et</span> <span class='ocrx_word' id='word_1_651' title='bbox 343 5589 413 5643; x_wconf 81' lang='lat' dir='ltr'>in</span> <span class='ocrx_word' id='word_1_652' title='bbox 433 5587 528 5644; x_wconf 84' lang='lat' dir='ltr'>eis</span> <span class='ocrx_word' id='word_1_653' title='bbox 560 5603 740 5660; x_wconf 87' lang='lat' dir='ltr'>quam</span> <span class='ocrx_word' id='word_1_654' title='bbox 771 5587 1025 5644; x_wconf 79' lang='lat' dir='ltr'>maxime</span> <span class='ocrx_word' id='word_1_655' title='bbox 1051 5587 1361 5659; x_wconf 87' lang='lat' dir='ltr'>impletum</span> <span class='ocrx_word' id='word_1_656' title='bbox 1390 5601 1517 5641; x_wconf 89' lang='lat' dir='ltr'>esse</span> <span class='ocrx_word' id='word_1_657' title='bbox 1543 5585 1697 5656; x_wconf 88' lang='lat' dir='ltr'>quod</span> <span class='ocrx_word' id='word_1_658' title='bbox 1730 5584 1923 5640; x_wconf 86' lang='lat' dir='ltr'>Salva-</span> 
     </span>
    </p>
   </div>
   <div class='ocr_carea' id='block_1_93' title="bbox 245 5674 1916 5751">
    <p class='ocr_par' dir='ltr' id='par_1_93' title="bbox 245 5674 1916 5751">
     <span class='ocr_line' id='line_1_93' title="bbox 245 5674 1916 5751; baseline -0.003 -16"><span class='ocrx_word' id='word_1_659' title='bbox 245 5679 353 5734; x_wconf 61' lang='lat' dir='ltr'>tor</span> <span class='ocrx_word' id='word_1_660' title='bbox 372 5680 590 5735; x_wconf 76' lang='lat' dir='ltr'>noster</span> <span class='ocrx_word' id='word_1_661' title='bbox 615 5677 689 5735; x_wconf 88' lang='lat' dir='ltr'>ad</span> <span class='ocrx_word' id='word_1_662' title='bbox 717 5675 853 5734; x_wconf 88' lang='lat' dir='ltr'>illos</span> <span class='ocrx_word' id='word_1_663' title='bbox 875 5674 1094 5751; x_wconf 86' lang='lat' dir='ltr'>legitur</span> <span class='ocrx_word' id='word_1_664' title='bbox 1123 5676 1340 5733; x_wconf 85' lang='lat' dir='ltr'>dixisse</span> <span class='ocrx_word' id='word_1_665' title='bbox 1364 5693 1376 5732; x_wconf 89' lang='lat'>:</span> <span class='ocrx_word' id='word_1_666' title='bbox 1400 5675 1570 5731; x_wconf 79' lang='lat' dir='ltr'>Amen</span> <span class='ocrx_word' id='word_1_667' title='bbox 1599 5674 1718 5731; x_wconf 87' lang='lat' dir='ltr'>dico</span> <span class='ocrx_word' id='word_1_668' title='bbox 1745 5675 1916 5748; x_wconf 80' lang='lat' dir='ltr'>vobis,</span> 
     </span>
    </p>
   </div>
   <div class='ocr_carea' id='block_1_94' title="bbox 2031 5580 3674 5657">
    <p class='ocr_par' dir='ltr' id='par_1_94' title="bbox 2031 5580 3674 5657">
     <span class='ocr_line' id='line_1_94' title="bbox 2031 5580 3674 5657; baseline -0.005 -17"><span class='ocrx_word' id='word_1_669' title='bbox 2031 5584 2419 5657; x_wconf 88' lang='lat' dir='ltr'>appellaretur</span> <span class='ocrx_word' id='word_1_670' title='bbox 2464 5581 2723 5655; x_wconf 89' lang='lat' dir='ltr'>gentium</span> <span class='ocrx_word' id='word_1_671' title='bbox 2775 5580 2816 5651; x_wconf 88' lang='lat' dir='ltr'>(I</span> <span class='ocrx_word' id='word_1_672' title='bbox 2848 5581 2980 5634; x_wconf 89' lang='lat' dir='ltr'>Tim.</span> <span class='ocrx_word' id='word_1_673' title='bbox 3016 5597 3077 5648; x_wconf 81' lang='grc' dir='ltr'>ιι,</span> <span class='ocrx_word' id='word_1_674' title='bbox 3111 5580 3190 5652; x_wconf 84' lang='grc'>7),</span> <span class='ocrx_word' id='word_1_675' title='bbox 3224 5596 3329 5636; x_wconf 90' lang='lat' dir='ltr'>nec</span> <span class='ocrx_word' id='word_1_676' title='bbox 3376 5596 3490 5635; x_wconf 88' lang='lat' dir='ltr'>non</span> <span class='ocrx_word' id='word_1_677' title='bbox 3537 5593 3674 5649; x_wconf 84' lang='lat' dir='ltr'>pro-</span> 
     </span>
    </p>
   </div>
   <div class='ocr_carea' id='block_1_95' title="bbox 2029 5668 3670 5748">
    <p class='ocr_par' dir='ltr' id='par_1_95' title="bbox 2029 5668 3670 5748">
     <span class='ocr_line' id='line_1_95' title="bbox 2029 5668 3670 5748; baseline -0.006 -17"><span class='ocrx_word' id='word_1_678' title='bbox 2029 5678 2158 5748; x_wconf 88' lang='lat' dir='ltr'>pter</span> <span class='ocrx_word' id='word_1_679' title='bbox 2175 5675 2303 5730; x_wconf 78' lang='lat' dir='ltr'>vitae</span> <span class='ocrx_word' id='word_1_680' title='bbox 2323 5671 2636 5746; x_wconf 89' lang='lat' dir='ltr'>puritatem</span> <span class='ocrx_word' id='word_1_681' title='bbox 2654 5671 2713 5727; x_wconf 93' lang='lat' dir='ltr'>in</span> <span class='ocrx_word' id='word_1_682' title='bbox 2732 5686 2905 5727; x_wconf 89' lang='lat' dir='ltr'>carne</span> <span class='ocrx_word' id='word_1_683' title='bbox 2921 5669 3112 5728; x_wconf 86' lang='lat' dir='ltr'>adhuc</span> <span class='ocrx_word' id='word_1_684' title='bbox 3141 5670 3368 5744; x_wconf 88' lang='lat' dir='ltr'>positus</span> <span class='ocrx_word' id='word_1_685' title='bbox 3393 5683 3580 5740; x_wconf 82' lang='lat' dir='ltr'>usque</span> <span class='ocrx_word' id='word_1_686' title='bbox 3599 5668 3670 5723; x_wconf 87' lang='lat' dir='ltr'>ad</span> 
     </span>
    </p>
   </div>
  </div>
