4108 6188
431 338 550 402 339

1440 340 1779 402 OTHLONI
1824 337 2179 401 MONACHI
2225 338 2291 399 S.
2337 337 2829 401 EMMERAMMI

3724 336 3836 399 340

423 476 666 533 tertium
713 475 1014 547 raperetur
1064 472 1274 529 coelum
1308 472 1378 544 (II
1409 473 1528 528 Cor.
1561 490 1661 543 χιι,
1712 472 1788 543 2).
1822 470 1960 527 Exin
2012 470 2084 526 ad
2113 472 2162 537 Α
2196 472 2511 542 xx,27,28).
2544 472 2707 527 Alter
2736 471 2927 527 adhuc
2956 468 3212 526 Jacobus
3243 463 3462 542 pariter
3489 472 3723 526 constat
3743 487 3836 527 ve-

422 566 714 622 Andream
740 563 973 635 speciali
1006 562 1179 620 laude
1202 562 1653 636 migremus,qui
1684 566 1740 617 et
1760 579 2075 635 germanus

340 675 343 678 ‘
422 655 579 712 Petri
611 660 668 709 et
699 671 815 709 una
847 670 980 708 cum
1014 654 1113 708 illo
1146 671 1177 708 a
1207 652 1499 709 Salvatore
1533 659 1729 707 nostro
1764 651 2076 706 meruitita

425 743 615 800 vocari
652 760 664 798 :
705 745 884 797 Venite
926 748 1046 813 post
1092 760 1197 809 me,
1237 744 1441 815 faciam
1488 758 1577 797 vos
1609 743 1733 812 ﬁeri
1775 743 2077 812 piscatores

432 834 720 890 hominum
752 832 1053 903 (Matth.1v,
1092 833 1197 901 19).
1232 832 1413 895 Quam
1448 830 1666 885 scilicet
1698 829 2075 901 piscationem

424 926 591 979 tanto
622 920 907 976 valentior
935 925 993 975 et
1022 920 1369 992 prudentior
1406 920 1779 992 postmodum
1812 917 2077 989 explevit,

428 1016 649 1085 quanto
681 1012 752 1065 ad
788 1010 939 1065 hanc
966 1027 999 1065 a
1030 1009 1304 1080 Magistro
1337 1008 1599 1063 omnium
1633 1006 2080 1080 praedestinatus

428 1100 673 1157 exstitit.
708 1100 876 1169 Nam,
913 1099 1065 1155 sicut
1098 1098 1357 1153 Historiae
1389 1099 1635 1169 prodent
1664 1095 2082 1162 ﬁdeles,maxi-

430 1208 587 1247 mam
620 1189 819 1262 populi
852 1188 1289 1247 multitudinem
1324 1187 1382 1240 in
1414 1187 1631 1241 Achaia
1657 1185 1953 1257 provincia
1970 1184 2080 1239 Do-

430 1280 591 1335 mino
624 1270 1051 1351 praedicationis
1074 1294 1191 1332 suae
1225 1276 1445 1331 retibus
1477 1274 1786 1346 acquisivit
1806 1278 1861 1328 et
1891 1274 1949 1327 in
1974 1274 2082 1329 hoc

429 1370 557 1442 ipse
590 1368 660 1423 ad
694 1366 967 1422 ultimum
1002 1365 1302 1421 moriendo
1334 1364 1524 1419 crucis
1548 1362 1876 1435 patibulum
1911 1362 2084 1417 susti-

431 1458 581 1514 nuit.
616 1457 777 1521 Quod
808 1460 1005 1511 tamen
1037 1456 1165 1509 ideo
1199 1453 1637 1525 subjunximus,
1672 1457 1736 1507 ut
1764 1452 1823 1505 in
1856 1451 1955 1506 illo
1987 1450 2085 1506 ali-

434 1546 588 1618 quod
632 1544 829 1617 gratiaa
863 1543 1231 1615 privilegium
1283 1543 1724 1597 ostenderemus
1754 1559 1766 1608 ;
1802 1557 2080 1612 magnum

431 1650 689 1705 namque
743 1633 853 1688 fuit
883 1633 1034 1704 quod
1067 1632 1295 1688 Christo
1337 1648 1438 1702 per
1467 1631 1657 1685 crucis
1708 1635 1956 1685 mortem
1989 1646 2084 1685 co-

436 1723 653 1796 aequari
684 1721 917 1778 meruit.

508 1813 647 1868 Inde
694 1811 854 1883 prior
881 1810 1137 1865 Jacobus
1167 1812 1255 1864 est
1300 1810 1474 1863 laude
1506 1808 1807 1876 colendus,
1839 1807 2083 1863 Joannis

437 1901 661 1958 scilicet
690 1898 1069 1971 Evangelistaa
1101 1898 1687 1970 germanus,utrique
1717 1913 1848 1952 vero
1880 1898 1951 1951 de
1984 1898 2085 1952 Ze-

433 1991 616 2045 bedeo
643 1992 804 2061 patre
834 1987 1013 2059 geniti
1036 1991 1092 2041 et
1114 2003 1146 2041 a
1166 1986 1412 2041 Domino
1440 1990 1571 2057 post
1590 1987 1826 2041 beatum
1848 1986 2083 2041 Petrum

432 2079 843 2148 Andreamque
896 2077 1135 2131 fratrem
1167 2076 1294 2145 ejus
1344 2075 1599 2147 primum
1634 2075 1849 2146 pariter
1895 2074 2080 2130 electi.

432 2169 717 2224 Praeterea
765 2166 917 2220 sicut
965 2165 1023 2219 in
1072 2164 1383 2237 Evangelio
1453 2166 1721 2233 refertur,
1770 2169 2083 2235 postquam

432 2260 620 2313 mater
631 2255 970 2312 eorumdem
985 2254 1262 2309 adJesum
1278 2253 1513 2309 veniens
1528 2253 1842 2325 postulavit
1855 2259 1918 2309 ut
1930 2270 2084 2309 unus

431 2346 503 2403 ad
534 2347 827 2401 dexteram
878 2348 933 2399 et
964 2343 1115 2398 alius
1169 2344 1239 2398 ad
1294 2343 1598 2398 sinistram
1652 2341 1811 2397 illius
1858 2342 2086 2398 sederet

429 2435 631 2505 eisque
661 2451 694 2488 a
722 2433 966 2488 Domino
998 2431 1463 2502 respondebatur
1496 2449 1507 2485 :
1542 2432 1790 2485 Nescitis
1821 2432 1961 2501 quid
1994 2446 2087 2502 pe-

430 2522 569 2577 tatis
595 2539 608 2589 ;
633 2521 940 2591 subjunxit
960 2520 1327 2593 interrogans
1351 2520 1555 2575 ambos
1578 2536 1589 2574 :
1615 2521 1862 2575 Potestis
1889 2519 2086 2575 bibere

432 2608 674 2666 calicem
701 2623 877 2681 quem
901 2624 1005 2679 ego
1035 2608 1331 2663 bibiturus
1360 2625 1491 2664 sum
1513 2608 1539 2662 ‘I
1560 2611 1823 2679 Cumque
1852 2625 2088 2680 respon-

437 2700 643 2754 derent
676 2713 689 2751 :
726 2698 1067 2765 Possumus,
1124 2697 1438 2751 audierunt
1486 2696 1753 2767 protinus
1787 2714 1799 2752 :
1833 2695 2085 2753 Calicem

439 2804 639 2844 meum
672 2786 883 2842 bibetis
914 2787 1125 2854 (Matth.
1152 2803 1247 2853 xx,
1272 2787 1485 2853 21-23).
1519 2787 1583 2840 In
1615 2802 1730 2857 quo
1760 2786 1955 2841 calicis
1984 2803 2085 2857 po-

442 2876 758 2947 culo,quod
790 2874 1081 2947 passionis
1102 2874 1417 2930 Dominicaa
1440 2874 1790 2947 intelligitur
1810 2874 2083 2944 imitatio,

442 2965 624 3020 istum
657 2964 728 3019 de
759 2980 874 3035 quo
903 2962 1205 3031 loquimur
1227 2963 1512 3018 Jacobum
1553 2964 1847 3018 credimus
1878 2964 2086 3033 ingens

431 3052 713 3109 habuisse
744 3052 933 3108 meriti
966 3050 1513 3125 privilegium,quia
1543 3052 1666 3123 ipse
1700 3052 1922 3124 primus
1955 3069 2090 3124 apo-

432 3142 717 3198 stolorum
746 3141 1177 3197 consummavit
1225 3142 1486 3213 martyrii
1516 3141 1904 3212 triumphum.
1948 3142 2086 3197 Post

2115 1847 2163 1911 B

2184 560 2604 632 nerandus,ille
2632 560 2901 617 videlicet
2934 576 3109 632 quem
3144 576 3315 617 sacra
3335 558 3640 631 Scriptura
3669 560 3836 631 etju-

2185 656 2343 707 stum
2394 656 2628 722 propter
2663 652 2793 705 vitae
2845 649 3158 722 puritatem
3209 655 3265 705 et
3314 649 3545 705 Domini
3596 649 3833 708 fratrem

2186 739 2474 812 (Gal.1,19)
2507 740 2769 795 nominat
2794 741 2866 795 ob
2899 739 3092 795 carnis
3123 738 3837 811 pr0pinquitatem.Filius

2187 844 2323 900 ergo
2356 829 2572 884 dicitur
2601 829 2818 885 sororis
2851 833 3061 883 sanctae
3088 828 3276 884 Maria:
3309 828 3699 900 Virginis.Hic
3729 829 3838 901 igi-

2184 923 2303 983 tur,
2337 923 2542 989 praeter
2571 918 2967 989 supradictam
3018 917 3335 973 Salvatoris
3366 916 3557 972 nostri
3592 933 3841 973 consan-

2187 1006 2628 1079 guinitatem,in
2659 1024 2774 1078 qua
2804 1006 2946 1061 satis
2978 1023 3257 1079 magnum
3290 1010 3347 1062 et
3379 1005 3629 1078 speciale
3660 1008 3839 1062 decus

2188 1096 2467 1169 possedit,
2500 1096 2559 1150 in
2590 1100 2754 1151 tanta
2784 1095 3125 1151 meritorum
3174 1095 3511 1151 excellentia
3548 1112 3582 1150 a
3634 1096 3845 1151 matris

2190 1189 2352 1240 utero
2384 1185 2653 1251 excrevit,
2686 1189 2750 1239 ut
2781 1202 2967 1257 neque
2997 1185 3198 1240 vinum
3229 1188 3286 1240 et
3315 1184 3561 1239 siceram
3591 1184 3836 1254 biberet,

2191 1290 2294 1328 nec
2347 1273 2694 1329 animalium
2728 1291 2929 1329 carnes
2977 1274 3180 1330 solitas
3230 1274 3577 1340 comederet,
3609 1279 3667 1329 et
3712 1274 3844 1331 oleo

2192 1379 2307 1417 non
2357 1368 2671 1434 ungeretur
2719 1380 2822 1419 nec
2880 1362 3107 1419 balneis
3156 1367 3435 1419 uteretur.
3487 1363 3596 1418 Sed
3659 1379 3849 1435 neque

2193 1450 2505 1506 Matthzeus
2526 1452 2596 1506 de
2617 1451 2844 1507 toloneo
2868 1456 3170 1507 revocatus
3192 1452 3360 1508 donis
3382 1451 3667 1507 virtutum
3690 1457 3849 1507 caret

2193 1540 2566 1611 specialibus,
2592 1541 2730 1611 quia
2757 1541 2952 1610 ipsum
2984 1541 3158 1596 etiam
3189 1545 3491 1596 vocantem
3526 1540 3849 1596 Dominum

2194 1630 2399 1684 moxin
2426 1631 2638 1685 domus
2660 1647 2777 1684 suae
2795 1630 3051 1701 hospitio
3076 1646 3310 1702 pascere
3337 1628 3685 1700 meruit,nec
3705 1645 3850 1695 non,

2194 1718 2337 1772 dum
2368 1735 2436 1773 ex
2460 1718 2771 1789 publicano
2803 1720 2990 1775 factus
3016 1724 3105 1774 est
3124 1717 3673 1791 evangelista,spem
3704 1734 3849 1772 con-

2194 1806 2476 1863 versionis
2526 1807 2841 1863 maximam
2885 1808 3257 1863 credentibus
3304 1807 3530 1862 cunctis
3580 1807 3852 1878 praebuit.

2195 1898 2381 1952 Lucas
2410 1901 2470 1951 et
2499 1896 2730 1953 Marcus
2762 1897 2873 1969 ipsi
2907 1913 3136 1967 quoque
3159 1900 3297 1952 sunt
3326 1895 3588 1969 cpulenti
3623 1901 3681 1950 et
3705 1894 3855 1950 insi-

2193 2002 2338 2058 gnes
2369 1985 2758 2058 descriptione
2783 1985 3104 2059 Evangelii,
3139 1985 3407 2057 quamvis
3431 1988 3593 2040 extra
3622 1984 3857 2039 duode-

2194 2091 2300 2129 nos
2350 2075 2675 2129 referantur
2722 2090 2851 2130 esse
2899 2074 3221 2147 discipulos
3264 2093 3277 2142 ;
3330 2078 3731 2130 verumtamen
3781 2090 3856 2130 eo

2194 2163 2329 2235 plus
2358 2164 2669 2218 venerandi
2702 2181 2818 2235 quo
2846 2182 2949 2236 per
2989 2164 3084 2219 Dei
3116 2163 3541 2235 providentiam
3580 2162 3855 2219 veritatis

2192 2256 2373 2308 testes
2403 2257 2805 2324 agnoscuntur
2835 2254 3197 2324 deputati.Et
3224 2258 3287 2307 tu
3319 2258 3475 2308 sorte
3504 2252 3599 2325 pia
3632 2252 3853 2323 quaesi-

2193 2343 2308 2408 tus,
2370 2346 2567 2396 sancte
2630 2341 2897 2410 Matthia,
2944 2341 3221 2413 quoniam
3280 2340 3501 2396 scilicet
3559 2356 3851 2411 magnum

2194 2428 2525 2485 sanctitatis
2556 2431 2820 2485 contines
2868 2430 3259 2503 privilegium,
3291 2447 3325 2485 a
3353 2428 3578 2485 cunctis
3632 2428 3851 2484 merito

2194 2518 2540 2574 mortalibus
2570 2535 2632 2574 es
2662 2520 3051 2575 venerandus.

2268 2611 2344 2661 De
2394 2611 2647 2678 quatuor
2693 2608 2955 2679 reliquis,
2989 2608 3090 2680 qui
3119 2612 3388 2665 constant
3435 2624 3503 2663 ex
3551 2606 3849 2663 duodenis

2194 2694 2773 2769 apostolis,Philippo
2801 2695 3271 2769 videlicet,cujus
3301 2698 3359 2752 in
3392 2695 3687 2769 evangelio
3719 2710 3851 2750 me-

2195 2776 2383 2839 moria
2403 2783 2907 2857 agitur,cujusque
2937 2787 3280 2842 solemnitas
3310 2802 3443 2842 cum
3464 2785 3678 2841 Jacobo
3701 2782 3855 2840 infe-

2195 2873 2345 2928 riore
2384 2873 2611 2941 colitur,
2645 2891 2750 2929 nec
2782 2892 2895 2930 non
2929 2876 2998 2931 de
3047 2874 3488 2945 Bartholomaeo,
3520 2874 3621 2947 qui
3651 2874 3712 2928 in
3745 2875 3856 2928 In-

2196 2962 2353 3017 diam
2378 2963 2596 3018 missus
2628 2964 2842 3018 dicitur
2861 2964 3325 3030 ulteriorem,sed
3349 2970 3407 3021 et
3438 2965 3506 3020 de
3529 2964 3765 3019 Simone
3790 2967 3857 3019 et

2194 3051 2473 3122 Juda,qui
2491 3054 2939 3124 cognominatus
2958 3059 3046 3109 est
3060 3054 3347 3110 Thadzcus
3366 3054 3623 3126 proxime
3639 3069 3857 3124 supra-

2197 3140 2331 3195 dicti
2353 3141 2554 3196 Jacobi
2582 3141 3034 3213 frater,quorum
3060 3143 3208 3199 festa
3233 3159 3465 3214 quoque
3484 3142 3857 3198 celebramus

430 3231 589 3285 hunc
618 3248 686 3285 ex
717 3231 1101 3297 numero,sed
1134 3246 1247 3284 non
1282 3212 1506 3285 meritis
1538 3230 1730 3285 minor
1758 3230 1876 3286 ullo
1908 3231 2085 3286 frater
2115 3212 2157 3279 C
2198 3230 2435 3301 pariter,
2468 3230 2539 3285 de
2568 3229 2683 3290 his.
2716 3212 2981 3303 inquam,
3004 3231 3138 3288 licet
3166 3212 3393 3303 indigni
3423 3232 3629 3302 simus,
3649 3230 3859 3302 aliqua

431 3319 619 3390 ipsius
648 3319 928 3384 Joannes,
949 3318 1109 3389 virgo
1143 3318 1241 3373 Dei
1265 3317 1484 3374 electus
1503 3324 1559 3373 et
1579 3319 1935 3391 evangelista
1959 3336 2083 3374 ma-

432 3407 823 3478 ximus,nobis
853 3412 940 3463 est
972 3407 1507 3478 laudandus,quem
1538 3412 1701 3463 tanta
1730 3409 2086 3463 charismata

428 3496 713 3569 virtutum
739 3495 1072 3568 specialiter
1093 3496 1343 3551 reddunt
1365 3497 1703 3551 redimitum
1728 3500 1791 3551 ut
1813 3496 2084 3552 humanae

432 3585 677 3641 rationis
701 3585 1037 3640 facultatem
1060 3583 1413 3639 arbitremur
1433 3584 1515 3638 nil
1538 3601 1708 3654 posse
1730 3601 1993 3655 promere
2019 3602 2085 3640 eo

434 3674 699 3746 dignum.
732 3673 1175 3741 Verumtamen,
1208 3672 1348 3742 quia
1395 3674 1464 3727 de
1520 3672 1758 3743 speciali
1802 3672 2085 3729 virtutum

433 3778 676 3818 suarum
710 3761 1007 3833 privilegio
1039 3760 1213 3831 digne
1245 3760 1403 3829 loqui
1437 3760 1775 3831 nequimus,
1810 3777 1923 3815 non
1958 3762 2085 3816 ideo

436 3850 723 3906 miracula
777 3851 905 3921 ejus
937 3865 1176 3919 prorsus
1206 3849 1449 3903 tacenda
1478 3849 1929 3917 existimamus;
1964 3850 2088 3921 ipse

435 3939 593 3995 enim
618 3943 815 3993 noster
835 3938 1094 3993 defectus
1118 3936 1357 3991 forsitan
1381 3935 1572 3993 laudis
1599 3938 1727 4008 ejus
1751 3944 1939 3994 exstat
1962 3956 2084 3994 ma-

437 4026 704 4098 gnitudo.
738 4025 781 4080 Ο
812 4041 987 4095 quam
1018 4024 1414 4079 venerandum
1448 4026 1556 4080 erit
1596 4027 1749 4096 quod
1783 4044 1816 4081 a
1844 4027 2088 4082 Domino

438 4112 773 4184 specialiter
802 4116 890 4167 est
920 4112 1188 4178 dilectus,
1213 4113 1486 4184 quodque
1517 4114 1801 4170 Dominus
1832 4115 1889 4170 in
1924 4133 2091 4172 cruce

431 4202 561 4273 jam
586 4200 908 4256 moriturus
930 4200 1066 4255 huic
1092 4200 1300 4272 virgini
1323 4201 1565 4256 Matrem
1590 4205 2089 4277 suam,Virginem

441 4289 667 4345 scilicet
697 4293 1060 4361 perpetuam,
1094 4290 1602 4345 commendaverit.
1629 4292 1769 4355 Quis
1798 4292 1972 4348 etiam
2002 4310 2092 4348 ve-

439 4377 629 4433 nerari
663 4394 778 4433 non
810 4378 1086 4433 decernat
1113 4377 1173 4432 in
1208 4377 1304 4433 illo
1348 4379 1525 4449 quod,
1560 4396 1692 4434 cum
1726 4381 1782 4435 in
1816 4381 2091 4437 Pathmos

438 4466 698 4522 insulam
730 4470 885 4522 esset
914 4465 1225 4538 relegatus,
1260 4472 1482 4523 secreta
1510 4468 1637 4522 cceli
1669 4472 1726 4524 et
1757 4470 1885 4525 visu
1918 4487 2090 4541 pene-

2192 3318 2478 3373 virtutum
2511 3336 2752 3375 suarum
2776 3321 3059 3376 miracula
3090 3338 3438 3394 cognoscere
3459 3325 3667 3393 praeter
3686 3320 3856 3392 ipso-

2194 3424 2325 3462 rum
2377 3407 2676 3478 passiones
2728 3426 2862 3465 cum
2913 3411 3132 3466 sanctis
3177 3411 3398 3466 caeteris
3449 3409 3853 3482 aliquatemus

2195 3512 2558 3563 communes,
2592 3499 2961 3554 veneratione
2992 3505 3187 3555 tamen
3218 3497 3454 3571 speciali
3486 3514 3690 3554 omnes
3733 3514 3855 3553 non

2196 3583 2386 3639 solum
2436 3585 2741 3641 duodecim
2791 3588 3137 3659 discipulos,
3170 3588 3269 3643 sed
3314 3592 3371 3643 et
3419 3587 3561 3643 alios
3607 3591 3857 3659 septua-

2195 3671 2359 3743 ginta
2384 3673 2533 3729 duos
2563 3673 2692 3730 ideo
2715 3674 2953 3731 laudare
2979 3676 3157 3731 simul
3191 3680 3247 3731 et
3273 3676 3533 3732 venerari
3561 3676 3863 3732 debemus

2197 3760 2336 3829 quia
2368 3762 2602 3817 eosdem
2626 3752 2907 3819 electione
2930 3782 2995 3819 ac
3017 3764 3282 3820 doctrina
3312 3782 3420 3821 sua
3443 3764 3707 3821 Salvator
3724 3780 3862 3819 nos-

2195 3853 2284 3903 ter
2316 3866 2428 3920 praa
2461 3853 2689 3907 cunctis
2721 3853 3060 3909 hominibus
3106 3853 3404 3910 illustrare
3434 3859 3522 3910 est
3547 3854 3855 3927 dignatus.

2198 3938 2425 4001 Quanto
2447 3940 2603 3995 enim
2628 3941 2825 3997 minus
2856 3942 3126 3998 decenter
3146 3942 3341 4015 ipsum
3366 3942 3627 3999 venerari
3649 3957 3860 4013 possu-

2198 4028 2461 4099 mus,qui
2486 4046 2663 4100 supra
2694 4047 2898 4086 omnes
2922 4037 2979 4086 et
3007 4032 3062 4086 in
3089 4032 3365 4088 omnibus
3387 4036 3476 4088 est
3506 4033 3860 4100 totus,tanto

2200 4116 2389 4188 magis
2416 4116 2475 4171 in
2507 4122 2842 4174 sanctorum
2869 4120 3029 4175 illius
3061 4125 3118 4176 et
3142 4120 3431 4192 praecipue
3453 4118 3863 4192 apostolorum

2200 4202 2476 4260 laudibus
2508 4222 2572 4261 ac
2606 4206 2908 4264 solemniis
2939 4209 3248 4282 vigilanter
3274 4209 3723 4277 insistamus,ut
3754 4223 3866 4278 per

2200 4309 2403 4349 eorum
2434 4295 2910 4354 intercessionem
2942 4304 3314 4371 peccatorum
3355 4314 3687 4355 mereamur
3715 4313 3859 4353 con-

2200 4384 2365 4454 sequi
2397 4390 2454 4439 et
2486 4402 2519 4441 a
2548 4385 2816 4455 diversis,
2850 4404 2975 4459 quae
2999 4389 3126 4459 jam
3158 4389 3401 4455 instant,
3417 4386 3693 4460 periculis
3725 4387 3862 4441 ani-

2203 4488 2307 4525 mae
2340 4473 2717 4545 corporisque
2750 4474 3001 4531 liberari.
3035 4477 3181 4533 Nam
3214 4494 3347 4533 cum
3396 4477 3568 4533 modo
3600 4476 3862 4547 majores

437 4560 675 4626 trare,et
704 4572 807 4628 per
834 4555 1058 4611 litteras
1092 4556 1313 4611 mundo
1346 4557 1561 4611 meruit
1586 4574 1844 4613 reserare
1863 4559 1891 4612 ‘I
1920 4564 2093 4614 Acce-
2123 4579 2168 4645 Ι)
2202 4576 2377 4630 quam
2400 4562 2762 4633 temporibus
2784 4565 3247 4635 prmcedentibus
3275 4566 3521 4623 insidias
3552 4563 3858 4621 nobisim-

438 4646 524 4701 dit
555 4661 787 4718 quoque
838 4645 975 4700 huic
1006 4662 1122 4700 non
1170 4646 1362 4717 impar
1392 4645 1779 4718 privilegium,
1814 4648 1968 4719 quod
2019 4648 2091 4701 ab

440 4734 592 4789 Asiae
627 4734 897 4789 Patribus
951 4734 1170 4791 sanctis
1201 4734 1339 4790 olim
1382 4734 1733 4807 efﬂagitatus
1765 4751 1867 4807 per
1913 4735 2096 4791 divini

442 4822 600 4878 verbi
626 4822 1405 4896 Evangelium,erumpentes
1418 4826 1527 4879 sub
1542 4830 1800 4895 tempore
1821 4824 1919 4881 illo
1934 4824 2097 4880 dolos

446 4928 650 4966 omnes
674 4912 953 4982 repressit
972 4911 1509 4968 haereticorumﬂic
1530 4930 1666 4985 ergo
1690 4918 2096 4969 consummato

447 4998 579 5053 vitae
614 4998 917 5068 praesentis
948 5004 1206 5071 tempore
1235 5001 1437 5056 vivens
1466 5002 1739 5057 introisse
1770 5003 1985 5057 dicitur
2013 5007 2099 5056 tu-

450 5084 765 5153 mulum,et
788 5087 847 5141 in
870 5103 935 5142 eo
958 5104 1072 5141 non
1103 5088 1530 5155 moriendo,sed
1557 5091 1724 5161 quasi
1757 5092 2097 5147 dormiendo

448 5175 676 5246 positus
702 5175 857 5230 diem
874 5174 1156 5231 clausisse
1179 5175 1532 5231 ultimum.Si
1555 5179 1830 5250 cuiquam
1850 5180 2096 5253 placeat,

448 5264 570 5319 haec
601 5282 800 5321 secum
850 5264 1087 5336 singula
1128 5264 1317 5319 volvat
1345 5270 1402 5319 et
1452 5271 1592 5321 tunc
1645 5269 1950 5341 discipulis
2004 5287 2097 5327 c0-

448 5358 691 5423 gnoscet
718 5352 975 5425 praestita
1006 5352 1165 5407 solis.

520 5442 789 5497 Continet
818 5446 875 5495 et
902 5442 1158 5498 Thomas
1189 5442 1470 5514 speciales
1503 5444 1647 5500 forte
1679 5464 1942 5515 coronas,
1960 5450 2101 5519 quia

450 5547 583 5585 cum
638 5530 911 5585 manibus
944 5532 1193 5604 propriis
1245 5548 1479 5587 carnem
1528 5550 1721 5589 veram
1754 5541 1809 5591 et
1862 5538 2099 5595 vulnera

449 5618 679 5676 Domini
712 5620 894 5675 nostri
928 5626 1057 5693 post
1077 5622 1563 5678 resurrectionem
1597 5640 1765 5680 suam
1790 5631 2037 5699 tangens
2065 5645 2099 5683 a

451 5707 724 5767 ﬁdelibus
756 5709 981 5766 cunctis
1012 5708 1231 5782 expulit
1262 5710 1497 5768 morbos
1529 5712 1887 5771 inﬁdelitatis
1918 5717 2095 5787 (Joan.

2202 4648 2396 4704 mittat
2424 4650 2613 4707 hostis
2644 4652 3229 4726 nequissimus,quod
3261 4654 3586 4710 remedium
3621 4656 3863 4709 econtra

2206 4738 2502 4794 sufficiens
2533 4740 2790 4797 invenire
2820 4740 3103 4809 valemus,
3125 4743 3237 4799 nisi
3270 4749 3334 4798 ut
3364 4745 3537 4800 etiam
3571 4760 3676 4799 nos
3709 4759 3865 4815 price

2207 4826 2513 4896 cipuorum
2545 4828 2811 4884 subsidia
2839 4830 3293 4887 intercessorum
3326 4849 3658 4904 quaeramus
3688 4836 3746 4887 et
3766 4832 3864 4885 in-

2206 4916 2523 4971 vocemus?
2554 4917 2749 4973 Hostis
2779 4918 2934 4973 enim
2969 4936 3219 4992 magnus
3247 4921 3441 4976 valida
3479 4922 3544 4976 ﬁt
3568 4921 3723 4976 caede
3751 4937 3864 4975 su-

2206 5004 2433 5059 bactus.
2468 5007 2847 5078 QuaprOpter,
2901 5008 3105 5064 fratres
3151 5014 3205 5064 et
3256 5014 3450 5082 patres
3499 5009 3867 5079 charissimi,

2209 5091 2567 5147 celebrantes
2602 5094 3370 5170 natalitiaquorumcunque
3402 5098 3612 5154 Christi
3630 5101 3869 5170 aposto-

2208 5180 2421 5247 lorum,
2456 5182 2756 5237 imitemur
2786 5184 3175 5256 aliquatemus
3224 5187 3572 5257 doctrinam,
3606 5203 3711 5242 nec
3740 5203 3866 5242 non

2206 5270 2449 5325 virtutes
2479 5287 2701 5339 eorum,
2735 5278 2799 5327 ut
2821 5278 2878 5328 et
2906 5273 3017 5345 ipsi
3044 5290 3149 5329 nos
3182 5291 3216 5330 a
3246 5276 3548 5347 praesentis
3579 5277 3707 5331 vitae
3750 5292 3864 5347 pe-
3913 5298 3929 5309 ο

2208 5358 2406 5415 riculis
2429 5360 2742 5416 defendant
2760 5366 2817 5416 et
2836 5362 2890 5415 in
2910 5362 3105 5417 futuro
3127 5366 3543 5435 tremendoque
3566 5365 3861 5433 examine,

2209 5450 2305 5503 ubi
2348 5448 2580 5519 judices
2613 5450 2774 5514 ﬁent,
2806 5468 2839 5505 a
2870 5450 3041 5506 malis
3088 5458 3422 5526 segregatos
3453 5454 3513 5510 in
3566 5456 3863 5511 bonorum

2206 5543 2427 5610 partem
2443 5538 2709 5594 collocari
2730 5540 3063 5609 decernant,
3072 5546 3380 5613 praestante
3394 5542 3637 5600 Domino
3652 5548 3861 5601 nostro

2203 5626 2343 5683 Jesu
2374 5626 2623 5695 Christo,
2657 5628 2757 5700 qui
2809 5645 2944 5684 cum
2975 5634 3144 5685 Patre
3175 5635 3231 5686 et
3260 5631 3479 5704 Spiritu
3528 5638 3733 5690 sancto
3764 5648 3863 5689 re-

2205 5720 2345 5789 gnat
2373 5715 2432 5773 in
2463 5721 2786 5774 extremum
2817 5717 2941 5775 sine
2971 5734 3109 5777 casu
3140 5722 3421 5794 temporis
3450 5739 3663 5782 avum.
