4108 6188
303 407 418 466 341

1672 408 1900 468 LIBER
1948 408 2356 470 VlSlONUM.

3598 416 3716 473 342

1629 697 2389 802 οτΗιοΝι

846 895 1199 959 MONACHI
1244 896 2232 962 SANCT-EMMERAMMENSIS
2277 899 2593 962 ORDINIS
2639 901 2703 962 S.
2749 901 3168 964 BENEDICTI

1871 1075 2160 1154 LIBER

727 1267 1322 1387 VISIONUM
1398 1268 1655 1387 TUM
1737 1271 2286 1416 SUARUM,
2345 1272 2601 1386 TUM
2682 1273 3273 1389 ALIORUM.

455 1476 566 1538 Ea:
603 1478 729 1570 ipso
764 1479 1159 1621 autogtho,
1195 1482 1256 1541 in
1294 1481 1599 1562 imperiali
1632 1482 1980 1543 monasterio
2010 1481 2674 1574 Sanct-Emmcrammi
2697 1482 3002 1545 Ratisbon.
3035 1494 3358 1558 asservato,
3389 1505 3550 1547 nunc

613 1577 876 1621 primum
904 1579 968 1619 m
1021 1579 1182 1621 ucem
1209 1561 1476 1621 prolatus
1520 1582 1559 1621 a
1605 1562 1678 1621 Ii.
1711 1563 1792 1621 D.
1825 1562 1902 1621 P.
1935 1560 2234 1621 Ludovch
2259 1562 2580 1621 Moz'amas.
2617 1562 3001 1621 Benedic-tino
3033 1563 3383 1621 Mellicensi.

1021 1581 1058 1620 u

609 1577 876 1638 primum
904 1579 968 1619 ιη

1063 1579 1182 1622 cem
1205 1560 1476 1642 prolatus
1520 1582 1559 1624 a
1605 1562 1678 1623 It.
1711 1563 1792 1623 D.
1825 1562 1902 1622 P.
1935 1560 2234 1623 Ludovico
2259 1562 2580 1643 Moz'aings,
2617 1562 3001 1624 Benedictmo
3032 1563 3383 1626 Mellicensi.

547 1741 742 1815 (Apud
790 1739 856 1796 R.
909 1743 974 1795 Ρ.
1024 1739 1358 1798 Bernadum
1406 1739 1661 1812 Pezium,
1713 1741 2012 1800 Thesaurus
2056 1729 2258 1800 Anecd.
2296 1742 2524 1808 noviss.,
2565 1745 2708 1800 tom.
2741 1741 2817 1800 III
2855 1746 3020 1818 parte
3047 1761 3109 1811 ιι,
3141 1761 3274 1820 pag.
3305 1745 3457 1818 545.)

1280 2049 1630 2125 INCIPIT
1690 2049 2191 2128 PROLOGUS
2262 2051 2718 2128 OTHLONI.

362 2229 654 2286 Dominus
704 2233 880 2303 atque
923 2229 1188 2286 Salvator
1235 2232 1453 2297 noster,
1488 2229 1728 2302 plurimi
1758 2231 1944 2302 perfe-
1974 2232 2029 2300 Α
2059 2246 2327 2288 sermone
2348 2249 2382 2288 a
2404 2247 2496 2288 me
2518 2231 2744 2304 prolata
2764 2231 2984 2288 fuerint
3005 2234 3285 2289 attendat.
3300 2237 3468 2306 Saepe
3489 2233 3706 2292 etenim

295 2319 512 2375 ctionis
568 2318 906 2375 rudimenta
963 2320 1034 2375 ad
1094 2319 1506 2392 perfectionem
1568 2319 1944 2376 tendentibus

294 2408 598 2482 proferens
629 2407 827 2464 docuit
855 2407 1031 2464 etiam
1079 2408 1231 2465 inter
1272 2407 1394 2464 haec
1443 2408 1729 2464 tardiores
1761 2426 1942 2481 quos-

295 2497 439 2553 libet
467 2501 526 2553 et
545 2496 919 2569 pauperiores
949 2497 1008 2552 in
1029 2501 1276 2570 utroque
1297 2497 1537 2553 homine
1558 2515 1672 2554 non
1704 2515 1945 2569 prorsus

301 2588 372 2644 ob
403 2587 514 2643 hoc
537 2585 785 2642 salutem
819 2603 986 2642 suam
1012 2587 1341 2659 desperare,
1367 2587 1415 2642 si
1447 2603 1743 2643 summam
1772 2587 1947 2644 virtu-

299 2680 424 2731 tum
479 2674 793 2746 nequirent
839 2675 1294 2748 apprehendere,
1327 2675 1577 2732 dicens:
1628 2677 1948 2749 Quicunque

293 2764 501 2821 dederit
544 2765 772 2821 calicem
820 2780 982 2837 aqw
1026 2764 1256 2836 frigida
1306 2766 1367 2820 in
1413 2767 1636 2822 nomine
1663 2783 1804 2830 meo.
1834 2783 1949 2823 non

290 2854 476 2926 perdet
506 2853 809 2909 mercedem
848 2870 1007 2909 suam
1035 2853 1241 2925 (Matth.
1272 2870 1329 2920 x,
1365 2854 1472 2926 42).
1507 2853 1644 2917 Quae
1692 2856 1945 2926 profecto

292 2945 485 3014 verba,
521 2959 639 2999 non
684 2942 877 2999 solum
917 2944 1088 3013 juxta
1126 2942 1401 3015 litteram,
1435 2944 1532 3000 sed
1565 2944 1740 2999 etiam
1774 2944 1946 3016 spiri-

296 3031 494 3088 taliter
542 3030 926 3104 intelligenda
972 3047 1103 3088 esse
1149 3032 1420 3100 arbitror,
1453 3033 1693 3088 credens
1727 3032 1948 3089 scilicet

301 3121 454 3194 quia,
489 3121 644 3178 sicut
693 3121 743 3176 is
783 3121 883 3193 qui
915 3121 987 3177 ob
1019 3121 1380 3193 paupertatis
1411 3139 1529 3178 sua:
1560 3123 1946 3194 quantitatem

299 3212 625 3282 portionem
667 3210 975 3266 minimam
1024 3209 1424 3284 eleemosynaa,
1454 3211 1513 3266 id
1570 3216 1658 3266 est
1704 3211 1944 3267 calicem

297 3317 462 3372 aquae
496 3300 720 3372 frigidae
750 3299 1036 3372 indigenti
1065 3299 1334 3370 largitur,
1365 3300 1692 3355 mercedem
1743 3317 1946 3355 conse-

294 3394 536 3462 quetur,
567 3389 651 3444 ita
695 3388 869 3444 etiam
919 3387 1020 3445 ille
1066 3389 1166 3460 qui
1211 3387 1387 3444 nullis
1427 3388 1681 3444 scientias
1711 3405 1944 3461 compe-

286 3477 479 3534 tentis
532 3476 737 3550 opibus
784 3478 1086 3550 suffultus,
1133 3479 1234 3534 sed
1283 3478 1450 3550 quasi
1502 3478 1828 3550 fragmenta
1857 3477 1945 3532 vel

289 3567 480 3624 micas
515 3583 586 3622 ex
614 3568 930 3640 peritorum
964 3585 1170 3624 mensa
1199 3567 1503 3640 prolapsas
1554 3568 1945 3640 undecunque

293 3655 597 3729 colligens,
631 3655 826 3729 aliqua
878 3656 1280 3713 aadiﬁcationis
1330 3655 1572 3713 verbula
1617 3655 1942 3729 protulerit,

292 3747 624 3802 mercedem
665 3746 924 3820 aliquam
954 3751 1268 3802 mereatur.

355 3833 472 3889 Hac
521 3833 709 3907 igitur
753 3834 868 3890 ﬁde
916 3838 1092 3907 atque
1140 3851 1242 3907 spe
1290 3833 1591 3903 incitatus,
1650 3833 1820 3906 cupio
1871 3834 1942 3890 ad

298 3922 745 3979 aediﬁcationem
768 3923 1032 3979 ﬁdelium
1063 3924 1320 3995 proferre
1352 3923 1602 3980 visiones
1633 3925 1943 3996 quasdam,

292 4028 394 4083 per
431 4028 584 4084 quas
633 4011 721 4068 vel
770 4029 865 4068 me
906 4013 1203 4084 quondam
1235 4013 1513 4085 dignatus
1543 4018 1632 4069 est
1660 4014 1946 4069 Dominus

293 4101 633 4170 admonere,
662 4101 750 4156 vel
802 4117 949 4173 quas
995 4119 1064 4158 ex
1107 4101 1355 4158 aliorum
1397 4102 1655 4158 ﬁdelium
1690 4102 1946 4176 comperi

295 4189 597 4247 relatione.
647 4191 912 4248 Visiones
969 4194 1165 4247 autem
1227 4191 1374 4258 dico,
1425 4209 1539 4248 non
1599 4191 1792 4248 solum
1848 4207 1945 4247 eas

299 4295 442 4351 quas
486 4297 596 4352 per
626 4279 857 4337 somnia
887 4281 1084 4353 quieta
1112 4279 1201 4336 vel
1234 4298 1338 4354 per
1366 4281 1630 4353 inquieta
1655 4281 1943 4349 videmus,

291 4384 418 4424 cum
450 4368 683 4425 scilicet
714 4369 866 4442 rapti
896 4369 956 4424 in
989 4369 1197 4442 spiritu
1222 4369 1450 4441 aliquas
1477 4371 1946 4442 perturbationes

289 4473 386 4514 seu
435 4458 671 4532 ﬂagella
718 4459 837 4531 pati
893 4476 1000 4514 nos
1047 4458 1429 4526 senserimus,
1463 4459 1565 4513 sed
1621 4459 1794 4514 etiam
1847 4476 1944 4514 eas

289 4563 429 4618 quas
458 4547 778 4621 vigilantes
809 4547 1073 4620 plerique
1103 4547 1190 4602 vel
1222 4548 1282 4602 in
1312 4548 1588 4604 extremis
1619 4548 1789 4620 positi
1824 4564 1943 4602 cer-

293 4652 422 4692 nere
472 4637 705 4705 solent;
756 4653 1007 4709 quarum
1061 4637 1328 4692 omnium
1381 4653 1594 4709 genera
1651 4636 1945 4692 visionum

292 4726 609 4782 multifaria
637 4726 697 4782 in
729 4743 897 4782 sacra
927 4726 1302 4798 reperiuntur
1330 4725 1660 4798 Scriptura,
1693 4725 1947 4782 maxime

291 4817 482 4872 tamen
536 4815 599 4871 in
650 4815 801 4871 libro
848 4819 1055 4886 quarto
1087 4814 1460 4888 Dialogorum
1512 4832 1545 4870 a
1591 4815 1758 4871 beato
1804 4814 1943 4871 Gre-

2055 2337 2124 2377 ex
2153 2319 2389 2377 vasculo
2417 2320 2517 2376 vili
2561 2325 2736 2394 potus
2767 2319 3130 2378 delectabilis
3161 2321 3309 2378 solet
3338 2321 3580 2380 hauriri.
3614 2325 3704 2392 Et,

2054 2410 2127 2466 oh
2169 2409 2469 2466 infelices!
2505 2411 2603 2482 qui
2637 2409 2870 2482 pietatis
2899 2409 3103 2465 divinae
3137 2414 3422 2482 spernunt
3450 2412 3700 2479 monita,

2056 2499 2271 2572 quibus
2303 2516 2418 2554 non
2454 2498 2644 2554 solum
2674 2498 3002 2572 vigilantes,
3035 2515 3236 2554 verum
3284 2500 3458 2555 etiam
3509 2501 3705 2573 sopori

2057 2589 2303 2658 deditos,
2335 2605 2490 2644 nunc
2522 2587 2921 2644 admonitione
2959 2587 3262 2644 lenissima
3290 2589 3381 2644 vel
3415 2589 3566 2645 ultra
3595 2590 3705 2645 hu-

2057 2695 2296 2732 manum
2329 2678 2571 2732 modum
2603 2677 3012 2745 exhortatoria,
3048 2694 3207 2733 nunc
3250 2677 3544 2734 horrenda
3581 2695 3708 2750 poe-

2056 2784 2264 2822 narum
2297 2767 2674 2822 infernalium
2705 2766 3013 2840 ipsiusque
3035 2766 3246 2838 judicii
3269 2767 3507 2823 extremi
3534 2766 3705 2840 quasi

2054 2855 2417 2912 imminentis
2440 2857 2793 2928 ostensione,
2818 2857 3114 2912 interdum
3135 2873 3289 2925 vero,
3314 2873 3448 2912 cum
3477 2856 3702 2912 nullam

2054 2945 2522 3002 emendationem
2571 2963 2638 3002 ex
2681 2946 3090 3020 praedictarum
3131 2946 3426 3001 visionum
3466 2944 3704 3002 lenitate

2055 3035 2358 3106 provenire
2387 3036 2772 3108 conspexerit,
2795 3036 3102 3109 plagarum
3135 3035 3462 3109 ingentium
3493 3035 3700 3091 severi-

2053 3128 2173 3180 tate
2203 3142 2236 3179 a
2265 3124 2503 3179 lascivia
2531 3128 2587 3179 et
2615 3127 2846 3196 torpore
2877 3125 3073 3180 lethali
3107 3141 3374 3182 revocare
3400 3124 3696 3196 dignatur.

2054 3217 2188 3280 Quae
2239 3214 2437 3269 omnia
2482 3217 2645 3269 tanto
2694 3213 2924 3269 cautius
2971 3217 3348 3285 praecavenda
3390 3215 3701 3286 veriusque

2054 3303 2344 3358 credenda
2374 3319 2501 3358 esse
2533 3302 2674 3371 scio,
2707 3307 2928 3373 quanto
2960 3303 3148 3374 magis
3179 3319 3246 3357 ea
3274 3303 3403 3374 ipsa
3445 3317 3550 3373 ego
3600 3318 3702 3373 per

2054 3392 2452 3466 experimenta
2499 3390 2698 3446 didici.
2751 3390 3038 3445 Confiteor
3085 3407 3340 3462 namque
3393 3394 3700 3461 peccatum

2055 3499 2275 3549 meum,
2308 3481 2447 3552 quia
2480 3495 2646 3534 nemo
2680 3478 2812 3550 plus
2855 3495 2947 3533 me
2995 3495 3174 3550 super
3201 3478 3542 3548 hujusmodi
3577 3495 3701 3534 mo-

2053 3571 2194 3626 nitis
2223 3569 2532 3637 dubitavit,
2566 3584 2874 3640 quousque
2907 3567 3215 3624 tormentis
3260 3565 3598 3623 saevissimis
3627 3567 3703 3622 ad

2056 3659 2231 3714 ﬁdem
2267 3658 2584 3731 perductus
2613 3674 2767 3728 sum,
2801 3656 2956 3712 sicut
2997 3657 3055 3711 in
3096 3656 3479 3729 sequentibus
3510 3655 3702 3712 decla-

2006 3748 2302 3804 .rabitur.
2363 3746 2475 3803 Sed
2534 3746 2674 3818 quid
2735 3746 2973 3813 mirum,
3027 3745 3075 3800 si
3125 3746 3279 3802 Deus
3335 3746 3704 3818 omnipotens

2055 3837 2424 3911 quiescentes
2457 3835 2748 3908 quoslibet
2796 3834 2877 3891 ita
2923 3839 3114 3906 potest
3156 3835 3524 3891 admonendo
3566 3834 3704 3891 visi~

2053 3930 2198 3993 tare,
2231 3943 2364 3981 cum
2396 3925 2574 3981 etiam
2605 3925 2893 3995 quosdam
2925 3929 3161 3980 sanctos
3191 3924 3462 3980 homines
3489 3924 3550 3980 in
3594 3923 3704 3980 hac

2053 4016 2173 4070 vita
2204 4014 2395 4071 adhuc
2426 4014 2650 4086 positos
2680 4013 2946 4086 legamus
2977 4013 3132 4093 idem
3166 4013 3393 4069 fecisse.

2126 4103 2228 4159 His
2248 4103 2445 4175 itaque
2477 4101 2816 4174 praelibatis,
2839 4102 3027 4174 ipsius
3055 4102 3312 4157 materiae
3335 4118 3573 4158 causam
3603 4116 3704 4175 ag-

2055 4192 2414 4265 grediamur,
2439 4190 2608 4248 unice
2630 4191 3005 4247 obsecrantes
3031 4208 3129 4247 eos
3152 4191 3254 4263 qui
3280 4190 3402 4246 haec
3422 4189 3702 4264 legentes,

2057 4281 2256 4353 aliqua
2297 4281 2392 4337 hic
2437 4280 2606 4337 aliter
2644 4298 2823 4352 quam
2854 4281 3125 4336 dicantur
3154 4297 3302 4351 esse,
3334 4280 3708 4352 cognoverint

2055 4371 2215 4442 (nam
2251 4370 2418 4424 multi
2452 4369 2644 4424 adhuc
2689 4369 2746 4423 in
2797 4369 2906 4424 hac
2934 4370 3052 4424 vita
3081 4373 3323 4437 restant,
3356 4386 3424 4424 ex
3454 4385 3700 4440 quorum

2054 4459 2336 4514 relatione
2357 4459 2484 4530 ipsa
2508 4458 2786 4530 comperi)
2819 4463 2881 4512 ut
2909 4474 2976 4512 ea
2997 4458 3378 4512 emendantes
3401 4473 3557 4528 purae
3580 4457 3708 4511 red-

2054 4549 2195 4604 dant
2224 4547 2472 4612 veritati,
2499 4564 2626 4618 qua:
2662 4546 2899 4602 forsitan
2935 4563 2967 4600 a
2999 4562 3129 4601 mea
3157 4545 3440 4600 memoria
3469 4544 3701 4610 excidit,

2051 4637 2140 4693 vel
2167 4637 2334 4693 aliter
2355 4654 2532 4709 quam
2563 4637 2892 4692 acciderent
2918 4634 3063 4689 mihi
3085 4637 3224 4688 sunt
3245 4633 3418 4687 dicta.
3444 4635 3524 4688 Ea
3547 4648 3701 4700 vero,

2053 4743 2184 4798 quae
2232 4728 2302 4781 de
2347 4726 2693 4797 memetipso
2724 4725 2982 4796 proferre
3013 4722 3217 4777 studeo
3250 4737 3496 4793 quaeque
3525 4720 3703 4776 etiam

2052 4831 2154 4886 pro
2176 4813 2606 4870 introductione
2629 4811 3002 4884 sequentium
3025 4810 3086 4865 in
3117 4809 3324 4883 primis
3342 4810 3531 4866 dicere
3546 4809 3676 4866 volo
3691 4855 3705 4879 ,

296 4905 455 4976 gorio
509 4903 760 4978 prolata.
810 4905 989 4975 Cujus
1043 4903 1218 4959 etiam
1277 4903 1661 4960 intentionem
1719 4903 1778 4958 in
1836 4902 1946 4958 hoc
1986 4974 2015 4978 ΔΑ
2055 4903 2313 4969 Deus,in
2337 4905 2505 4971 cujus
2527 4904 2842 4974 conspectu
2864 4916 3068 4956 omnes
3091 4899 3584 4971 assistimus,scit
3610 4915 3703 4956 me

293 4974 574 5067 opusculo
625 4974 917 5062 imitatus,
969 4993 1210 5049 obsecro
1262 5008 1333 5047 ne
1381 4991 1512 5063 quis
1561 4991 1650 5048 vel
1709 4996 1943 5064 propter
1973 4974 2016 5042 C
2054 4992 2207 5048 nolle
2230 4992 2552 5064 quidquam
2579 4990 2746 5046 aliter
2766 5007 2944 5063 quam
2966 4989 3092 5046 visa
3118 4989 3207 5045 vel
3229 4992 3394 5062 gesta
3414 4992 3554 5045 sunt
3574 5005 3704 5062 pro-

287 5082 570 5140 vilitatem
603 5099 794 5139 meam
827 5085 916 5138 vel
946 5085 1184 5155 propter
1213 5080 1514 5137 relationis
1544 5081 1731 5153 ipsius
1762 5080 1938 5136 rusti-
2052 5098 2228 5147 mere,
2262 5085 2496 5153 excepto
2529 5080 2577 5137 si
2612 5079 2752 5153 quid
2784 5079 3084 5136 brevitatis
3113 5095 3292 5135 causa
3318 5077 3407 5135 vel
3441 5078 3597 5150 quod
3629 5080 3698 5133 ad

289 5171 518 5229 citatem
566 5172 694 5228 hac
737 5171 899 5245 parvi
949 5172 1186 5244 pendat,
1223 5171 1319 5228 sed
1364 5169 1560 5243 potius
1601 5186 1670 5226 ea
1711 5187 1836 5242 quae
1868 5170 1940 5225 ad
2050 5170 2494 5228 aediﬁcationem
2525 5169 2749 5228 nullam
2780 5169 3072 5244 pertinere
3112 5168 3422 5225 videbatur
3466 5169 3698 5240 praster-

289 5261 732 5320 ediﬂcationem
809 5275 1185 5319 communem
1261 5275 1612 5333 quocunque
1675 5257 1940 5332 impolito
2051 5259 2310 5316 mittam.
