4108 6188
431 347 550 406 343

1444 345 1788 408 0THLONI
1832 344 2184 408 MONACHI
2231 346 2295 406 S.
2341 345 2830 408 EMMERAMMI

3723 347 3841 409 3H

1327 590 1793 690 INCIPIT
1861 592 2242 688 LIBER
2311 590 2950 692 VISIONUM.

511 808 655 866 Cum
685 808 867 882 igitur
891 807 952 864 in
984 808 1250 865 saeculari
1280 810 1470 866 adhuc
1499 809 1703 865 habitu
1725 810 2081 865 constitutus
2114 810 2168 876 Α
2201 809 2414 865 raculis
2446 811 2895 882 praeferendum,
2919 810 2969 865 si
3001 810 3056 864 id
3091 810 3245 882 quod
3278 807 3426 865 nulli
3455 809 3675 865 ibidem
3704 826 3852 881 pra:-

431 898 840 972 juvenilesque
890 915 1075 954 annos
1124 917 1330 972 gerens
1371 900 1728 954 multimoda:
1763 897 2083 954 insolentiae

443 994 621 1060 atque
653 987 922 1056 lasciviae,
951 988 1103 1044 sicut
1132 989 1233 1044 illa
1259 989 1600 1060 plerumque
1632 989 1778 1044 solet
1807 993 1965 1054 actas,
1991 988 2086 1041 de-

445 1079 604 1134 ditus
634 1094 845 1148 essem,
878 1078 1053 1133 variis
1083 1079 1318 1135 casibus
1351 1084 1468 1133 tam
1503 1078 1862 1149 spiritalibus
1909 1093 2083 1147 quam

448 1166 850 1239 corporalibus
897 1184 1053 1222 nunc
1099 1167 1458 1239 vigilantem,
1491 1184 1647 1222 nunc
1692 1168 2085 1238 quiescentem

448 1273 543 1312 me
565 1255 760 1311 divina
788 1256 975 1327 pietas
1005 1274 1039 1311 a
1067 1255 1305 1312 lascivia
1333 1257 1660 1312 imminenti
1688 1257 1934 1312 excitare
1965 1260 2087 1311 stu-

445 1345 725 1416 duit,non
751 1349 816 1400 ut
833 1347 1120 1417 quosdam
1144 1345 1417 1402 scelestos
1439 1347 1742 1418 repentina
1762 1346 2090 1400 calamitate

448 1440 775 1501 conterens,
803 1436 903 1490 sed
934 1436 1100 1507 quasi
1127 1436 1478 1507 quibusdam
1505 1437 1784 1508 gradibus
1817 1435 2092 1491 aleviOri-

442 1525 556 1581 bus
588 1525 660 1578 ad
693 1526 916 1596 majora
945 1525 1360 1581 admonitionis
1393 1526 1817 1581 medicamenta
1854 1542 2094 1596 progre-

455 1614 620 1668 diens
648 1631 660 1681 ;
695 1618 751 1668 et
781 1616 935 1685 quod
966 1604 1158 1669 adhuc
1191 1615 1524 1686 benignius,
1558 1616 1675 1670 imo
1707 1615 1862 1670 ultra
1892 1615 2095 1671 huma-

454 1719 592 1758 nam
623 1701 1118 1769 vimclementius
1145 1704 1392 1769 videtur,
1431 1721 1496 1758 eo
1529 1704 1750 1760 scilicet
1778 1704 1950 1760 modo
1983 1721 2096 1774 quo

455 1809 548 1847 me
592 1809 626 1846 a
670 1791 935 1846 minimis
964 1807 1150 1862 usque
1199 1793 1268 1846 ad
1325 1792 1579 1846 maxima
1615 1792 1755 1848 vitia
1786 1793 2098 1863 provehere

460 1880 744 1946 solebam,
766 1879 866 1934 ille
887 1879 1060 1934 etiam
1086 1897 1177 1936 me
1200 1898 1231 1934 a
1253 1881 1516 1936 minimis
1543 1897 1728 1952 usque
1750 1882 1819 1935 ad
1845 1882 2100 1936 maxima

459 1970 728 2039 quaedam
761 1969 960 2040 gratiae
993 1985 1110 2024 suae
1169 1971 1321 2025 dona
1369 1972 1710 2042 provehens,
1745 1971 1913 2042 quasi
1955 1971 2098 2026 illud

455 2055 842 2128 apostolicum
877 2073 890 2112 :
950 2059 1049 2115 Ubi
1090 2059 1388 2114 abundavit
1441 2061 1730 2131 iniquitas,
1762 2062 2101 2132 superabun-

2194 903 2384 954 statur
2417 899 2688 954 mihimet
2719 898 2827 955 soli
2859 904 3016 955 esset
3044 900 3505 955 concedendum.

2266 990 2398 1045 Haec
2425 991 2702 1060 utrinque
2725 989 2968 1044 audiens
2991 990 3203 1044 sudore
3221 989 3514 1044 certabam
3537 1004 3751 1060 magno
3773 1005 3849 1043 ne

2193 1077 2281 1132 vel
2315 1078 2399 1132 illi
2432 1077 2934 1143 contristarentur,
2969 1095 3071 1134 seu
3125 1077 3220 1134 isti
3267 1077 3700 1133 laztiﬁcarentur
3729 1077 3850 1132 mei

2197 1168 2432 1222 damno.
2447 1167 2864 1222 Verumtamen
2885 1185 2998 1222 non
3023 1184 3260 1238 parvam
3279 1167 3553 1221 ﬁduciam
3574 1167 3850 1238 viresque

2197 1273 2264 1310 ex
2295 1256 2404 1311 hoc
2435 1257 2684 1328 adeptus
2717 1273 2849 1311 sum
2895 1257 3050 1328 quod
3080 1259 3299 1327 quanto
3330 1254 3678 1310 laboriosius
3709 1271 3851 1310 can-

2199 1344 2500 1414 tavi,tanto
2522 1345 2707 1417 magis
2723 1345 3004 1400 Dominus
3021 1347 3156 1401 llere
3173 1343 3674 1416 videbatur,quasi
3692 1343 3854 1399 labo-

2201 1449 2324 1488 rem
2358 1451 2552 1489 meum
2585 1435 2918 1490 miseratus.
2955 1439 3030 1490 At
3059 1435 3159 1489 ubi
3191 1451 3259 1489 ex
3289 1438 3472 1500 tanto,
3505 1432 3641 1488 licet
3670 1432 3853 1487 nimis

2202 1521 2706 1594 t'atigatus,studio
2731 1523 3015 1595 psallendi
3037 1540 3102 1578 ea
3126 1540 3240 1593 qua
3261 1522 3407 1594 ccepi
3429 1521 3681 1577 melodis.
3700 1520 3854 1592 psal-

2204 1629 2368 1666 mum
2394 1612 2464 1666 ad
2489 1628 2742 1683 unguem
2768 1613 3034 1684 perduxi,
3059 1612 3200 1683 quid
3223 1629 3400 1683 super
3419 1611 3528 1666 hac
3551 1614 3854 1666 concerta—

2205 1700 2363 1756 tione
2391 1702 2587 1756 diviua
2618 1702 2952 1758 decerneret
2999 1702 3288 1757 sententia
3329 1700 3521 1756 adhuc
3567 1700 3851 1769 incertus,

2206 1789 2442 1843 substiti
2477 1789 2757 1861 trepidus.
2792 1791 2956 1845 Tunc
2985 1789 3217 1845 silentio
3267 1790 3339 1844 ab
3385 1788 3660 1844 omnibus
3699 1788 3854 1843 facto

2208 1879 2681 1950 przestolantibus
2699 1879 2876 1950 hujus
2895 1879 3050 1934 modi
3071 1895 3190 1933 rem
3207 1877 3518 1949 dijudicari
3534 1894 3566 1932 a
3582 1876 3855 1941 Domino,

2207 1966 2332 2038 ipse
2363 1967 2640 2038 primum,
2676 1968 2828 2023 sicut
2857 1967 3002 2022 mihi
3032 1967 3356 2038 videbatur,
3391 1966 3530 2039 quia
3568 1970 3669 2020 aut
3699 1966 3855 2019 tanti

2211 2055 2488 2111 carminis
2511 2057 2912 2123 delectatione,
2932 2056 3018 2112 vel
3042 2057 3238 2128 potius
3261 2073 3329 2110 ex
3348 2059 3513 2110 tanta
3538 2054 3715 2110 animi
3741 2053 3863 2108 mei

461 2146 612 2201 dabit
656 2148 844 2219 gratia
890 2149 1064 2219 (Rom.
1097 2165 1153 2217 v,
1184 2149 1296 2221 20),
1330 2149 1387 2203 in
1422 2166 1514 2205 me
1556 2149 1923 2222 aliquantum
1973 2167 2099 2221 spe-
2134 2178 2181 2243 Β
2213 2144 2481 2201 molestia
2512 2150 2684 2218 atque
2715 2146 3026 2202 afflictione
3066 2147 3138 2200 ad
3181 2145 3481 2200 miseriam
3528 2149 3725 2199 motus
3767 2143 3868 2197 in-

462 2235 686 2292 cialiter
719 2236 960 2308 implere
989 2236 1178 2292 vellet.

531 2328 848 2398 Postquam
902 2343 1058 2400 ergo,
1101 2331 1166 2382 ut
1206 2327 1342 2397 dixi,
1375 2328 1630 2383 assiduis
1679 2328 2110 2400 levioribusque

463 2416 566 2473 Dei
591 2416 830 2472 monitis
852 2416 1169 2471 instinctus
1201 2433 1406 2488 parum
1433 2418 1743 2472 emendare
1777 2435 1867 2472 me
1889 2417 2106 2484 curavi,

467 2506 689 2574 majora
705 2503 1086 2568 districtionis
1104 2521 1221 2560 suae
1245 2505 1633 2560 medicamina
1651 2506 1918 2561 adhibuit
1941 2506 2107 2561 mihi.

461 2594 610 2649 Nam
660 2593 952 2647 visionum
1003 2595 1395 2664 quarumdam
1454 2593 1802 2650 revelatione
1863 2594 2109 2650 miriﬁca

459 2681 640 2737 nimis
663 2682 970 2737 exterritus
1001 2689 1058 2736 et
1077 2683 1361 2739 excitatus
1394 2701 1547 2755 sum,
1572 2701 1822 2755 quarum
1859 2684 2106 2756 primam

461 2770 522 2825 in
554 2770 761 2842 primis
792 2786 1024 2842 quoque
1053 2773 1309 2843 proferre
1339 2773 1474 2844 (33).

976 2880 1168 2936 VISIO
1209 2880 1434 2936 PRlMA
1465 2880 1598 2951 (34).

459 2967 591 3039 Spes
637 2975 687 3023 et
727 2969 1016 3040 promissio
1057 2970 1533 3112 pegiiiafistvitae
1561 2973 1787 3026 (eterna:
1819 2971 2048 3026 Oihlono
2076 2988 2107 3025 α

1182 3057 1240 3096 eo
1295 3057 1361 3096 ac
1388 3058 1441 3095 α.

1182 3057 1240 3096 ρο
1271 3057 1441 3096 Iaera.

537 3130 670 3194 Quae
717 3127 864 3183 mihi
905 3129 1030 3198 jam
1075 3129 1334 3200 praestita
1366 3133 1452 3183 est
1493 3129 1769 3196 maxima,
1803 3130 2110 3200 coepissem

465 3217 780 3287 recordari,
814 3217 1002 3288 magis
1051 3234 1116 3272 ac
1159 3217 1346 3289 magis
1379 3218 1654 3273 incitatus
1688 3219 2111 3291 roboratusque

466 3305 539 3361 ad
568 3305 946 3377 cantandum,
980 3321 1293 3378 aggressus
1324 3322 1455 3360 sum
1490 3307 1785 3372 eumdem,
1818 3306 1950 3362 licet
1981 3325 2113 3379 pro-

465 3393 670 3457 lixum,
695 3411 881 3465 usque
911 3396 982 3449 ad
1015 3395 1190 3450 ﬁnem
1216 3399 1448 3450 cantare
1479 3395 1772 3467 psalmum
1797 3401 1870 3465 et,
1898 3402 1960 3451 ut
1981 3415 2112 3468 pro-

461 3481 714 3538 babilior
762 3500 863 3538 seu
913 3483 1145 3539 suavior
1184 3488 1394 3539 cantus
1426 3487 1652 3540 cunctis
1682 3485 1976 3541 videretur
2005 3503 2112 3541 au-

374 3562 377 3568 ’
463 3571 1087 3639 dientibus,introitum
1113 3589 1216 3644 per
1245 3573 1512 3644 singulos
1535 3574 1864 3644 repetebam
1883 3591 2106 3630 versus.

463 3660 684 3715 Deinde
698 3677 852 3726 vero,
869 3678 1001 3715 eum
1028 3666 1144 3715 tam
1168 3660 1406 3732 longum
1427 3678 1659 3717 carmen
1680 3663 1920 3718 suavius
1939 3668 2113 3734 atque

466 3747 644 3804 altius
664 3749 959 3804 resultans
981 3749 1207 3820 placere
1229 3751 1525 3804 videretur
1545 3767 1659 3804 non
1679 3751 1866 3805 solum
1891 3753 2113 3824 angelis

468 3841 526 3893 et
554 3837 895 3893 hominibus
927 3839 996 3892 ad
1031 3839 1328 3892 dexteram
1364 3854 1590 3893 mecum
1637 3841 1978 3912 segregatis,
2013 3842 2111 3896 sed

465 3926 642 3981 etiam
688 3927 936 3981 Domino
979 3931 1203 3992 nostro,
1236 3927 1285 3981 si
1341 3927 1482 3982 forte
1530 3927 1764 3982 interim
1816 3916 2116 3985 audiretur

467 4014 665 4086 aliqua
688 4014 1198 4069 circumstantium
1227 4016 1586 4083 mussitatio,
1609 4017 1852 4090 angelus
1877 4018 1992 4088 ille,
2016 4018 2116 4090 qui

468 4103 696 4157 diaconi
719 4103 909 4157 ofﬁcio
944 4104 1179 4159 functus
1210 4121 1386 4176 prope
1409 4105 1576 4160 altari
1611 4107 1788 4176 stetit,
1815 4105 2113 4163 silentium

471 4207 650 4246 manu
681 4190 889 4247 leniter
915 4191 1127 4259 innuit,
1153 4197 1358 4256 tacete.
1388 4194 1684 4266 inquiens,
1713 4195 1851 4267 quia
1880 4213 2114 4252 carmen

471 4279 588 4335 tale
609 4280 893 4337 Dominus
916 4285 1113 4337 noster
1133 4281 1275 4338 satis
1297 4283 1618 4339 delectatur
1640 4285 1860 4342 audire.
1882 4288 1991 4341 Sed
2025 4304 2116 4342 me

466 4368 528 4424 in
576 4373 736 4425 tanto
776 4370 1063 4443 psallendi
1096 4373 1414 4428 certamine
1443 4375 1781 4443 constituto,
1815 4375 2115 4430 silentium

459 4457 601 4514 licet
624 4459 837 4531 saepius
856 4461 925 4516 ab
949 4461 1155 4533 angelo
1183 4462 1558 4533 indiceretur,
1573 4481 1946 4536 nequaquam
1973 4467 2116 4521 adeo

465 4549 655 4622 potuit
675 4549 922 4605 obtineri
949 4551 1090 4622 quin
1117 4551 1401 4622 plerique,
1424 4553 1713 4607 bonorum
1747 4553 2117 4625 prosperitati

465 4655 608 4694 mea:
639 4639 1134 4711 congratulantes,
1158 4641 1398 4696 vocibus
1430 4641 1707 4697 clamosis
1736 4643 2116 4713 deprecaren-

465 4731 564 4782 tur
617 4745 709 4784 me
759 4746 928 4800 posse
975 4729 1247 4785 inchoata
1299 4747 1730 4797 consummare,
1781 4736 1837 4786 et
1885 4735 2121 4787 econtra

471 4816 640 4871 multi
670 4833 904 4888 quoque
925 4835 1237 4889 pravorum
1267 4819 1554 4875 invidiosa
1585 4820 1728 4874 mihi
1757 4837 1892 4875 voce
1923 4821 2122 4876 detra-

2217 2235 2388 2291 terim
2408 2237 2628 2309 jugiter
2651 2237 3100 2308 lacrymabatur,
3120 2235 3426 2307 lacrymas,
3441 2251 3567 2306 quae
3587 2251 3656 2289 ex
3677 2231 3870 2288 oculis

2218 2327 2346 2395 ejus
2371 2325 2722 2393 defluebant,
2750 2342 2925 2380 manu
2960 2322 3119 2380 lenta
3149 2322 3421 2378 abstersit
3449 2341 3462 2389 ;
3496 2322 3704 2378 deinde
3733 2338 3874 2394 ape-

2219 2414 2375 2470 riens
2407 2431 2470 2470 os
2503 2431 2699 2481 suum,
2732 2415 2983 2486 benigna
3011 2430 3146 2468 voce
3178 2413 3323 2468 dixit
3356 2429 3369 2467 ε
3421 2414 3486 2468 Et
3531 2428 3630 2484 pro
3680 2412 3874 2482 gratia

2218 2509 2406 2559 nostra
2453 2521 2518 2560 ac
2563 2506 2731 2559 etiam
2766 2519 2865 2574 pro
2885 2506 3090 2558 cantus
3119 2504 3211 2558 sui
3237 2502 3482 2557 mercede
3509 2499 3874 2557 concedamus

2217 2596 2270 2649 ei
2308 2610 2536 2664 regnum
2566 2594 2796 2648 caeleste.

2291 2683 2555 2753 Longum
2570 2683 2812 2737 forsitan
2833 2682 3318 2738 autfastidiosum
3335 2681 3628 2736 videretur
3643 2678 3871 2750 lectori,

2219 2771 2266 2826 si
2296 2788 2530 2826 omnem
2555 2787 2891 2843 percurrere
2915 2771 3086 2827 velim
3110 2771 3395 2826 visionem
3418 2770 3594 2841 hujus
3626 2767 3871 2834 somnii,

2219 2861 2410 2934 qualis
2460 2859 2682 2915 scilicet
2731 2865 2960 2932 peracto
2983 2860 3206 2931 judicio
3236 2859 3438 2916 laetitia
3465 2859 3777 2928 bonorum,
3814 2862 3876 2913 et

2219 2953 2439 3021 quanta
2470 2949 2643 3005 fuerit
2669 2949 2795 3004 visa
2823 2949 3061 3005 tristitia
3101 2949 3412 3004 malorum.
3445 2948 3696 3019 Ideoque
3745 2947 3874 3001 haec

2219 3038 2438 3112 prolata
2460 3039 2909 3111 sufﬁciant,quae
2931 3037 3471 3110 nemo,precor,ﬁde
3485 3036 3572 3092 vel
3594 3035 3872 3104 lectione,

2221 3133 2419 3199 utpote
2441 3127 2840 3200 despicabilia,
2856 3129 3128 3183 decernat
3149 3127 3411 3199 indigna,
3430 3126 3566 3198 quia
3587 3143 3700 3180 non
3722 3125 3876 3180 adeo

2221 3217 2472 3283 insanio,
2493 3222 2559 3272 ut
2577 3217 2946 3272 securitatem
2971 3217 3148 3272 ullam
3170 3233 3239 3272 ex
3258 3216 3620 3271 somniorum
3643 3214 3877 3270 visione

2222 3305 2366 3360 mihi
2401 3305 2712 3374 vindicem,
2747 3307 2843 3362 scd
2879 3311 2944 3361 ut
2975 3306 3057 3361 ita
3087 3304 3472 3378 spiritualem,
3506 3321 3634 3375 quae
3665 3303 3878 3375 utique

2221 3411 2324 3466 per
2353 3396 2601 3465 somnia,
2625 3397 2712 3461 ﬁt,
2736 3396 2889 3450 sicut
2919 3400 2977 3450 et
3007 3394 3364 3467 corporalem
3398 3392 3632 3466 pietatis
3661 3393 3876 3448 divinae

2224 3485 2684 3539 admonitionem
2717 3485 3105 3540 manifestem.
3133 3484 3312 3555 Cujus
3341 3483 3620 3538 nimirum
3653 3481 3879 3537 somnii

2222 3573 2503 3628 visionem
2533 3573 2668 3628 licet
2699 3590 2849 3646 saepe
2882 3575 3146 3640 mirarer,
3179 3573 3511 3644 saepiusque
3559 3572 3630 3625 de
3679 3570 3879 3642 quali-

2223 3667 2338 3717 tate
2369 3664 2494 3734 ejus
2527 3666 2858 3730 tractarem,
2893 3663 3034 3717 adeo
3090 3666 3155 3717 ut
3202 3661 3376 3717 etiam
3418 3666 3558 3716 tunc
3589 3660 3879 3716 dictatam

2222 3750 2557 3821 scriberem,
2592 3752 2730 3822 quia
2776 3768 2877 3823 per
2924 3751 3077 3806 idem
3118 3754 3352 3822 tempus
3384 3755 3441 3806 et
3469 3749 3734 3805 dictandi
3764 3748 3880 3804 ali-

2223 3855 2397 3910 quam
2417 3844 2475 3894 et
2497 3840 2790 3895 scribendi
2815 3856 3088 3912 magnam
3113 3839 3378 3894 notitiam
3404 3837 3598 3905 habui,
3615 3837 3881 3892 necdum

2221 3933 2408 3983 tamer
2438 3945 2537 3982 cor
2566 3930 2636 3983 ad
2665 3928 3134 3984 emendationem
3158 3928 3342 3983 ullam
3374 3927 3641 3999 apposui,
3666 3943 3772 3998 pro
3809 3943 3881 3981 eo

2225 4016 2445 4072 scilicet
2465 4017 2600 4088 quia
2625 4022 2682 4072 et
2711 4019 2932 4072 sanitas
2956 4018 3215 4090 corporis
3236 4016 3467 4089 aliaque
3488 4032 3664 4087 quam
3687 4014 3791 4087 plu
3803 4015 3884 4070 ri-

2226 4123 2341 4172 ma,
2377 4123 2502 4176 quae
2547 4107 2842 4176 juventuti
2893 4110 3059 4178 grata
3110 4107 3400 4173 videntur,
3434 4105 3578 4160 satis
3607 4104 3882 4160 aderant.

2230 4195 2442 4250 Deinde
2464 4195 2695 4250 duobus
2716 4195 2907 4264 annis,
2932 4199 2996 4250 ut
3022 4212 3168 4262 reor,
3194 4193 3530 4262 transactis,
3552 4199 3608 4248 et
3637 4198 3886 4264 peccato

2227 4284 2477 4355 quodam
2500 4285 2718 4339 noviter
2745 4289 2990 4355 patrato,
3009 4286 3177 4354 cujus
3201 4283 3343 4339 mihi
3367 4287 3581 4338 ettunc
3606 4286 3664 4338 et
3683 4281 3886 4337 adhuc

2226 4372 2496 4428 conscius
2549 4389 2703 4439 sum,
2737 4372 2948 4428 iterum
2999 4373 3195 4428 divina
3242 4373 3514 4444 apparuit
3561 4369 3888 4427 clementia

2227 4462 2568 4532 hujusmodi
2599 4461 2835 4517 visione.

2759 4569 2950 4624 VISIO
2990 4569 3335 4625 SECUNDA.

2228 4657 2570 4729 Negligentia
2598 4660 2928 4715 clericorum
2976 4661 3037 4713 in
3084 4659 3289 4714 divinis
3335 4676 3368 4714 α
3417 4658 3520 4713 Deo
3550 4657 3892 4730 reprehensa

2856 4740 2908 4784 et
2937 4730 3246 4802 objurgata.

2301 4820 2498 4874 Visum
2531 4824 2620 4874 est
2649 4820 2830 4892 igitur
2859 4819 3024 4884 mihi,
3049 4820 3201 4874 sicut
3231 4819 3495 4887 memini,
3521 4819 3661 4890 quia
3690 4818 3750 4873 in
3786 4835 3893 4873 ea-

472 4906 681 4960 hentes
704 4905 964 4960 dicerent
993 4923 1086 4962 me
1109 4909 1279 4978 juxta
1309 4909 1576 4965 inclitam
1609 4909 1950 4982 arrogantiae
1983 4927 2120 4964 con-
2151 4914 2198 4978 Ι)
2231 4907 2361 4963 dem
2377 4909 3026 4980 ecclesia,inquaetiam
3047 4908 3452 4980 persomnium
3473 4907 3895 4979 supradictum

479 4993 854 5048 suetudinem
872 4997 1279 5050 tantummodo
1296 4998 1672 5054 exclamando
1691 5016 1758 5053 su
1771 4998 2125 5070 perbire,nec

479 5080 620 5137 talia
640 5098 812 5154 posse
837 5081 1022 5147 ﬁnire,
1045 5083 1305 5156 mihique
1331 5087 1708 5156 praedicerent
1730 5088 2124 5160 proculdubio

477 5173 587 5228 hoc
613 5171 788 5228 citius
811 5176 1153 5227 eventurum
1187 5176 1339 5244 quod
1368 5177 1434 5228 ad
1462 5175 1643 5231 elatos
1670 5194 1872 5233 omnes
1895 5183 2125 5233 constat

478 5262 699 5317 dictum
739 5280 751 5317 :
805 5263 994 5318 Omnis
1023 5264 1119 5333 qui
1157 5278 1214 5317 se
1251 5265 1457 5318 exultat.
1486 5266 1874 5322 humiliabitur
1907 5267 2117 5337 (.r'llatlh.

475 5366 637 5416 χχιιι,
661 5352 770 5421 12),
794 5356 850 5406 et
882 5349 1026 5406 illud
1054 5368 1066 5406 ε
1107 5352 1252 5420 Quia
1284 5353 1373 5406 hic
1402 5353 1558 5408 homo
1583 5357 1745 5425 coepit
1765 5357 2044 5424 {mli/imre
2072 5360 2123 5411 et

470 5455 581 5496 non
623 5443 800 5511 potuit
848 5457 1230 5497 consummare
1281 5443 1430 5513 (Luc.
1464 5460 1578 5507 xw,
1618 5446 1730 5512 30),
1780 5446 2119 5516 adjicientes

472 5528 647 5584 etiam
669 5536 771 5583 aut
791 5530 1083 5599 judicium
1110 5547 1238 5586 esse
1271 5532 1580 5603 injustum,
1603 5533 1688 5587 vel
1712 5534 1983 5590 omnibus
2007 5535 2117 5590 mi-

542 5670 654 5745 (33)
683 5669 1059 5729 Desideratur
1088 5671 1180 5730 hic
1215 5672 1416 5730 folium
1448 5674 1506 5730 in
1539 5673 1754 5731 codice.

2234 4997 2540 5052 videbatur
2571 5015 2698 5052 esse
2729 4998 2853 5053 dies
2877 4997 3107 5068 judicii,
3141 5013 3276 5052 cum
3305 4995 3437 5051 aliis
3467 4995 3743 5067 plurimis
3777 4995 3898 5052 cleo

2234 5087 2372 5140 ricis
2406 5103 2700 5142 manerem
2736 5086 3100 5158 congregatis
3131 5087 3203 5140 ad
3237 5085 3618 5158 persolvenda
3647 5101 3902 5157 vesper-

2233 5177 2368 5228 time
2393 5173 2583 5230 laudis
2605 5174 2812 5230 ofﬁcia.
2839 5157 2993 5244 Quae,
3015 5175 3153 5228 dum
3177 5157 3556 5247 negligenter,
3578 5173 3733 5230 sicut
3753 5190 3905 5230 mos

2233 5270 2320 5318 est
2341 5281 2486 5336 pene
2507 5264 2735 5319 villanis
2755 5264 3029 5319 omnibus
3046 5263 3293 5331 clericis,
3313 5268 3684 5319 cantaremus
3707 5265 3909 5335 atque

2232 5369 2336 5424 ego
2371 5353 2624 5423 interim,
2659 5352 2795 5424 quia
2843 5351 2961 5406 illic
3006 5351 3276 5406 sacerdos
3309 5352 3539 5406 futurus
3572 5368 3756 5416 eram,
3800 5353 3907 5407 in-

2230 5460 2470 5498 censum
2504 5448 2744 5513 portans
2777 5441 3168 5496 thuriﬁcando
3201 5442 3269 5497 ad
3304 5440 3488 5497 altare
3518 5441 3907 5508 accederem,

2228 5531 2420 5587 subito
2436 5532 2777 5602 priusquam
2792 5531 2863 5586 ad
2880 5529 3076 5600 ipsum
3091 5529 3270 5586 altare
3285 5529 3906 5601 pervenissem,quasi

2295 5674 2406 5746 (3’1)
2437 5672 2603 5730 Caret
2636 5670 2923 5744 principio
2954 5671 3027 5727 ob
3062 5669 3268 5728 folium
3301 5687 3333 5729 θ
3363 5671 3559 5733 codice
3588 5671 3912 5748 excisqu
