4098 6172
275 350 394 417 345

1645 357 1875 421 LIBER
1916 359 2323 430 VISIONUM.

3563 363 3683 426 346

277 483 707 547 murmurantis
734 504 936 547 vocem
965 488 1024 548 in
1057 489 1224 548 altari
1268 491 1602 549 audiebam.
1636 492 1796 549 Hanc
1825 509 1921 549 νο·
1949 493 2006 559 Α
2033 492 2190 551 lebat
2208 493 2640 569 ardere,ipsum
2672 495 2854 571 digito
2877 497 3214 554 monstrans
3235 491 3352 552 dixi
3382 494 3455 551 ad
3477 494 3680 552 Domi-

279 596 402 636 cem
433 583 752 652 postquam
785 580 999 653 audivi,
1023 580 1231 639 timore
1263 581 1442 640 nimio
1474 582 1817 656 perterritus
1840 597 1927 639 re-

272 673 530 726 trorsum
565 687 700 726 cum
731 671 1032 728 thuribulo
1064 672 1200 728 abii.

340 760 517 814 Stans
542 764 742 816 autem
767 760 976 820 deinde
1000 761 1344 832 aliquandiu
1376 765 1433 818 et
1453 762 1764 834 diligenter
1789 778 1926 817 aus-

271 846 502 903 cultans
523 848 572 903 si
593 847 740 904 forte
757 848 992 920 aliquod
1017 849 1174 905 illius
1201 851 1609 906 murmuriosa:
1631 850 1786 906 vocis
1808 867 1929 906 ver-

268 937 409 992 bum
444 938 651 992 audire
691 943 746 992 et
776 938 1104 1010 intelligere
1134 957 1390 1011 possem,
1424 941 1522 995 sed
1556 939 1716 996 nullo
1750 941 1922 996 modo

267 1024 495 1092 valens,
529 1027 647 1082 imo
674 1028 850 1083 etiam
885 1028 1136 1084 inaniter
1165 1045 1257 1084 me
1288 1031 1625 1085 exterritum
1658 1031 1922 1096 credens,

273 1115 491 1170 iterum
518 1132 583 1171 eo
601 1133 716 1187 quo
746 1117 913 1188 prius
943 1119 1139 1173 studio
1162 1120 1233 1174 ad
1252 1118 1432 1174 altare
1455 1121 1724 1176 accedere
1745 1119 1921 1178 volui.

251 1200 254 1203 ’
270 1203 336 1259 Et
349 1205 639 1260 accedens
653 1223 888 1262 rursum
908 1207 1127 1262 sicutet
1143 1211 1312 1263 antea
1326 1208 1518 1264 audivi
1533 1226 1731 1264 vocem
1756 1209 1924 1280 quasi

272 1296 707 1350 murmurantis
724 1300 782 1350 et
804 1312 997 1352 meum
1018 1313 1318 1352 accessum
1339 1297 1639 1354 excludere
1659 1297 1922 1366 volentis,

269 1399 630 1456 rursumque
646 1383 822 1441 nimis
842 1386 1512 1458 perterritusretrorsum
1533 1388 1646 1442 abii
1662 1388 1924 1443 concitus

269 1471 488 1544 ibique,
516 1476 581 1528 ut
603 1473 787 1545 prius,
804 1475 1252 1548 diligentissime
1275 1475 1615 1546 auscultavi,
1641 1476 1690 1531 si
1713 1476 1797 1531 vel
1823 1475 1923 1531 illa

265 1561 386 1616 vice
416 1562 662 1618 verbum
695 1562 930 1636 aliquod
962 1565 1162 1621 audire
1189 1582 1421 1637 possem
1453 1583 1520 1621 ex
1551 1565 1739 1621 altari.
1776 1566 1920 1621 Cum

268 1656 464 1706 autem
498 1651 671 1708 solito
703 1651 937 1726 longius
967 1654 1143 1710 etiam
1181 1660 1319 1710 tunc
1351 1654 1691 1724 praestolans
1721 1671 1920 1710 vocem

267 1739 492 1795 nullam
523 1740 674 1796 ultra
687 1742 975 1808 audirem,
991 1747 1046 1799 et
1068 1752 1131 1800 ut
1148 1744 1206 1798 in
1230 1744 1420 1817 prima
1440 1748 1496 1801 et
1517 1744 1774 1800 secunda
1798 1743 1921 1799 vice

267 1829 471 1884 eodem
529 1831 702 1886 modo
734 1848 967 1903 quoque
1014 1833 1184 1887 tertio
1214 1834 1494 1889 accedens
1543 1850 1756 1890 manus
1785 1849 1920 1888 cum

265 1917 575 1974 thuribulo
624 1921 932 1976 extendere
980 1937 1158 1994 super
1204 1921 1386 1978 altare
1431 1922 1659 1991 vellem,
1705 1922 1926 1977 interea

275 2008 472 2064 subito
507 2008 663 2064 intra
694 2010 847 2066 idem
882 2010 1065 2068 altare
1106 2015 1163 2066 et
1192 2016 1454 2084 apertam
1479 2028 1676 2068 vocem
1710 2011 1926 2082 audivi,

275 2100 331 2152 et
361 2098 565 2154 statim
596 2103 729 2170 post
749 2101 963 2158 emissa
983 2102 1159 2157 verba
1179 2119 1248 2157 ex
1278 2101 1520 2158 australi
1543 2101 1742 2158 altaris
1767 2105 1930 2173 parte

275 2188 594 2260 quemdam
619 2205 843 2255 senem,
863 2189 1056 2260 ipsum
1079 2191 1347 2246 videlicet
1365 2191 1463 2264 qui
1498 2191 1848 2263 loquebatur
1869 2190 1929 2245 in

271 2275 468 2347 specie
495 2277 824 2350 presbyteri
853 2279 923 2333 ad
959 2279 1204 2334 missam
1251 2279 1657 2334 celebrandam
1692 2277 1931 2335 omnino

273 2365 605 2436 praeparati,
621 2367 1019 2438 egredientem
1038 2367 1177 2423 vidi.
1193 2370 1375 2432 Quem
1391 2368 1594 2424 videns
1607 2372 1930 2423 retrorsum

271 2453 386 2508 abii
423 2454 713 2525 concitus,
748 2456 919 2527 quasi
953 2457 1182 2528 fugiens
1214 2473 1349 2512 cum
1372 2457 1673 2512 thuribulo
1704 2457 1762 2511 in
1793 2473 1934 2528 quo-

270 2543 406 2596 dam
465 2543 764 2599 secretiori
813 2542 939 2600 loco
990 2544 1229 2600 substiti
1277 2545 1560 2617 trepidus.
1596 2549 1730 2600 Erat
1775 2561 1928 2613 vero,

271 2631 430 2686 sicut
463 2631 609 2686 mihi
641 2632 965 2704 videbatur,
999 2633 1176 2689 rubra
1214 2634 1458 2689 indutus
1488 2633 1726 2701 casula;
1759 2633 1935 2689 verba

273 2737 535 2792 quoque,
592 2739 716 2792 quae
765 2720 924 2777 intra
969 2723 1152 2778 altare
1203 2723 1358 2779 dicta
1404 2727 1544 2779 sunt
1597 2725 1669 2778 ab
1699 2739 1789 2790 eo,
1823 2722 1931 2778 hu-

262 2809 562 2880 jusmodi,
588 2821 652 2864 ut
683 2810 893 2876 recolo,
919 2812 1302 2868 continebant
1331 2829 1593 2868 sensum.
1617 2817 1930 2880 Hactenus,

269 2898 484 2970 inquit,
522 2901 762 2956 assidue
792 2918 894 2972 per
909 2901 1056 2957 alios
1084 2902 1348 2957 nuntiavi
1368 2907 1423 2957 et
1453 2902 1700 2974 praecepi
1722 2907 1788 2955 ut
1807 2900 1934 2957 lau-

275 2988 367 3042 dis
399 2993 583 3060 atque
633 2989 930 3044 servitutis
981 3007 1126 3045 mea
1159 2990 1351 3046 ofﬁcia
1397 2995 1709 3063 agerentur
1739 2989 1934 3046 studio

274 3078 511 3148 majori.
535 3079 646 3132 Sed
675 3079 812 3150 quia
841 3078 962 3134 haec
983 3081 1408 3152 praeceptajam
1443 3079 1630 3152 magis
1659 3097 1724 3135 ac
1747 3079 1934 3152 magis

273 3167 473 3238 sperni
506 3166 924 3240 annullarique
944 3169 1132 3236 video,
1157 3168 1282 3241 ipse
1305 3169 1477 3223 modo
1508 3167 1813 3224 hominum
1843 3185 1936 3223 ne-

2035 600 2178 640 num
2212 599 2224 638 :
2259 584 2422 653 Quia,
2455 586 2702 643 Domine
2731 588 2894 656 Jesu,
2921 586 3003 642 nil
3033 585 3191 642 aliud
3219 584 3312 642 hic
3340 584 3681 641 verberandi

2035 673 2225 729 ofﬁcio
2256 678 2458 746 aptum
2480 676 2665 742 adest,
2686 675 2773 732 vel
2805 693 2938 732 cum
2963 676 3072 731 hoc
3102 675 3261 748 ligno
3287 675 3445 746 gravi
3468 691 3680 747 corpus

2034 779 2375 834 percussum
2428 763 2605 820 alicui
2654 765 2820 820 trade
2863 764 3210 831 inﬁrmitati,
3257 767 3322 819 ut
3366 763 3680 820 verborum

2034 854 2271 907 tuorum
2305 853 2511 909 saltem
2545 854 2628 910 sic
2678 852 2995 926 compellar
3023 852 3333 909 recordari.
3365 855 3440 908 At
3467 852 3563 908 ille
3590 869 3680 908 re-

2034 943 2332 1013 spondens
2379 943 2458 998 ait
2511 960 2522 997 :
2576 943 2700 998 Non
2749 961 2897 1015 opus
2945 946 3035 997 est
3079 941 3228 1010 istis,
3262 957 3366 996 nec
3419 941 3529 996 erit
3550 943 3678 1012 jam

2033 1034 2266 1102 tempus
2283 1033 2524 1104 agendis
2549 1051 2562 1101 ;
2596 1033 2656 1087 in
2680 1031 2790 1088 hoc
2816 1032 2970 1088 enim
3001 1047 3370 1103 nequaquam
3394 1030 3536 1085 libet
3555 1029 3681 1084 diu-

2033 1119 2150 1174 tius
2183 1121 2500 1177 consistere
2553 1121 2699 1191 loco,
2733 1124 2830 1178 sed
2865 1121 3051 1177 redire
3083 1121 3140 1175 in
3196 1119 3455 1190 requiem
3489 1135 3679 1176 meam

2034 1209 2384 1280 quantocius
2414 1209 2563 1266 volo.
2590 1214 2952 1283 Quapropter
2981 1227 3159 1282 super
3186 1209 3277 1265 his
3307 1225 3431 1280 quae
3464 1207 3681 1280 rogasti

2034 1298 2178 1354 scito
2208 1298 2346 1370 quia
2395 1317 2529 1355 cum
2580 1300 2722 1354 mihi
2758 1301 2876 1355 sint
2904 1300 3102 1355 omnia
3155 1303 3311 1367 nota,
3344 1297 3601 1370 gemitus
3627 1301 3684 1352 et

2032 1385 2424 1459 lacrymarum
2460 1393 2696 1444 tuarum
2719 1389 3061 1445 eil‘usionem
3094 1387 3684 1457 emendationemque

2034 1494 2266 1537 morum
2301 1496 2402 1550 pro
2435 1478 2796 1535 confessione
2826 1496 2860 1534 a
2890 1483 2946 1534 te
2976 1477 3253 1550 suscipio.

2103 1566 2242 1622 Post
2270 1566 2392 1622 haec
2423 1584 2558 1639 ergo
2588 1566 2735 1623 mihi
2766 1566 3114 1636 valedicens,
3146 1581 3449 1639 regressus
3488 1567 3578 1620 est
3610 1564 3682 1618 ad

2029 1653 2199 1710 illum
2230 1655 2422 1710 locum
2466 1656 2526 1710 in
2559 1672 2673 1727 quo
2721 1657 2884 1728 prius
2917 1655 3078 1711 stetit
3124 1655 3463 1710 concionem
3493 1652 3680 1708 incre-

2030 1760 2181 1816 pans
2202 1744 2554 1801 clericorum
2583 1764 2595 1814 ;
2632 1749 2689 1800 et
2720 1744 2938 1801 ibidem
2962 1761 3193 1817 quoque
3211 1737 3577 1816 prospiciens
3607 1741 3682 1797 ad

2033 1833 2315 1906 populum
2366 1833 2465 1906 qui
2495 1839 2628 1906 post
2677 1835 2944 1903 chorum,
2978 1833 3134 1890 sicut
3163 1832 3364 1905 utique
3409 1848 3537 1888 mos
3564 1834 3687 1886 est:

2038 1923 2318 1991 constitit,
2352 1924 2694 1995 hujusmodi
2725 1939 3057 1979 sermonem
3077 1924 3148 1978 ad
3179 1939 3278 1978 eos
3293 1920 3563 1994 protulit:
3586 1921 3686 1976 Fa-

2038 2013 2149 2070 cite
2191 2013 2389 2085 igitur,
2423 2031 2453 2068 o
2485 2012 2640 2084 laici,
2672 2013 2825 2070 sicut
2872 2012 3009 2069 boni
3041 2011 3233 2068 solent
3259 2010 3386 2078 viri,
3419 2015 3478 2067 et
3508 2008 3686 2065 nolite

2040 2103 2338 2159 attendere
2387 2102 2458 2157 ad
2509 2119 2683 2174 opera
2727 2119 2924 2175 prava,
2957 2119 3085 2174 quas
3114 2100 3326 2157 videtis
3374 2104 3431 2156 et
3468 2098 3684 2155 auditis

2039 2191 2512 2264 frequentissime
2542 2209 2576 2248 a
2620 2191 2976 2264 pastoribus,
3008 2190 3219 2247 vestris
3263 2188 3535 2245 videlicet
3567 2186 3682 2243 cle-

2040 2280 2176 2335 ricis
2227 2280 2396 2346 facta,
2447 2281 2546 2336 sed
2605 2282 2804 2352 potius
2846 2282 3018 2351 juxta
3065 2279 3320 2336 scientias
3366 2277 3530 2334 vobis
3583 2292 3687 2348 per

2040 2369 2288 2441 gratiam
2339 2369 2598 2425 divinam
2653 2368 2871 2425 collatae
2927 2369 3100 2435 dona,
3161 2385 3403 2441 operum
3451 2381 3686 2440 quoque

2039 2464 2369 2514 vestrorum
2418 2458 2651 2530 dirigite
2700 2460 2914 2529 studia,
2960 2459 3211 2514 scientes
3257 2455 3458 2530 procul
3507 2455 3685 2510 dubio

2042 2548 2178 2618 quia
2207 2550 2371 2603 tanto
2404 2548 2591 2618 major
2623 2564 2843 2603 merces
2875 2547 3050 2603 vestri
3079 2547 3189 2602 erit
3219 2546 3572 2618 quandoque
3601 2544 3684 2599 la-

2042 2636 2224 2704 boris,
2255 2641 2474 2708 quanto
2506 2635 2703 2693 minus
2754 2653 2909 2692 nunc
2939 2636 3062 2691 ulla
3090 2639 3390 2708 pastorum
3423 2632 3688 2706 exempla

2041 2727 2114 2781 ad
2145 2725 2296 2781 viam
2327 2743 2429 2782 vos
2470 2725 2717 2781 incitant
2746 2726 2910 2781 bonae
2941 2724 3208 2782 actionis.
3242 2723 3424 2780 Multa
3453 2738 3686 2794 quoque

2042 2815 2136 2870 his
2158 2813 2375 2870 similia
2402 2814 2822 2871 admonitionis
2844 2815 3018 2870 verba
3032 2818 3171 2870 tunc
3192 2814 3264 2870 ad
3281 2813 3462 2870 laicos
3483 2811 3684 2878 edidit,

2044 2921 2170 2976 quae
2202 2904 2480 2976 quoniam
2512 2921 2546 2959 a
2575 2905 2858 2960 memoria
2891 2921 3018 2960 mea
3046 2903 3218 2976 longe
3247 2907 3386 2959 sunt
3413 2903 3584 2968 facta,
3617 2900 3687 2956 li-

2043 2993 2142 3048 bet
2171 2993 2291 3048 haac
2323 2993 2468 3061 sola,
2502 3011 2752 3065 quorum
2776 2995 2903 3066 jam
2935 2993 3198 3064 memini,
3221 3007 3468 3065 quaeque
3492 2990 3552 3046 in
3575 3006 3690 3046 ser-

2045 3082 2235 3137 monis
2265 3083 2358 3137 sui
2380 3083 2494 3138 ﬁne
2519 3084 2793 3139 omnibus
2823 3083 2942 3139 illic
2962 3081 3462 3140 commorantibus
3495 3079 3689 3136 Domi-

2046 3187 2158 3226 nus
2187 3171 2408 3227 dixisse
2445 3171 2767 3236 videbatur,
2801 3172 2895 3227 hic
2944 3189 3157 3244 ponere
3182 3173 3377 3227 verba.
3408 3167 3688 3226 Admoni-

271 3255 620 3328 gligentiam
674 3238 1197 3329 contemptumque
1227 3257 1340 3313 mei
1394 3258 1684 3313 sustinere
1714 3257 1936 3313 diutius
1965 3238 2009 3306 (ἶ
2047 3259 2242 3326 tionis,
2276 3260 2487 3330 inquit,
2524 3277 2666 3316 mese
2687 3263 2815 3332 jam
2850 3277 3136 3316 memores
3163 3265 3364 3328 estote,
3397 3264 3454 3314 et
3483 3273 3688 3313 omnes

275 3343 506 3410 nolens,
538 3344 712 3400 venio
746 3350 810 3400 ut
843 3363 876 3400 a
907 3347 1250 3418 memetipso
1293 3347 1616 3419 corrigatur
1647 3346 1930 3418 quidquid

271 3450 373 3505 per
404 3433 653 3489 nuntios
682 3451 842 3490 meos
875 3435 1074 3490 tandiu
1107 3436 1510 3507 spernebatur.

341 3523 436 3578 Sic
467 3523 677 3594 itaque
697 3522 796 3578 illo
830 3524 1052 3579 ratione
1073 3524 1265 3580 locuto
1297 3524 1709 3596 potentissima
1739 3523 1932 3579 clerici

273 3630 603 3685 omnesque
634 3617 894 3669 astantes
931 3613 1191 3685 percussi
1215 3618 1352 3668 sunt
1381 3614 1815 3686 perturbatione
1849 3613 1934 3668 ni-

273 3702 392 3757 mia
420 3703 592 3769 adeo,
613 3707 679 3758 ut
699 3702 1059 3758 cantantium
1085 3704 1208 3774 jam
1239 3703 1441 3758 laudes
1464 3702 1820 3775 vespertinas
1842 3703 1932 3758 in-

275 3796 750 3864 terrumperetur
802 3791 1072 3848 melodia.
1106 3792 1324 3847 Deinde
1363 3809 1498 3847 cum
1554 3792 1626 3847 ab
1658 3792 1932 3848 omnibus

277 3879 583 3936 silentium
619 3885 678 3936 et
724 3881 1046 3936 reverentia
1088 3881 1199 3953 ipsi
1231 3881 1355 3936 seni
1403 3882 1782 3954 przeberetur,
1814 3886 1870 3937 et
1900 3899 1934 3936 a

274 3969 434 4025 nullo
468 3970 616 4041 quin
652 3971 780 4042 ipse
799 3975 949 4026 Deus
963 3970 1333 4041 omnipotens
1356 3974 1510 4026 esset
1539 3970 1932 4038 dubitaretur,

274 4059 559 4116 accedens
606 4059 893 4130 paulatim
943 4059 1102 4116 stetit
1141 4076 1318 4131 super
1364 4059 1780 4115 eminentiores
1831 4060 1931 4130 qui

275 4155 439 4204 erant
471 4165 674 4203 coram
716 4148 884 4204 altari
916 4150 1155 4221 gradus,
1186 4149 1284 4204 ubi
1319 4149 1540 4205 scilicet
1587 4149 1930 4205 clericorurn

277 4243 397 4292 erat
428 4236 820 4310 psallentium
843 4238 1080 4304 chorus,
1099 4243 1155 4292 et
1186 4239 1256 4292 ad
1284 4237 1519 4293 eosdem
1553 4242 1932 4310 congregatos

278 4325 520 4383 clericos
553 4326 901 4398 hujusmodi
922 4327 1098 4383 verba
1127 4325 1358 4382 locutus
1389 4329 1710 4392 estzQuare
1740 4328 1798 4381 in
1831 4326 1928 4383 tali

274 4416 638 4490 negligentia
665 4415 962 4472 servitutis
987 4432 1127 4472 meai
1145 4416 1317 4489 agitis
1337 4416 1528 4472 ofﬁcia
1543 4414 1571 4469 ?
1592 4416 1707 4472 Cur
1728 4416 1812 4472 ita
1832 4432 1930 4472 ne-

278 4505 566 4578 gligenter
593 4506 770 4560 etiam
795 4505 900 4560 has
930 4505 1397 4577 nuperinceptas
1414 4505 1618 4562 laudes
1639 4505 1932 4561 eecinistis

2043 3347 2250 3403 valete.
2292 3348 2396 3402 His
2445 3347 2615 3404 dictis
2647 3366 2782 3404 mox
2840 3349 3044 3404 eadem
3075 3348 3168 3404 via
3211 3347 3457 3419 ipsaque
3485 3345 3689 3402 altaris

2043 3435 2215 3510 plaga
2245 3454 2362 3508 qua
2411 3453 2683 3510 egressus
2735 3441 2825 3494 est
2871 3437 3096 3509 regredi
3137 3435 3328 3508 cmpit,
3360 3439 3418 3492 et
3463 3435 3688 3490 intrans

2043 3525 2224 3582 altare
2241 3513 2402 3581 iultra
2433 3543 2546 3582 non
2578 3525 2868 3599 apparuit.

2112 3615 2405 3688 Evigilans
2435 3620 2629 3671 autem
2660 3633 2764 3689 ego
2796 3619 2852 3672 et
2896 3632 3082 3688 genas
3121 3614 3513 3688 lacrymarum
3544 3611 3688 3668 effu-

2041 3703 2207 3760 sione
2238 3705 2429 3760 adhuc
2481 3704 2744 3760 madidas
2783 3705 3063 3773 sentiens,
3097 3708 3335 3776 stupore
3386 3701 3691 3760 detinebar

2042 3794 2246 3866 nimio,
2279 3795 2542 3866 cogitans
2561 3794 2752 3866 qualis
2772 3794 2894 3851 haec
2919 3797 3074 3850 esset
3093 3793 3348 3862 visio,an
3380 3791 3601 3848 scilicet
3621 3808 3691 3847 ex

2040 3888 2155 3938 Deo
2186 3900 2288 3954 per
2313 3883 2560 3954 somnia,
2579 3883 2730 3939 sicut
2758 3884 3149 3956 etquondam,
3167 3883 3329 3955 prius
3360 3899 3454 3937 me
3485 3881 3687 3937 admo-

2041 3976 2236 4037 nente,
2271 3989 2344 4028 an
2377 3977 2532 4028 esset
2580 3989 2649 4028 cx
2679 3971 2909 4029 diabolo
2939 3972 3298 4046 imaginibus
3329 3970 3689 4044 plantasma-

2040 4061 2115 4116 tis
2145 4060 2449 4116 illudente.
2485 4061 2631 4116 Nam
2663 4062 2712 4117 si
2744 4079 2810 4117 ex
2840 4062 2976 4133 Deo,
3004 4061 3295 4133 quomodo
3326 4059 3594 4117 convenit
3624 4064 3690 4115 ut

2042 4166 2173 4204 cum
2215 4148 2336 4216 illo,
2367 4149 2466 4220 qui
2500 4151 2781 4223 Optimus,
2815 4150 2936 4205 imo
2987 4151 3088 4224 qui
3141 4151 3304 4207 solus
3353 4153 3444 4207 est
3471 4150 3688 4219 bonus,

2042 4243 2098 4294 et
2127 4240 2295 4308 cujus
2347 4243 2648 4311 aspectum
2681 4239 2870 4313 angeli
2899 4240 3285 4313 hominesque
3332 4238 3687 4296 sanctissimi

2042 4333 2344 4399 nequeunt
2364 4329 2674 4400 sustinere,
2696 4328 2870 4385 homo
2895 4330 3295 4402 nequissimus
3323 4329 3684 4401 colloquium

2041 4416 2202 4471 visus
2229 4416 2307 4472 sit
2336 4417 2593 4473 habere?
2621 4417 2678 4472 Si
2709 4435 2841 4474 vero
2874 4435 2944 4474 ex
2973 4417 3224 4487 diabolo,
3259 4419 3551 4490 quomodo
3583 4435 3683 4489 po-

2041 4508 2156 4560 test
2184 4521 2504 4578 congruere
2536 4510 2600 4561 ut
2629 4507 2678 4562 is
2712 4506 2812 4578 qui
2857 4511 3060 4562 auctor
3089 4510 3178 4562 est
3205 4507 3383 4562 totius
3413 4505 3686 4578 nequitia:

273 4593 694 4668 vespertinas?
725 4593 998 4667 Nunquid
1029 4594 1250 4666 putatis
1273 4612 1365 4651 me
1393 4594 1680 4651 labiorum
1713 4595 1931 4652 solum-
1962 4611 2010 4678 D
2043 4593 2368 4667 quemlibet
2411 4612 2514 4667 per
2560 4595 2792 4650 somnia
2820 4596 2891 4650 ad
2936 4594 3405 4651 emendationem
3455 4610 3686 4649 morum

277 4686 450 4740 modo
485 4688 651 4740 motu
684 4683 984 4754 delectari,
1019 4689 1075 4739 et
1102 4701 1216 4740 non
1248 4685 1465 4757 pariter
1493 4685 1815 4740 reverentia
1834 4686 1932 4742 de-

278 4771 398 4830 bita
426 4773 747 4846 psallendi,
775 4790 884 4829 nec
906 4790 1021 4829 non
1052 4775 1245 4830 studio
1269 4773 1566 4846 religionis
1594 4778 1794 4830 vestrae
1817 4791 1937 4830 om-

279 4863 386 4918 ni?
415 4863 537 4919 Cur
567 4879 663 4918 me
692 4867 868 4920 toties
916 4881 951 4918 a
980 4863 1179 4936 requie
1210 4881 1339 4920 mea
1385 4863 1668 4933 excitatis,
1702 4869 1759 4919 et
1789 4864 1934 4920 nihil

278 4949 493 5008 horum
543 4969 677 5024 quae
725 4951 1044 5008 commissa
1091 4956 1231 5008 sunt
1270 4953 1435 5008 vobis
1484 4970 1685 5008 curam
1717 4952 1936 5026 agitis?

278 5039 445 5098 Sicut
473 5041 636 5098 enim
678 5059 836 5097 nunc
866 5042 1243 5098 cantantibus
1289 5041 1453 5097 vobis
1483 5046 1540 5097 et
1568 5042 1937 5098 moventibus

274 5128 435 5186 labia
463 5131 802 5187 forinsecus
821 5135 1013 5188 vestra
1040 5131 1407 5203 vagabantur
1427 5132 1622 5197 corda,
1646 5131 1728 5188 ita
1757 5131 1936 5187 etiam

273 5217 337 5276 in
373 5219 503 5276 aliis
534 5221 906 5293 temporibus
932 5225 990 5276 et
1020 5220 1163 5276 locis
1195 5221 1309 5276 huc
1331 5237 1520 5293 usque
1547 5221 1690 5276 mihi
1724 5222 1938 5277 servire

271 5308 582 5382 solebatis,
618 5310 1193 5383 simulantespotius
1224 5327 1400 5383 quam
1445 5316 1754 5383 sequentes
1783 5310 1937 5366 viam

277 5398 567 5459 veritatis.
603 5400 734 5458 Haec
765 5403 822 5456 et
850 5399 943 5455 his
977 5399 1196 5456 similia
1235 5399 1432 5456 dicens
1463 5401 1533 5456 ad
1565 5401 1807 5457 clericos
1839 5416 1936 5473 ge-

281 5488 560 5548 neraliter
591 5488 803 5550 deinde
835 5489 1253 5546 universos.....
1290 5489 1422 5560 (35).

355 5575 498 5635 Nisi—
521 5577 675 5635 illud
707 5595 892 5653 grave,
925 5579 985 5635 in
1019 5595 1132 5652 quo
1163 5595 1360 5635 coram
1410 5579 1589 5636 altare
1617 5578 1817 5637 lumen
1848 5597 1939 5638 so-

347 5683 475 5760 (35)
504 5689 678 5755 Deest
706 5684 920 5754 iterum
948 5687 1242 5759 integrum
1271 5685 1477 5748 folium
1506 5685 1569 5746 in
1598 5687 1726 5745 cod.

2046 4685 2280 4740 studeat
2326 4684 2705 4740 convertere?
2747 4684 2877 4739 Haec
2925 4689 2982 4739 et
3026 4683 3119 4740 his
3167 4683 3384 4739 similia
3429 4685 3688 4739 tractans

2045 4791 2297 4843 mecum,
2331 4779 2389 4829 et
2435 4773 2598 4828 nulla
2626 4773 3131 4846 argumentatione
3178 4771 3463 4843 conjicere
3491 4769 3690 4827 valens

2046 4863 2258 4917 somnii
2291 4863 2853 4936 interpretationem,
2889 4862 3115 4918 surrexi
3165 4867 3222 4917 et
3250 4860 3448 4917 omnia
3478 4861 3687 4933 hujus-

2046 4951 2202 5007 modi
2223 4957 2447 5007 secreta
2460 4954 2574 5008 Deo
2598 4950 3328 5024 commendavi,simulque
3346 4967 3414 5008 ex
3430 4955 3689 5024 tempore

2046 5039 2147 5096 illo
2175 5040 2407 5097 timoris
2438 5044 2611 5114 atque
2641 5041 2858 5097 amoris
2889 5040 3067 5096 divini
3099 5039 3528 5113 aliquantulum
3559 5038 3693 5111 plus

2046 5130 2217 5186 solito
2275 5130 2627 5203 concipiens,
2660 5135 2718 5186 et
2746 5129 2992 5186 orationi
3021 5146 3087 5186 ac
3117 5145 3294 5186 sacrae
3324 5128 3559 5184 lectioni
3590 5144 3694 5184 nec

2048 5237 2162 5275 non
2197 5223 2252 5275 et
2280 5219 2650 5276 continentiae
2674 5219 2880 5292 majori
2912 5224 3174 5286 studens,
3206 5218 3279 5273 ab
3309 5217 3696 5290 intemperata

2046 5309 2285 5365 lascivia
2337 5313 2550 5366 memet
2599 5309 2894 5364 interdum
2943 5307 3197 5363 cohibui.
3241 5307 3492 5362 Mirabar
3538 5308 3695 5363 enim

2048 5399 2215 5455 valde
2246 5399 2402 5470 quod
2436 5397 2642 5471 prioris
2673 5397 2830 5453 illius
2852 5398 3006 5469 quod
3029 5413 3208 5468 supra
3227 5395 3416 5466 retuli,
3444 5399 3501 5452 et
3521 5396 3695 5453 istius

2051 5487 2262 5544 somnii
2278 5487 2423 5543 visio
2446 5490 2671 5544 tantam
2686 5486 2832 5543 mihi
2857 5485 3314 5541 admonitionem
3329 5475 3698 5542 administra-

2050 5581 2158 5646 ret,
2192 5577 2465 5652 quodque
2503 5574 3492 5651 tantaj‘utriusque:convenientia
3520 5577 3692 5646 esset,
