4098 6172
420 375 535 436 347

1429 375 1773 438 OTHLONI
1818 374 2175 439 MONACHI
2221 377 2285 438 S.
2335 373 2826 438 EMMERAMMI

3709 375 3826 437 348

423 507 806 580 futurumque
837 508 1131 580 quoddam
1161 507 1294 566 inde
1327 510 1593 567 miraculi
1625 511 1822 584 magni
1865 511 2063 584 praesi-
2092 516 2147 580 Α
2177 509 2533 584 puniendam
2564 514 2865 567 censerent
2897 525 2910 566 :
2946 508 3176 564 fuerant
3214 506 3389 565 etiam
3423 505 3520 565 alii
3549 508 3670 566 tam
3705 510 3823 568 mei

423 602 664 671 gnatum
691 598 960 653 mihimet
990 598 1207 655 credidi
1232 618 1244 668 ;
1281 600 1525 672 ideoque
1550 601 1776 656 intimis
1795 602 2065 673 precibus

425 703 575 759 saepe
604 690 742 742 tunc
790 687 1105 744 Dominum
1151 690 1396 759 exoravi,
1433 695 1516 758 ut,
1550 691 1598 746 si
1630 691 1681 746 ei
1734 691 1941 747 fuisset
1972 709 2065 747 ac-

425 776 725 848 ceptabile,
780 778 852 832 ad
903 778 1201 851 religionis
1250 779 1586 835 monasticae
1635 780 1836 852 vitam,
1889 798 2066 852 quam

426 866 566 922 olim
599 882 833 937 quoque
883 884 1014 922 cum
1069 868 1258 923 adhuc
1289 886 1477 925 essem
1533 869 1831 941 parvulus,
1867 888 1968 942 pro
2001 887 2066 926 eo

426 955 580 1028 quod
615 972 728 1027 prae
762 955 964 1011 multis
1016 957 1074 1011 in
1105 957 1377 1013 discendo
1427 958 1737 1030 pollebam,
1771 958 2068 1031 pollicitus

425 1063 581 1116 sum,
632 1061 898 1102 revocare
949 1047 1308 1119 dignaretur.
1352 1049 1461 1103 Sed
1515 1050 1584 1104 de
1633 1048 1727 1104 his
1775 1049 2071 1104 sufﬁciant

425 1135 598 1190 dicta.

995 1245 1182 1302 VISIO
1223 1246 1502 1302 TERTIA.

431 1335 648 1410 Olltloni
673 1408 679 1410 _
702 1334 773 1388 ad
812 1336 1023 1410 _vitam_
1054 1338 1411 1410 monasticam
1478 1339 1777 1410 conversio,
1830 1337 2073 1410 ﬂagellis

501 1406 767 1460 divinitus
798 1408 1049 1476 impacti:
1064 1412 1331 1476 promota.
1356 1409 1663 1463 Prudentia
1695 1416 1747 1464 et
1777 1406 2072 1465 moderatio

502 1479 562 1531 in
592 1477 930 1545 castigandis
955 1493 1254 1548 puerorum
1282 1481 1480 1534 erratis
1509 1480 1686 1535 eidem
1715 1488 1944 1536 ostensa.

497 1584 629 1639 Jam
661 1600 794 1638 vero
835 1585 906 1639 ad
939 1585 1121 1639 tertia:
1153 1586 1394 1641 visionis
1443 1587 1651 1642 seriem
1684 1590 2073 1642 enarrandam

428 1689 737 1744 properare
765 1671 912 1740 volo,
937 1691 1084 1744 quae,
1118 1679 1336 1745 quanto
1365 1675 1573 1746 majori
1605 1675 1965 1732 districtione
1987 1693 2076 1732 ac-

427 1761 761 1828 cidit,tanto
791 1761 1119 1833 prolixioris
1141 1764 1430 1819 sermonis
1462 1781 1569 1837 ope
1600 1765 1842 1839 indiget.
1867 1767 2075 1831 Quam-

393 1852 647 1916 ‘obrem,
683 1855 747 1905 ut
799 1851 1052 1922 amplius
1102 1852 1447 1924 faciliusque
1495 1859 1847 1926 agnoscatur
1895 1872 2072 1926 quam

418 1941 583 2011 justa
612 1939 914 1994 severitate
946 1945 1281 2014 quantaque
1314 1943 1587 2014 pietatate
1618 1960 1709 1999 me
1738 1944 1891 1999 inter
1912 1960 2070 2000 eam-

427 2029 560 2084 dem
591 2028 954 2084 severitatem
979 2031 1238 2102 potentia
1268 2032 1463 2086 divina
1491 2033 1960 2106 amplecteretur,
1985 2051 2074 2090 re-

429 2117 747 2172 miniscens
776 2117 1039 2174 videlicet
1068 2120 1126 2173 in
1166 2119 1251 2174 ira
1299 2121 1709 2177 misericordia
1744 2140 1882 2190 suae,
1917 2140 2075 2178 com-

430 2223 753 2263 memorare
782 2207 924 2263 libet
972 2208 1168 2281 aliqua
1198 2214 1330 2265 ante
1360 2214 1417 2266 et
1444 2217 1576 2283 post
1625 2212 1864 2268 visionis
1896 2213 2076 2284 hujus

431 2297 766 2352 enarrandas
799 2301 1043 2353 textum.

499 2385 645 2440 Cum
677 2402 812 2458 ergo
844 2391 975 2458 post
1005 2388 1285 2444 visionem
1315 2391 1574 2462 proxime
1607 2392 1904 2462 praefatam
1938 2393 2077 2447 assi-

431 2476 548 2530 dua
594 2476 970 2532 meditatione
1000 2477 1057 2531 id
1109 2478 1177 2532 ad
1212 2480 1364 2550 quod
1413 2481 1768 2536 conscientia
1798 2482 2077 2537 innuente

432 2563 630 2618 divina
676 2565 1071 2622 admonitione
1102 2570 1350 2640 cogebar
1396 2573 1728 2638 tractarem,
1764 2570 1984 2626 scilicet
2015 2576 2079 2626 ut

433 2654 504 2708 ad
538 2652 869 2708 monasticae
902 2655 1200 2728 religionis
1217 2662 1348 2712 vota
1379 2676 1720 2728 remearem,
1747 2678 1778 2714 a
1800 2677 1915 2732 qua
1933 2677 2079 2732 pene

434 2740 650 2796 invitus
682 2742 865 2814 patris
903 2745 1015 2800 mei
1048 2747 1318 2817 precibus
1368 2747 1624 2803 assiduis
1654 2750 1921 2816 discessi,
1953 2751 2074 2818 sed,

437 2829 753 2887 obstaculis
774 2833 1044 2904 plurimis
1068 2835 1606 2904 intervenientibus,
1631 2838 1913 2909 paulatim
1929 2855 2079 2894 eam-

435 2919 566 2974 dem
601 2922 1036 2979 meditationem
1092 2924 1469 2999 negligerem,
1503 2928 1723 2984 interea
1775 2928 1986 2983 accidit
2016 2931 2081 2983 ut

440 3007 680 3079 quidam
737 3011 1220 3086 archipresbyter,
1255 3017 1491 3071 nomine
1541 3017 1969 3083 Werinbarius,
2018 3016 2079 3071 in

439 3098 774 3171 episcopatu
806 3101 1220 3174 Frigisingensi
1242 3107 1783 3176 praestantissimus,
1804 3109 2082 3180 omnique

441 3206 556 3244 non
588 3189 780 3245 solum
831 3191 981 3246 clero
1030 3197 1086 3248 et
1137 3193 1310 3264 plebi,
1361 3197 1461 3250 sed
1494 3197 1667 3252 etiam
1718 3198 2082 3270 principibus

2176 618 2352 673 quam
2385 599 2869 674 archipresbyteri
2901 599 3165 670 ejusdem
3198 597 3370 655 amici
3402 598 3661 656 dicentes
3684 618 3823 658 eum

2175 692 2410 747 incauta
2437 690 2656 763 aliquid
2689 689 3077 746 commotione
3108 690 3167 744 in
3199 706 3293 744 me
3324 689 3637 745 excitatum
3669 708 3825 760 esse,

2175 780 2422 852 ideoque
2454 779 2699 836 relaxari
2729 779 2957 835 debere.
2990 779 3212 842 Quibus
3243 779 3420 834 etiam
3452 778 3825 851 praevalenti-

2177 870 2310 937 bus,
2354 870 2524 941 legati
2572 871 2644 924 ad
2694 885 2788 924 me
2836 869 3003 924 missi
3053 873 3210 938 sunt,
3257 868 3358 940 qui
3409 884 3502 923 me
3532 869 3824 942 proficisci

2177 959 2565 1031 Frinsingiam
2615 959 3050 1030 persuaderent.
3101 962 3206 1014 Ast
3249 975 3378 1031 ego,
3410 957 3545 1013 licet
3595 959 3693 1014 diu
3728 975 3823 1014 re-

2179 1064 2444 1116 nuerem,
2468 1052 2665 1103 tamen
2698 1047 3065 1104 consentiens
3082 1048 3319 1103 tandem
3349 1047 3830 1119 perrexi,virum-

2181 1155 2293 1210 que
2315 1139 2484 1209 juxta
2513 1139 2904 1210 quorumdam
2937 1137 3259 1193 amicorum
3307 1136 3551 1193 consilia
3580 1137 3825 1211 placavi.

2179 1229 2291 1283 Sed
2340 1227 2470 1300 ipsa
2516 1227 2765 1301 placatio
2805 1228 2906 1282 diu
2957 1227 3197 1283 minime
3250 1227 3654 1298 perseveravit,
3688 1227 3831 1301 quia

2182 1323 2315 1390 post.
2345 1335 2461 1372 non
2511 1317 2766 1372 multum
2810 1317 3089 1390 temporis
3135 1317 3513 1372 exacerbatus
3562 1322 3649 1373 est
3678 1318 3829 1374 meis

2181 1407 2630 1463 contumacibus
2678 1407 2887 1462 verbis.
2941 1409 3064 1462 Haec
3114 1410 3308 1461 autem
3341 1405 3538 1462 omnia
3590 1407 3671 1462 ita
3698 1424 3829 1463 eve-

2184 1496 2342 1552 nisse
2374 1497 2494 1551 scio
2523 1497 2772 1567 peccatis
2804 1496 2950 1552 meis
2990 1496 3297 1563 meruisse,
3332 1495 3469 1568 quia
3497 1496 3548 1551 ei
3583 1497 3682 1568 qui
3718 1502 3830 1552 Do-

2187 1585 2344 1640 mino
2376 1587 2718 1641 adversatur
2738 1587 2936 1641 omnia
2965 1587 3363 1641 adversantur.
3388 1585 3533 1641 Cum
3556 1585 3735 1658 igitur
3763 1603 3834 1642 ex

2186 1675 2428 1746 repetita
2475 1675 2693 1747 injuria
2740 1680 2796 1730 et
2864 1675 3329 1747 archipresbyter
3376 1675 3686 1731 adversum
3738 1693 3833 1732 me

2184 1764 2546 1834 incitaretur,
2581 1769 2637 1820 et
2667 1781 2771 1837 ego
2803 1765 2874 1819 ob
2903 1764 3158 1820 scientiae
3190 1763 3473 1834 liberalis,
3505 1781 3620 1838 qua
3641 1764 3835 1820 imbu-

2185 1857 2281 1909 tus
2311 1870 2440 1910 esse
2467 1853 2612 1909 mihi
2641 1854 2900 1923 videbar,
2921 1853 3279 1910 inﬂationem
3305 1853 3493 1926 magis
3525 1853 3834 1927 magisque

2185 1960 2318 1999 eum
2349 1947 2405 1999 et
2435 1943 2604 1998 dictis
2634 1947 2691 1998 et
2731 1944 2965 2015 scriptis
3015 1943 3314 1998 criminari
3347 1944 3661 2010 studerem,
3693 1961 3829 2016 pos-

2184 2037 2372 2088 tremo
2419 2033 2564 2088 mihi
2614 2032 2825 2088 melius
2875 2032 3182 2088 videbatur
3223 2033 3337 2088 alio
3387 2034 3832 2105 transmigrare,

2186 2138 2361 2193 quam
2393 2123 2734 2193 hujusmodi
2757 2122 2987 2193 injuriis
3010 2123 3363 2193 subjacendo
3387 2122 3517 2194 plus
3543 2121 3831 2178 laborare.

2185 2213 2382 2284 quue
2413 2212 2544 2283 plus
2573 2211 2631 2266 id
2664 2212 2857 2268 animo
2889 2212 3192 2281 successit,
3225 2229 3338 2284 quo
3369 2211 3647 2268 libentius
3675 2212 3831 2268 inter

2186 2303 2480 2358 studiosos
2512 2319 2775 2374 quosque
2805 2307 2860 2357 et
2886 2302 3172 2358 doctiores
3203 2301 3441 2358 clericos
3472 2318 3648 2374 quam
3686 2303 3840 2358 inter

2185 2391 2428 2447 villanos
2457 2391 2676 2446 versari
2707 2409 2858 2463 saepe
2889 2392 3315 2447 desiderabam.

2260 2481 2498 2536 Relictis
2519 2497 2652 2552 ergo
2670 2481 2741 2535 ad
2773 2485 3007 2552 tempus
3033 2480 3174 2535 meis
3196 2479 3492 2547 omnibus,
3517 2479 3738 2552 perrexi
3761 2481 3835 2535 ad

2187 2571 2568 2641 Ratisponam
2613 2570 2930 2636 civitatem,
2961 2569 3160 2641 ibique
3209 2569 3610 2624 Burchardum
3664 2585 3839 2624 vene-

2189 2661 2437 2714 randum
2474 2659 2746 2713 abbatem
2779 2659 3025 2714 coenobii
3068 2658 3253 2714 sancti
3288 2657 3700 2712 Emmerammi
3733 2673 3841 2728 pro

2189 2749 2303 2804 mei
2334 2748 2704 2820 susceptione
2736 2764 2969 2819 rogans,
2996 2748 3107 2804 cito
3139 2747 3443 2820 impetravi
3476 2751 3695 2818 rogata,
3731 2762 3839 2816 pro

2188 2853 2254 2893 eo
2313 2837 2535 2893 scilicet
2587 2837 2740 2908 quod
2791 2837 3034 2893 ceenobii
3084 2837 3349 2906 ejusdem
3382 2835 3651 2892 monachi
3711 2852 3844 2907 pro-

2189 2929 2516 2982 fectuosum
2576 2926 2687 2981 sibi
2749 2927 2870 2981 fore
2950 2925 3382 2982 arbitrabantur
3432 2941 3628 2980 meum
3687 2924 3842 2980 scire

2188 3016 2247 3072 in
2280 3016 2583 3072 scribendo
2601 3016 2686 3070 vel
2709 3016 2765 3070 in
2800 3016 3058 3072 docendo
3081 3015 3389 3071 canonicos
3411 3013 3722 3086 quoslibet.
3751 3015 3845 3068 In-

2189 3110 2348 3161 terea
2377 3122 2512 3176 ergo
2545 3122 2677 3160 cum
2701 3105 2919 3160 ibidem
2947 3104 3290 3176 aliquandiu
3321 3104 3665 3176 hospitarer,
3698 3119 3842 3158 con-

2194 3196 2326 3269 tigit
2349 3196 2602 3266 quadam
2635 3195 2728 3249 die
2746 3199 2811 3249 ut
2841 3199 2974 3250 ante
3003 3194 3156 3249 fores
3178 3193 3411 3265 hospitii
3433 3193 3550 3249 dati
3573 3193 3844 3247 residens

441 3279 692 3335 summis
739 3280 798 3334 in
847 3296 914 3335 ea
964 3281 1198 3338 dioecesi
1245 3286 1484 3340 statutis
1531 3268 1838 3352 verendus,
1884 3268 1942 3342 in
1992 3303 2084 3343 me
2116 3268 2158 3335 Ο
2197 3268 2260 3340 in
2297 3283 2542 3339 lectione
2593 3283 2810 3338 Lucani
2859 3299 3192 3355 occuparer.
3226 3283 3474 3354 Legente
3522 3281 3718 3353 itaque
3749 3297 3851 3336 me

441 3374 903 3425 commoveretur
933 3387 1034 3442 pro
1055 3372 1191 3428 vitio
1219 3375 1494 3445 quodam.
1519 3376 1699 3440 Quem
1732 3394 1866 3432 cum
1894 3377 2084 3448 multi,

443 3458 793 3515 arbitrantes
837 3460 963 3516 sine
994 3478 1172 3518 causa
1202 3463 1416 3534 aliquid
1473 3471 1674 3521 contra
1705 3484 1797 3522 me
1829 3484 2087 3522 commo-

441 3552 567 3602 tum
599 3566 746 3618 esse,
771 3568 874 3622 pro
899 3567 989 3607 me
1015 3552 1112 3607 diu
1145 3552 1601 3625 interpellarent,
1626 3572 1730 3610 nec
1766 3557 2088 3627 quidquam

445 3637 642 3708 gratia:
675 3638 934 3694 obtinere
963 3644 1222 3710 possent,
1255 3646 1548 3712 postremo
1579 3644 1756 3699 etiam
1787 3659 1912 3715 ego,
1940 3644 2088 3698 ﬁdu-

445 3726 536 3781 cia
566 3731 820 3800 accepta,
854 3733 1056 3784 contra
1085 3745 1218 3784 eum
1252 3730 1338 3785 ira
1369 3730 1628 3786 stultitiae
1661 3733 2086 3801 commovebar,

447 3816 590 3872 adeo
623 3821 688 3874 ut
715 3817 1148 3888 versusfplures
1181 3819 1304 3890 (qui
1334 3836 1538 3875 versus
1576 3821 1657 3875 ita
1688 3821 2043 3892 incipiebant
2075 3837 2088 3877 :

679 3906 717 3964 0
749 3908 894 3962 lator
924 3907 1052 3978 legis
1081 3924 1349 3963 νεηουαηδ
1378 3909 1593 3964 decreta.
1625 3910 1864 3974 Catonis,

611 3997 901 4051 Multorum
929 4011 1113 4054 causa:
1140 3998 1281 4052 mihi
1309 3999 1415 4054 soli
1440 4003 1569 4054 sunt
1597 4000 1923 4072 referendae)

446 4083 505 4138 in
556 4100 745 4139 meam
800 4084 1195 4141 defensionem
1267 4088 1510 4159 ejusque
1561 4089 2092 4159 reprehensionem,

449 4176 669 4246 quanta
689 4173 851 4244 potui
869 4180 1285 4246 argumentosa
1303 4176 1627 4232 sulitilitate
1645 4178 1851 4245 editos,
1877 4178 1932 4233 in
1960 4195 2093 4234 con-

448 4261 580 4318 cilio
607 4263 861 4334 quodam
887 4281 989 4335 pro
1022 4265 1132 4320 mei
1165 4283 1343 4322 causa
1371 4267 1570 4323 habito
1593 4284 1787 4323 coram
1821 4267 2096 4324 omnibus

451 4350 569 4406 illic
600 4354 1111 4409 commanentibus
1143 4354 1193 4410 ei
1225 4355 1503 4428 legendos
1533 4357 1843 4424 traderem,
1897 4357 2095 4412 dicens

449 4440 520 4494 ad
554 4439 720 4496 illum
757 4458 769 4496 :
808 4441 955 4505 Quia
1003 4442 1062 4496 in
1112 4460 1379 4499 sermone
1410 4444 1707 4499 communi
1758 4461 1873 4500 non
1923 4445 2004 4500 ita
2035 4449 2098 4499 ut

450 4530 797 4602 necessitas?
815 4532 1173 4604 mea‘fexigit
1219 4532 1499 4605 eloquens
1539 4551 1692 4601 sum,
1725 4534 1895 4607 legite
1946 4535 2096 4589 hanc

2198 3374 2302 3442 ibi,
2335 3373 2531 3430 subito
2580 3376 2789 3428 ventus
2830 3389 3005 3428 urens
3035 3377 3092 3427 et
3135 3372 3447 3428 vehemens
3481 3373 3551 3427 ab
3601 3368 3854 3426 australi

2200 3469 2363 3536 parte
2395 3462 2709 3518 adveniens
2738 3461 2966 3517 vicibus
3002 3462 3193 3517 tribus
3224 3478 3316 3517 me
3347 3461 3488 3516 adeo
3519 3459 3750 3527 invasit,
3784 3463 3857 3514 ut

2202 3557 2335 3624 post
2358 3551 2540 3606 vicem
2573 3551 2805 3606 tertiam
2830 3555 2992 3606 extra
3020 3554 3236 3605 tectum
3270 3549 3518 3605 residere
3550 3548 3667 3604 illic
3698 3547 3861 3603 ultra

2202 3657 2317 3696 non
2351 3640 2646 3705 auderem,
2682 3639 2804 3706 sed,
2840 3638 2986 3694 libro
3026 3642 3352 3710 assumpto,
3385 3638 3717 3711 ingrediens
3749 3636 3859 3691 do-

2201 3746 2387 3799 mum,
2413 3729 2601 3801 primo
2634 3728 2869 3799 quidem
2903 3728 2958 3781 in
2985 3744 3261 3798 magnum
3295 3731 3615 3798 stuporem,
3641 3724 3862 3779 deinde

2201 3835 2334 3874 vero
2368 3818 2629 3873 celeriter
2660 3817 3000 3873 cecidissem
3045 3817 3105 3870 in
3146 3816 3508 3888 languorem.
3538 3813 3860 3869 Verumta-

2203 3924 2335 3964 men
2371 3908 2622 3962 necdum
2655 3907 2811 3961 sensi
2836 3906 2976 3978 quid
3009 3909 3174 3961 tanta
3191 3905 3546 3977 signiﬁcaret
3572 3901 3862 3974 impulsio

2202 3997 2380 4061 venti,
2406 4002 2602 4052 utrum
2635 3995 2809 4050 solita
2831 3994 3162 4050 communis
3185 3993 3551 4066 tempestatis
3573 3991 3717 4047 foret
3741 3991 3864 4045 im-

2207 4087 2471 4156 mutatio,
2497 4103 2568 4139 an
2604 4084 2801 4156 aliqua
2831 4086 2899 4139 ad
2930 4101 3020 4139 me
3045 4083 3415 4139 solummodo
3445 4082 3744 4154 pertinens
3767 4081 3868 4135 di-

2205 4177 2353 4230 vinaa
2371 4174 2605 4247 pietatis
2625 4173 2900 4245 operatio.
2932 4172 3222 4229 Omnibus
3248 4172 3463 4243 quippe
3481 4169 3866 4226 tuncutrius-

2207 4281 2320 4337 que
2346 4263 2601 4318 hominis
2624 4262 2897 4319 sensibus
2927 4263 3007 4317 ita
3029 4267 3265 4333 repente
3295 4261 3588 4317 efﬁciebar
3617 4258 3875 4314 destitu-

2206 4359 2322 4418 tus,
2343 4360 2407 4407 ut
2436 4370 2539 4424 pro
2564 4353 2771 4408 timore
2803 4368 2906 4406 seu
2929 4356 3167 4422 stupore
3200 4351 3494 4406 interdum
3530 4348 3673 4404 mihi
3697 4347 3872 4402 vide-

2207 4460 2298 4497 rer
2330 4443 2402 4497 ab
2433 4442 2628 4513 aliquo
2661 4445 2920 4496 monstro
2952 4445 3314 4496 attrectatus.
3345 4440 3596 4510 Ideoque
3625 4438 3874 4509 quoties

2210 4532 2317 4588 hac
2349 4531 2649 4586 detinebar
2677 4531 2971 4585 dementia
3000 4529 3090 4584 vel
3124 4529 3417 4597 illusione,
3442 4532 3562 4583 tam
3591 4527 3748 4581 inter
3764 4526 3880 4583 bo—

449 4619 756 4691 epistolam
803 4625 859 4676 et
885 4622 1190 4692 _attendite
1222 4622 1270 4677 si
1317 4622 1455 4694 quid
1488 4621 1697 4678 litteris
1749 4624 2100 4694 respondere
2129 4638 2176 4703 D
2209 4622 2398 4677 mines
2442 4621 2692 4692 positus,
2723 4636 2901 4691 quam
2951 4619 3126 4674 etiam
3157 4618 3336 4683 solus,
3385 4615 3541 4671 velut
3572 4615 3874 4687 litigando

445 4708 672 4764 valeam
721 4709 931 4778 vobisg
959 4711 1182 4777 Quibus
1232 4712 1483 4784 acceptis
1531 4715 1588 4766 et
1637 4711 1923 4784 perlectis,
1967 4711 2101 4768 licet

449 4799 755 4854 iracundia
785 4800 967 4855 nimia
999 4801 1336 4873 repleretur,
1370 4801 1657 4858 continuit
1689 4819 1749 4856 se
1780 4805 1975 4857 tamen
2001 4802 2104 4857 ali-

450 4895 759 4960 quantum,
814 4894 870 4944 et
918 4890 1086 4961 quasi
1142 4890 1460 4963 tranquillo
1509 4890 1705 4947 animo
1754 4891 1943 4946 dixit:
1981 4892 2096 4948 Has

448 4978 696 5047 litteras,
720 4978 779 5032 in
811 4978 1026 5048 quibus
1058 4996 1090 5033 a
1118 4982 1174 5034 te
1207 4980 1394 5050 magis
1417 4997 1591 5051 quam
1617 4981 1687 5036 ab
1721 4980 1837 5035 ullo
1859 4980 2096 5036 homine

451 5084 714 5139 unquam
762 5067 1364 5138 dehonestatusfsum,
1401 5069 1614 5124 seniori
1665 5087 1792 5126 meo
1824 5070 2095 5142 episcopo

450 5161 800 5232 praesentare
828 5156 976 5226 volo,
1012 5161 1074 5210 ut
1106 5155 1205 5211 ille
1235 5157 1507 5212 decernat
1554 5158 1694 5228 quid
1727 5175 1904 5231 super
1932 5163 2096 5215 tanta

451 5248 786 5317 stultitiaZet
815 5245 1058 5301 audacia
1087 5245 1397 5300 adversum
1421 5262 1513 5301 me
1544 5251 1772 5319 patrata
1802 5249 2094 5320 agendum

451 5338 546 5393 sit.
579 5338 680 5391 ilis
711 5337 891 5408 igitur
919 5334 1088 5390 dictis
1117 5336 1181 5389 fit
1208 5334 1439 5390 concilii
1472 5352 1703 5407 quoque
1733 5336 1886 5392 ﬁnis.

522 5426 655 5490 Quae
713 5427 1025 5496 postquam
1083 5428 1249 5496 gesta
1309 5429 1469 5494 sunt,
1521 5428 1578 5480 et
1630 5425 2098 5500 archipresbyter

452 5512 800 5586 Frisingiam
837 5529 1099 5569 reversus
1130 5513 1436 5586 epistolam
1483 5514 1678 5570 datam
1710 5515 1944 5588 collegis
1972 5516 2094 5572 suis

451 5603 731 5672 ostendit,
758 5603 992 5660 fuerunt
1023 5605 1262 5676 quidam
1297 5605 1449 5660 inter
1479 5622 1578 5661 eos
1608 5605 1707 5677 qui
1739 5604 1916 5662 talem
1947 5623 2094 5678 prae-

452 5710 582 5752 sum
589 5693 843 5767 ptionem
858 5694 1138 5752 hactenus
1150 5694 1471 5753 inauditam
1486 5711 1720 5752 summa
1731 5693 2094 5754 districtione

2210 4716 2413 4768 contra
2430 4710 2686 4781 aliquem
2706 4710 2933 4780 mejam
2949 4709 3188 4780 jamque
3205 4707 3280 4761 im
3292 4707 3648 4778 pugnantem
3674 4705 3875 4760 conti—

2214 4806 2392 4856 nuata
2421 4801 2627 4855 utebar
2657 4797 3159 4855 sermocinatione.
3191 4796 3610 4850 Verumtamen
3639 4792 3880 4851 interea

2213 4890 2343 4945 nisu
2365 4906 2479 4960 quo
2506 4892 2806 4960 potueram
2830 4885 3135 4943 lectionem
3161 4883 3375 4940 Lucani
3391 4883 3874 4955 frequentabam.

2281 4980 2425 5034 Cum
2458 4983 2652 5034 autem
2682 4994 2782 5050 per
2812 4992 2988 5030 unam
3015 4975 3132 5030 fere
3163 4973 3591 5029 hebdomadam
3624 4972 3724 5028 tali
3756 4973 3874 5028 de-

2207 5068 2427 5124 tinerer
2452 5065 2808 5130 infirmitate,
2834 5081 2939 5120 nec
2969 5064 3099 5119 ideo
3124 5061 3580 5134 aliquantulum,
3606 5061 3880 5134 peccatis

2205 5157 2352 5214 meis
2365 5156 2750 5230 exigentibus,
2769 5154 2838 5208 de
2860 5152 3068 5209 animas
3095 5169 3234 5209 mese
3255 5155 3570 5209 tractarem
3585 5148 3878 5222 utilitate,

2205 5247 2400 5302 subito
2423 5247 2480 5301 in
2515 5245 2771 5318 quadam
2803 5247 2967 5299 nocte
2993 5242 3138 5299 mibi
3169 5242 3339 5298 solito
3370 5255 3531 5298 more
3561 5240 3621 5295 in
3645 5237 3876 5296 lectulo

2204 5336 2549 5408 quiescenti,
2604 5335 2693 5390 vir
2741 5333 2983 5406 quidam
3034 5331 3252 5390 minaci
3301 5331 3466 5387 vultu
3515 5327 3871 5386 omnimodo

2204 5424 2450 5480 terribili
2473 5424 2676 5481 habitu
2691 5425 2860 5495 juxta
2878 5439 2972 5479 me
2986 5421 3148 5479 visus
3170 5425 3258 5479 est
3270 5424 3443 5492 stare,
3458 5422 3517 5477 et
3536 5418 3596 5474 in
3619 5420 3864 5475 tantum

2205 5532 2297 5570 me
2329 5513 2556 5586 ﬂagello
2574 5515 2724 5588 quod
2735 5530 2828 5570 am
2849 5512 3155 5587 castigare,
3171 5514 3237 5568 ut
3257 5508 3418 5568 nullo
3448 5508 3622 5567 modo
3643 5507 3864 5565 crude-

2202 5603 2353 5660 litati
2382 5601 2470 5660 vel
2503 5603 2794 5662 severitati
2835 5602 3105 5660 humanae
3136 5598 3330 5659 simile
3361 5597 3502 5673 quid
3531 5596 3864 5656 arbitrarer

2201 5691 2262 5752 in
2291 5692 2419 5768 ipso
2465 5708 2616 5754 esse.
2645 5692 2827 5753 Valde
2863 5692 3077 5753 etenim
3130 5692 3278 5752 dura
3305 5705 3372 5752 ac
3416 5686 3702 5750 diuturna
3719 5682 3858 5750 uno
