4098 6172
454 348 569 413 351

1470 360 1813 422 ΟΤΗΙΑΟΝΙ
1856 360 2211 425 ΜΟΝΑοΗί
2257 361 2321 423 8.
2367 359 2862 424 EMMERAMMI

3744 358 3860 421 352

450 485 630 543 etiam
660 486 719 542 in
751 502 867 559 quo
896 487 1265 561 profecturus
1290 507 1479 549 essem
1510 510 1579 551 ex
1610 495 1753 550 urbe
1776 494 2095 567 Ratispona
2121 494 2179 563 Α
2206 498 2410 569 perent
2438 498 2655 567 quanto
2686 494 2873 567 magis
2918 492 3171 551 salutem
3220 492 3595 567 desperatam
3650 489 3709 547 in
3762 509 3858 553 me

452 575 854 643 deliberarem,
872 582 1009 633 tunc
1028 596 1129 650 per
1146 580 1268 637 dies
1286 587 1412 638 octo
1430 588 1745 656 antequam
1766 584 2092 640 aﬂ'ectarem

448 664 737 736 proﬁcisci
793 673 1071 739 aegrotare
1121 671 1286 743 coepi,
1321 676 1377 728 et
1430 673 1489 728 in
1543 673 1885 745 languorem
1920 674 2094 730 talem

452 752 661 821 decidi,
694 758 757 809 ut
789 772 922 827 pars
954 758 1191 829 quidem
1225 762 1483 833 corporis
1513 764 1803 835 quaedam,
1839 764 1977 819 item
2011 765 2094 819 fa-

450 842 567 897 cies
589 847 879 915 caputque
898 847 1072 902 simul
1096 854 1281 904 totum
1306 851 1744 909 miserabilibus
1766 858 1823 908 et
1844 852 2097 909 insolitis

453 947 828 988 verrucarum
851 935 1225 1007 stigmatibus
1248 939 1729 1012 circumdaretur,
1756 942 1979 1014 reliqua
2001 960 2097 998 au-

451 1024 569 1075 tem
604 1024 866 1080 membra
898 1027 1116 1093 omnia,
1148 1030 1401 1100 exceptis
1432 1031 1644 1103 linguae
1687 1031 2097 1102 labiorumque

451 1110 1090 1184 motibus,gravissimo
1114 1118 1397 1190 paralysis
1418 1121 1576 1191 [cod.,
1593 1120 1868 1193 paralysi]
1895 1122 2096 1176 morbo

446 1198 599 1254 velut
633 1203 981 1258 mortiﬁcata
1016 1206 1404 1263 efﬁcerentur.
1438 1209 1704 1281 Cumque
1735 1211 1858 1265 dies
1890 1215 2006 1265 tres
2036 1208 2095 1264 in

450 1286 792 1359 bujusmodi
819 1292 1158 1351 inﬁrmitate
1178 1313 1411 1368 gerens,
1433 1302 1489 1353 et
1519 1299 1925 1354 universorum
1949 1315 2096 1370 pene

449 1379 849 1435 membrorum
881 1383 1072 1439 ofﬁcio
1104 1385 1444 1456 destitutus,
1477 1387 1700 1443 nullam
1739 1389 1866 1444 vitae
1915 1389 2094 1459 hujus

448 1482 614 1538 spem
631 1468 962 1540 retinerem,
980 1473 1111 1528 misi
1131 1479 1187 1530 et
1207 1476 1401 1531 vocavi
1418 1477 1761 1533 festinantes
1778 1477 2093 1534 monachos

448 1557 735 1626 quosdam
759 1559 829 1613 de
857 1562 1122 1631 proximo
1146 1566 1331 1620 sancti
1357 1566 1778 1622 Emmeramini
1808 1567 2091 1623 coenobio.

445 1644 552 1709 Qui
584 1662 716 1702 cum
750 1647 921 1705 citius
954 1652 1346 1722 advenissent,
1380 1655 1725 1727 suppliciter
1754 1656 1893 1728 petii
1924 1660 1988 1712 ut
2020 1657 2091 1712 ad

444 1732 605 1790 illam
620 1736 799 1793 vitam
812 1740 1296 1811 monasticam,ad
1312 1760 1487 1814 quam
1508 1761 1599 1800 me
1613 1745 1824 1816 saepius
1842 1745 2095 1816 benigna

444 1824 816 1881 attrahebant
845 1829 1140 1897 suasione,
1171 1836 1311 1888 tunc
1362 1833 1661 1905 suscipere
1713 1834 2094 1907 dignarentur

444 1928 547 1985 pro
578 1913 679 1968 Dei
712 1914 1080 1973 solummodo
1112 1936 1329 1977 amore.
1356 1924 1428 1977 At
1460 1922 1542 1977 illi
1576 1924 1868 1980 intuentes
1900 1940 2011 1991 me,
2036 1928 2094 1980 et

448 2001 578 2056 visu
610 2005 867 2060 verrucis
911 2010 1377 2066 excrescentibus
1407 2012 1778 2084 desperatum
1814 2014 2092 2085 omnique

450 2091 670 2161 pariter
718 2096 1116 2154 membrorum
1170 2100 1359 2156 ofﬁcio
1408 2101 1797 2170 debilitatum,
1844 2119 1970 2172 cur,
2003 2104 2091 2158 in-

449 2179 680 2251 quiunt,
713 2182 977 2239 habitum
1027 2186 1201 2243 talem
1250 2206 1407 2245 nunc
1456 2191 1775 2259 desideras,
1817 2209 1951 2248 cum
1998 2193 2094 2248 vix

446 2268 651 2326 ﬂatum
673 2271 863 2328 ferens
895 2274 1067 2331 citius
1094 2281 1149 2332 te
1169 2279 1296 2349 jam
1324 2278 1621 2336 obiturum
1650 2281 1844 2337 scias?
1873 2282 1929 2336 Si
1958 2299 2091 2338 vero

443 2358 688 2415 forsitan
702 2361 816 2418 Deo
839 2362 1051 2420 volenti
1074 2366 1180 2421 tibi
1211 2369 1467 2440 spatium
1489 2369 1716 2426 vivendi
1750 2370 2090 2443 proteletur,

446 2448 586 2515 quid
610 2449 881 2508 utilitatis
899 2457 1018 2509 tam
1042 2472 1228 2512 caecus
1246 2462 1302 2512 et
1322 2458 1696 2531 paralyticus,
1713 2461 1867 2531 quod
1890 2462 2092 2530 procul

446 2536 623 2594 dubio
673 2555 904 2612 semper
954 2543 1089 2612 eris,
1124 2544 1182 2600 in
1233 2544 1342 2601 hac
1394 2548 1531 2614 vita,
1566 2565 1743 2619 quam
1796 2550 1967 2605 modo
1997 2567 2091 2607 ex-

447 2625 617 2699 petis,
651 2644 911 2699 unquam
942 2647 1202 2688 exercere
1234 2636 1497 2705 poteris?
1526 2636 1669 2693 Cum
1701 2638 1854 2693 enim
1908 2655 2094 2710 nuper

441 2718 576 2788 post
625 2715 915 2773 immensa
942 2720 1301 2779 inﬁrmitatis
1332 2729 1441 2779 tuae
1472 2730 1762 2782 tormenta
1790 2744 1972 2784 sanus
2002 2745 2091 2785 es-

447 2820 541 2861 ses
570 2804 809 2862 effectus
840 2812 895 2863 et
924 2827 1031 2866 nos
1060 2816 1116 2867 te
1148 2813 1361 2884 sapius
1392 2815 1775 2871 admonentes
1823 2815 2089 2872 libentis-

444 2895 592 2951 sime
624 2895 682 2951 in
712 2901 1221 2971 congregationem
1257 2908 1516 2960 nostram
1549 2906 1845 2978 suscipere
1874 2905 2088 2962 voluis-

444 2999 665 3050 semus,
700 2984 903 3043 utilius
942 2988 1047 3044 tibi
1098 2994 1271 3062 atque
1302 2992 1469 3047 nobis
1500 2992 1679 3065 hujus
1710 2996 2091 3066 professionis

447 3071 797 3145 adimpleres
827 3080 994 3146 vota;
1029 3079 1129 3133 sed
1172 3096 1340 3136 nemo
1391 3086 1657 3138 nostrum
1710 3087 1847 3139 tunc
1902 3085 2093 3156 potuit

447 3160 555 3216 tibi
589 3165 936 3233 persuadere
967 3166 1124 3224 talia.
1158 3170 1240 3224 En
1276 3172 1458 3241 patris
1490 3189 1740 3243 poenam,
1774 3189 1951 3245 quam
2002 3174 2090 3228 di-

447 3249 643 3306 ximus
673 3268 800 3309 esse
839 3255 1117 3314 futuram.
1150 3258 1560 3331 Perspeximus
1590 3278 1799 3332 nempe
1830 3267 1883 3317 te
1913 3261 2089 3321 talem

443 3340 698 3399 evasisse
728 3341 1071 3417 languorem
1105 3352 1167 3402 ut
1207 3347 1351 3404 nihil
1384 3349 1542 3405 aliud
1575 3350 1680 3405 tibi
1710 3357 1913 3423 postea
1942 3351 2089 3407 foret

441 3430 755 3501 agendum,
790 3433 904 3490 nisi
938 3438 1001 3489 ut
1027 3438 1345 3494 mundanis
1376 3440 1650 3495 omnibus
1680 3440 1894 3495 relictis
1926 3456 2086 3497 sece-

442 3518 610 3579 deres
656 3520 716 3575 in
766 3526 1210 3581 monasterium.
1242 3527 1465 3592 Quibus
1517 3544 1622 3600 ego
1676 3529 1949 3600 respondi
1996 3529 2086 3584 di-

442 3624 582 3665 cens
614 3626 630 3666 :
681 3610 766 3666 Ita
794 3628 941 3681 esse,
976 3618 1041 3669 ut
1071 3615 1356 3687 asseritis,
1390 3617 1593 3672 fateor.
1626 3616 1773 3673 Nam
1827 3617 2087 3690 corporis

446 3696 561 3754 mei
611 3698 754 3755 satis
802 3703 1011 3773 probat
1052 3704 1326 3775 angustia
1355 3704 1547 3776 qualis
1578 3704 1883 3778 hucusque
1914 3706 2089 3763 fuerit

444 3785 629 3843 animi
668 3787 976 3845 industria.
1008 3793 1119 3847 Sed
1167 3792 1351 3848 dolori
1400 3810 1549 3863 meo,
1598 3811 1820 3866 precor,
1872 3797 2087 3868 parcite

440 3876 939 3951 petitionibusque
988 3879 1155 3947 meis,
1188 3882 1330 3936 dum
1384 3881 1575 3938 adhuc
1624 3882 1914 3939 infelicem
1964 3884 2088 3940 ani-

445 3981 602 4021 mam
659 3970 846 4039 teneo,
882 3968 1224 4025 succurrite.
1260 3969 1348 4025 Illi
1397 3987 1530 4027 vero
1580 3973 1651 4027 ad
1701 3972 1821 4028 haec
1860 3973 2089 4030 miseri-

442 4055 643 4111 cordia
675 4057 811 4113 moti
844 4062 918 4125 et,
953 4062 1239 4129 quantum
1286 4059 1346 4115 in
1394 4060 1476 4116 eis
1526 4066 1700 4129 esset,
1733 4063 1917 4135 petita
1967 4063 2089 4135 pol-

445 4141 591 4198 liciti
624 4144 913 4215 abierunt,
939 4151 1113 4220 atque
1142 4147 1404 4205 celeriter
1433 4150 1743 4207 redeuntes
1773 4152 1917 4207 mihi
1950 4169 2093 4207 nun-

452 4231 744 4289 tiaverunt
797 4234 855 4291 in
914 4235 1022 4293 hoc
1078 4237 1410 4294 universam
1456 4239 1701 4295 fratrum
1753 4242 2094 4297 concionem

444 4323 818 4380 consensisse
867 4330 948 4394 ut,
992 4327 1040 4381 si
1088 4327 1265 4384 vitam
1320 4328 1607 4385 redditam
1657 4329 1878 4386 sanitas
1932 4347 2096 4387 exse-

452 4418 734 4484 queretur
764 4414 919 4483 talis,
944 4432 1072 4487 quae
1105 4433 1197 4473 me
1228 4417 1521 4491 implicari
1553 4418 1914 4490 permitteret
1943 4436 2097 4475 exer-

446 4501 966 4574 citio_alicui_usus
999 4505 1511 4574 cmnobialis,tunc
1544 4507 1781 4564 demum
1814 4508 2097 4564 abdicatis

442 4592 611 4665 prius
640 4595 817 4650 rebus
846 4596 1077 4652 cunctis
1108 4595 1492 4652 saecularibus
1522 4596 1772 4668 benigne
1825 4613 1918 4653 me
1965 4615 2097 4654 sus-

444 4682 707 4755 ciperent
757 4684 817 4740 iu
870 4685 1343 4758 congregationis
1395 4704 1513 4741 sua:
1565 4702 1796 4758 corpus.
1837 4686 1955 4743 Hoc
2004 4703 2098 4742 re-

440 4765 664 4844 spOnso
696 4777 950 4845 accepto,
981 4774 1116 4830 licet
1167 4775 1238 4831 de
1291 4774 1542 4831 sanitate
1589 4774 1845 4847 corporis
1893 4776 2094 4847 exqui-

450 4860 564 4917 sita
595 4862 786 4917 adhuc
817 4862 1075 4918 incertus
1105 4880 1319 4934 essem,
1354 4881 1634 4934 magnum
1666 4866 1876 4921 deinde
1906 4865 2094 4937 sospi-

452 4950 592 5005 tatis
639 4950 1065 5006 incrementum
1115 4952 1303 5024 gratia
1346 4953 1667 5024 opitulante
1698 4954 1894 5009 divina
1920 4953 2095 5010 citius

453 5038 725 5094 advenire
752 5038 928 5094 sensi.

520 5131 665 5185 Cum
690 5132 884 5184 autem
914 5132 1138 5185 tantam
1163 5128 1259 5183 Dei
1280 5130 1528 5200 gratiam
1559 5132 1837 5189 sentirem
1868 5133 2093 5206 adesse,

445 5219 516 5275 ad
542 5221 749 5275 caetera
769 5219 1180 5289 consequenda
1207 5219 1517 5275 animabar
1537 5220 1721 5277 valde.
1740 5222 2096 5277 Adveniente

446 5307 624 5379 igitur
673 5306 931 5363 crastina
977 5307 1088 5378 die,
1122 5306 1203 5363 ita
1251 5306 1417 5379 vigor
1464 5309 1723 5381 corporis
1772 5310 2099 5383 augebatur

454 5400 518 5449 ut
564 5395 689 5450 sine
736 5394 978 5450 alterius
1010 5395 1477 5454 substentatione
1505 5414 1799 5471 egressus,
1832 5399 1890 5454 id
1940 5401 2093 5471 quod

459 5482 645 5557 pridie
676 5499 779 5555 per
802 5482 948 5540 alios
980 5485 1251 5557 expetivi,
1273 5492 1502 5559 egomet
1531 5488 1655 5560 ipse
1678 5488 1750 5544 ad
1778 5489 2097 5545 cmnobitas

446 5570 949 5645 _priores~veniens
977 5576 1271 5633 studerem
1294 5576 1611 5649 deprecari.
1637 5578 1848 5649 Sicque
1879 5578 2097 5635 factum

453 5665 546 5723 est
592 5664 657 5718 ut
700 5662 1039 5736 petitionem
1088 5681 1280 5724 meam
1328 5670 1491 5725 tanto
1533 5667 1865 5740 promptius
1904 5667 2098 5726 susci-

2206 583 2524 641 inolescere
2555 584 2976 655 conspicerent.
3009 584 3144 639 Jure
3186 582 3384 653 itaque
3429 580 3573 637 mihi
3620 585 3854 640 constat

2206 674 2556 745 repetendus
2589 673 2684 728 ille
2709 673 3130 746 Psalmigraphi
3161 671 3521 728 versiculus:
3557 669 3855 742 Castigan:

2204 764 2498 835 castigavit
2553 779 2641 818 me
2698 765 2961 819 Dominus
3016 771 3064 819 et
3101 763 3268 818 morti
3322 777 3434 817 non
3500 761 3732 816 tradidit
3769 777 3858 819 me

2206 854 2379 925 (Psal.
2414 870 2586 918 cxvn,
2638 854 2745 923 18).
2797 852 2979 925 Igitur
3026 869 3092 908 ex
3139 850 3479 907 inﬁrmitate
3526 851 3704 906 etiam
3755 849 3857 906 illa

2205 941 2469 997 celeriter
2516 943 2586 998 ad
2637 942 2945 998 sanitatem
2996 940 3304 1014 pristinam
3354 940 3659 996 restitutus
3693 957 3855 1006 sum,

2205 1037 2441 1103 excepto
2486 1033 2662 1103 quod,
2696 1048 2841 1105 pene
2892 1048 2993 1103 per
3040 1045 3211 1086 omne
3260 1035 3512 1102 tempus,
3548 1046 3661 1101 quo
3694 1033 3858 1086 extra

2206 1120 2633 1177 monasterium
2664 1120 3102 1177 convalescendi
3152 1120 3402 1192 gratiam
3452 1118 3854 1192 przsstolabar,

2202 1211 2425 1265 visione
2457 1211 2616 1266 varia
2664 1211 2719 1267 in
2774 1211 3017 1266 somniis
3061 1209 3451 1281 inquietabar.
3482 1209 3659 1274 Quasi
3692 1208 3852 1267 enim

2204 1300 2516 1371 cujusdam
2540 1299 2840 1355 interitum
2866 1299 3215 1366 minitantis,
3242 1298 3353 1355 nisi
3377 1299 3532 1373 quod
3555 1315 3741 1370 nuper
3761 1316 3855 1355 vo-

2203 1390 2409 1445 vebam
2457 1388 2569 1445 cito
2621 1388 2994 1461 complerem,
3029 1390 3222 1461 imago
3270 1404 3423 1460 saepe
3473 1391 3665 1444 astare
3692 1387 3851 1445 vide-

2203 1479 2397 1535 batur.
2433 1479 2502 1533 Et
2531 1478 2651 1533 haec
2682 1478 2794 1533 fuit
2825 1495 3002 1536 causa
3031 1477 3307 1542 maxima.
3345 1493 3471 1551 qua:
3502 1493 3595 1534 me
3625 1476 3686 1533 in
3718 1494 3852 1533 mo-

2203 1567 2528 1627 nasterium
2579 1566 2749 1623 citius
2807 1568 2890 1623 ire
2939 1566 3241 1640 compulit.
3275 1567 3410 1632 Quae
3458 1582 3593 1623 vero
3636 1567 3853 1623 deinde

2203 1656 2350 1713 mihi
2381 1656 2719 1714 acciderunt
2746 1660 2867 1714 tam
2901 1674 2968 1713 ex
3001 1656 3173 1714 solita
3203 1656 3414 1713 divinis
3442 1655 3675 1728 pietatis
3704 1656 3849 1713 sub-

2203 1745 2472 1803 ventione
2490 1762 2669 1817 quam
2691 1745 2987 1803 diabolicae
3006 1745 3231 1804 fraudis
3248 1744 3703 1812 machinatione,
3716 1743 3855 1801 licet

2204 1834 2389 1893 multa
2422 1834 2698 1906 utrinque
2727 1835 2946 1891 fuerint
2996 1836 3157 1908 (nam
3206 1850 3311 1892 nec
3355 1833 3508 1890 Deus
3557 1838 3851 1891 consuetis

2204 1923 2614 1980 misericordiae
2645 1928 2702 1981 et
2730 1924 3119 1997 correptionis
3150 1924 3473 1999 quidquam
3505 1922 3565 1979 in
3596 1938 3689 1978 me
3738 1921 3853 1977 mi-

2203 2012 2351 2079 nuit,
2386 2028 2574 2084 neque
2606 2013 2976 2071 adversarius
3008 2013 3179 2071 solita
3207 2012 3467 2085 nequitia
3510 2028 3602 2069 me
3652 2011 3853 2083 impu-

2202 2117 2382 2174 gnare
2414 2102 2703 2173 cessavit),
2734 2107 2930 2158 tamen
2964 2103 3103 2175 quia
3146 2103 3217 2158 ab
3257 2102 3487 2174 incepto
3519 2116 3691 2174 opere
3721 2099 3852 2158 lou-

2202 2191 2336 2263 gius
2383 2191 2613 2264 evagari
2662 2208 2756 2248 me
2804 2192 3029 2249 faciunt
3077 2195 3133 2247 et
3182 2191 3243 2247 in
3292 2191 3404 2247 alio
3452 2206 3622 2263 opere
3668 2190 3851 2248 latius

2202 2281 2407 2337 eadem
2459 2282 2585 2352 jam
2642 2280 2882 2353 protuli,
2936 2281 3051 2337 duo
3100 2284 3329 2339 tantum
3379 2279 3496 2347 hic,
3546 2296 3673 2351 quae
3725 2283 3850 2337 tam

2200 2370 2497 2443 vigilando
2549 2387 2726 2442 quam
2788 2370 3138 2445 quiescendo
3194 2387 3405 2445 passus
3455 2386 3610 2437 sum,
3668 2386 3849 2442 quam

2202 2459 2548 2516 brevissime
2587 2476 2733 2532 queo
2778 2461 2946 2517 edere
2975 2460 3204 2515 studeo.

2274 2550 2409 2605 Post
2455 2554 2688 2621 tempus
2741 2549 2919 2621 igitur
2966 2547 3339 2615 nonnullum,
3372 2565 3486 2621 quo
3535 2548 3735 2621 aufugi
3786 2549 3849 2605 in

2202 2639 2554 2705 ccsnobium,
2589 2638 2726 2710 quia
2754 2638 3129 2695 existimabar
3156 2638 3486 2694 instructus
3523 2637 3739 2708 aliquid
3783 2637 3850 2695 in

2200 2727 2427 2783 liberali
2457 2727 2720 2796 scientia,
2745 2727 3062 2783 commissa
3081 2730 3169 2783 est
3200 2726 3343 2782 mihi
3364 2724 3500 2783 licet
3528 2726 3849 2785 immaturo

2201 2817 2425 2873 doctori
2474 2815 2664 2871 invisa
2712 2832 3026 2887 puerorum
3075 2814 3406 2887 disciplina.
3457 2818 3599 2871 Cum
3647 2819 3846 2871 autem

2201 2906 2353 2961 inter
2382 2922 2480 2961 eos
2513 2905 2708 2978 plures
2740 2903 3114 2976 provectioris
3144 2908 3340 2961 essent
3369 2904 3574 2972 aetatis,
3606 2904 3707 2974 qui
3739 2904 3853 2959 sci-

2200 2993 2356 3061 licet,
2389 2996 2540 3049 sicut
2569 2993 2670 3049 illa
2701 2994 2849 3050 solet
2881 2997 3040 3062 aetas,
3063 2993 3275 3066 saepius
3306 2994 3644 3050 excederent
3672 2992 3852 3049 disci-

2198 3083 2371 3156 plinae
2404 3088 2614 3153 metas,
2647 3098 2832 3137 unum
2872 3099 2941 3138 ex
2987 3082 3092 3149 eis,
3125 3081 3227 3154 qui
3258 3080 3509 3139 maxime
3540 3086 3853 3155 protervus

2203 3172 2348 3228 mihi
2380 3172 2709 3239 videbatur,
2742 3171 3060 3244 corripiens
3110 3188 3304 3227 coram
3345 3170 3496 3241 aliis,
3529 3168 3852 3242 plusquam

2122 3239 2165 3307 δ
2204 3262 2420 3328 decuit,
2443 3260 2741 3333 probrosis
2773 3260 3229 3333 asperrimisque
3261 3258 3585 3316 afﬁciebam
3614 3259 3849 3327 verbis;

2198 3350 2391 3407 adhuc
2420 3349 2577 3406 enim
2609 3349 2855 3421 propriae
2887 3348 3207 3420 alienasque
3237 3347 3571 3420 fragilitatis
3602 3348 3851 3420 ignarus

2198 3440 2507 3495 credebam
2558 3437 2637 3492 nil
2682 3437 2828 3494 mihi
2867 3438 2988 3493 fore
3020 3438 3257 3494 noxium
3288 3453 3639 3510 quocunque
3671 3438 3849 3493 modo

2192 3526 2558 3600 increparem
2590 3544 2745 3595 eum,
2770 3527 2871 3599 qui
2903 3527 3047 3583 mihi
3070 3529 3206 3598 jure
3232 3527 3507 3584 subditus
3528 3530 3670 3598 erat,
3702 3527 3848 3585 ado-

2198 3616 2513 3674 lescentem
2534 3617 2836 3673 stolidum.
2860 3617 3258 3690 Increpatione
3286 3620 3479 3673 autem
3502 3616 3856 3688 hujusmodi

2202 3711 2455 3779 peracta,
2488 3706 2585 3761 ille
2631 3704 2870 3776 quidem
2912 3705 3218 3761 videbatur
3247 3705 3391 3761 satis
3421 3709 3666 3763 maestus
3694 3722 3708 3772 ;
3742 3722 3855 3779 ego

2199 3812 2333 3851 vero
2366 3812 2498 3851 mox
2526 3812 2560 3849 a
2590 3794 2841 3867 pristina
2871 3794 3052 3850 animi
3085 3794 3414 3850 constantia
3434 3800 3492 3851 et
3519 3794 3716 3866 gratiae
3746 3811 3860 3851 su-

2200 3901 2393 3957 pernae
2442 3883 2657 3940 ﬁducia
2698 3883 3035 3951 destitutus,
3068 3884 3128 3938 in
3178 3888 3402 3939 tantam
3454 3882 3865 3954 pusillanimi-

2201 3978 2382 4029 tatem
2414 3972 2831 4043 miseriamque
2873 3988 2977 4029 nec
3009 3990 3124 4029 non
3157 3976 3378 4028 metum
3412 3972 3602 4044 magis
3631 3988 3695 4027 ac
3730 3988 3865 4026 ms.-

2202 4062 2294 4135 gis
2324 4062 2526 4118 deveni
2560 4065 2624 4116 ut
2654 4060 2917 4116 celeriter
2945 4064 3049 4116 aut
3085 4064 3241 4117 terra
3270 4060 3491 4129 hiante,
3524 4077 3626 4119 seu
3658 4060 3869 4133 aliqua.

2203 4151 2502 4207 absorberi
2534 4154 2803 4221 putarem
2834 4149 3090 4205 vindicta
3117 4149 3354 4207 caelesti.
3389 4150 3501 4206 Sed
3531 4166 3667 4206 cum
3710 4150 3870 4209 talia

2206 4241 2297 4296 die
2347 4239 2447 4296 illa
2494 4243 2615 4295 tota
2661 4240 2732 4294 ab
2781 4238 3196 4310 increpationis
3245 4243 3586 4310 perpetratae
3627 4243 3870 4311 paterer

2205 4328 2349 4384 hora
2370 4344 2558 4401 usque
2589 4329 2661 4384 ad
2691 4344 3016 4400 vesperam,
3038 4327 3230 4399 primo
3262 4328 3361 4384 ubi
3396 4327 3483 4384 vel
3512 4328 3572 4384 in
3595 4344 3708 4408 quo
3732 4332 3867 4384 tau-

2206 4422 2332 4474 tum
2366 4417 2576 4473 mentis
2608 4432 2914 4472 maerorem
2948 4416 3284 4483 meruerim,
3316 4415 3601 4474 dubitavi.
3630 4415 3869 4473 Dehinc

2207 4512 2419 4563 cuncta
2450 4506 2636 4578 ipsius
2686 4505 2799 4560 diei
2840 4505 3151 4578 diligenter
3180 4510 3504 4562 retractans
3532 4510 3720 4578 gesta,
3754 4522 3870 4577 per

2129 4613 2177 4679 D
2209 4614 2409 4653 amara
2431 4595 2678 4668 correpti
2700 4594 2934 4665 juvenis
2956 4595 3130 4651 verba
3153 4594 3305 4652 hanc
3325 4594 3501 4651 etiam
3524 4594 3670 4650 mihi
3690 4610 3869 4651 ama-

2208 4686 2523 4742 ritudinem
2555 4683 2813 4739 evenisse
2835 4684 3190 4741 conscientia
3218 4687 3412 4739 reatus
3441 4685 3651 4755 agnovi
3674 4683 3872 4739 conti-

2205 4790 2458 4847 nuoque,
2495 4778 2559 4828 ut
2599 4773 2659 4829 in
2691 4776 2853 4829 tanta
2883 4777 3145 4844 poteram
3176 4770 3462 4842 molestia,
3495 4770 3731 4843 pietatis
3760 4770 3870 4829 di—

2203 4865 2352 4921 vinae
2381 4862 2556 4919 solita
2584 4862 2870 4933 exquisivi
2900 4860 3127 4917 solatia.
3159 4861 3275 4918 Nec
3303 4864 3501 4916 tamen
3531 4878 3601 4917 ea
3628 4860 3723 4917 die
3753 4876 3866 4917 se-

2205 4952 2525 5027 quentique
2569 4956 2736 5008 nocte
2785 4950 3110 5007 sentiebam
3157 4948 3379 5021 aliquid
3410 4950 3597 5007 minui
3629 4948 3865 5007 doloris

2205 5041 2671 5116 magnitudinem
2701 5037 3105 5106 imminentis;
3137 5037 3281 5111 quin
3328 5040 3447 5097 imo
3496 5055 3631 5098 cum
3669 5039 3866 5097 etiam

2204 5116 2489 5204 tempore.
2520 5134 2739 5187 statuto
2799 5127 3161 5201 requiescere
3216 5127 3426 5185 vellem
3484 5128 3867 5201 dormienda,

2205 5221 2397 5294 specie
2428 5219 2779 5276 multimoda
2803 5217 3043 5275 terroris
3074 5218 3426 5291 praepeditus
3457 5216 3691 5290 nequivi
3722 5234 3878 5275 sus-

2206 5311 2398 5383 cipere
2458 5309 2720 5382 requiem
2771 5308 2953 5364 ullam
3012 5308 3258 5382 soporis.
3309 5308 3696 5374 Quamobrem
3764 5307 3883 5366 vix

2206 5397 2551 5474 praestolans
2580 5398 2789 5455 fratres
2839 5398 2910 5454 ad
2962 5396 3167 5455 laudes
3197 5402 3514 5455 nocturnas
3546 5412 3881 5471 exsurgere

2207 5505 2422 5560 easque
2470 5503 2765 5560 peragere,
2801 5504 3037 5543 rursum
3087 5492 3288 5561 postea
3336 5486 3603 5543 libertate
3646 5487 3879 5545 orandi

2207 5576 2602 5635 secretissima
2629 5577 2872 5650 potitus,
2896 5576 3175 5650 suffragia
3203 5579 3555 5635 sanctorum
3576 5592 3683 5649 per
3729 5575 3877 5633 sin-

2205 5667 2375 5742 gulas
2417 5669 2748 5741 prostratus
2793 5682 2925 5725 aras
2970 5665 3312 5742 suppliciter
3338 5664 3649 5743 exquisivi,
3680 5665 3875 5725 obse-
