  <div class='ocr_page' id='page_1' title='image "/cluster/home/n/w/nwhite01/storage/ocr_20150623/146/hvd.32044054760053/182.png"; bbox 0 0 4108 6188; ppageno 0'>
   <div class='ocr_carea' id='block_1_1' title="bbox 228 317 338 380">
    <p class='ocr_par' dir='ltr' id='par_1_1' title="bbox 228 317 338 380">
     <span class='ocr_line' id='line_1_1' title="bbox 228 317 338 380; baseline -0.036 0"><span class='ocrx_word' id='word_1_1' title='bbox 228 317 338 380; x_wconf 78' lang='grc'>353</span> 
     </span>
    </p>
   </div>
   <div class='ocr_carea' id='block_1_2' title="bbox 1579 310 2256 378">
    <p class='ocr_par' dir='ltr' id='par_1_2' title="bbox 1579 310 2256 378">
     <span class='ocr_line' id='line_1_2' title="bbox 1579 310 2256 378; baseline 0.003 -5"><span class='ocrx_word' id='word_1_2' title='bbox 1579 311 1810 374; x_wconf 79' lang='lat' dir='ltr'>LIBER</span> <span class='ocrx_word' id='word_1_3' title='bbox 1853 310 2231 378; x_wconf 85' lang='lat' dir='ltr'>VISIONUM</span> <span class='ocrx_word' id='word_1_4' title='bbox 2243 361 2256 375; x_wconf 95' lang='lat'>.</span> 
     </span>
    </p>
   </div>
   <div class='ocr_carea' id='block_1_3' title="bbox 3503 321 3620 385">
    <p class='ocr_par' dir='ltr' id='par_1_3' title="bbox 3503 321 3620 385">
     <span class='ocr_line' id='line_1_3' title="bbox 3503 321 3620 385; baseline -0.009 0"><span class='ocrx_word' id='word_1_5' title='bbox 3503 321 3620 385; x_wconf 67' lang='lat'>354</span> 
     </span>
    </p>
   </div>
   <div class='ocr_carea' id='block_1_4' title="bbox 229 443 3623 521">
    <p class='ocr_par' dir='ltr' id='par_1_4' title="bbox 229 443 3623 521">
     <span class='ocr_line' id='line_1_4' title="bbox 229 443 3623 521; baseline 0.001 -13"><span class='ocrx_word' id='word_1_6' title='bbox 229 449 485 517; x_wconf 87' lang='lat' dir='ltr'>crans,ut</span> <span class='ocrx_word' id='word_1_7' title='bbox 513 461 618 519; x_wconf 88' lang='lat' dir='ltr'>per</span> <span class='ocrx_word' id='word_1_8' title='bbox 644 443 984 501; x_wconf 81' lang='lat' dir='ltr'>earumdem</span> <span class='ocrx_word' id='word_1_9' title='bbox 1015 447 1353 501; x_wconf 90' lang='lat' dir='ltr'>sanctorum</span> <span class='ocrx_word' id='word_1_10' title='bbox 1385 443 1862 502; x_wconf 80' lang='lat' dir='ltr'>intercessionem</span> <span class='ocrx_word' id='word_1_11' title='bbox 1893 455 1947 521; x_wconf 78' lang='grc' dir='ltr'><strong>Α</strong></span> <span class='ocrx_word' id='word_1_12' title='bbox 1976 463 2078 519; x_wconf 90' lang='lat' dir='ltr'>per</span> <span class='ocrx_word' id='word_1_13' title='bbox 2104 451 2370 521; x_wconf 91' lang='lat' dir='ltr'>tempora</span> <span class='ocrx_word' id='word_1_14' title='bbox 2401 449 2585 506; x_wconf 90' lang='lat' dir='ltr'>multa</span> <span class='ocrx_word' id='word_1_15' title='bbox 2612 451 2871 509; x_wconf 83' lang='lat' dir='ltr'>obtinere</span> <span class='ocrx_word' id='word_1_16' title='bbox 2897 448 3074 509; x_wconf 88' lang='lat' dir='ltr'>valui.</span> <span class='ocrx_word' id='word_1_17' title='bbox 3093 452 3253 510; x_wconf 82' lang='lat' dir='ltr'>Unde</span> <span class='ocrx_word' id='word_1_18' title='bbox 3283 455 3501 511; x_wconf 88' lang='lat' dir='ltr'>factum</span> <span class='ocrx_word' id='word_1_19' title='bbox 3532 461 3623 513; x_wconf 89' lang='lat' dir='ltr'>est</span> 
     </span>
    </p>
   </div>
   <div class='ocr_carea' id='block_1_5' title="bbox 228 533 1860 615">
    <p class='ocr_par' dir='ltr' id='par_1_5' title="bbox 228 533 1860 615">
     <span class='ocr_line' id='line_1_5' title="bbox 228 533 1860 615; baseline -0.004 -19"><span class='ocrx_word' id='word_1_20' title='bbox 228 540 400 615; x_wconf 81' lang='lat' dir='ltr'>pietas</span> <span class='ocrx_word' id='word_1_21' title='bbox 431 536 628 591; x_wconf 88' lang='lat' dir='ltr'>divina</span> <span class='ocrx_word' id='word_1_22' title='bbox 657 539 714 591; x_wconf 90' lang='lat' dir='ltr'>et</span> <span class='ocrx_word' id='word_1_23' title='bbox 744 533 890 589; x_wconf 85' lang='lat' dir='ltr'>mihi</span> <span class='ocrx_word' id='word_1_24' title='bbox 922 534 1314 604; x_wconf 80' lang='lat' dir='ltr'>misereretur,</span> <span class='ocrx_word' id='word_1_25' title='bbox 1335 539 1393 590; x_wconf 92' lang='lat' dir='ltr'>et</span> <span class='ocrx_word' id='word_1_26' title='bbox 1425 533 1676 606; x_wconf 83' lang='lat' dir='ltr'>qualiter</span> <span class='ocrx_word' id='word_1_27' title='bbox 1697 535 1860 590; x_wconf 91' lang='lat' dir='ltr'>illum</span> 
     </span>
    </p>
   </div>
   <div class='ocr_carea' id='block_1_6' title="bbox 1979 537 3620 618">
    <p class='ocr_par' dir='ltr' id='par_1_6' title="bbox 1979 537 3620 618">
     <span class='ocr_line' id='line_1_6' title="bbox 1979 537 3620 618; baseline 0.007 -27"><span class='ocrx_word' id='word_1_28' title='bbox 1979 543 2060 605; x_wconf 91' lang='lat' dir='ltr'>ut,</span> <span class='ocrx_word' id='word_1_29' title='bbox 2094 537 2232 609; x_wconf 85' lang='lat' dir='ltr'>quia</span> <span class='ocrx_word' id='word_1_30' title='bbox 2264 537 2423 594; x_wconf 90' lang='lat' dir='ltr'>nulla</span> <span class='ocrx_word' id='word_1_31' title='bbox 2453 539 2607 610; x_wconf 88' lang='lat' dir='ltr'>apud</span> <span class='ocrx_word' id='word_1_32' title='bbox 2639 556 2772 595; x_wconf 91' lang='lat' dir='ltr'>eum</span> <span class='ocrx_word' id='word_1_33' title='bbox 2805 542 3119 614; x_wconf 84' lang='lat' dir='ltr'>impetrare</span> <span class='ocrx_word' id='word_1_34' title='bbox 3152 542 3460 616; x_wconf 89' lang='lat' dir='ltr'>potui,zelo</span> <span class='ocrx_word' id='word_1_35' title='bbox 3487 546 3620 618; x_wconf 86' lang='lat' dir='ltr'>plus</span> 
     </span>
    </p>
   </div>
   <div class='ocr_carea' id='block_1_7' title="bbox 223 622 3618 706">
    <p class='ocr_par' dir='ltr' id='par_1_7' title="bbox 223 622 3618 706">
     <span class='ocr_line' id='line_1_7' title="bbox 223 622 3618 706; baseline 0.003 -24"><span class='ocrx_word' id='word_1_36' title='bbox 223 628 486 704; x_wconf 83' lang='lat' dir='ltr'>juvenem</span> <span class='ocrx_word' id='word_1_37' title='bbox 517 627 925 696; x_wconf 86' lang='lat' dir='ltr'>exasperatum</span> <span class='ocrx_word' id='word_1_38' title='bbox 956 622 1185 694; x_wconf 89' lang='lat' dir='ltr'>placare</span> <span class='ocrx_word' id='word_1_39' title='bbox 1223 639 1456 696; x_wconf 90' lang='lat' dir='ltr'>possem</span> <span class='ocrx_word' id='word_1_40' title='bbox 1490 625 1743 697; x_wconf 89' lang='lat' dir='ltr'>pandere</span> <span class='ocrx_word' id='word_1_41' title='bbox 1773 625 1866 678; x_wconf 89' lang='lat' dir='ltr'>di-</span> <span class='ocrx_word' id='word_1_42' title='bbox 1970 627 2132 696; x_wconf 82' lang='lat' dir='ltr'>justo</span> <span class='ocrx_word' id='word_1_43' title='bbox 2163 627 2376 682; x_wconf 90' lang='lat' dir='ltr'>ductus</span> <span class='ocrx_word' id='word_1_44' title='bbox 2409 645 2616 699; x_wconf 90' lang='lat' dir='ltr'>aspera</span> <span class='ocrx_word' id='word_1_45' title='bbox 2643 628 2994 702; x_wconf 80' lang='lat' dir='ltr'>incauteque</span> <span class='ocrx_word' id='word_1_46' title='bbox 3043 631 3196 688; x_wconf 92' lang='lat' dir='ltr'>dicta</span> <span class='ocrx_word' id='word_1_47' title='bbox 3237 634 3504 706; x_wconf 82' lang='lat' dir='ltr'>quaedam</span> <span class='ocrx_word' id='word_1_48' title='bbox 3536 635 3618 691; x_wconf 90' lang='lat' dir='ltr'>ita</span> 
     </span>
    </p>
   </div>
   <div class='ocr_carea' id='block_1_8' title="bbox 230 711 1870 792">
    <p class='ocr_par' dir='ltr' id='par_1_8' title="bbox 230 711 1870 792">
     <span class='ocr_line' id='line_1_8' title="bbox 230 711 1870 792; baseline -0.004 -18"><span class='ocrx_word' id='word_1_49' title='bbox 230 720 514 792; x_wconf 81' lang='lat' dir='ltr'>gnaretur.</span> <span class='ocrx_word' id='word_1_50' title='bbox 541 713 686 772; x_wconf 83' lang='lat' dir='ltr'>Nam</span> <span class='ocrx_word' id='word_1_51' title='bbox 718 712 871 767; x_wconf 88' lang='lat' dir='ltr'>inter</span> <span class='ocrx_word' id='word_1_52' title='bbox 898 715 1136 768; x_wconf 58' lang='lat' dir='ltr'>caeteras</span> <span class='ocrx_word' id='word_1_53' title='bbox 1162 713 1342 768; x_wconf 90' lang='lat' dir='ltr'>animi</span> <span class='ocrx_word' id='word_1_54' title='bbox 1372 712 1672 769; x_wconf 80' lang='lat' dir='ltr'>molestias</span> <span class='ocrx_word' id='word_1_55' title='bbox 1703 711 1870 768; x_wconf 91' lang='lat' dir='ltr'>valde</span> 
     </span>
    </p>
   </div>
   <div class='ocr_carea' id='block_1_9' title="bbox 231 799 1871 874">
    <p class='ocr_par' dir='ltr' id='par_1_9' title="bbox 231 799 1871 874">
     <span class='ocr_line' id='line_1_9' title="bbox 231 799 1871 874; baseline -0.004 -11"><span class='ocrx_word' id='word_1_56' title='bbox 231 825 288 865; x_wconf 87' lang='lat' dir='ltr'>ex</span> <span class='ocrx_word' id='word_1_57' title='bbox 315 807 425 861; x_wconf 89' lang='lat' dir='ltr'>hoc</span> <span class='ocrx_word' id='word_1_58' title='bbox 446 802 750 874; x_wconf 87' lang='lat' dir='ltr'>afﬂigebar</span> <span class='ocrx_word' id='word_1_59' title='bbox 776 801 1066 872; x_wconf 90' lang='lat' dir='ltr'>quomodo</span> <span class='ocrx_word' id='word_1_60' title='bbox 1089 799 1384 873; x_wconf 85' lang='lat' dir='ltr'>illum,qui</span> <span class='ocrx_word' id='word_1_61' title='bbox 1418 801 1563 857; x_wconf 88' lang='lat' dir='ltr'>mihi</span> <span class='ocrx_word' id='word_1_62' title='bbox 1596 801 1871 858; x_wconf 89' lang='lat' dir='ltr'>subditus</span> 
     </span>
    </p>
   </div>
   <div class='ocr_carea' id='block_1_10' title="bbox 231 888 1873 966">
    <p class='ocr_par' dir='ltr' id='par_1_10' title="bbox 231 888 1873 966">
     <span class='ocr_line' id='line_1_10' title="bbox 231 888 1873 966; baseline -0.002 -14"><span class='ocrx_word' id='word_1_63' title='bbox 231 900 364 963; x_wconf 86' lang='lat' dir='ltr'>erat,</span> <span class='ocrx_word' id='word_1_64' title='bbox 379 914 382 917; x_wconf 92' lang='grc'>·</span> <span class='ocrx_word' id='word_1_65' title='bbox 397 888 894 966; x_wconf 81' lang='lat' dir='ltr'>opportunissime</span> <span class='ocrx_word' id='word_1_66' title='bbox 917 888 1139 960; x_wconf 87' lang='lat' dir='ltr'>absque</span> <span class='ocrx_word' id='word_1_67' title='bbox 1156 905 1262 946; x_wconf 92' lang='lat' dir='ltr'>suo</span> <span class='ocrx_word' id='word_1_68' title='bbox 1284 907 1529 963; x_wconf 91' lang='lat' dir='ltr'>meoque</span> <span class='ocrx_word' id='word_1_69' title='bbox 1551 892 1765 946; x_wconf 90' lang='lat' dir='ltr'>damno</span> <span class='ocrx_word' id='word_1_70' title='bbox 1789 906 1873 948; x_wconf 90' lang='lat' dir='ltr'>re-</span> 
     </span>
    </p>
   </div>
   <div class='ocr_carea' id='block_1_11' title="bbox 233 977 1872 1052">
    <p class='ocr_par' dir='ltr' id='par_1_11' title="bbox 233 977 1872 1052">
     <span class='ocr_line' id='line_1_11' title="bbox 233 977 1872 1052; baseline -0.004 -11"><span class='ocrx_word' id='word_1_71' title='bbox 233 977 636 1042; x_wconf 85' lang='lat' dir='ltr'>conciliarem?</span> <span class='ocrx_word' id='word_1_72' title='bbox 666 995 738 1034; x_wconf 90' lang='lat' dir='ltr'>an</span> <span class='ocrx_word' id='word_1_73' title='bbox 769 977 1018 1051; x_wconf 85' lang='lat' dir='ltr'>genibus</span> <span class='ocrx_word' id='word_1_74' title='bbox 1050 977 1235 1047; x_wconf 84' lang='lat' dir='ltr'>ﬂexis,</span> <span class='ocrx_word' id='word_1_75' title='bbox 1267 984 1332 1033; x_wconf 91' lang='lat' dir='ltr'>ut</span> <span class='ocrx_word' id='word_1_76' title='bbox 1359 979 1666 1052; x_wconf 88' lang='lat' dir='ltr'>placantur</span> <span class='ocrx_word' id='word_1_77' title='bbox 1683 981 1872 1037; x_wconf 89' lang='lat' dir='ltr'>senio-</span> 
     </span>
    </p>
   </div>
   <div class='ocr_carea' id='block_1_12' title="bbox 235 1065 1876 1140">
    <p class='ocr_par' dir='ltr' id='par_1_12' title="bbox 235 1065 1876 1140">
     <span class='ocr_line' id='line_1_12' title="bbox 235 1065 1876 1140; baseline -0.003 -10"><span class='ocrx_word' id='word_1_78' title='bbox 235 1073 354 1131; x_wconf 78' lang='lat' dir='ltr'>res?</span> <span class='ocrx_word' id='word_1_79' title='bbox 385 1088 461 1128; x_wconf 88' lang='lat' dir='ltr'>an</span> <span class='ocrx_word' id='word_1_80' title='bbox 492 1073 721 1126; x_wconf 87' lang='lat' dir='ltr'>tantum</span> <span class='ocrx_word' id='word_1_81' title='bbox 750 1065 966 1138; x_wconf 80' lang='lat' dir='ltr'>verbis,</span> <span class='ocrx_word' id='word_1_82' title='bbox 1019 1071 1086 1121; x_wconf 91' lang='lat' dir='ltr'>ut</span> <span class='ocrx_word' id='word_1_83' title='bbox 1133 1066 1400 1140; x_wconf 90' lang='lat' dir='ltr'>placatur</span> <span class='ocrx_word' id='word_1_84' title='bbox 1448 1069 1643 1124; x_wconf 87' lang='lat' dir='ltr'>minor</span> <span class='ocrx_word' id='word_1_85' title='bbox 1687 1069 1876 1125; x_wconf 75' lang='lat' dir='ltr'>aetas?</span> 
     </span>
    </p>
   </div>
   <div class='ocr_carea' id='block_1_13' title="bbox 236 1155 1875 1236">
    <p class='ocr_par' dir='ltr' id='par_1_13' title="bbox 236 1155 1875 1236">
     <span class='ocr_line' id='line_1_13' title="bbox 236 1155 1875 1236; baseline -0.004 -16"><span class='ocrx_word' id='word_1_86' title='bbox 236 1160 522 1236; x_wconf 82' lang='lat' dir='ltr'>siquidem</span> <span class='ocrx_word' id='word_1_87' title='bbox 533 1157 697 1215; x_wconf 83' lang='lat' dir='ltr'>flexis</span> <span class='ocrx_word' id='word_1_88' title='bbox 715 1155 964 1230; x_wconf 84' lang='lat' dir='ltr'>genibus</span> <span class='ocrx_word' id='word_1_89' title='bbox 977 1157 1287 1228; x_wconf 88' lang='lat' dir='ltr'>utriusque</span> <span class='ocrx_word' id='word_1_90' title='bbox 1300 1157 1582 1213; x_wconf 89' lang='lat' dir='ltr'>damnum</span> <span class='ocrx_word' id='word_1_91' title='bbox 1598 1173 1726 1214; x_wconf 90' lang='lat' dir='ltr'>esse</span> <span class='ocrx_word' id='word_1_92' title='bbox 1742 1175 1875 1214; x_wconf 91' lang='lat' dir='ltr'>sum</span> 
     </span>
    </p>
   </div>
   <div class='ocr_carea' id='block_1_14' title="bbox 236 1243 1876 1321">
    <p class='ocr_par' dir='ltr' id='par_1_14' title="bbox 236 1243 1876 1321">
     <span class='ocr_line' id='line_1_14' title="bbox 236 1243 1876 1321; baseline -0.004 -12"><span class='ocrx_word' id='word_1_93' title='bbox 236 1253 574 1316; x_wconf 82' lang='lat' dir='ltr'>arbitratus;</span> <span class='ocrx_word' id='word_1_94' title='bbox 602 1249 751 1321; x_wconf 87' lang='lat' dir='ltr'>ejus,</span> <span class='ocrx_word' id='word_1_95' title='bbox 785 1243 1026 1317; x_wconf 87' lang='lat' dir='ltr'>scilicet,</span> <span class='ocrx_word' id='word_1_96' title='bbox 1060 1250 1296 1319; x_wconf 87' lang='lat' dir='ltr'>propter</span> <span class='ocrx_word' id='word_1_97' title='bbox 1335 1246 1665 1319; x_wconf 85' lang='lat' dir='ltr'>elationem,</span> <span class='ocrx_word' id='word_1_98' title='bbox 1699 1263 1876 1320; x_wconf 90' lang='lat' dir='ltr'>quam</span> 
     </span>
    </p>
   </div>
   <div class='ocr_carea' id='block_1_15' title="bbox 234 1335 1879 1410">
    <p class='ocr_par' dir='ltr' id='par_1_15' title="bbox 234 1335 1879 1410">
     <span class='ocr_line' id='line_1_15' title="bbox 234 1335 1879 1410; baseline -0.004 -11"><span class='ocrx_word' id='word_1_99' title='bbox 234 1340 475 1400; x_wconf 83' lang='lat' dir='ltr'>forsitan</span> <span class='ocrx_word' id='word_1_100' title='bbox 506 1337 618 1395; x_wconf 84' lang='lat' dir='ltr'>sibi</span> <span class='ocrx_word' id='word_1_101' title='bbox 649 1336 1026 1410; x_wconf 88' lang='lat' dir='ltr'>postmodum</span> <span class='ocrx_word' id='word_1_102' title='bbox 1057 1335 1192 1390; x_wconf 90' lang='lat' dir='ltr'>inde</span> <span class='ocrx_word' id='word_1_103' title='bbox 1221 1335 1570 1403; x_wconf 87' lang='lat' dir='ltr'>vindicaret;</span> <span class='ocrx_word' id='word_1_104' title='bbox 1604 1337 1718 1392; x_wconf 90' lang='lat' dir='ltr'>mei</span> <span class='ocrx_word' id='word_1_105' title='bbox 1745 1353 1879 1392; x_wconf 91' lang='lat' dir='ltr'>vero</span> 
     </span>
    </p>
   </div>
   <div class='ocr_carea' id='block_1_16' title="bbox 237 1422 1882 1502">
    <p class='ocr_par' dir='ltr' id='par_1_16' title="bbox 237 1422 1882 1502">
     <span class='ocr_line' id='line_1_16' title="bbox 237 1422 1882 1502; baseline -0.005 -14"><span class='ocrx_word' id='word_1_106' title='bbox 237 1433 379 1498; x_wconf 86' lang='lat' dir='ltr'>ideo,</span> <span class='ocrx_word' id='word_1_107' title='bbox 397 1428 552 1502; x_wconf 91' lang='lat' dir='ltr'>quod</span> <span class='ocrx_word' id='word_1_108' title='bbox 585 1425 867 1499; x_wconf 83' lang='lat' dir='ltr'>arguendi</span> <span class='ocrx_word' id='word_1_109' title='bbox 898 1422 1066 1479; x_wconf 91' lang='lat' dir='ltr'>illum</span> <span class='ocrx_word' id='word_1_110' title='bbox 1101 1431 1233 1496; x_wconf 91' lang='lat' dir='ltr'>post</span> <span class='ocrx_word' id='word_1_111' title='bbox 1263 1424 1658 1482; x_wconf 86' lang='lat' dir='ltr'>humilitatem</span> <span class='ocrx_word' id='word_1_112' title='bbox 1680 1425 1882 1496; x_wconf 87' lang='lat' dir='ltr'>hujus-</span> 
     </span>
    </p>
   </div>
   <div class='ocr_carea' id='block_1_17' title="bbox 236 1513 1881 1577">
    <p class='ocr_par' dir='ltr' id='par_1_17' title="bbox 236 1513 1881 1577">
     <span class='ocr_line' id='line_1_17' title="bbox 236 1513 1881 1577; baseline -0.004 0"><span class='ocrx_word' id='word_1_113' title='bbox 236 1519 389 1577; x_wconf 84' lang='lat' dir='ltr'>modi</span> <span class='ocrx_word' id='word_1_114' title='bbox 419 1515 742 1574; x_wconf 82' lang='lat' dir='ltr'>exhibitam</span> <span class='ocrx_word' id='word_1_115' title='bbox 773 1513 1022 1570; x_wconf 89' lang='lat' dir='ltr'>ulterius</span> <span class='ocrx_word' id='word_1_116' title='bbox 1051 1514 1247 1569; x_wconf 90' lang='lat' dir='ltr'>minor</span> <span class='ocrx_word' id='word_1_117' title='bbox 1276 1515 1490 1571; x_wconf 84' lang='lat' dir='ltr'>fiducia</span> <span class='ocrx_word' id='word_1_118' title='bbox 1521 1515 1668 1570; x_wconf 89' lang='lat' dir='ltr'>mihi</span> <span class='ocrx_word' id='word_1_119' title='bbox 1697 1519 1881 1570; x_wconf 91' lang='lat' dir='ltr'>resta-</span> 
     </span>
    </p>
   </div>
   <div class='ocr_carea' id='block_1_18' title="bbox 237 1602 1882 1678">
    <p class='ocr_par' dir='ltr' id='par_1_18' title="bbox 237 1602 1882 1678">
     <span class='ocr_line' id='line_1_18' title="bbox 237 1602 1882 1678; baseline -0.006 -12"><span class='ocrx_word' id='word_1_120' title='bbox 237 1617 334 1667; x_wconf 87' lang='lat' dir='ltr'>ret.</span> <span class='ocrx_word' id='word_1_121' title='bbox 366 1607 515 1664; x_wconf 86' lang='lat' dir='ltr'>Cum</span> <span class='ocrx_word' id='word_1_122' title='bbox 566 1621 703 1678; x_wconf 90' lang='lat' dir='ltr'>ergo</span> <span class='ocrx_word' id='word_1_123' title='bbox 750 1603 811 1658; x_wconf 89' lang='lat' dir='ltr'>in</span> <span class='ocrx_word' id='word_1_124' title='bbox 857 1602 960 1658; x_wconf 90' lang='lat' dir='ltr'>tali</span> <span class='ocrx_word' id='word_1_125' title='bbox 1010 1603 1238 1676; x_wconf 89' lang='lat' dir='ltr'>positus</span> <span class='ocrx_word' id='word_1_126' title='bbox 1289 1603 1558 1659; x_wconf 86' lang='lat' dir='ltr'>molestia</span> <span class='ocrx_word' id='word_1_127' title='bbox 1609 1603 1882 1676; x_wconf 86' lang='lat' dir='ltr'>lacrymis</span> 
     </span>
    </p>
   </div>
   <div class='ocr_carea' id='block_1_19' title="bbox 238 1691 1882 1772">
    <p class='ocr_par' dir='ltr' id='par_1_19' title="bbox 238 1691 1882 1772">
     <span class='ocr_line' id='line_1_19' title="bbox 238 1691 1882 1772; baseline -0.006 -17"><span class='ocrx_word' id='word_1_128' title='bbox 238 1698 624 1772; x_wconf 82' lang='lat' dir='ltr'>precibusque</span> <span class='ocrx_word' id='word_1_129' title='bbox 653 1693 904 1766; x_wconf 84' lang='lat' dir='ltr'>copiosis</span> <span class='ocrx_word' id='word_1_130' title='bbox 935 1709 1122 1764; x_wconf 90' lang='lat' dir='ltr'>usque</span> <span class='ocrx_word' id='word_1_131' title='bbox 1162 1693 1235 1747; x_wconf 90' lang='lat' dir='ltr'>ad</span> <span class='ocrx_word' id='word_1_132' title='bbox 1267 1692 1423 1748; x_wconf 90' lang='lat' dir='ltr'>diem</span> <span class='ocrx_word' id='word_1_133' title='bbox 1469 1692 1693 1748; x_wconf 90' lang='lat' dir='ltr'>clarum</span> <span class='ocrx_word' id='word_1_134' title='bbox 1740 1691 1882 1747; x_wconf 86' lang='lat' dir='ltr'>insi-</span> 
     </span>
    </p>
   </div>
   <div class='ocr_carea' id='block_1_20' title="bbox 1978 719 3622 792">
    <p class='ocr_par' dir='ltr' id='par_1_20' title="bbox 1978 719 3622 792">
     <span class='ocr_line' id='line_1_20' title="bbox 1978 719 3622 792; baseline 0.006 -22"><span class='ocrx_word' id='word_1_135' title='bbox 1978 719 2182 770; x_wconf 88' lang='lat' dir='ltr'>contra</span> <span class='ocrx_word' id='word_1_136' title='bbox 2212 733 2345 772; x_wconf 90' lang='lat' dir='ltr'>eum</span> <span class='ocrx_word' id='word_1_137' title='bbox 2378 719 2693 789; x_wconf 86' lang='lat' dir='ltr'>proferrem</span> <span class='ocrx_word' id='word_1_138' title='bbox 2728 724 2793 774; x_wconf 93' lang='lat' dir='ltr'>ut</span> <span class='ocrx_word' id='word_1_139' title='bbox 2822 736 2914 774; x_wconf 90' lang='lat' dir='ltr'>me</span> <span class='ocrx_word' id='word_1_140' title='bbox 2941 737 3173 792; x_wconf 88' lang='lat' dir='ltr'>quoque</span> <span class='ocrx_word' id='word_1_141' title='bbox 3216 721 3622 780; x_wconf 83' lang='lat' dir='ltr'>meledictione</span> 
     </span>
    </p>
   </div>
   <div class='ocr_carea' id='block_1_21' title="bbox 1979 807 3626 881">
    <p class='ocr_par' dir='ltr' id='par_1_21' title="bbox 1979 807 3626 881">
     <span class='ocr_line' id='line_1_21' title="bbox 1979 807 3626 881; baseline 0.006 -23"><span class='ocrx_word' id='word_1_142' title='bbox 1979 810 2404 861; x_wconf 90' lang='lat' dir='ltr'>connecterem.</span> <span class='ocrx_word' id='word_1_143' title='bbox 2440 807 2548 861; x_wconf 88' lang='lat' dir='ltr'>Pro</span> <span class='ocrx_word' id='word_1_144' title='bbox 2582 807 2817 878; x_wconf 91' lang='lat' dir='ltr'>quibus,</span> <span class='ocrx_word' id='word_1_145' title='bbox 2865 809 2999 864; x_wconf 86' lang='lat' dir='ltr'>licet</span> <span class='ocrx_word' id='word_1_146' title='bbox 3051 811 3454 881; x_wconf 63' lang='lat' dir='ltr'>paenitentiam</span> <span class='ocrx_word' id='word_1_147' title='bbox 3485 817 3626 869; x_wconf 91' lang='lat' dir='ltr'>tunc</span> 
     </span>
    </p>
   </div>
   <div class='ocr_carea' id='block_1_22' title="bbox 1984 895 3633 970">
    <p class='ocr_par' dir='ltr' id='par_1_22' title="bbox 1984 895 3633 970">
     <span class='ocr_line' id='line_1_22' title="bbox 1984 895 3633 970; baseline 0.007 -23"><span class='ocrx_word' id='word_1_148' title='bbox 1984 909 2178 949; x_wconf 88' lang='lat' dir='ltr'>coram</span> <span class='ocrx_word' id='word_1_149' title='bbox 2213 895 2420 950; x_wconf 90' lang='lat' dir='ltr'>abbate</span> <span class='ocrx_word' id='word_1_150' title='bbox 2469 895 2742 967; x_wconf 85' lang='lat' dir='ltr'>egissem,</span> <span class='ocrx_word' id='word_1_151' title='bbox 2785 902 2979 952; x_wconf 89' lang='lat' dir='ltr'>tamen</span> <span class='ocrx_word' id='word_1_152' title='bbox 3012 899 3152 970; x_wconf 91' lang='lat' dir='ltr'>quia</span> <span class='ocrx_word' id='word_1_153' title='bbox 3182 917 3376 956; x_wconf 90' lang='lat' dir='ltr'>coram</span> <span class='ocrx_word' id='word_1_154' title='bbox 3411 907 3544 968; x_wconf 93' lang='lat' dir='ltr'>Deo,</span> <span class='ocrx_word' id='word_1_155' title='bbox 3574 903 3633 958; x_wconf 91' lang='lat' dir='ltr'>in</span> 
     </span>
    </p>
   </div>
   <div class='ocr_carea' id='block_1_23' title="bbox 1987 983 3632 1062">
    <p class='ocr_par' dir='ltr' id='par_1_23' title="bbox 1987 983 3632 1062">
     <span class='ocr_line' id='line_1_23' title="bbox 1987 983 3632 1062; baseline 0.005 -25"><span class='ocrx_word' id='word_1_156' title='bbox 1987 997 2162 1054; x_wconf 91' lang='lat' dir='ltr'>quem</span> <span class='ocrx_word' id='word_1_157' title='bbox 2195 983 2383 1039; x_wconf 89' lang='lat' dir='ltr'>solum</span> <span class='ocrx_word' id='word_1_158' title='bbox 2417 983 2670 1039; x_wconf 85' lang='lat' dir='ltr'>maxime</span> <span class='ocrx_word' id='word_1_159' title='bbox 2700 985 2950 1056; x_wconf 89' lang='lat' dir='ltr'>peccavi,</span> <span class='ocrx_word' id='word_1_160' title='bbox 2975 986 3130 1041; x_wconf 89' lang='lat' dir='ltr'>idem</span> <span class='ocrx_word' id='word_1_161' title='bbox 3163 988 3350 1044; x_wconf 84' lang='lat' dir='ltr'>facere</span> <span class='ocrx_word' id='word_1_162' title='bbox 3381 990 3632 1062; x_wconf 85' lang='lat' dir='ltr'>neglexi,</span> 
     </span>
    </p>
   </div>
   <div class='ocr_carea' id='block_1_24' title="bbox 1987 1071 3634 1145">
    <p class='ocr_par' dir='ltr' id='par_1_24' title="bbox 1987 1071 3634 1145">
     <span class='ocr_line' id='line_1_24' title="bbox 1987 1071 3634 1145; baseline 0.005 -20"><span class='ocrx_word' id='word_1_163' title='bbox 1987 1075 2120 1142; x_wconf 91' lang='lat' dir='ltr'>post</span> <span class='ocrx_word' id='word_1_164' title='bbox 2149 1071 2272 1128; x_wconf 90' lang='lat' dir='ltr'>dies</span> <span class='ocrx_word' id='word_1_165' title='bbox 2304 1088 2520 1145; x_wconf 89' lang='lat' dir='ltr'>paucos</span> <span class='ocrx_word' id='word_1_166' title='bbox 2552 1073 2608 1128; x_wconf 89' lang='lat' dir='ltr'>in</span> <span class='ocrx_word' id='word_1_167' title='bbox 2643 1074 3043 1130; x_wconf 80' lang='lat' dir='ltr'>infirmitatem</span> <span class='ocrx_word' id='word_1_168' title='bbox 3072 1076 3418 1132; x_wconf 70' lang='lat' dir='ltr'>decidi.Hzec</span> <span class='ocrx_word' id='word_1_169' title='bbox 3441 1083 3634 1133; x_wconf 91' lang='lat' dir='ltr'>autem</span> 
     </span>
    </p>
   </div>
   <div class='ocr_carea' id='block_1_25' title="bbox 1983 1159 3638 1238">
    <p class='ocr_par' dir='ltr' id='par_1_25' title="bbox 1983 1159 3638 1238">
     <span class='ocr_line' id='line_1_25' title="bbox 1983 1159 3638 1238; baseline 0.004 -23"><span class='ocrx_word' id='word_1_170' title='bbox 1983 1159 2066 1215; x_wconf 90' lang='lat' dir='ltr'>ita</span> <span class='ocrx_word' id='word_1_171' title='bbox 2096 1177 2222 1216; x_wconf 89' lang='lat' dir='ltr'>esse</span> <span class='ocrx_word' id='word_1_172' title='bbox 2254 1163 2449 1226; x_wconf 89' lang='lat' dir='ltr'>credo,</span> <span class='ocrx_word' id='word_1_173' title='bbox 2483 1162 2622 1234; x_wconf 92' lang='lat' dir='ltr'>quia</span> <span class='ocrx_word' id='word_1_174' title='bbox 2651 1163 3035 1234; x_wconf 87' lang='lat' dir='ltr'>correptionis</span> <span class='ocrx_word' id='word_1_175' title='bbox 3066 1165 3272 1220; x_wconf 67' lang='lat' dir='ltr'>divinae</span> <span class='ocrx_word' id='word_1_176' title='bbox 3304 1166 3552 1238; x_wconf 84' lang='lat' dir='ltr'>gratiam</span> <span class='ocrx_word' id='word_1_177' title='bbox 3604 1184 3638 1222; x_wconf 89' lang='lat' dir='ltr'>a</span> 
     </span>
    </p>
   </div>
   <div class='ocr_carea' id='block_1_26' title="bbox 1989 1250 3643 1328">
    <p class='ocr_par' dir='ltr' id='par_1_26' title="bbox 1989 1250 3643 1328">
     <span class='ocr_line' id='line_1_26' title="bbox 1989 1250 3643 1328; baseline 0.004 -22"><span class='ocrx_word' id='word_1_178' title='bbox 1989 1250 2240 1323; x_wconf 89' lang='lat' dir='ltr'>pueritia</span> <span class='ocrx_word' id='word_1_179' title='bbox 2270 1268 2456 1323; x_wconf 92' lang='lat' dir='ltr'>usque</span> <span class='ocrx_word' id='word_1_180' title='bbox 2487 1253 2544 1307; x_wconf 92' lang='lat' dir='ltr'>in</span> <span class='ocrx_word' id='word_1_181' title='bbox 2578 1269 2834 1326; x_wconf 69' lang='lat' dir='ltr'>praesens</span> <span class='ocrx_word' id='word_1_182' title='bbox 2861 1254 3036 1309; x_wconf 88' lang='lat' dir='ltr'>habui</span> <span class='ocrx_word' id='word_1_183' title='bbox 3069 1256 3402 1328; x_wconf 74' lang='lat' dir='ltr'>saepiusque</span> <span class='ocrx_word' id='word_1_184' title='bbox 3451 1256 3560 1312; x_wconf 90' lang='lat' dir='ltr'>hoc</span> <span class='ocrx_word' id='word_1_185' title='bbox 3608 1273 3643 1312; x_wconf 88' lang='lat' dir='ltr'>a</span> 
     </span>
    </p>
   </div>
   <div class='ocr_carea' id='block_1_27' title="bbox 1989 1340 3641 1417">
    <p class='ocr_par' dir='ltr' id='par_1_27' title="bbox 1989 1340 3641 1417">
     <span class='ocr_line' id='line_1_27' title="bbox 1989 1340 3641 1417; baseline 0.004 -22"><span class='ocrx_word' id='word_1_186' title='bbox 1989 1340 2236 1396; x_wconf 91' lang='lat' dir='ltr'>Domino</span> <span class='ocrx_word' id='word_1_187' title='bbox 2277 1340 2435 1412; x_wconf 88' lang='lat' dir='ltr'>petii,</span> <span class='ocrx_word' id='word_1_188' title='bbox 2470 1346 2536 1396; x_wconf 91' lang='lat' dir='ltr'>ut</span> <span class='ocrx_word' id='word_1_189' title='bbox 2581 1342 3043 1415; x_wconf 90' lang='lat' dir='ltr'>quotiescunque</span> <span class='ocrx_word' id='word_1_190' title='bbox 3073 1343 3307 1416; x_wconf 89' lang='lat' dir='ltr'>aliquod</span> <span class='ocrx_word' id='word_1_191' title='bbox 3339 1349 3641 1417; x_wconf 89' lang='lat' dir='ltr'>peccatum</span> 
     </span>
    </p>
   </div>
   <div class='ocr_carea' id='block_1_28' title="bbox 1990 1429 3640 1504">
    <p class='ocr_par' dir='ltr' id='par_1_28' title="bbox 1990 1429 3640 1504">
     <span class='ocr_line' id='line_1_28' title="bbox 1990 1429 3640 1504; baseline 0.003 -21"><span class='ocrx_word' id='word_1_192' title='bbox 1990 1446 2162 1502; x_wconf 88' lang='lat' dir='ltr'>grave</span> <span class='ocrx_word' id='word_1_193' title='bbox 2193 1429 2344 1485; x_wconf 91' lang='lat' dir='ltr'>clam</span> <span class='ocrx_word' id='word_1_194' title='bbox 2377 1447 2479 1486; x_wconf 91' lang='lat' dir='ltr'>seu</span> <span class='ocrx_word' id='word_1_195' title='bbox 2512 1430 2704 1503; x_wconf 88' lang='lat' dir='ltr'>palam</span> <span class='ocrx_word' id='word_1_196' title='bbox 2739 1432 3185 1504; x_wconf 87' lang='lat' dir='ltr'>committerem,</span> <span class='ocrx_word' id='word_1_197' title='bbox 3231 1433 3507 1490; x_wconf 89' lang='lat' dir='ltr'>continuo</span> <span class='ocrx_word' id='word_1_198' title='bbox 3549 1433 3640 1490; x_wconf 86' lang='lat' dir='ltr'>vel</span> 
     </span>
    </p>
   </div>
   <div class='ocr_carea' id='block_1_29' title="bbox 1992 1519 3642 1592">
    <p class='ocr_par' dir='ltr' id='par_1_29' title="bbox 1992 1519 3642 1592">
     <span class='ocr_line' id='line_1_29' title="bbox 1992 1519 3642 1592; baseline 0.002 -18"><span class='ocrx_word' id='word_1_199' title='bbox 1992 1523 2126 1592; x_wconf 90' lang='lat' dir='ltr'>post</span> <span class='ocrx_word' id='word_1_200' title='bbox 2156 1535 2372 1590; x_wconf 90' lang='lat' dir='ltr'>paucos</span> <span class='ocrx_word' id='word_1_201' title='bbox 2404 1519 2526 1575; x_wconf 90' lang='lat' dir='ltr'>dies</span> <span class='ocrx_word' id='word_1_202' title='bbox 2555 1520 2714 1592; x_wconf 85' lang='lat' dir='ltr'>gravi</span> <span class='ocrx_word' id='word_1_203' title='bbox 2745 1520 2922 1575; x_wconf 88' lang='lat' dir='ltr'>etiam</span> <span class='ocrx_word' id='word_1_204' title='bbox 2954 1521 3314 1578; x_wconf 85' lang='lat' dir='ltr'>infirmitatis</span> <span class='ocrx_word' id='word_1_205' title='bbox 3338 1540 3438 1579; x_wconf 91' lang='lat' dir='ltr'>seu</span> <span class='ocrx_word' id='word_1_206' title='bbox 3460 1522 3642 1578; x_wconf 88' lang='lat' dir='ltr'>tribu-</span> 
     </span>
    </p>
   </div>
   <div class='ocr_carea' id='block_1_30' title="bbox 1990 1606 3640 1678">
    <p class='ocr_par' dir='ltr' id='par_1_30' title="bbox 1990 1606 3640 1678">
     <span class='ocr_line' id='line_1_30' title="bbox 1990 1606 3640 1678; baseline 0.002 -16"><span class='ocrx_word' id='word_1_207' title='bbox 1990 1606 2228 1664; x_wconf 90' lang='lat' dir='ltr'>lationis</span> <span class='ocrx_word' id='word_1_208' title='bbox 2259 1607 2510 1678; x_wconf 87' lang='lat' dir='ltr'>alicujus</span> <span class='ocrx_word' id='word_1_209' title='bbox 2561 1608 2832 1664; x_wconf 85' lang='lat' dir='ltr'>molestia</span> <span class='ocrx_word' id='word_1_210' title='bbox 2880 1609 3170 1678; x_wconf 78' lang='lat' dir='ltr'>afficerer;</span> <span class='ocrx_word' id='word_1_211' title='bbox 3203 1612 3358 1666; x_wconf 91' lang='lat' dir='ltr'>unde</span> <span class='ocrx_word' id='word_1_212' title='bbox 3389 1615 3447 1667; x_wconf 91' lang='lat' dir='ltr'>et</span> <span class='ocrx_word' id='word_1_213' title='bbox 3475 1611 3640 1666; x_wconf 84' lang='lat' dir='ltr'>infir-</span> 
     </span>
    </p>
   </div>
   <div class='ocr_carea' id='block_1_31' title="bbox 1995 1696 3643 1772">
    <p class='ocr_par' dir='ltr' id='par_1_31' title="bbox 1995 1696 3643 1772">
     <span class='ocr_line' id='line_1_31' title="bbox 1995 1696 3643 1772; baseline 0.003 -21"><span class='ocrx_word' id='word_1_214' title='bbox 1995 1697 2258 1752; x_wconf 80' lang='lat' dir='ltr'>mitatem</span> <span class='ocrx_word' id='word_1_215' title='bbox 2291 1696 2550 1768; x_wconf 86' lang='lat' dir='ltr'>proxime</span> <span class='ocrx_word' id='word_1_216' title='bbox 2581 1698 2798 1752; x_wconf 89' lang='lat' dir='ltr'>dictam</span> <span class='ocrx_word' id='word_1_217' title='bbox 2831 1699 3000 1754; x_wconf 90' lang='lat' dir='ltr'>credo</span> <span class='ocrx_word' id='word_1_218' title='bbox 3032 1715 3134 1770; x_wconf 92' lang='lat' dir='ltr'>pro</span> <span class='ocrx_word' id='word_1_219' title='bbox 3164 1717 3231 1755; x_wconf 91' lang='lat' dir='ltr'>ea</span> <span class='ocrx_word' id='word_1_220' title='bbox 3263 1716 3643 1772; x_wconf 89' lang='lat' dir='ltr'>causa,quam</span> 
     </span>
    </p>
   </div>
   <div class='ocr_carea' id='block_1_32' title="bbox 241 1780 3645 1895">
    <p class='ocr_par' dir='ltr' id='par_1_32' title="bbox 241 1780 3645 1895">
     <span class='ocr_line' id='line_1_32' title="bbox 241 1780 3645 1895; baseline 0.003 -61"><span class='ocrx_word' id='word_1_221' title='bbox 241 1795 447 1844; x_wconf 56' lang='lat' dir='ltr'>starem</span> <span class='ocrx_word' id='word_1_222' title='bbox 479 1789 538 1840; x_wconf 79' lang='lat' dir='ltr'>et</span> <span class='ocrx_word' id='word_1_223' title='bbox 569 1784 642 1839; x_wconf 79' lang='lat' dir='ltr'>ab</span> <span class='ocrx_word' id='word_1_224' title='bbox 682 1782 1080 1854; x_wconf 89' lang='lat' dir='ltr'>omnipotente</span> <span class='ocrx_word' id='word_1_225' title='bbox 1130 1782 1242 1836; x_wconf 89' lang='lat' dir='ltr'>Deo</span> <span class='ocrx_word' id='word_1_226' title='bbox 1294 1781 1432 1853; x_wconf 90' lang='lat' dir='ltr'>quid</span> <span class='ocrx_word' id='word_1_227' title='bbox 1482 1795 1660 1854; x_wconf 89' lang='lat' dir='ltr'>super</span> <span class='ocrx_word' id='word_1_228' title='bbox 1705 1780 1887 1837; x_wconf 90' lang='lat' dir='ltr'>ambi-</span> <span class='ocrx_word' id='word_1_229' title='bbox 1917 1829 1966 1895; x_wconf 74' lang='grc' dir='ltr'><strong>Β</strong></span> <span class='ocrx_word' id='word_1_230' title='bbox 1996 1786 2168 1841; x_wconf 91' lang='lat' dir='ltr'>modo</span> <span class='ocrx_word' id='word_1_231' title='bbox 2196 1785 2433 1858; x_wconf 87' lang='lat' dir='ltr'>protuli,</span> <span class='ocrx_word' id='word_1_232' title='bbox 2458 1787 2737 1842; x_wconf 90' lang='lat' dir='ltr'>evenisse.</span> <span class='ocrx_word' id='word_1_233' title='bbox 2765 1785 3083 1843; x_wconf 89' lang='lat' dir='ltr'>Infirmitas</span> <span class='ocrx_word' id='word_1_234' title='bbox 3104 1792 3298 1844; x_wconf 87' lang='lat' dir='ltr'>autem</span> <span class='ocrx_word' id='word_1_235' title='bbox 3330 1789 3533 1845; x_wconf 89' lang='lat' dir='ltr'>eadem</span> <span class='ocrx_word' id='word_1_236' title='bbox 3565 1791 3645 1845; x_wconf 90' lang='lat' dir='ltr'>ita</span> 
     </span>
     <span class='ocr_line' id='line_1_33' title="bbox 246 1871 2263 1895; baseline 0 0"><span class='ocrx_word' id='word_1_237' title='bbox 246 1891 286 1895; x_wconf 60' lang='lat'>-_,</span> <span class='ocrx_word' id='word_1_238' title='bbox 314 1877 450 1895; x_wconf 55' lang='lat' dir='ltr'>9|,,,A-</span> <span class='ocrx_word' id='word_1_239' title='bbox 471 1871 800 1895; x_wconf 42' lang='lat' dir='ltr'>!_.__2_x-_1.:</span> <span class='ocrx_word' id='word_1_240' title='bbox 819 1871 1108 1895; x_wconf 71' lang='lat' dir='ltr'>-_-...I--_.</span> <span class='ocrx_word' id='word_1_241' title='bbox 1131 1871 1273 1895; x_wconf 67' lang='lat' dir='ltr'>l&#39;._...l.</span> <span class='ocrx_word' id='word_1_242' title='bbox 1306 1872 1670 1895; x_wconf 66' lang='lat' dir='ltr'>J-__---_-.._</span> <span class='ocrx_word' id='word_1_243' title='bbox 1692 1871 1884 1895; x_wconf 49' lang='lat' dir='ltr'>-lim---</span> <span class='ocrx_word' id='word_1_244' title='bbox 2001 1876 2043 1895; x_wconf 57' lang='lat' dir='ltr'>ll-</span> <span class='ocrx_word' id='word_1_245' title='bbox 2068 1880 2138 1895; x_wconf 68' lang='lat'>-1-</span> <span class='ocrx_word' id='word_1_246' title='bbox 2188 1893 2200 1895; x_wconf 94' lang='lat'><em>_</em></span> <span class='ocrx_word' id='word_1_247' title='bbox 2219 1879 2263 1895; x_wconf 41' lang='grc' dir='ltr'>Αι</span> 
     </span>
    </p>
   </div>
   <div class='ocr_carea' id='block_1_33' title="bbox 240 1871 1891 1951">
    <p class='ocr_par' dir='ltr' id='par_1_33' title="bbox 240 1871 1891 1951">
     <span class='ocr_line' id='line_1_34' title="bbox 240 1871 1891 1951; baseline -0.005 -18"><span class='ocrx_word' id='word_1_248' title='bbox 240 1877 455 1951; x_wconf 83' lang='lat' dir='ltr'>guitate</span> <span class='ocrx_word' id='word_1_249' title='bbox 469 1871 801 1930; x_wconf 86' lang='lat' dir='ltr'>imminenti</span> <span class='ocrx_word' id='word_1_250' title='bbox 819 1871 1111 1944; x_wconf 88' lang='lat' dir='ltr'>agendum</span> <span class='ocrx_word' id='word_1_251' title='bbox 1131 1871 1675 1943; x_wconf 87' lang='lat' dir='ltr'>foret,deposcerem</span> <span class='ocrx_word' id='word_1_252' title='bbox 1691 1871 1891 1943; x_wconf 90' lang='lat' dir='ltr'>aliqua</span> 
     </span>
    </p>
   </div>
   <div class='ocr_carea' id='block_1_34' title="bbox 243 1959 1892 2032">
    <p class='ocr_par' dir='ltr' id='par_1_34' title="bbox 243 1959 1892 2032">
     <span class='ocr_line' id='line_1_35' title="bbox 243 1959 1892 2032; baseline -0.005 -10"><span class='ocrx_word' id='word_1_253' title='bbox 243 1963 606 2022; x_wconf 82' lang='lat' dir='ltr'>manifestari</span> <span class='ocrx_word' id='word_1_254' title='bbox 653 1960 892 2026; x_wconf 88' lang='lat' dir='ltr'>indicia,</span> <span class='ocrx_word' id='word_1_255' title='bbox 943 1976 1074 2015; x_wconf 88' lang='lat' dir='ltr'>ecce</span> <span class='ocrx_word' id='word_1_256' title='bbox 1121 1959 1316 2015; x_wconf 91' lang='lat' dir='ltr'>subito</span> <span class='ocrx_word' id='word_1_257' title='bbox 1363 1960 1694 2032; x_wconf 91' lang='lat' dir='ltr'>egrediente</span> <span class='ocrx_word' id='word_1_258' title='bbox 1733 1975 1826 2015; x_wconf 91' lang='lat' dir='ltr'>me</span> <span class='ocrx_word' id='word_1_259' title='bbox 1858 1975 1892 2014; x_wconf 90' lang='lat' dir='ltr'>a</span> 
     </span>
    </p>
   </div>
   <div class='ocr_carea' id='block_1_35' title="bbox 249 2047 1889 2128">
    <p class='ocr_par' dir='ltr' id='par_1_35' title="bbox 249 2047 1889 2128">
     <span class='ocr_line' id='line_1_36' title="bbox 249 2047 1889 2128; baseline -0.005 -16"><span class='ocrx_word' id='word_1_260' title='bbox 249 2055 503 2128; x_wconf 82' lang='lat' dir='ltr'>quodam</span> <span class='ocrx_word' id='word_1_261' title='bbox 533 2051 783 2109; x_wconf 87' lang='lat' dir='ltr'>oratorio</span> <span class='ocrx_word' id='word_1_262' title='bbox 812 2047 1124 2121; x_wconf 64' lang='lat' dir='ltr'>pradictus</span> <span class='ocrx_word' id='word_1_263' title='bbox 1144 2049 1381 2119; x_wconf 88' lang='lat' dir='ltr'>juvenis</span> <span class='ocrx_word' id='word_1_264' title='bbox 1411 2049 1684 2116; x_wconf 87' lang='lat' dir='ltr'>occurrit,</span> <span class='ocrx_word' id='word_1_265' title='bbox 1710 2054 1766 2105; x_wconf 93' lang='lat' dir='ltr'>et</span> <span class='ocrx_word' id='word_1_266' title='bbox 1797 2065 1889 2104; x_wconf 92' lang='lat' dir='ltr'>co-</span> 
     </span>
    </p>
   </div>
   <div class='ocr_carea' id='block_1_36' title="bbox 245 2139 1890 2210">
    <p class='ocr_par' dir='ltr' id='par_1_36' title="bbox 245 2139 1890 2210">
     <span class='ocr_line' id='line_1_37' title="bbox 245 2139 1890 2210; baseline -0.003 -11"><span class='ocrx_word' id='word_1_267' title='bbox 245 2161 369 2199; x_wconf 86' lang='lat' dir='ltr'>ram</span> <span class='ocrx_word' id='word_1_268' title='bbox 419 2158 516 2198; x_wconf 91' lang='lat' dir='ltr'>me</span> <span class='ocrx_word' id='word_1_269' title='bbox 563 2139 866 2196; x_wconf 86' lang='lat' dir='ltr'>humiliter</span> <span class='ocrx_word' id='word_1_270' title='bbox 911 2154 1040 2194; x_wconf 90' lang='lat' dir='ltr'>sese</span> <span class='ocrx_word' id='word_1_271' title='bbox 1086 2142 1482 2209; x_wconf 86' lang='lat' dir='ltr'>prosternens,</span> <span class='ocrx_word' id='word_1_272' title='bbox 1516 2156 1618 2210; x_wconf 90' lang='lat' dir='ltr'>pro</span> <span class='ocrx_word' id='word_1_273' title='bbox 1657 2139 1890 2209; x_wconf 89' lang='lat' dir='ltr'>injuria,</span> 
     </span>
    </p>
   </div>
   <div class='ocr_carea' id='block_1_37' title="bbox 247 2227 1895 2307">
    <p class='ocr_par' dir='ltr' id='par_1_37' title="bbox 247 2227 1895 2307">
     <span class='ocr_line' id='line_1_38' title="bbox 247 2227 1895 2307; baseline -0.005 -17"><span class='ocrx_word' id='word_1_274' title='bbox 247 2249 424 2307; x_wconf 88' lang='lat' dir='ltr'>quam</span> <span class='ocrx_word' id='word_1_275' title='bbox 455 2230 648 2304; x_wconf 90' lang='lat' dir='ltr'>pridie</span> <span class='ocrx_word' id='word_1_276' title='bbox 679 2227 1026 2300; x_wconf 89' lang='lat' dir='ltr'>correptioni</span> <span class='ocrx_word' id='word_1_277' title='bbox 1057 2243 1198 2282; x_wconf 72' lang='lat' dir='ltr'>meae</span> <span class='ocrx_word' id='word_1_278' title='bbox 1230 2228 1586 2283; x_wconf 89' lang='lat' dir='ltr'>detrahendo</span> <span class='ocrx_word' id='word_1_279' title='bbox 1612 2244 1716 2283; x_wconf 89' lang='lat' dir='ltr'>seu</span> <span class='ocrx_word' id='word_1_280' title='bbox 1754 2244 1895 2283; x_wconf 88' lang='lat' dir='ltr'>con-</span> 
     </span>
    </p>
   </div>
   <div class='ocr_carea' id='block_1_38' title="bbox 246 2317 1896 2392">
    <p class='ocr_par' dir='ltr' id='par_1_38' title="bbox 246 2317 1896 2392">
     <span class='ocr_line' id='line_1_39' title="bbox 246 2317 1896 2392; baseline -0.004 -13"><span class='ocrx_word' id='word_1_281' title='bbox 246 2321 590 2379; x_wconf 84' lang='lat' dir='ltr'>tradicendo</span> <span class='ocrx_word' id='word_1_282' title='bbox 647 2317 1017 2392; x_wconf 87' lang='lat' dir='ltr'>perpetravit,</span> <span class='ocrx_word' id='word_1_283' title='bbox 1065 2317 1293 2372; x_wconf 90' lang='lat' dir='ltr'>veniam</span> <span class='ocrx_word' id='word_1_284' title='bbox 1341 2318 1506 2389; x_wconf 88' lang='lat' dir='ltr'>petit,</span> <span class='ocrx_word' id='word_1_285' title='bbox 1550 2317 1896 2389; x_wconf 88' lang='lat' dir='ltr'>promittens</span> 
     </span>
    </p>
   </div>
   <div class='ocr_carea' id='block_1_39' title="bbox 245 2405 1896 2483">
    <p class='ocr_par' dir='ltr' id='par_1_39' title="bbox 245 2405 1896 2483">
     <span class='ocr_line' id='line_1_40' title="bbox 245 2405 1896 2483; baseline -0.005 -15"><span class='ocrx_word' id='word_1_286' title='bbox 245 2413 303 2469; x_wconf 89' lang='lat' dir='ltr'>in</span> <span class='ocrx_word' id='word_1_287' title='bbox 331 2410 638 2483; x_wconf 88' lang='lat' dir='ltr'>reliquum</span> <span class='ocrx_word' id='word_1_288' title='bbox 671 2425 732 2464; x_wconf 91' lang='lat' dir='ltr'>se</span> <span class='ocrx_word' id='word_1_289' title='bbox 761 2417 1066 2478; x_wconf 86' lang='lat' dir='ltr'>nunquam</span> <span class='ocrx_word' id='word_1_290' title='bbox 1108 2405 1250 2461; x_wconf 90' lang='lat' dir='ltr'>talia</span> <span class='ocrx_word' id='word_1_291' title='bbox 1303 2405 1448 2460; x_wconf 86' lang='lat' dir='ltr'>mihi</span> <span class='ocrx_word' id='word_1_292' title='bbox 1493 2406 1785 2461; x_wconf 91' lang='lat' dir='ltr'>facturum</span> <span class='ocrx_word' id='word_1_293' title='bbox 1817 2405 1896 2460; x_wconf 90' lang='lat' dir='ltr'>si-</span> 
     </span>
    </p>
   </div>
   <div class='ocr_carea' id='block_1_40' title="bbox 244 2494 1900 2573">
    <p class='ocr_par' dir='ltr' id='par_1_40' title="bbox 244 2494 1900 2573">
     <span class='ocr_line' id='line_1_41' title="bbox 244 2494 1900 2573; baseline -0.005 -16"><span class='ocrx_word' id='word_1_294' title='bbox 244 2501 490 2573; x_wconf 86' lang='lat' dir='ltr'>mulque</span> <span class='ocrx_word' id='word_1_295' title='bbox 539 2494 883 2570; x_wconf 87' lang='lat' dir='ltr'>suppliciter</span> <span class='ocrx_word' id='word_1_296' title='bbox 927 2509 1140 2568; x_wconf 90' lang='lat' dir='ltr'>rogans</span> <span class='ocrx_word' id='word_1_297' title='bbox 1171 2500 1254 2566; x_wconf 91' lang='lat' dir='ltr'>ut,</span> <span class='ocrx_word' id='word_1_298' title='bbox 1290 2495 1340 2550; x_wconf 89' lang='lat' dir='ltr'>si</span> <span class='ocrx_word' id='word_1_299' title='bbox 1373 2496 1606 2566; x_wconf 91' lang='lat' dir='ltr'>quando</span> <span class='ocrx_word' id='word_1_300' title='bbox 1637 2495 1900 2550; x_wconf 89' lang='lat' dir='ltr'>humana</span> 
     </span>
    </p>
   </div>
   <div class='ocr_carea' id='block_1_41' title="bbox 245 2583 1896 2663">
    <p class='ocr_par' dir='ltr' id='par_1_41' title="bbox 245 2583 1896 2663">
     <span class='ocr_line' id='line_1_42' title="bbox 245 2583 1896 2663; baseline -0.005 -17"><span class='ocrx_word' id='word_1_301' title='bbox 245 2589 566 2663; x_wconf 77' lang='lat' dir='ltr'>fragilitate</span> <span class='ocrx_word' id='word_1_302' title='bbox 594 2603 694 2644; x_wconf 91' lang='lat' dir='ltr'>seu</span> <span class='ocrx_word' id='word_1_303' title='bbox 727 2586 902 2642; x_wconf 89' lang='lat' dir='ltr'>etiam</span> <span class='ocrx_word' id='word_1_304' title='bbox 931 2583 1264 2656; x_wconf 87' lang='lat' dir='ltr'>ignorantia</span> <span class='ocrx_word' id='word_1_305' title='bbox 1295 2589 1532 2655; x_wconf 87' lang='lat' dir='ltr'>cogente</span> <span class='ocrx_word' id='word_1_306' title='bbox 1570 2583 1629 2638; x_wconf 92' lang='lat' dir='ltr'>in</span> <span class='ocrx_word' id='word_1_307' title='bbox 1661 2583 1896 2655; x_wconf 89' lang='lat' dir='ltr'>aliquod</span> 
     </span>
    </p>
   </div>
   <div class='ocr_carea' id='block_1_42' title="bbox 243 2672 1898 2749">
    <p class='ocr_par' dir='ltr' id='par_1_42' title="bbox 243 2672 1898 2749">
     <span class='ocr_line' id='line_1_43' title="bbox 243 2672 1898 2749; baseline -0.004 -16"><span class='ocrx_word' id='word_1_308' title='bbox 243 2681 478 2748; x_wconf 83' lang='lat' dir='ltr'>vitium,</span> <span class='ocrx_word' id='word_1_309' title='bbox 514 2677 670 2749; x_wconf 91' lang='lat' dir='ltr'>quod</span> <span class='ocrx_word' id='word_1_310' title='bbox 719 2673 990 2747; x_wconf 79' lang='lat' dir='ltr'>perfacile</span> <span class='ocrx_word' id='word_1_311' title='bbox 1030 2673 1354 2744; x_wconf 78' lang='lat' dir='ltr'>juvenibus</span> <span class='ocrx_word' id='word_1_312' title='bbox 1403 2673 1686 2743; x_wconf 89' lang='lat' dir='ltr'>subrepit,</span> <span class='ocrx_word' id='word_1_313' title='bbox 1739 2672 1898 2727; x_wconf 91' lang='lat' dir='ltr'>labe-</span> 
     </span>
    </p>
   </div>
   <div class='ocr_carea' id='block_1_43' title="bbox 244 2761 1897 2835">
    <p class='ocr_par' dir='ltr' id='par_1_43' title="bbox 244 2761 1897 2835">
     <span class='ocr_line' id='line_1_44' title="bbox 244 2761 1897 2835; baseline -0.005 -10"><span class='ocrx_word' id='word_1_314' title='bbox 244 2775 428 2835; x_wconf 82' lang='lat' dir='ltr'>retur,</span> <span class='ocrx_word' id='word_1_315' title='bbox 457 2784 575 2823; x_wconf 88' lang='lat' dir='ltr'>non</span> <span class='ocrx_word' id='word_1_316' title='bbox 608 2781 745 2820; x_wconf 84' lang='lat' dir='ltr'>mox</span> <span class='ocrx_word' id='word_1_317' title='bbox 782 2781 816 2819; x_wconf 91' lang='lat' dir='ltr'>a</span> <span class='ocrx_word' id='word_1_318' title='bbox 848 2777 959 2829; x_wconf 89' lang='lat' dir='ltr'>me,</span> <span class='ocrx_word' id='word_1_319' title='bbox 986 2764 1154 2833; x_wconf 87' lang='lat' dir='ltr'>juxta</span> <span class='ocrx_word' id='word_1_320' title='bbox 1183 2761 1288 2817; x_wconf 90' lang='lat' dir='ltr'>zeli</span> <span class='ocrx_word' id='word_1_321' title='bbox 1321 2762 1604 2817; x_wconf 83' lang='lat' dir='ltr'>fervorem</span> <span class='ocrx_word' id='word_1_322' title='bbox 1637 2762 1897 2831; x_wconf 90' lang='lat' dir='ltr'>solitum,</span> 
     </span>
    </p>
   </div>
   <div class='ocr_carea' id='block_1_44' title="bbox 243 2850 1900 2924">
    <p class='ocr_par' dir='ltr' id='par_1_44' title="bbox 243 2850 1900 2924">
     <span class='ocr_line' id='line_1_45' title="bbox 243 2850 1900 2924; baseline -0.007 -8"><span class='ocrx_word' id='word_1_323' title='bbox 243 2873 443 2916; x_wconf 80' lang='lat' dir='ltr'>coram</span> <span class='ocrx_word' id='word_1_324' title='bbox 468 2854 696 2912; x_wconf 62' lang='lat' dir='ltr'>casteris</span> <span class='ocrx_word' id='word_1_325' title='bbox 712 2855 1015 2924; x_wconf 85' lang='lat' dir='ltr'>correptus</span> <span class='ocrx_word' id='word_1_326' title='bbox 1035 2850 1401 2908; x_wconf 83' lang='lat' dir='ltr'>scholasticis</span> <span class='ocrx_word' id='word_1_327' title='bbox 1424 2851 1900 2918; x_wconf 88' lang='lat' dir='ltr'>confunderetur,</span> 
     </span>
    </p>
   </div>
   <div class='ocr_carea' id='block_1_45' title="bbox 247 2937 1902 3018">
    <p class='ocr_par' dir='ltr' id='par_1_45' title="bbox 247 2937 1902 3018">
     <span class='ocr_line' id='line_1_46' title="bbox 247 2937 1902 3018; baseline -0.006 -15"><span class='ocrx_word' id='word_1_328' title='bbox 247 2947 347 3004; x_wconf 86' lang='lat' dir='ltr'>sed</span> <span class='ocrx_word' id='word_1_329' title='bbox 376 2951 444 3002; x_wconf 86' lang='lat' dir='ltr'>ut</span> <span class='ocrx_word' id='word_1_330' title='bbox 472 2944 672 3018; x_wconf 90' lang='lat' dir='ltr'>potius</span> <span class='ocrx_word' id='word_1_331' title='bbox 704 2941 916 3014; x_wconf 89' lang='lat' dir='ltr'>pietate</span> <span class='ocrx_word' id='word_1_332' title='bbox 946 2940 1198 3013; x_wconf 90' lang='lat' dir='ltr'>gratuita</span> <span class='ocrx_word' id='word_1_333' title='bbox 1227 2937 1416 3006; x_wconf 90' lang='lat' dir='ltr'>illum,</span> <span class='ocrx_word' id='word_1_334' title='bbox 1451 2955 1624 3011; x_wconf 88' lang='lat' dir='ltr'>quem</span> <span class='ocrx_word' id='word_1_335' title='bbox 1658 2938 1902 2993; x_wconf 88' lang='lat' dir='ltr'>minime</span> 
     </span>
    </p>
   </div>
   <div class='ocr_carea' id='block_1_46' title="bbox 248 3027 1901 3104">
    <p class='ocr_par' dir='ltr' id='par_1_46' title="bbox 248 3027 1901 3104">
     <span class='ocr_line' id='line_1_47' title="bbox 248 3027 1901 3104; baseline -0.007 -12"><span class='ocrx_word' id='word_1_336' title='bbox 248 3036 566 3092; x_wconf 73' lang='lat' dir='ltr'>aedificaret</span> <span class='ocrx_word' id='word_1_337' title='bbox 596 3031 883 3104; x_wconf 89' lang='lat' dir='ltr'>correptio</span> <span class='ocrx_word' id='word_1_338' title='bbox 915 3045 1121 3102; x_wconf 89' lang='lat' dir='ltr'>aspera</span> <span class='ocrx_word' id='word_1_339' title='bbox 1151 3033 1206 3084; x_wconf 91' lang='lat' dir='ltr'>et</span> <span class='ocrx_word' id='word_1_340' title='bbox 1236 3027 1568 3094; x_wconf 90' lang='lat' dir='ltr'>manifesta,</span> <span class='ocrx_word' id='word_1_341' title='bbox 1598 3027 1686 3083; x_wconf 89' lang='lat' dir='ltr'>vel</span> <span class='ocrx_word' id='word_1_342' title='bbox 1714 3031 1901 3083; x_wconf 87' lang='lat' dir='ltr'>atten-</span> 
     </span>
    </p>
   </div>
   <div class='ocr_carea' id='block_1_47' title="bbox 247 3116 1903 3192">
    <p class='ocr_par' dir='ltr' id='par_1_47' title="bbox 247 3116 1903 3192">
     <span class='ocr_line' id='line_1_48' title="bbox 247 3116 1903 3192; baseline -0.007 -11"><span class='ocrx_word' id='word_1_343' title='bbox 247 3129 375 3181; x_wconf 82' lang='lat' dir='ltr'>tare</span> <span class='ocrx_word' id='word_1_344' title='bbox 404 3123 681 3180; x_wconf 83' lang='lat' dir='ltr'>studeam</span> <span class='ocrx_word' id='word_1_345' title='bbox 712 3120 878 3192; x_wconf 91' lang='lat' dir='ltr'>prius</span> <span class='ocrx_word' id='word_1_346' title='bbox 907 3131 1039 3173; x_wconf 88' lang='lat' dir='ltr'>cum</span> <span class='ocrx_word' id='word_1_347' title='bbox 1073 3116 1268 3188; x_wconf 89' lang='lat' dir='ltr'>aliqua</span> <span class='ocrx_word' id='word_1_348' title='bbox 1298 3117 1656 3188; x_wconf 89' lang='lat' dir='ltr'>correptione</span> <span class='ocrx_word' id='word_1_349' title='bbox 1690 3116 1806 3171; x_wconf 92' lang='lat' dir='ltr'>leni</span> <span class='ocrx_word' id='word_1_350' title='bbox 1837 3129 1903 3170; x_wconf 91' lang='lat' dir='ltr'>ac</span> 
     </span>
    </p>
   </div>
   <div class='ocr_carea' id='block_1_48' title="bbox 2000 1876 2286 1932">
    <p class='ocr_par' dir='ltr' id='par_1_48' title="bbox 2000 1876 2286 1932">
     <span class='ocr_line' id='line_1_49' title="bbox 2000 1876 2286 1932; baseline -0.003 -1"><span class='ocrx_word' id='word_1_351' title='bbox 2000 1876 2150 1932; x_wconf 88' lang='lat' dir='ltr'>facta</span> <span class='ocrx_word' id='word_1_352' title='bbox 2177 1879 2286 1932; x_wconf 91' lang='lat' dir='ltr'>est.</span> 
     </span>
    </p>
   </div>
   <div class='ocr_carea' id='block_1_49' title="bbox 2071 1965 3647 2040">
    <p class='ocr_par' dir='ltr' id='par_1_49' title="bbox 2071 1965 3647 2040">
     <span class='ocr_line' id='line_1_50' title="bbox 2071 1965 3647 2040; baseline 0.003 -21"><span class='ocrx_word' id='word_1_353' title='bbox 2071 1969 2212 2020; x_wconf 89' lang='lat' dir='ltr'>Cum</span> <span class='ocrx_word' id='word_1_354' title='bbox 2245 1980 2345 2037; x_wconf 89' lang='lat' dir='ltr'>per</span> <span class='ocrx_word' id='word_1_355' title='bbox 2377 1967 2524 2021; x_wconf 88' lang='lat' dir='ltr'>duos</span> <span class='ocrx_word' id='word_1_356' title='bbox 2553 1965 2640 2022; x_wconf 88' lang='lat' dir='ltr'>vel</span> <span class='ocrx_word' id='word_1_357' title='bbox 2672 1971 2791 2022; x_wconf 89' lang='lat' dir='ltr'>tres</span> <span class='ocrx_word' id='word_1_358' title='bbox 2836 1966 2960 2022; x_wconf 90' lang='lat' dir='ltr'>dies</span> <span class='ocrx_word' id='word_1_359' title='bbox 3011 1965 3256 2040; x_wconf 89' lang='lat' dir='ltr'>languor</span> <span class='ocrx_word' id='word_1_360' title='bbox 3284 1967 3647 2025; x_wconf 89' lang='lat' dir='ltr'>invalescens</span> 
     </span>
    </p>
   </div>
   <div class='ocr_carea' id='block_1_50' title="bbox 2001 2055 3653 2129">
    <p class='ocr_par' dir='ltr' id='par_1_50' title="bbox 2001 2055 3653 2129">
     <span class='ocr_line' id='line_1_51' title="bbox 2001 2055 3653 2129; baseline 0.002 -20"><span class='ocrx_word' id='word_1_361' title='bbox 2001 2069 2093 2109; x_wconf 89' lang='lat' dir='ltr'>me</span> <span class='ocrx_word' id='word_1_362' title='bbox 2125 2055 2184 2108; x_wconf 93' lang='lat' dir='ltr'>in</span> <span class='ocrx_word' id='word_1_363' title='bbox 2217 2055 2388 2110; x_wconf 91' lang='lat' dir='ltr'>domo</span> <span class='ocrx_word' id='word_1_364' title='bbox 2419 2055 2786 2110; x_wconf 80' lang='lat' dir='ltr'>infirmorum</span> <span class='ocrx_word' id='word_1_365' title='bbox 2821 2071 3055 2112; x_wconf 88' lang='lat' dir='ltr'>manere</span> <span class='ocrx_word' id='word_1_366' title='bbox 3087 2063 3335 2129; x_wconf 89' lang='lat' dir='ltr'>cogeret,</span> <span class='ocrx_word' id='word_1_367' title='bbox 3352 2056 3564 2112; x_wconf 83' lang='lat' dir='ltr'>accidit;</span> <span class='ocrx_word' id='word_1_368' title='bbox 3587 2061 3653 2112; x_wconf 90' lang='lat' dir='ltr'>ut</span> 
     </span>
    </p>
   </div>
   <div class='ocr_carea' id='block_1_51' title="bbox 2000 2141 3647 2218">
    <p class='ocr_par' dir='ltr' id='par_1_51' title="bbox 2000 2141 3647 2218">
     <span class='ocr_line' id='line_1_52' title="bbox 2000 2141 3647 2218; baseline 0.002 -21"><span class='ocrx_word' id='word_1_369' title='bbox 2000 2141 2079 2198; x_wconf 88' lang='lat' dir='ltr'>ibi</span> <span class='ocrx_word' id='word_1_370' title='bbox 2112 2143 2171 2197; x_wconf 92' lang='lat' dir='ltr'>in</span> <span class='ocrx_word' id='word_1_371' title='bbox 2203 2143 2349 2199; x_wconf 89' lang='lat' dir='ltr'>lecto</span> <span class='ocrx_word' id='word_1_372' title='bbox 2380 2144 2631 2199; x_wconf 90' lang='lat' dir='ltr'>nimium</span> <span class='ocrx_word' id='word_1_373' title='bbox 2664 2143 2978 2215; x_wconf 90' lang='lat' dir='ltr'>languidus</span> <span class='ocrx_word' id='word_1_374' title='bbox 3003 2145 3205 2214; x_wconf 88' lang='lat' dir='ltr'>jacens</span> <span class='ocrx_word' id='word_1_375' title='bbox 3237 2149 3369 2217; x_wconf 89' lang='lat' dir='ltr'>post</span> <span class='ocrx_word' id='word_1_376' title='bbox 3391 2145 3647 2218; x_wconf 83' lang='lat' dir='ltr'>comple-</span> 
     </span>
    </p>
   </div>
   <div class='ocr_carea' id='block_1_52' title="bbox 2003 2230 3643 2307">
    <p class='ocr_par' dir='ltr' id='par_1_52' title="bbox 2003 2230 3643 2307">
     <span class='ocr_line' id='line_1_53' title="bbox 2003 2230 3643 2307; baseline 0.002 -21"><span class='ocrx_word' id='word_1_377' title='bbox 2003 2230 2218 2286; x_wconf 90' lang='lat' dir='ltr'>torium</span> <span class='ocrx_word' id='word_1_378' title='bbox 2252 2247 2547 2303; x_wconf 87' lang='lat' dir='ltr'>sperarem</span> <span class='ocrx_word' id='word_1_379' title='bbox 2571 2248 2664 2286; x_wconf 93' lang='lat' dir='ltr'>me</span> <span class='ocrx_word' id='word_1_380' title='bbox 2695 2231 2904 2286; x_wconf 91' lang='lat' dir='ltr'>melius</span> <span class='ocrx_word' id='word_1_381' title='bbox 2933 2232 3360 2302; x_wconf 79' lang='lat' dir='ltr'>habituru&#39;n,si</span> <span class='ocrx_word' id='word_1_382' title='bbox 3393 2251 3643 2307; x_wconf 91' lang='lat' dir='ltr'>surgens</span> 
     </span>
    </p>
   </div>
   <div class='ocr_carea' id='block_1_53' title="bbox 2004 2319 3652 2396">
    <p class='ocr_par' dir='ltr' id='par_1_53' title="bbox 2004 2319 3652 2396">
     <span class='ocr_line' id='line_1_54' title="bbox 2004 2319 3652 2396; baseline 0.002 -21"><span class='ocrx_word' id='word_1_383' title='bbox 2004 2322 2266 2375; x_wconf 89' lang='lat' dir='ltr'>sederem</span> <span class='ocrx_word' id='word_1_384' title='bbox 2299 2325 2432 2375; x_wconf 91' lang='lat' dir='ltr'>ante</span> <span class='ocrx_word' id='word_1_385' title='bbox 2464 2319 2831 2386; x_wconf 87' lang='lat' dir='ltr'>lectum.Quo</span> <span class='ocrx_word' id='word_1_386' title='bbox 2863 2320 3308 2388; x_wconf 88' lang='lat' dir='ltr'>facto,videbam</span> <span class='ocrx_word' id='word_1_387' title='bbox 3331 2340 3433 2396; x_wconf 91' lang='lat' dir='ltr'>per</span> <span class='ocrx_word' id='word_1_388' title='bbox 3451 2323 3652 2380; x_wconf 92' lang='lat' dir='ltr'>lumen</span> 
     </span>
    </p>
   </div>
   <div class='ocr_carea' id='block_1_54' title="bbox 2005 2409 3654 2482">
    <p class='ocr_par' dir='ltr' id='par_1_54' title="bbox 2005 2409 3654 2482">
     <span class='ocr_line' id='line_1_55' title="bbox 2005 2409 3654 2482; baseline 0.003 -19"><span class='ocrx_word' id='word_1_389' title='bbox 2005 2409 2085 2464; x_wconf 92' lang='lat' dir='ltr'>ibi</span> <span class='ocrx_word' id='word_1_390' title='bbox 2117 2426 2428 2465; x_wconf 90' lang='lat' dir='ltr'>accensum</span> <span class='ocrx_word' id='word_1_391' title='bbox 2462 2409 2630 2482; x_wconf 90' lang='lat' dir='ltr'>quasi</span> <span class='ocrx_word' id='word_1_392' title='bbox 2666 2411 2826 2465; x_wconf 92' lang='lat' dir='ltr'>fumo</span> <span class='ocrx_word' id='word_1_393' title='bbox 2859 2409 3137 2481; x_wconf 89' lang='lat' dir='ltr'>repletam</span> <span class='ocrx_word' id='word_1_394' title='bbox 3170 2428 3298 2467; x_wconf 91' lang='lat' dir='ltr'>esse</span> <span class='ocrx_word' id='word_1_395' title='bbox 3331 2416 3508 2468; x_wconf 88' lang='lat' dir='ltr'>totam</span> <span class='ocrx_word' id='word_1_396' title='bbox 3544 2413 3654 2468; x_wconf 86' lang='lat' dir='ltr'>do-</span> 
     </span>
    </p>
   </div>
   <div class='ocr_carea' id='block_1_55' title="bbox 2006 2498 3658 2562">
    <p class='ocr_par' dir='ltr' id='par_1_55' title="bbox 2006 2498 3658 2562">
     <span class='ocr_line' id='line_1_56' title="bbox 2006 2498 3658 2562; baseline 0.002 -10"><span class='ocrx_word' id='word_1_397' title='bbox 2006 2498 2324 2562; x_wconf 85' lang='lat' dir='ltr'>mum.0ua</span> <span class='ocrx_word' id='word_1_398' title='bbox 2353 2499 2424 2554; x_wconf 89' lang='lat' dir='ltr'>de</span> <span class='ocrx_word' id='word_1_399' title='bbox 2453 2516 2512 2554; x_wconf 88' lang='lat' dir='ltr'>re</span> <span class='ocrx_word' id='word_1_400' title='bbox 2542 2503 2597 2554; x_wconf 91' lang='lat' dir='ltr'>et</span> <span class='ocrx_word' id='word_1_401' title='bbox 2627 2499 2834 2553; x_wconf 89' lang='lat' dir='ltr'>horror</span> <span class='ocrx_word' id='word_1_402' title='bbox 2862 2498 3040 2553; x_wconf 91' lang='lat' dir='ltr'>simul</span> <span class='ocrx_word' id='word_1_403' title='bbox 3072 2505 3128 2554; x_wconf 94' lang='lat' dir='ltr'>et</span> <span class='ocrx_word' id='word_1_404' title='bbox 3157 2501 3334 2555; x_wconf 84' lang='lat' dir='ltr'>timor</span> <span class='ocrx_word' id='word_1_405' title='bbox 3363 2500 3552 2556; x_wconf 90' lang='lat' dir='ltr'>meita</span> <span class='ocrx_word' id='word_1_406' title='bbox 3572 2501 3658 2555; x_wconf 90' lang='lat' dir='ltr'>in-</span> 
     </span>
    </p>
   </div>
   <div class='ocr_carea' id='block_1_56' title="bbox 2005 2586 3656 2660">
    <p class='ocr_par' dir='ltr' id='par_1_56' title="bbox 2005 2586 3656 2660">
     <span class='ocr_line' id='line_1_57' title="bbox 2005 2586 3656 2660; baseline 0.002 -18"><span class='ocrx_word' id='word_1_407' title='bbox 2005 2587 2155 2643; x_wconf 88' lang='lat' dir='ltr'>vasit</span> <span class='ocrx_word' id='word_1_408' title='bbox 2185 2591 2250 2642; x_wconf 93' lang='lat' dir='ltr'>ut</span> <span class='ocrx_word' id='word_1_409' title='bbox 2281 2604 2425 2659; x_wconf 90' lang='lat' dir='ltr'>pene</span> <span class='ocrx_word' id='word_1_410' title='bbox 2465 2586 2625 2642; x_wconf 90' lang='lat' dir='ltr'>omni</span> <span class='ocrx_word' id='word_1_411' title='bbox 2671 2587 2782 2642; x_wconf 83' lang='lat' dir='ltr'>fide</span> <span class='ocrx_word' id='word_1_412' title='bbox 2830 2592 2888 2641; x_wconf 93' lang='lat' dir='ltr'>et</span> <span class='ocrx_word' id='word_1_413' title='bbox 2935 2587 3170 2656; x_wconf 85' lang='lat' dir='ltr'>fiducia,</span> <span class='ocrx_word' id='word_1_414' title='bbox 3202 2605 3377 2660; x_wconf 91' lang='lat' dir='ltr'>quam</span> <span class='ocrx_word' id='word_1_415' title='bbox 3432 2590 3490 2643; x_wconf 91' lang='lat' dir='ltr'>in</span> <span class='ocrx_word' id='word_1_416' title='bbox 3539 2589 3656 2645; x_wconf 90' lang='lat' dir='ltr'>Deo</span> 
     </span>
    </p>
   </div>
   <div class='ocr_carea' id='block_1_57' title="bbox 2006 2675 3658 2749">
    <p class='ocr_par' dir='ltr' id='par_1_57' title="bbox 2006 2675 3658 2749">
     <span class='ocr_line' id='line_1_58' title="bbox 2006 2675 3658 2749; baseline 0.002 -19"><span class='ocrx_word' id='word_1_417' title='bbox 2006 2675 2222 2732; x_wconf 85' lang='lat' dir='ltr'>habere</span> <span class='ocrx_word' id='word_1_418' title='bbox 2252 2675 2536 2742; x_wconf 88' lang='lat' dir='ltr'>solebam,</span> <span class='ocrx_word' id='word_1_419' title='bbox 2587 2675 2904 2731; x_wconf 90' lang='lat' dir='ltr'>destitutus</span> <span class='ocrx_word' id='word_1_420' title='bbox 2956 2693 3254 2749; x_wconf 86' lang='lat' dir='ltr'>surgerem</span> <span class='ocrx_word' id='word_1_421' title='bbox 3306 2681 3363 2732; x_wconf 92' lang='lat' dir='ltr'>et</span> <span class='ocrx_word' id='word_1_422' title='bbox 3407 2679 3477 2732; x_wconf 88' lang='lat' dir='ltr'>ad</span> <span class='ocrx_word' id='word_1_423' title='bbox 3523 2695 3658 2733; x_wconf 91' lang='lat' dir='ltr'>eum</span> 
     </span>
    </p>
   </div>
   <div class='ocr_carea' id='block_1_58' title="bbox 2007 2764 3659 2838">
    <p class='ocr_par' dir='ltr' id='par_1_58' title="bbox 2007 2764 3659 2838">
     <span class='ocr_line' id='line_1_59' title="bbox 2007 2764 3659 2838; baseline 0.002 -19"><span class='ocrx_word' id='word_1_424' title='bbox 2007 2765 2244 2831; x_wconf 89' lang='lat' dir='ltr'>laicum,</span> <span class='ocrx_word' id='word_1_425' title='bbox 2279 2765 2373 2836; x_wconf 89' lang='lat' dir='ltr'>qui</span> <span class='ocrx_word' id='word_1_426' title='bbox 2407 2764 2527 2819; x_wconf 92' lang='lat' dir='ltr'>illic</span> <span class='ocrx_word' id='word_1_427' title='bbox 2558 2766 2630 2819; x_wconf 88' lang='lat' dir='ltr'>ad</span> <span class='ocrx_word' id='word_1_428' title='bbox 2661 2764 3023 2837; x_wconf 90' lang='lat' dir='ltr'>vigilandum</span> <span class='ocrx_word' id='word_1_429' title='bbox 3057 2766 3370 2838; x_wconf 90' lang='lat' dir='ltr'>deputatus</span> <span class='ocrx_word' id='word_1_430' title='bbox 3405 2771 3659 2838; x_wconf 88' lang='lat' dir='ltr'>erat,pro</span> 
     </span>
    </p>
   </div>
   <div class='ocr_carea' id='block_1_59' title="bbox 2011 2854 3659 2928">
    <p class='ocr_par' dir='ltr' id='par_1_59' title="bbox 2011 2854 3659 2928">
     <span class='ocr_line' id='line_1_60' title="bbox 2011 2854 3659 2928; baseline 0.001 -19"><span class='ocrx_word' id='word_1_431' title='bbox 2011 2870 2102 2909; x_wconf 91' lang='lat' dir='ltr'>me</span> <span class='ocrx_word' id='word_1_432' title='bbox 2132 2854 2526 2910; x_wconf 89' lang='lat' dir='ltr'>benedicendo</span> <span class='ocrx_word' id='word_1_433' title='bbox 2559 2855 2939 2909; x_wconf 89' lang='lat' dir='ltr'>nutabundus</span> <span class='ocrx_word' id='word_1_434' title='bbox 2972 2854 3358 2910; x_wconf 88' lang='lat' dir='ltr'>ambularem.</span> <span class='ocrx_word' id='word_1_435' title='bbox 3394 2857 3659 2928; x_wconf 89' lang='lat' dir='ltr'>Cumque</span> 
     </span>
    </p>
   </div>
   <div class='ocr_carea' id='block_1_60' title="bbox 2012 2942 3658 3016">
    <p class='ocr_par' dir='ltr' id='par_1_60' title="bbox 2012 2942 3658 3016">
     <span class='ocr_line' id='line_1_61' title="bbox 2012 2942 3658 3016; baseline 0 -18"><span class='ocrx_word' id='word_1_436' title='bbox 2012 2947 2144 2998; x_wconf 89' lang='lat' dir='ltr'>ante</span> <span class='ocrx_word' id='word_1_437' title='bbox 2166 2945 2292 3013; x_wconf 89' lang='lat' dir='ltr'>ejus</span> <span class='ocrx_word' id='word_1_438' title='bbox 2320 2942 2532 2998; x_wconf 91' lang='lat' dir='ltr'>lectum</span> <span class='ocrx_word' id='word_1_439' title='bbox 2566 2943 3034 3015; x_wconf 90' lang='lat' dir='ltr'>starem,pudore</span> <span class='ocrx_word' id='word_1_440' title='bbox 3065 2943 3247 2999; x_wconf 89' lang='lat' dir='ltr'>nimio</span> <span class='ocrx_word' id='word_1_441' title='bbox 3271 2947 3478 3016; x_wconf 89' lang='lat' dir='ltr'>captus</span> <span class='ocrx_word' id='word_1_442' title='bbox 3501 2943 3658 3015; x_wconf 90' lang='lat' dir='ltr'>quod</span> 
     </span>
    </p>
   </div>
   <div class='ocr_carea' id='block_1_61' title="bbox 2013 3032 3661 3104">
    <p class='ocr_par' dir='ltr' id='par_1_61' title="bbox 2013 3032 3661 3104">
     <span class='ocr_line' id='line_1_62' title="bbox 2013 3032 3661 3104; baseline 0 -18"><span class='ocrx_word' id='word_1_443' title='bbox 2013 3033 2084 3086; x_wconf 89' lang='lat' dir='ltr'>ab</span> <span class='ocrx_word' id='word_1_444' title='bbox 2111 3048 2176 3086; x_wconf 93' lang='lat' dir='ltr'>eo</span> <span class='ocrx_word' id='word_1_445' title='bbox 2207 3032 2633 3087; x_wconf 88' lang='lat' dir='ltr'>benedictionis</span> <span class='ocrx_word' id='word_1_446' title='bbox 2681 3033 2931 3104; x_wconf 87' lang='lat' dir='ltr'>gratiam</span> <span class='ocrx_word' id='word_1_447' title='bbox 2982 3032 3163 3088; x_wconf 89' lang='lat' dir='ltr'>ullam</span> <span class='ocrx_word' id='word_1_448' title='bbox 3213 3037 3404 3104; x_wconf 84' lang='lat' dir='ltr'>petere</span> <span class='ocrx_word' id='word_1_449' title='bbox 3433 3032 3661 3104; x_wconf 90' lang='lat' dir='ltr'>vellem,</span> 
     </span>
    </p>
   </div>
   <div class='ocr_carea' id='block_1_62' title="bbox 2015 3119 3666 3192">
    <p class='ocr_par' dir='ltr' id='par_1_62' title="bbox 2015 3119 3666 3192">
     <span class='ocr_line' id='line_1_63' title="bbox 2015 3119 3666 3192; baseline 0.001 -19"><span class='ocrx_word' id='word_1_450' title='bbox 2015 3119 2157 3174; x_wconf 90' lang='lat' dir='ltr'>redii</span> <span class='ocrx_word' id='word_1_451' title='bbox 2209 3120 2335 3174; x_wconf 89' lang='lat' dir='ltr'>sine</span> <span class='ocrx_word' id='word_1_452' title='bbox 2390 3121 2620 3175; x_wconf 78' lang='lat' dir='ltr'>effectu.</span> <span class='ocrx_word' id='word_1_453' title='bbox 2684 3121 2940 3176; x_wconf 87' lang='lat' dir='ltr'>Rursum</span> <span class='ocrx_word' id='word_1_454' title='bbox 2992 3122 3063 3177; x_wconf 90' lang='lat' dir='ltr'>ad</span> <span class='ocrx_word' id='word_1_455' title='bbox 3112 3122 3421 3192; x_wconf 90' lang='lat' dir='ltr'>cujusdam</span> <span class='ocrx_word' id='word_1_456' title='bbox 3471 3120 3666 3176; x_wconf 87' lang='lat' dir='ltr'>fratris</span> 
     </span>
    </p>
   </div>
   <div class='ocr_carea' id='block_1_63' title="bbox 247 3196 3666 3281">
    <p class='ocr_par' dir='ltr' id='par_1_63' title="bbox 247 3196 3666 3281">
     <span class='ocr_line' id='line_1_64' title="bbox 247 3196 3666 3281; baseline -0.002 -11"><span class='ocrx_word' id='word_1_457' title='bbox 247 3219 512 3280; x_wconf 85' lang='lat' dir='ltr'>secreta;</span> <span class='ocrx_word' id='word_1_458' title='bbox 541 3211 635 3268; x_wconf 89' lang='lat' dir='ltr'>sin</span> <span class='ocrx_word' id='word_1_459' title='bbox 665 3209 723 3264; x_wconf 89' lang='lat' dir='ltr'>id</span> <span class='ocrx_word' id='word_1_460' title='bbox 758 3223 966 3281; x_wconf 89' lang='lat' dir='ltr'>parum</span> <span class='ocrx_word' id='word_1_461' title='bbox 1000 3207 1280 3279; x_wconf 81' lang='lat' dir='ltr'>proficere</span> <span class='ocrx_word' id='word_1_462' title='bbox 1322 3206 1381 3260; x_wconf 91' lang='lat' dir='ltr'>in</span> <span class='ocrx_word' id='word_1_463' title='bbox 1427 3205 1554 3278; x_wconf 92' lang='lat' dir='ltr'>ipso</span> <span class='ocrx_word' id='word_1_464' title='bbox 1585 3221 1902 3274; x_wconf 89' lang='lat' dir='ltr'>cernerem,</span> <span class='ocrx_word' id='word_1_465' title='bbox 1938 3196 1980 3264; x_wconf 87' lang='lat' dir='ltr'><strong><em>C</em></strong></span> <span class='ocrx_word' id='word_1_466' title='bbox 2019 3208 2215 3280; x_wconf 71' lang='lat' dir='ltr'>aegroti</span> <span class='ocrx_word' id='word_1_467' title='bbox 2248 3207 2461 3263; x_wconf 90' lang='lat' dir='ltr'>lectum</span> <span class='ocrx_word' id='word_1_468' title='bbox 2492 3226 2596 3279; x_wconf 91' lang='lat' dir='ltr'>pro</span> <span class='ocrx_word' id='word_1_469' title='bbox 2628 3225 2807 3264; x_wconf 90' lang='lat' dir='ltr'>causa</span> <span class='ocrx_word' id='word_1_470' title='bbox 2835 3210 3038 3264; x_wconf 90' lang='lat' dir='ltr'>eadem</span> <span class='ocrx_word' id='word_1_471' title='bbox 3070 3210 3457 3265; x_wconf 89' lang='lat' dir='ltr'>deambulans</span> <span class='ocrx_word' id='word_1_472' title='bbox 3503 3225 3666 3264; x_wconf 91' lang='lat' dir='ltr'>eum-</span> 
     </span>
    </p>
   </div>
   <div class='ocr_carea' id='block_1_64' title="bbox 246 3294 1910 3378">
    <p class='ocr_par' dir='ltr' id='par_1_64' title="bbox 246 3294 1910 3378">
     <span class='ocr_line' id='line_1_65' title="bbox 246 3294 1910 3378; baseline -0.005 -19"><span class='ocrx_word' id='word_1_473' title='bbox 246 3308 394 3359; x_wconf 82' lang='lat' dir='ltr'>tunc</span> <span class='ocrx_word' id='word_1_474' title='bbox 449 3300 707 3365; x_wconf 90' lang='lat' dir='ltr'>sibimet,</span> <span class='ocrx_word' id='word_1_475' title='bbox 740 3301 915 3378; x_wconf 57' lang='lat' dir='ltr'>prou/t</span> <span class='ocrx_word' id='word_1_476' title='bbox 945 3297 1048 3368; x_wconf 88' lang='lat' dir='ltr'>jus</span> <span class='ocrx_word' id='word_1_477' title='bbox 1082 3294 1421 3367; x_wconf 88' lang='lat' dir='ltr'>postularet,</span> <span class='ocrx_word' id='word_1_478' title='bbox 1474 3294 1910 3350; x_wconf 84' lang='lat' dir='ltr'>districtissima</span> 
     </span>
    </p>
   </div>
   <div class='ocr_carea' id='block_1_65' title="bbox 247 3381 1911 3454">
    <p class='ocr_par' dir='ltr' id='par_1_65' title="bbox 247 3381 1911 3454">
     <span class='ocr_line' id='line_1_66' title="bbox 247 3381 1911 3454; baseline -0.008 -5"><span class='ocrx_word' id='word_1_479' title='bbox 247 3393 495 3450; x_wconf 84' lang='lat' dir='ltr'>ratione</span> <span class='ocrx_word' id='word_1_480' title='bbox 536 3402 911 3443; x_wconf 85' lang='lat' dir='ltr'>occurrerem.</span> <span class='ocrx_word' id='word_1_481' title='bbox 931 3389 1064 3440; x_wconf 57' lang='lat' dir='ltr'>Haec</span> <span class='ocrx_word' id='word_1_482' title='bbox 1092 3389 1149 3440; x_wconf 89' lang='lat' dir='ltr'>et</span> <span class='ocrx_word' id='word_1_483' title='bbox 1202 3383 1296 3438; x_wconf 90' lang='lat' dir='ltr'>his</span> <span class='ocrx_word' id='word_1_484' title='bbox 1327 3382 1546 3439; x_wconf 89' lang='lat' dir='ltr'>similia</span> <span class='ocrx_word' id='word_1_485' title='bbox 1567 3385 1782 3454; x_wconf 90' lang='lat' dir='ltr'>juvene</span> <span class='ocrx_word' id='word_1_486' title='bbox 1812 3381 1911 3436; x_wconf 90' lang='lat' dir='ltr'>illo</span> 
     </span>
    </p>
   </div>
   <div class='ocr_carea' id='block_1_66' title="bbox 242 3472 1911 3553">
    <p class='ocr_par' dir='ltr' id='par_1_66' title="bbox 242 3472 1911 3553">
     <span class='ocr_line' id='line_1_67' title="bbox 242 3472 1911 3553; baseline -0.008 -15"><span class='ocrx_word' id='word_1_487' title='bbox 242 3477 637 3553; x_wconf 80' lang='lat' dir='ltr'>supplicibus</span> <span class='ocrx_word' id='word_1_488' title='bbox 665 3473 1086 3548; x_wconf 89' lang='lat' dir='ltr'>sagacibusque</span> <span class='ocrx_word' id='word_1_489' title='bbox 1115 3473 1304 3529; x_wconf 88' lang='lat' dir='ltr'>verbis</span> <span class='ocrx_word' id='word_1_490' title='bbox 1335 3472 1661 3545; x_wconf 83' lang='lat' dir='ltr'>proferente</span> <span class='ocrx_word' id='word_1_491' title='bbox 1704 3476 1760 3526; x_wconf 92' lang='lat' dir='ltr'>et</span> <span class='ocrx_word' id='word_1_492' title='bbox 1790 3487 1911 3525; x_wconf 92' lang='lat' dir='ltr'>me-</span> 
     </span>
    </p>
   </div>
   <div class='ocr_carea' id='block_1_67' title="bbox 249 3559 1915 3640">
    <p class='ocr_par' dir='ltr' id='par_1_67' title="bbox 249 3559 1915 3640">
     <span class='ocr_line' id='line_1_68' title="bbox 249 3559 1915 3640; baseline -0.009 -12"><span class='ocrx_word' id='word_1_493' title='bbox 249 3575 378 3628; x_wconf 81' lang='lat' dir='ltr'>met</span> <span class='ocrx_word' id='word_1_494' title='bbox 409 3567 668 3640; x_wconf 87' lang='lat' dir='ltr'>benigne</span> <span class='ocrx_word' id='word_1_495' title='bbox 698 3567 766 3621; x_wconf 89' lang='lat' dir='ltr'>ad</span> <span class='ocrx_word' id='word_1_496' title='bbox 798 3579 999 3638; x_wconf 83' lang='lat' dir='ltr'>preces</span> <span class='ocrx_word' id='word_1_497' title='bbox 1043 3563 1170 3634; x_wconf 88' lang='lat' dir='ltr'>ejus</span> <span class='ocrx_word' id='word_1_498' title='bbox 1217 3561 1623 3634; x_wconf 89' lang='lat' dir='ltr'>respondente,</span> <span class='ocrx_word' id='word_1_499' title='bbox 1657 3559 1915 3615; x_wconf 86' lang='lat' dir='ltr'>intellexi</span> 
     </span>
    </p>
   </div>
   <div class='ocr_carea' id='block_1_68' title="bbox 253 3647 1915 3733">
    <p class='ocr_par' dir='ltr' id='par_1_68' title="bbox 253 3647 1915 3733">
     <span class='ocr_line' id='line_1_69' title="bbox 253 3647 1915 3733; baseline -0.008 -17"><span class='ocrx_word' id='word_1_500' title='bbox 253 3663 499 3733; x_wconf 83' lang='lat' dir='ltr'>gestum</span> <span class='ocrx_word' id='word_1_501' title='bbox 523 3656 587 3711; x_wconf 90' lang='lat' dir='ltr'>in</span> <span class='ocrx_word' id='word_1_502' title='bbox 620 3657 885 3727; x_wconf 86' lang='lat' dir='ltr'>utrisque</span> <span class='ocrx_word' id='word_1_503' title='bbox 917 3653 1125 3708; x_wconf 66' lang='lat' dir='ltr'>divinae</span> <span class='ocrx_word' id='word_1_504' title='bbox 1157 3667 1305 3724; x_wconf 91' lang='lat' dir='ltr'>opus</span> <span class='ocrx_word' id='word_1_505' title='bbox 1335 3650 1687 3718; x_wconf 83' lang='lat' dir='ltr'>clementiae;</span> <span class='ocrx_word' id='word_1_506' title='bbox 1721 3650 1780 3704; x_wconf 90' lang='lat' dir='ltr'>in</span> <span class='ocrx_word' id='word_1_507' title='bbox 1815 3647 1915 3704; x_wconf 93' lang='lat' dir='ltr'>illo</span> 
     </span>
    </p>
   </div>
   <div class='ocr_carea' id='block_1_69' title="bbox 257 3739 1922 3820">
    <p class='ocr_par' dir='ltr' id='par_1_69' title="bbox 257 3739 1922 3820">
     <span class='ocr_line' id='line_1_70' title="bbox 257 3739 1922 3820; baseline -0.007 -16"><span class='ocrx_word' id='word_1_508' title='bbox 257 3748 530 3820; x_wconf 83' lang='lat' dir='ltr'>quidem,</span> <span class='ocrx_word' id='word_1_509' title='bbox 555 3745 698 3817; x_wconf 86' lang='lat' dir='ltr'>quia</span> <span class='ocrx_word' id='word_1_510' title='bbox 727 3746 1116 3814; x_wconf 89' lang='lat' dir='ltr'>compunctus</span> <span class='ocrx_word' id='word_1_511' title='bbox 1149 3758 1252 3813; x_wconf 89' lang='lat' dir='ltr'>pro</span> <span class='ocrx_word' id='word_1_512' title='bbox 1283 3739 1560 3796; x_wconf 88' lang='lat' dir='ltr'>admissis</span> <span class='ocrx_word' id='word_1_513' title='bbox 1590 3739 1748 3812; x_wconf 90' lang='lat' dir='ltr'>prior</span> <span class='ocrx_word' id='word_1_514' title='bbox 1769 3755 1922 3812; x_wconf 68' lang='lat' dir='ltr'>quee-</span> 
     </span>
    </p>
   </div>
   <div class='ocr_carea' id='block_1_70' title="bbox 261 3829 1918 3902">
    <p class='ocr_par' dir='ltr' id='par_1_70' title="bbox 261 3829 1918 3902">
     <span class='ocr_line' id='line_1_71' title="bbox 261 3829 1918 3902; baseline -0.005 -9"><span class='ocrx_word' id='word_1_515' title='bbox 261 3837 400 3893; x_wconf 79' lang='lat' dir='ltr'>sivit</span> <span class='ocrx_word' id='word_1_516' title='bbox 445 3835 722 3902; x_wconf 87' lang='lat' dir='ltr'>veniam;</span> <span class='ocrx_word' id='word_1_517' title='bbox 777 3831 835 3887; x_wconf 88' lang='lat' dir='ltr'>in</span> <span class='ocrx_word' id='word_1_518' title='bbox 896 3843 990 3886; x_wconf 88' lang='lat' dir='ltr'>me</span> <span class='ocrx_word' id='word_1_519' title='bbox 1040 3835 1258 3898; x_wconf 88' lang='lat' dir='ltr'>autem,</span> <span class='ocrx_word' id='word_1_520' title='bbox 1310 3829 1448 3901; x_wconf 84' lang='lat' dir='ltr'>quia</span> <span class='ocrx_word' id='word_1_521' title='bbox 1495 3829 1804 3885; x_wconf 91' lang='lat' dir='ltr'>humiliato</span> <span class='ocrx_word' id='word_1_522' title='bbox 1852 3845 1918 3885; x_wconf 92' lang='lat' dir='ltr'>eo</span> 
     </span>
    </p>
   </div>
   <div class='ocr_carea' id='block_1_71' title="bbox 259 3917 1920 4000">
    <p class='ocr_par' dir='ltr' id='par_1_71' title="bbox 259 3917 1920 4000">
     <span class='ocr_line' id='line_1_72' title="bbox 259 3917 1920 4000; baseline -0.007 -16"><span class='ocrx_word' id='word_1_523' title='bbox 259 3941 484 4000; x_wconf 84' lang='lat' dir='ltr'>magna</span> <span class='ocrx_word' id='word_1_524' title='bbox 512 3923 661 3979; x_wconf 85' lang='lat' dir='ltr'>mihi</span> <span class='ocrx_word' id='word_1_525' title='bbox 693 3923 927 3978; x_wconf 79' lang='lat' dir='ltr'>interim</span> <span class='ocrx_word' id='word_1_526' title='bbox 978 3920 1352 3992; x_wconf 86' lang='lat' dir='ltr'>compunctio</span> <span class='ocrx_word' id='word_1_527' title='bbox 1401 3919 1699 3974; x_wconf 88' lang='lat' dir='ltr'>oriebatur</span> <span class='ocrx_word' id='word_1_528' title='bbox 1742 3917 1920 3974; x_wconf 90' lang='lat' dir='ltr'>simul</span> 
     </span>
    </p>
   </div>
   <div class='ocr_carea' id='block_1_72' title="bbox 251 4007 1920 4087">
    <p class='ocr_par' dir='ltr' id='par_1_72' title="bbox 251 4007 1920 4087">
     <span class='ocr_line' id='line_1_73' title="bbox 251 4007 1920 4087; baseline -0.006 -15"><span class='ocrx_word' id='word_1_529' title='bbox 251 4018 316 4072; x_wconf 75' lang='lat' dir='ltr'>et</span> <span class='ocrx_word' id='word_1_530' title='bbox 367 4012 744 4087; x_wconf 68' lang='lat' dir='ltr'>paenitentia.</span> <span class='ocrx_word' id='word_1_531' title='bbox 796 4010 1011 4065; x_wconf 87' lang='lat' dir='ltr'>Dehinc</span> <span class='ocrx_word' id='word_1_532' title='bbox 1060 4008 1254 4064; x_wconf 90' lang='lat' dir='ltr'>ablata</span> <span class='ocrx_word' id='word_1_533' title='bbox 1298 4011 1387 4063; x_wconf 89' lang='lat' dir='ltr'>est</span> <span class='ocrx_word' id='word_1_534' title='bbox 1437 4008 1630 4064; x_wconf 90' lang='lat' dir='ltr'>omnis</span> <span class='ocrx_word' id='word_1_535' title='bbox 1683 4007 1784 4063; x_wconf 89' lang='lat' dir='ltr'>illa</span> <span class='ocrx_word' id='word_1_536' title='bbox 1830 4023 1920 4063; x_wconf 87' lang='lat' dir='ltr'>re-</span> 
     </span>
    </p>
   </div>
   <div class='ocr_carea' id='block_1_73' title="bbox 262 4094 1924 4169">
    <p class='ocr_par' dir='ltr' id='par_1_73' title="bbox 262 4094 1924 4169">
     <span class='ocr_line' id='line_1_74' title="bbox 262 4094 1924 4169; baseline -0.006 -9"><span class='ocrx_word' id='word_1_537' title='bbox 262 4119 406 4161; x_wconf 87' lang='lat' dir='ltr'>cens</span> <span class='ocrx_word' id='word_1_538' title='bbox 464 4094 740 4158; x_wconf 82' lang='lat' dir='ltr'>molestia</span> <span class='ocrx_word' id='word_1_539' title='bbox 796 4099 1134 4169; x_wconf 87' lang='lat' dir='ltr'>factumque</span> <span class='ocrx_word' id='word_1_540' title='bbox 1192 4101 1282 4153; x_wconf 89' lang='lat' dir='ltr'>est</span> <span class='ocrx_word' id='word_1_541' title='bbox 1339 4101 1404 4152; x_wconf 94' lang='lat' dir='ltr'>ut</span> <span class='ocrx_word' id='word_1_542' title='bbox 1460 4111 1526 4152; x_wconf 87' lang='lat' dir='ltr'>ex</span> <span class='ocrx_word' id='word_1_543' title='bbox 1581 4096 1924 4168; x_wconf 85' lang='lat' dir='ltr'>hujusmodi</span> 
     </span>
    </p>
   </div>
   <div class='ocr_carea' id='block_1_74' title="bbox 255 4185 1927 4262">
    <p class='ocr_par' dir='ltr' id='par_1_74' title="bbox 255 4185 1927 4262">
     <span class='ocr_line' id='line_1_75' title="bbox 255 4185 1927 4262; baseline -0.005 -13"><span class='ocrx_word' id='word_1_544' title='bbox 255 4193 402 4250; x_wconf 82' lang='lat' dir='ltr'>vitio</span> <span class='ocrx_word' id='word_1_545' title='bbox 466 4191 750 4262; x_wconf 87' lang='lat' dir='ltr'>deinceps</span> <span class='ocrx_word' id='word_1_546' title='bbox 806 4187 1030 4244; x_wconf 85' lang='lat' dir='ltr'>cautior</span> <span class='ocrx_word' id='word_1_547' title='bbox 1083 4201 1211 4242; x_wconf 91' lang='lat' dir='ltr'>esse</span> <span class='ocrx_word' id='word_1_548' title='bbox 1270 4185 1569 4242; x_wconf 89' lang='lat' dir='ltr'>studerem</span> <span class='ocrx_word' id='word_1_549' title='bbox 1632 4185 1692 4240; x_wconf 91' lang='lat' dir='ltr'>in</span> <span class='ocrx_word' id='word_1_550' title='bbox 1754 4185 1927 4242; x_wconf 90' lang='lat' dir='ltr'>corri-</span> 
     </span>
    </p>
   </div>
   <div class='ocr_carea' id='block_1_75' title="bbox 259 4284 507 4356">
    <p class='ocr_par' dir='ltr' id='par_1_75' title="bbox 259 4284 507 4356">
     <span class='ocr_line' id='line_1_76' title="bbox 259 4284 507 4356; baseline 0.004 -18"><span class='ocrx_word' id='word_1_551' title='bbox 259 4284 507 4356; x_wconf 82' lang='lat' dir='ltr'>piendo.</span> 
     </span>
    </p>
   </div>
   <div class='ocr_carea' id='block_1_76' title="bbox 831 4383 1370 4448">
    <p class='ocr_par' dir='ltr' id='par_1_76' title="bbox 831 4383 1370 4448">
     <span class='ocr_line' id='line_1_77' title="bbox 831 4383 1370 4448; baseline -0.004 -8"><span class='ocrx_word' id='word_1_552' title='bbox 831 4385 1022 4441; x_wconf 87' lang='lat' dir='ltr'><strong>VISIO</strong></span> <span class='ocrx_word' id='word_1_553' title='bbox 1062 4383 1370 4448; x_wconf 82' lang='lat' dir='ltr'>QUARTA.</span> 
     </span>
    </p>
   </div>
   <div class='ocr_carea' id='block_1_77' title="bbox 261 4471 1930 4546">
    <p class='ocr_par' dir='ltr' id='par_1_77' title="bbox 261 4471 1930 4546">
     <span class='ocr_line' id='line_1_78' title="bbox 261 4471 1930 4546; baseline -0.007 -11"><span class='ocrx_word' id='word_1_554' title='bbox 261 4477 637 4538; x_wconf 68' lang='lat' dir='ltr'>Dmonibus</span> <span class='ocrx_word' id='word_1_555' title='bbox 674 4474 744 4530; x_wconf 86' lang='lat' dir='ltr'>ad</span> <span class='ocrx_word' id='word_1_556' title='bbox 780 4475 1236 4546; x_wconf 14' lang='lat' dir='ltr'>desperationem,</span> <span class='ocrx_word' id='word_1_557' title='bbox 1259 4480 1313 4528; x_wconf 79' lang='lat' dir='ltr'>et</span> <span class='ocrx_word' id='word_1_558' title='bbox 1353 4471 1647 4544; x_wconf 80' lang='lat' dir='ltr'>perﬁdiam</span> <span class='ocrx_word' id='word_1_559' title='bbox 1694 4471 1930 4546; x_wconf 68' lang='lat' dir='ltr'>incitan-</span> 
     </span>
    </p>
   </div>
   <div class='ocr_carea' id='block_1_78' title="bbox 331 4543 1931 4620">
    <p class='ocr_par' dir='ltr' id='par_1_78' title="bbox 331 4543 1931 4620">
     <span class='ocr_line' id='line_1_79' title="bbox 331 4543 1931 4620; baseline -0.007 -12"><span class='ocrx_word' id='word_1_560' title='bbox 331 4554 516 4620; x_wconf 70' lang='lat' dir='ltr'>ttbus,</span> <span class='ocrx_word' id='word_1_561' title='bbox 557 4547 812 4619; x_wconf 81' lang='lat' dir='ltr'>angelico</span> <span class='ocrx_word' id='word_1_562' title='bbox 857 4543 1068 4612; x_wconf 70' lang='lat' dir='ltr'>monitu</span> <span class='ocrx_word' id='word_1_563' title='bbox 1116 4543 1378 4600; x_wconf 62' lang='lat' dir='ltr'>Othlonus</span> <span class='ocrx_word' id='word_1_564' title='bbox 1406 4546 1467 4599; x_wconf 81' lang='lat' dir='ltr'>in</span> <span class='ocrx_word' id='word_1_565' title='bbox 1494 4557 1587 4614; x_wconf 86' lang='lat' dir='ltr'>spe</span> <span class='ocrx_word' id='word_1_566' title='bbox 1616 4559 1680 4598; x_wconf 83' lang='lat' dir='ltr'>ac</span> <span class='ocrx_word' id='word_1_567' title='bbox 1705 4543 1810 4614; x_wconf 80' lang='lat' dir='ltr'>ﬁde</span> <span class='ocrx_word' id='word_1_568' title='bbox 1838 4558 1931 4597; x_wconf 78' lang='lat' dir='ltr'>ro—</span> 
     </span>
    </p>
   </div>
   <div class='ocr_carea' id='block_1_79' title="bbox 337 4624 604 4681">
    <p class='ocr_par' dir='ltr' id='par_1_79' title="bbox 337 4624 604 4681">
     <span class='ocr_line' id='line_1_80' title="bbox 337 4624 604 4681; baseline -0.022 0"><span class='ocrx_word' id='word_1_569' title='bbox 337 4624 604 4681; x_wconf 61' lang='lat' dir='ltr'>bantur.</span> 
     </span>
    </p>
   </div>
   <div class='ocr_carea' id='block_1_80' title="bbox 333 4721 1935 4797">
    <p class='ocr_par' dir='ltr' id='par_1_80' title="bbox 333 4721 1935 4797">
     <span class='ocr_line' id='line_1_81' title="bbox 333 4721 1935 4797; baseline -0.007 -10"><span class='ocrx_word' id='word_1_570' title='bbox 333 4733 505 4786; x_wconf 80' lang='lat' dir='ltr'>Ante</span> <span class='ocrx_word' id='word_1_571' title='bbox 533 4725 886 4784; x_wconf 87' lang='lat' dir='ltr'>decennium</span> <span class='ocrx_word' id='word_1_572' title='bbox 919 4728 1124 4797; x_wconf 88' lang='lat' dir='ltr'>agente</span> <span class='ocrx_word' id='word_1_573' title='bbox 1171 4739 1265 4779; x_wconf 92' lang='lat' dir='ltr'>me</span> <span class='ocrx_word' id='word_1_574' title='bbox 1304 4721 1607 4778; x_wconf 90' lang='lat' dir='ltr'>decaniam</span> <span class='ocrx_word' id='word_1_575' title='bbox 1640 4721 1700 4776; x_wconf 90' lang='lat' dir='ltr'>in</span> <span class='ocrx_word' id='word_1_576' title='bbox 1733 4734 1935 4776; x_wconf 89' lang='lat' dir='ltr'>mona-</span> 
     </span>
    </p>
   </div>
   <div class='ocr_carea' id='block_1_81' title="bbox 263 4809 1936 4888">
    <p class='ocr_par' dir='ltr' id='par_1_81' title="bbox 263 4809 1936 4888">
     <span class='ocr_line' id='line_1_82' title="bbox 263 4809 1936 4888; baseline -0.007 -11"><span class='ocrx_word' id='word_1_577' title='bbox 263 4821 456 4878; x_wconf 80' lang='lat' dir='ltr'>sterio</span> <span class='ocrx_word' id='word_1_578' title='bbox 492 4821 719 4888; x_wconf 82' lang='lat' dir='ltr'>nostro,</span> <span class='ocrx_word' id='word_1_579' title='bbox 751 4820 808 4871; x_wconf 91' lang='lat' dir='ltr'>et</span> <span class='ocrx_word' id='word_1_580' title='bbox 838 4815 1068 4882; x_wconf 90' lang='lat' dir='ltr'>abbate,</span> <span class='ocrx_word' id='word_1_581' title='bbox 1100 4829 1214 4869; x_wconf 91' lang='lat' dir='ltr'>non</span> <span class='ocrx_word' id='word_1_582' title='bbox 1240 4813 1412 4882; x_wconf 81' lang='lat' dir='ltr'>juxta</span> <span class='ocrx_word' id='word_1_583' title='bbox 1460 4809 1672 4883; x_wconf 66' lang='lat' dir='ltr'>regula:</span> <span class='ocrx_word' id='word_1_584' title='bbox 1721 4813 1936 4866; x_wconf 68' lang='lat' dir='ltr'>sanctas</span> 
     </span>
    </p>
   </div>
   <div class='ocr_carea' id='block_1_82' title="bbox 259 4898 1938 4976">
    <p class='ocr_par' dir='ltr' id='par_1_82' title="bbox 259 4898 1938 4976">
     <span class='ocr_line' id='line_1_83' title="bbox 259 4898 1938 4976; baseline -0.008 -9"><span class='ocrx_word' id='word_1_585' title='bbox 259 4909 579 4976; x_wconf 84' lang='lat' dir='ltr'>instituta,</span> <span class='ocrx_word' id='word_1_586' title='bbox 627 4905 728 4962; x_wconf 91' lang='lat' dir='ltr'>sed</span> <span class='ocrx_word' id='word_1_587' title='bbox 770 4903 1098 4961; x_wconf 90' lang='lat' dir='ltr'>secundum</span> <span class='ocrx_word' id='word_1_588' title='bbox 1148 4900 1402 4974; x_wconf 88' lang='lat' dir='ltr'>episcopi</span> <span class='ocrx_word' id='word_1_589' title='bbox 1452 4904 1805 4973; x_wconf 73' lang='lat' dir='ltr'>praeceptum</span> <span class='ocrx_word' id='word_1_590' title='bbox 1849 4898 1938 4954; x_wconf 92' lang='lat' dir='ltr'>vel</span> 
     </span>
    </p>
   </div>
   <div class='ocr_carea' id='block_1_83' title="bbox 253 4987 1941 5071">
    <p class='ocr_par' dir='ltr' id='par_1_83' title="bbox 253 4987 1941 5071">
     <span class='ocr_line' id='line_1_84' title="bbox 253 4987 1941 5071; baseline -0.007 -16"><span class='ocrx_word' id='word_1_591' title='bbox 253 5000 589 5071; x_wconf 80' lang='lat' dir='ltr'>juniorum</span> <span class='ocrx_word' id='word_1_592' title='bbox 607 4993 1004 5068; x_wconf 86' lang='lat' dir='ltr'>quorumdam</span> <span class='ocrx_word' id='word_1_593' title='bbox 1026 4991 1293 5046; x_wconf 78' lang='lat' dir='ltr'>affectum</span> <span class='ocrx_word' id='word_1_594' title='bbox 1314 4988 1567 5061; x_wconf 89' lang='lat' dir='ltr'>plurima</span> <span class='ocrx_word' id='word_1_595' title='bbox 1587 4987 1726 5044; x_wconf 91' lang='lat' dir='ltr'>illuc</span> <span class='ocrx_word' id='word_1_596' title='bbox 1747 4988 1941 5059; x_wconf 89' lang='lat' dir='ltr'>dispo-</span> 
     </span>
    </p>
   </div>
   <div class='ocr_carea' id='block_1_84' title="bbox 257 5077 1943 5159">
    <p class='ocr_par' dir='ltr' id='par_1_84' title="bbox 257 5077 1943 5159">
     <span class='ocr_line' id='line_1_85' title="bbox 257 5077 1943 5159; baseline -0.009 -13"><span class='ocrx_word' id='word_1_597' title='bbox 257 5095 593 5159; x_wconf 86' lang='lat' dir='ltr'>nente,ego</span> <span class='ocrx_word' id='word_1_598' title='bbox 618 5083 857 5157; x_wconf 88' lang='lat' dir='ltr'>jugiter,</span> <span class='ocrx_word' id='word_1_599' title='bbox 892 5085 1181 5154; x_wconf 90' lang='lat' dir='ltr'>quantum</span> <span class='ocrx_word' id='word_1_600' title='bbox 1213 5078 1397 5150; x_wconf 81' lang='lat' dir='ltr'>potui,</span> <span class='ocrx_word' id='word_1_601' title='bbox 1414 5077 1713 5150; x_wconf 84' lang='lat' dir='ltr'>praeceptis</span> <span class='ocrx_word' id='word_1_602' title='bbox 1739 5077 1943 5147; x_wconf 87' lang='lat' dir='ltr'>hujus-</span> 
     </span>
    </p>
   </div>
   <div class='ocr_carea' id='block_1_85' title="bbox 257 5167 1942 5236">
    <p class='ocr_par' dir='ltr' id='par_1_85' title="bbox 257 5167 1942 5236">
     <span class='ocr_line' id='line_1_86' title="bbox 257 5167 1942 5236; baseline -0.009 -1"><span class='ocrx_word' id='word_1_603' title='bbox 257 5177 438 5235; x_wconf 88' lang='lat' dir='ltr'>modi</span> <span class='ocrx_word' id='word_1_604' title='bbox 479 5173 814 5231; x_wconf 87' lang='lat' dir='ltr'>consentire</span> <span class='ocrx_word' id='word_1_605' title='bbox 862 5169 1044 5226; x_wconf 92' lang='lat' dir='ltr'>nolui.</span> <span class='ocrx_word' id='word_1_606' title='bbox 1082 5171 1206 5236; x_wconf 89' lang='lat' dir='ltr'>Qua</span> <span class='ocrx_word' id='word_1_607' title='bbox 1236 5169 1306 5224; x_wconf 92' lang='lat' dir='ltr'>de</span> <span class='ocrx_word' id='word_1_608' title='bbox 1337 5184 1398 5222; x_wconf 88' lang='lat' dir='ltr'>re</span> <span class='ocrx_word' id='word_1_609' title='bbox 1425 5169 1577 5222; x_wconf 91' lang='lat' dir='ltr'>inter</span> <span class='ocrx_word' id='word_1_610' title='bbox 1607 5183 1698 5222; x_wconf 90' lang='lat' dir='ltr'>me</span> <span class='ocrx_word' id='word_1_611' title='bbox 1748 5170 1806 5222; x_wconf 87' lang='lat' dir='ltr'>et</span> <span class='ocrx_word' id='word_1_612' title='bbox 1841 5167 1942 5221; x_wconf 88' lang='lat' dir='ltr'>ab-</span> 
     </span>
    </p>
   </div>
   <div class='ocr_carea' id='block_1_86' title="bbox 255 5259 1943 5330">
    <p class='ocr_par' dir='ltr' id='par_1_86' title="bbox 255 5259 1943 5330">
     <span class='ocr_line' id='line_1_87' title="bbox 255 5259 1943 5330; baseline -0.01 -4"><span class='ocrx_word' id='word_1_613' title='bbox 255 5269 482 5325; x_wconf 84' lang='lat' dir='ltr'>batem</span> <span class='ocrx_word' id='word_1_614' title='bbox 514 5268 789 5320; x_wconf 88' lang='lat' dir='ltr'>nostrum</span> <span class='ocrx_word' id='word_1_615' title='bbox 816 5259 1109 5316; x_wconf 84' lang='lat' dir='ltr'>disoordia</span> <span class='ocrx_word' id='word_1_616' title='bbox 1155 5273 1371 5330; x_wconf 87' lang='lat' dir='ltr'>magna</span> <span class='ocrx_word' id='word_1_617' title='bbox 1416 5261 1613 5312; x_wconf 88' lang='lat' dir='ltr'>exorta</span> <span class='ocrx_word' id='word_1_618' title='bbox 1658 5260 1765 5327; x_wconf 88' lang='lat' dir='ltr'>est,</span> <span class='ocrx_word' id='word_1_619' title='bbox 1808 5270 1943 5310; x_wconf 92' lang='lat' dir='ltr'>cum</span> 
     </span>
    </p>
   </div>
   <div class='ocr_carea' id='block_1_87' title="bbox 257 5343 1938 5429">
    <p class='ocr_par' dir='ltr' id='par_1_87' title="bbox 257 5343 1938 5429">
     <span class='ocr_line' id='line_1_88' title="bbox 257 5343 1938 5429; baseline -0.01 -16"><span class='ocrx_word' id='word_1_620' title='bbox 257 5370 479 5429; x_wconf 85' lang='lat' dir='ltr'>neque</span> <span class='ocrx_word' id='word_1_621' title='bbox 511 5351 610 5408; x_wconf 89' lang='lat' dir='ltr'>ille</span> <span class='ocrx_word' id='word_1_622' title='bbox 639 5367 771 5420; x_wconf 88' lang='lat' dir='ltr'>sua,</span> <span class='ocrx_word' id='word_1_623' title='bbox 805 5367 909 5406; x_wconf 92' lang='lat' dir='ltr'>nec</span> <span class='ocrx_word' id='word_1_624' title='bbox 957 5363 1061 5421; x_wconf 90' lang='lat' dir='ltr'>ego</span> <span class='ocrx_word' id='word_1_625' title='bbox 1103 5363 1234 5402; x_wconf 91' lang='lat' dir='ltr'>mea</span> <span class='ocrx_word' id='word_1_626' title='bbox 1273 5350 1408 5400; x_wconf 90' lang='lat' dir='ltr'>vota</span> <span class='ocrx_word' id='word_1_627' title='bbox 1453 5349 1681 5400; x_wconf 89' lang='lat' dir='ltr'>mutare</span> <span class='ocrx_word' id='word_1_628' title='bbox 1711 5343 1938 5399; x_wconf 87' lang='lat' dir='ltr'>vellem.</span> 
     </span>
    </p>
   </div>
   <div class='ocr_carea' id='block_1_88' title="bbox 254 5430 1946 5512">
    <p class='ocr_par' dir='ltr' id='par_1_88' title="bbox 254 5430 1946 5512">
     <span class='ocr_line' id='line_1_89' title="bbox 254 5430 1946 5512; baseline -0.011 -8"><span class='ocrx_word' id='word_1_629' title='bbox 254 5445 521 5506; x_wconf 80' lang='lat' dir='ltr'>Interea</span> <span class='ocrx_word' id='word_1_630' title='bbox 547 5453 685 5498; x_wconf 87' lang='lat' dir='ltr'>vero</span> <span class='ocrx_word' id='word_1_631' title='bbox 713 5452 864 5512; x_wconf 66' lang='lat' dir='ltr'>saepe</span> <span class='ocrx_word' id='word_1_632' title='bbox 893 5454 996 5512; x_wconf 89' lang='lat' dir='ltr'>per</span> <span class='ocrx_word' id='word_1_633' title='bbox 1025 5435 1460 5507; x_wconf 89' lang='lat' dir='ltr'>memetipsum,</span> <span class='ocrx_word' id='word_1_634' title='bbox 1496 5449 1645 5505; x_wconf 75' lang='lat' dir='ltr'>saepe</span> <span class='ocrx_word' id='word_1_635' title='bbox 1679 5451 1780 5506; x_wconf 91' lang='lat' dir='ltr'>per</span> <span class='ocrx_word' id='word_1_636' title='bbox 1801 5430 1946 5488; x_wconf 87' lang='lat' dir='ltr'>alios</span> 
     </span>
    </p>
   </div>
   <div class='ocr_carea' id='block_1_89' title="bbox 254 5519 1948 5606">
    <p class='ocr_par' dir='ltr' id='par_1_89' title="bbox 254 5519 1948 5606">
     <span class='ocr_line' id='line_1_90' title="bbox 254 5519 1948 5606; baseline -0.011 -12"><span class='ocrx_word' id='word_1_637' title='bbox 254 5536 463 5594; x_wconf 79' lang='lat' dir='ltr'>illum</span> <span class='ocrx_word' id='word_1_638' title='bbox 497 5544 714 5606; x_wconf 83' lang='lat' dir='ltr'>rogans</span> <span class='ocrx_word' id='word_1_639' title='bbox 736 5534 818 5599; x_wconf 87' lang='lat' dir='ltr'>ut,</span> <span class='ocrx_word' id='word_1_640' title='bbox 844 5527 984 5602; x_wconf 90' lang='lat' dir='ltr'>quia</span> <span class='ocrx_word' id='word_1_641' title='bbox 1005 5540 1195 5583; x_wconf 89' lang='lat' dir='ltr'>mores</span> <span class='ocrx_word' id='word_1_642' title='bbox 1219 5525 1332 5580; x_wconf 90' lang='lat' dir='ltr'>mei</span> <span class='ocrx_word' id='word_1_643' title='bbox 1354 5523 1466 5578; x_wconf 89' lang='lat' dir='ltr'>sibi</span> <span class='ocrx_word' id='word_1_644' title='bbox 1488 5523 1726 5578; x_wconf 88' lang='lat' dir='ltr'>omnino</span> <span class='ocrx_word' id='word_1_645' title='bbox 1752 5519 1948 5593; x_wconf 88' lang='lat' dir='ltr'>displi-</span> 
     </span>
    </p>
   </div>
   <div class='ocr_carea' id='block_1_90' title="bbox 253 5611 1948 5696">
    <p class='ocr_par' dir='ltr' id='par_1_90' title="bbox 253 5611 1948 5696">
     <span class='ocr_line' id='line_1_91' title="bbox 253 5611 1948 5696; baseline -0.009 -12"><span class='ocrx_word' id='word_1_646' title='bbox 253 5627 519 5696; x_wconf 78' lang='lat' dir='ltr'>cerent,</span> <span class='ocrx_word' id='word_1_647' title='bbox 547 5634 646 5680; x_wconf 86' lang='lat' dir='ltr'>me</span> <span class='ocrx_word' id='word_1_648' title='bbox 680 5636 715 5680; x_wconf 85' lang='lat' dir='ltr'>a</span> <span class='ocrx_word' id='word_1_649' title='bbox 742 5618 984 5678; x_wconf 82' lang='lat' dir='ltr'>decania</span> <span class='ocrx_word' id='word_1_650' title='bbox 1014 5615 1333 5676; x_wconf 85' lang='lat' dir='ltr'>commissa</span> <span class='ocrx_word' id='word_1_651' title='bbox 1362 5612 1818 5686; x_wconf 66' lang='lat' dir='ltr'>absolveretmec</span> <span class='ocrx_word' id='word_1_652' title='bbox 1838 5611 1948 5669; x_wconf 85' lang='lat' dir='ltr'>hoc</span> 
     </span>
    </p>
   </div>
   <div class='ocr_carea' id='block_1_91' title="bbox 2020 3295 3668 3368">
    <p class='ocr_par' dir='ltr' id='par_1_91' title="bbox 2020 3295 3668 3368">
     <span class='ocr_line' id='line_1_92' title="bbox 2020 3295 3668 3368; baseline -0.001 -16"><span class='ocrx_word' id='word_1_653' title='bbox 2020 3313 2133 3368; x_wconf 91' lang='lat' dir='ltr'>que</span> <span class='ocrx_word' id='word_1_654' title='bbox 2165 3297 2418 3352; x_wconf 87' lang='lat' dir='ltr'>dormire</span> <span class='ocrx_word' id='word_1_655' title='bbox 2453 3297 2712 3351; x_wconf 90' lang='lat' dir='ltr'>sentiens</span> <span class='ocrx_word' id='word_1_656' title='bbox 2745 3295 3016 3351; x_wconf 90' lang='lat' dir='ltr'>similiter</span> <span class='ocrx_word' id='word_1_657' title='bbox 3044 3297 3172 3353; x_wconf 89' lang='lat' dir='ltr'>feci.</span> <span class='ocrx_word' id='word_1_658' title='bbox 3210 3298 3436 3352; x_wconf 89' lang='lat' dir='ltr'>Interea</span> <span class='ocrx_word' id='word_1_659' title='bbox 3478 3297 3668 3368; x_wconf 89' lang='lat' dir='ltr'>magis</span> 
     </span>
    </p>
   </div>
   <div class='ocr_carea' id='block_1_92' title="bbox 2021 3384 3669 3456">
    <p class='ocr_par' dir='ltr' id='par_1_92' title="bbox 2021 3384 3669 3456">
     <span class='ocr_line' id='line_1_93' title="bbox 2021 3384 3669 3456; baseline -0.002 -16"><span class='ocrx_word' id='word_1_660' title='bbox 2021 3386 2258 3441; x_wconf 89' lang='lat' dir='ltr'>horrore</span> <span class='ocrx_word' id='word_1_661' title='bbox 2287 3384 2526 3440; x_wconf 84' lang='lat' dir='ltr'>visionis</span> <span class='ocrx_word' id='word_1_662' title='bbox 2557 3386 2796 3439; x_wconf 71' lang='lat' dir='ltr'>fumosae</span> <span class='ocrx_word' id='word_1_663' title='bbox 2829 3384 3086 3456; x_wconf 88' lang='lat' dir='ltr'>repletus</span> <span class='ocrx_word' id='word_1_664' title='bbox 3121 3385 3192 3439; x_wconf 90' lang='lat' dir='ltr'>ad</span> <span class='ocrx_word' id='word_1_665' title='bbox 3225 3384 3440 3440; x_wconf 91' lang='lat' dir='ltr'>lectum</span> <span class='ocrx_word' id='word_1_666' title='bbox 3470 3399 3669 3438; x_wconf 91' lang='lat' dir='ltr'>meum</span> 
     </span>
    </p>
   </div>
   <div class='ocr_carea' id='block_1_93' title="bbox 2023 3471 3671 3544">
    <p class='ocr_par' dir='ltr' id='par_1_93' title="bbox 2023 3471 3671 3544">
     <span class='ocr_line' id='line_1_94' title="bbox 2023 3471 3671 3544; baseline -0.002 -16"><span class='ocrx_word' id='word_1_667' title='bbox 2023 3474 2167 3529; x_wconf 89' lang='lat' dir='ltr'>redii</span> <span class='ocrx_word' id='word_1_668' title='bbox 2199 3473 2388 3529; x_wconf 88' lang='lat' dir='ltr'>fessus</span> <span class='ocrx_word' id='word_1_669' title='bbox 2417 3472 2887 3542; x_wconf 86' lang='lat' dir='ltr'>ibiqueresidens</span> <span class='ocrx_word' id='word_1_670' title='bbox 2911 3471 3237 3528; x_wconf 90' lang='lat' dir='ltr'>meditabar</span> <span class='ocrx_word' id='word_1_671' title='bbox 3257 3472 3397 3544; x_wconf 92' lang='lat' dir='ltr'>quid</span> <span class='ocrx_word' id='word_1_672' title='bbox 3421 3472 3671 3527; x_wconf 88' lang='lat' dir='ltr'>facerem</span> 
     </span>
    </p>
   </div>
   <div class='ocr_carea' id='block_1_94' title="bbox 2025 3559 3672 3636">
    <p class='ocr_par' dir='ltr' id='par_1_94' title="bbox 2025 3559 3672 3636">
     <span class='ocr_line' id='line_1_95' title="bbox 2025 3559 3672 3636; baseline -0.003 -17"><span class='ocrx_word' id='word_1_673' title='bbox 2025 3580 2208 3636; x_wconf 91' lang='lat' dir='ltr'>quove</span> <span class='ocrx_word' id='word_1_674' title='bbox 2231 3564 2488 3635; x_wconf 88' lang='lat' dir='ltr'>fugerem</span> <span class='ocrx_word' id='word_1_675' title='bbox 2511 3561 2626 3616; x_wconf 90' lang='lat' dir='ltr'>tale</span> <span class='ocrx_word' id='word_1_676' title='bbox 2648 3561 3204 3632; x_wconf 89' lang='lat' dir='ltr'>monstrum.Neque</span> <span class='ocrx_word' id='word_1_677' title='bbox 3225 3561 3382 3617; x_wconf 91' lang='lat' dir='ltr'>enim</span> <span class='ocrx_word' id='word_1_678' title='bbox 3408 3559 3672 3616; x_wconf 85' lang='lat' dir='ltr'>dubitavi</span> 
     </span>
    </p>
   </div>
   <div class='ocr_carea' id='block_1_95' title="bbox 2026 3648 3677 3724">
    <p class='ocr_par' dir='ltr' id='par_1_95' title="bbox 2026 3648 3677 3724">
     <span class='ocr_line' id='line_1_96' title="bbox 2026 3648 3677 3724; baseline -0.003 -17"><span class='ocrx_word' id='word_1_679' title='bbox 2026 3653 2134 3708; x_wconf 91' lang='lat' dir='ltr'>hoc</span> <span class='ocrx_word' id='word_1_680' title='bbox 2167 3652 2286 3707; x_wconf 91' lang='lat' dir='ltr'>fore</span> <span class='ocrx_word' id='word_1_681' title='bbox 2317 3669 2420 3724; x_wconf 90' lang='lat' dir='ltr'>per</span> <span class='ocrx_word' id='word_1_682' title='bbox 2451 3649 2740 3722; x_wconf 82' lang='lat' dir='ltr'>malignos</span> <span class='ocrx_word' id='word_1_683' title='bbox 2767 3649 3031 3722; x_wconf 91' lang='lat' dir='ltr'>spiritus,</span> <span class='ocrx_word' id='word_1_684' title='bbox 3053 3650 3155 3722; x_wconf 91' lang='lat' dir='ltr'>qui</span> <span class='ocrx_word' id='word_1_685' title='bbox 3179 3649 3331 3705; x_wconf 90' lang='lat' dir='ltr'>inter</span> <span class='ocrx_word' id='word_1_686' title='bbox 3361 3651 3556 3721; x_wconf 89' lang='lat' dir='ltr'>ipsum</span> <span class='ocrx_word' id='word_1_687' title='bbox 3590 3648 3677 3703; x_wconf 92' lang='lat' dir='ltr'>fu-</span> 
     </span>
    </p>
   </div>
   <div class='ocr_carea' id='block_1_96' title="bbox 2021 3737 3675 3811">
    <p class='ocr_par' dir='ltr' id='par_1_96' title="bbox 2021 3737 3675 3811">
     <span class='ocr_line' id='line_1_97' title="bbox 2021 3737 3675 3811; baseline -0.004 -14"><span class='ocrx_word' id='word_1_688' title='bbox 2021 3753 2190 3797; x_wconf 83' lang='lat' dir='ltr'>‘mum</span> <span class='ocrx_word' id='word_1_689' title='bbox 2225 3750 2444 3796; x_wconf 89' lang='lat' dir='ltr'>certare</span> <span class='ocrx_word' id='word_1_690' title='bbox 2466 3739 2716 3811; x_wconf 91' lang='lat' dir='ltr'>qualiter</span> <span class='ocrx_word' id='word_1_691' title='bbox 2736 3756 2828 3794; x_wconf 93' lang='lat' dir='ltr'>me</span> <span class='ocrx_word' id='word_1_692' title='bbox 2848 3743 3121 3795; x_wconf 84' lang='lat' dir='ltr'>vexarent</span> <span class='ocrx_word' id='word_1_693' title='bbox 3146 3737 3289 3793; x_wconf 89' lang='lat' dir='ltr'>mihi</span> <span class='ocrx_word' id='word_1_694' title='bbox 3307 3737 3675 3793; x_wconf 90' lang='lat' dir='ltr'>videbantur.</span> 
     </span>
    </p>
   </div>
   <div class='ocr_carea' id='block_1_97' title="bbox 2028 3826 3676 3899">
    <p class='ocr_par' dir='ltr' id='par_1_97' title="bbox 2028 3826 3676 3899">
     <span class='ocr_line' id='line_1_98' title="bbox 2028 3826 3676 3899; baseline -0.002 -14"><span class='ocrx_word' id='word_1_695' title='bbox 2028 3831 2172 3886; x_wconf 85' lang='lat' dir='ltr'>Cum</span> <span class='ocrx_word' id='word_1_696' title='bbox 2193 3835 2383 3885; x_wconf 90' lang='lat' dir='ltr'>autem</span> <span class='ocrx_word' id='word_1_697' title='bbox 2411 3830 2512 3884; x_wconf 92' lang='lat' dir='ltr'>diu</span> <span class='ocrx_word' id='word_1_698' title='bbox 2527 3833 2820 3884; x_wconf 89' lang='lat' dir='ltr'>certamen</span> <span class='ocrx_word' id='word_1_699' title='bbox 2843 3827 3183 3899; x_wconf 89' lang='lat' dir='ltr'>bujusmodi</span> <span class='ocrx_word' id='word_1_700' title='bbox 3204 3844 3320 3883; x_wconf 89' lang='lat' dir='ltr'>non</span> <span class='ocrx_word' id='word_1_701' title='bbox 3345 3826 3676 3894; x_wconf 84' lang='lat' dir='ltr'>carnaliter,</span> 
     </span>
    </p>
   </div>
   <div class='ocr_carea' id='block_1_98' title="bbox 2031 3914 3680 3991">
    <p class='ocr_par' dir='ltr' id='par_1_98' title="bbox 2031 3914 3680 3991">
     <span class='ocr_line' id='line_1_99' title="bbox 2031 3914 3680 3991; baseline -0.004 -15"><span class='ocrx_word' id='word_1_702' title='bbox 2031 3920 2130 3976; x_wconf 90' lang='lat' dir='ltr'>sed</span> <span class='ocrx_word' id='word_1_703' title='bbox 2163 3918 2504 3991; x_wconf 86' lang='lat' dir='ltr'>spiritaliter</span> <span class='ocrx_word' id='word_1_704' title='bbox 2529 3917 2621 3990; x_wconf 88' lang='lat' dir='ltr'>agi</span> <span class='ocrx_word' id='word_1_705' title='bbox 2644 3916 3361 3988; x_wconf 91' lang='lat' dir='ltr'>sentirem,neminemque</span> <span class='ocrx_word' id='word_1_706' title='bbox 3382 3914 3501 3971; x_wconf 89' lang='lat' dir='ltr'>illic</span> <span class='ocrx_word' id='word_1_707' title='bbox 3525 3932 3680 3970; x_wconf 90' lang='lat' dir='ltr'>com-</span> 
     </span>
    </p>
   </div>
   <div class='ocr_carea' id='block_1_99' title="bbox 2033 4006 3682 4078">
    <p class='ocr_par' dir='ltr' id='par_1_99' title="bbox 2033 4006 3682 4078">
     <span class='ocr_line' id='line_1_100' title="bbox 2033 4006 3682 4078; baseline -0.003 -14"><span class='ocrx_word' id='word_1_708' title='bbox 2033 4013 2360 4064; x_wconf 88' lang='lat' dir='ltr'>morantem</span> <span class='ocrx_word' id='word_1_709' title='bbox 2410 4007 2556 4062; x_wconf 87' lang='lat' dir='ltr'>mihi</span> <span class='ocrx_word' id='word_1_710' title='bbox 2587 4023 2927 4062; x_wconf 91' lang='lat' dir='ltr'>succurrere</span> <span class='ocrx_word' id='word_1_711' title='bbox 2957 4021 3252 4078; x_wconf 87' lang='lat' dir='ltr'>sperarem</span> <span class='ocrx_word' id='word_1_712' title='bbox 3283 4006 3444 4076; x_wconf 90' lang='lat' dir='ltr'>(nam</span> <span class='ocrx_word' id='word_1_713' title='bbox 3475 4020 3682 4060; x_wconf 92' lang='lat' dir='ltr'>omnes</span> 
     </span>
    </p>
   </div>
   <div class='ocr_carea' id='block_1_100' title="bbox 2033 4089 3685 4168">
    <p class='ocr_par' dir='ltr' id='par_1_100' title="bbox 2033 4089 3685 4168">
     <span class='ocr_line' id='line_1_101' title="bbox 2033 4089 3685 4168; baseline -0.003 -15"><span class='ocrx_word' id='word_1_714' title='bbox 2033 4099 2214 4154; x_wconf 92' lang='lat' dir='ltr'>nimio</span> <span class='ocrx_word' id='word_1_715' title='bbox 2247 4101 2414 4153; x_wconf 90' lang='lat' dir='ltr'>erant</span> <span class='ocrx_word' id='word_1_716' title='bbox 2443 4113 2648 4152; x_wconf 89' lang='lat' dir='ltr'>somno</span> <span class='ocrx_word' id='word_1_717' title='bbox 2672 4096 2979 4168; x_wconf 90' lang='lat' dir='ltr'>depressi),</span> <span class='ocrx_word' id='word_1_718' title='bbox 3008 4101 3149 4150; x_wconf 90' lang='lat' dir='ltr'>tunc</span> <span class='ocrx_word' id='word_1_719' title='bbox 3177 4096 3291 4150; x_wconf 83' lang='lat' dir='ltr'>fide</span> <span class='ocrx_word' id='word_1_720' title='bbox 3317 4089 3685 4166; x_wconf 80' lang='lat' dir='ltr'>aliquantula</span> 
     </span>
    </p>
   </div>
   <div class='ocr_carea' id='block_1_101' title="bbox 2035 4182 3688 4260">
    <p class='ocr_par' dir='ltr' id='par_1_101' title="bbox 2035 4182 3688 4260">
     <span class='ocr_line' id='line_1_102' title="bbox 2035 4182 3688 4260; baseline -0.004 -17"><span class='ocrx_word' id='word_1_721' title='bbox 2035 4192 2268 4260; x_wconf 89' lang='lat' dir='ltr'>recepta</span> <span class='ocrx_word' id='word_1_722' title='bbox 2298 4186 2558 4259; x_wconf 90' lang='lat' dir='ltr'>psalmos</span> <span class='ocrx_word' id='word_1_723' title='bbox 2590 4185 2877 4258; x_wconf 91' lang='lat' dir='ltr'>quosdam</span> <span class='ocrx_word' id='word_1_724' title='bbox 2907 4201 3114 4240; x_wconf 89' lang='lat' dir='ltr'>canere</span> <span class='ocrx_word' id='word_1_725' title='bbox 3143 4183 3310 4256; x_wconf 68' lang='lat' dir='ltr'>coepi.</span> <span class='ocrx_word' id='word_1_726' title='bbox 3345 4187 3412 4238; x_wconf 88' lang='lat' dir='ltr'>Et</span> <span class='ocrx_word' id='word_1_727' title='bbox 3441 4183 3550 4238; x_wconf 86' lang='lat' dir='ltr'>hac</span> <span class='ocrx_word' id='word_1_728' title='bbox 3581 4182 3688 4238; x_wconf 86' lang='lat' dir='ltr'>de-</span> 
     </span>
    </p>
   </div>
   <div class='ocr_carea' id='block_1_102' title="bbox 2038 4270 3689 4348">
    <p class='ocr_par' dir='ltr' id='par_1_102' title="bbox 2038 4270 3689 4348">
     <span class='ocr_line' id='line_1_103' title="bbox 2038 4270 3689 4348; baseline -0.004 -16"><span class='ocrx_word' id='word_1_729' title='bbox 2038 4277 2367 4332; x_wconf 89' lang='lat' dir='ltr'>cantatione</span> <span class='ocrx_word' id='word_1_730' title='bbox 2378 4291 2650 4348; x_wconf 90' lang='lat' dir='ltr'>egressus</span> <span class='ocrx_word' id='word_1_731' title='bbox 2665 4273 2989 4346; x_wconf 86' lang='lat' dir='ltr'>proximam</span> <span class='ocrx_word' id='word_1_732' title='bbox 3004 4272 3190 4329; x_wconf 89' lang='lat' dir='ltr'>sancti</span> <span class='ocrx_word' id='word_1_733' title='bbox 3209 4270 3689 4328; x_wconf 84' lang='lat' dir='ltr'>GalliEcclesiam</span> 
     </span>
    </p>
   </div>
   <div class='ocr_carea' id='block_1_103' title="bbox 2036 4357 3691 4436">
    <p class='ocr_par' dir='ltr' id='par_1_103' title="bbox 2036 4357 3691 4436">
     <span class='ocr_line' id='line_1_104' title="bbox 2036 4357 3691 4436; baseline -0.005 -16"><span class='ocrx_word' id='word_1_734' title='bbox 2036 4365 2247 4421; x_wconf 89' lang='lat' dir='ltr'>intravi</span> <span class='ocrx_word' id='word_1_735' title='bbox 2271 4365 2468 4436; x_wconf 91' lang='lat' dir='ltr'>ibique</span> <span class='ocrx_word' id='word_1_736' title='bbox 2490 4381 2685 4420; x_wconf 91' lang='lat' dir='ltr'>coram</span> <span class='ocrx_word' id='word_1_737' title='bbox 2717 4362 2899 4418; x_wconf 91' lang='lat' dir='ltr'>altare</span> <span class='ocrx_word' id='word_1_738' title='bbox 2923 4365 3274 4434; x_wconf 91' lang='lat' dir='ltr'>prostratus,</span> <span class='ocrx_word' id='word_1_739' title='bbox 3290 4378 3356 4417; x_wconf 88' lang='lat' dir='ltr'>eo</span> <span class='ocrx_word' id='word_1_740' title='bbox 3390 4377 3505 4432; x_wconf 91' lang='lat' dir='ltr'>quo</span> <span class='ocrx_word' id='word_1_741' title='bbox 3528 4357 3691 4432; x_wconf 90' lang='lat' dir='ltr'>potui</span> 
     </span>
    </p>
   </div>
   <div class='ocr_carea' id='block_1_104' title="bbox 2041 4447 3690 4526">
    <p class='ocr_par' dir='ltr' id='par_1_104' title="bbox 2041 4447 3690 4526">
     <span class='ocr_line' id='line_1_105' title="bbox 2041 4447 3690 4526; baseline -0.005 -16"><span class='ocrx_word' id='word_1_742' title='bbox 2041 4456 2174 4511; x_wconf 91' lang='lat' dir='ltr'>nisu</span> <span class='ocrx_word' id='word_1_743' title='bbox 2207 4452 2508 4526; x_wconf 89' lang='lat' dir='ltr'>psallendo</span> <span class='ocrx_word' id='word_1_744' title='bbox 2557 4452 2734 4508; x_wconf 91' lang='lat' dir='ltr'>oravi.</span> <span class='ocrx_word' id='word_1_745' title='bbox 2780 4451 3006 4506; x_wconf 88' lang='lat' dir='ltr'>Interea</span> <span class='ocrx_word' id='word_1_746' title='bbox 3049 4466 3206 4517; x_wconf 92' lang='lat' dir='ltr'>vero,</span> <span class='ocrx_word' id='word_1_747' title='bbox 3253 4451 3392 4520; x_wconf 91' lang='lat' dir='ltr'>quia</span> <span class='ocrx_word' id='word_1_748' title='bbox 3436 4447 3690 4519; x_wconf 89' lang='lat' dir='ltr'>peccatis</span> 
     </span>
    </p>
   </div>
   <div class='ocr_carea' id='block_1_105' title="bbox 1965 4535 3693 4630">
    <p class='ocr_par' dir='ltr' id='par_1_105' title="bbox 1965 4535 3693 4630">
     <span class='ocr_line' id='line_1_106' title="bbox 1965 4535 3693 4630; baseline -0.006 -29"><span class='ocrx_word' id='word_1_749' title='bbox 1965 4563 2011 4630; x_wconf 71' lang='grc' dir='ltr'>Ι)</span> <span class='ocrx_word' id='word_1_750' title='bbox 2044 4543 2191 4600; x_wconf 91' lang='lat' dir='ltr'>meis</span> <span class='ocrx_word' id='word_1_751' title='bbox 2221 4542 2585 4614; x_wconf 85' lang='lat' dir='ltr'>exigentibus</span> <span class='ocrx_word' id='word_1_752' title='bbox 2615 4540 2808 4597; x_wconf 91' lang='lat' dir='ltr'>omnis</span> <span class='ocrx_word' id='word_1_753' title='bbox 2839 4539 3004 4611; x_wconf 88' lang='lat' dir='ltr'>vigor</span> <span class='ocrx_word' id='word_1_754' title='bbox 3033 4537 3249 4594; x_wconf 90' lang='lat' dir='ltr'>mentis</span> <span class='ocrx_word' id='word_1_755' title='bbox 3271 4542 3327 4592; x_wconf 92' lang='lat' dir='ltr'>et</span> <span class='ocrx_word' id='word_1_756' title='bbox 3351 4535 3610 4608; x_wconf 90' lang='lat' dir='ltr'>corporis</span> <span class='ocrx_word' id='word_1_757' title='bbox 3635 4535 3693 4590; x_wconf 91' lang='lat' dir='ltr'>in</span> 
     </span>
    </p>
   </div>
   <div class='ocr_carea' id='block_1_106' title="bbox 2047 4621 3741 4701">
    <p class='ocr_par' dir='ltr' id='par_1_106' title="bbox 2047 4621 3741 4701">
     <span class='ocr_line' id='line_1_107' title="bbox 2047 4621 3741 4701; baseline -0.008 -13"><span class='ocrx_word' id='word_1_758' title='bbox 2047 4649 2140 4688; x_wconf 89' lang='lat' dir='ltr'>me</span> <span class='ocrx_word' id='word_1_759' title='bbox 2172 4633 2283 4687; x_wconf 91' lang='lat' dir='ltr'>cito</span> <span class='ocrx_word' id='word_1_760' title='bbox 2314 4630 2544 4701; x_wconf 88' lang='lat' dir='ltr'>defecit,</span> <span class='ocrx_word' id='word_1_761' title='bbox 2580 4628 2735 4684; x_wconf 90' lang='lat' dir='ltr'>sensi</span> <span class='ocrx_word' id='word_1_762' title='bbox 2769 4644 2868 4698; x_wconf 90' lang='lat' dir='ltr'>per</span> <span class='ocrx_word' id='word_1_763' title='bbox 2897 4627 3169 4699; x_wconf 90' lang='lat' dir='ltr'>spiritum</span> <span class='ocrx_word' id='word_1_764' title='bbox 3204 4623 3496 4697; x_wconf 89' lang='lat' dir='ltr'>quomodo</span> <span class='ocrx_word' id='word_1_765' title='bbox 3546 4621 3695 4678; x_wconf 85' lang='lat' dir='ltr'>mihi</span> <span class='ocrx_word' id='word_1_766' title='bbox 3736 4691 3741 4696; x_wconf 18' lang='grc' dir='ltr'>ε</span> 
     </span>
    </p>
   </div>
   <div class='ocr_carea' id='block_1_107' title="bbox 2045 4711 3694 4792">
    <p class='ocr_par' dir='ltr' id='par_1_107' title="bbox 2045 4711 3694 4792">
     <span class='ocr_line' id='line_1_108' title="bbox 2045 4711 3694 4792; baseline -0.007 -15"><span class='ocrx_word' id='word_1_767' title='bbox 2045 4721 2204 4778; x_wconf 91' lang='lat' dir='ltr'>labia</span> <span class='ocrx_word' id='word_1_768' title='bbox 2235 4738 2268 4775; x_wconf 89' lang='lat' dir='ltr'>a</span> <span class='ocrx_word' id='word_1_769' title='bbox 2297 4719 2571 4792; x_wconf 89' lang='lat' dir='ltr'>malignis</span> <span class='ocrx_word' id='word_1_770' title='bbox 2603 4717 2908 4789; x_wconf 87' lang='lat' dir='ltr'>spiritibus</span> <span class='ocrx_word' id='word_1_771' title='bbox 2940 4714 3496 4786; x_wconf 88' lang='lat' dir='ltr'>comprimebantur,</span> <span class='ocrx_word' id='word_1_772' title='bbox 3519 4726 3592 4767; x_wconf 86' lang='lat' dir='ltr'>ne</span> <span class='ocrx_word' id='word_1_773' title='bbox 3621 4711 3694 4767; x_wconf 88' lang='lat' dir='ltr'>ad</span> 
     </span>
    </p>
   </div>
   <div class='ocr_carea' id='block_1_108' title="bbox 2047 4799 3697 4884">
    <p class='ocr_par' dir='ltr' id='par_1_108' title="bbox 2047 4799 3697 4884">
     <span class='ocr_line' id='line_1_109' title="bbox 2047 4799 3697 4884; baseline -0.007 -18"><span class='ocrx_word' id='word_1_774' title='bbox 2047 4809 2419 4884; x_wconf 90' lang='lat' dir='ltr'>psallendum</span> <span class='ocrx_word' id='word_1_775' title='bbox 2474 4806 2689 4862; x_wconf 88' lang='lat' dir='ltr'>moveri</span> <span class='ocrx_word' id='word_1_776' title='bbox 2746 4808 3002 4876; x_wconf 89' lang='lat' dir='ltr'>possent.</span> <span class='ocrx_word' id='word_1_777' title='bbox 3051 4802 3163 4857; x_wconf 90' lang='lat' dir='ltr'>Sed</span> <span class='ocrx_word' id='word_1_778' title='bbox 3206 4818 3298 4857; x_wconf 91' lang='lat' dir='ltr'>me</span> <span class='ocrx_word' id='word_1_779' title='bbox 3343 4805 3544 4856; x_wconf 88' lang='lat' dir='ltr'>contra</span> <span class='ocrx_word' id='word_1_780' title='bbox 3574 4799 3697 4854; x_wconf 65' lang='lat' dir='ltr'>haec</span> 
     </span>
    </p>
   </div>
   <div class='ocr_carea' id='block_1_109' title="bbox 2050 4888 3689 4967">
    <p class='ocr_par' dir='ltr' id='par_1_109' title="bbox 2050 4888 3689 4967">
     <span class='ocr_line' id='line_1_110' title="bbox 2050 4888 3689 4967; baseline -0.007 -13"><span class='ocrx_word' id='word_1_781' title='bbox 2050 4899 2322 4954; x_wconf 89' lang='lat' dir='ltr'>manibus</span> <span class='ocrx_word' id='word_1_782' title='bbox 2355 4897 2617 4967; x_wconf 91' lang='lat' dir='ltr'>utrisque</span> <span class='ocrx_word' id='word_1_783' title='bbox 2663 4894 2734 4948; x_wconf 91' lang='lat' dir='ltr'>ad</span> <span class='ocrx_word' id='word_1_784' title='bbox 2785 4892 2940 4948; x_wconf 89' lang='lat' dir='ltr'>labia</span> <span class='ocrx_word' id='word_1_785' title='bbox 2992 4891 3302 4964; x_wconf 90' lang='lat' dir='ltr'>aperienda</span> <span class='ocrx_word' id='word_1_786' title='bbox 3349 4888 3689 4962; x_wconf 89' lang='lat' dir='ltr'>aliquandiu</span> 
     </span>
    </p>
   </div>
   <div class='ocr_carea' id='block_1_110' title="bbox 2051 4980 3702 5056">
    <p class='ocr_par' dir='ltr' id='par_1_110' title="bbox 2051 4980 3702 5056">
     <span class='ocr_line' id='line_1_111' title="bbox 2051 4980 3702 5056; baseline -0.007 -11"><span class='ocrx_word' id='word_1_787' title='bbox 2051 4985 2724 5056; x_wconf 87' lang='lat' dir='ltr'>concertante,fatigatus</span> <span class='ocrx_word' id='word_1_788' title='bbox 2741 4981 2983 5048; x_wconf 87' lang='lat' dir='ltr'>sum,ita</span> <span class='ocrx_word' id='word_1_789' title='bbox 3005 4985 3069 5037; x_wconf 92' lang='lat' dir='ltr'>ut</span> <span class='ocrx_word' id='word_1_790' title='bbox 3092 4980 3257 5036; x_wconf 86' lang='lat' dir='ltr'>facile</span> <span class='ocrx_word' id='word_1_791' title='bbox 3271 4998 3335 5036; x_wconf 92' lang='lat' dir='ltr'>os</span> <span class='ocrx_word' id='word_1_792' title='bbox 3358 4980 3580 5052; x_wconf 90' lang='lat' dir='ltr'>aperire</span> <span class='ocrx_word' id='word_1_793' title='bbox 3606 4994 3702 5034; x_wconf 88' lang='lat' dir='ltr'>ne-</span> 
     </span>
    </p>
   </div>
   <div class='ocr_carea' id='block_1_111' title="bbox 2052 5068 3700 5151">
    <p class='ocr_par' dir='ltr' id='par_1_111' title="bbox 2052 5068 3700 5151">
     <span class='ocr_line' id='line_1_112' title="bbox 2052 5068 3700 5151; baseline -0.007 -18"><span class='ocrx_word' id='word_1_794' title='bbox 2052 5078 2300 5151; x_wconf 90' lang='lat' dir='ltr'>quirem.</span> <span class='ocrx_word' id='word_1_795' title='bbox 2323 5076 2485 5130; x_wconf 90' lang='lat' dir='ltr'>Tunc</span> <span class='ocrx_word' id='word_1_796' title='bbox 2508 5075 2578 5129; x_wconf 92' lang='lat' dir='ltr'>ab</span> <span class='ocrx_word' id='word_1_797' title='bbox 2601 5072 2845 5129; x_wconf 88' lang='lat' dir='ltr'>ecclesia</span> <span class='ocrx_word' id='word_1_798' title='bbox 2867 5071 2967 5126; x_wconf 92' lang='lat' dir='ltr'>illa</span> <span class='ocrx_word' id='word_1_799' title='bbox 2987 5071 3182 5126; x_wconf 87' lang='lat' dir='ltr'>exiens</span> <span class='ocrx_word' id='word_1_800' title='bbox 3203 5069 3482 5142; x_wconf 90' lang='lat' dir='ltr'>reptando</span> <span class='ocrx_word' id='word_1_801' title='bbox 3505 5068 3700 5140; x_wconf 79' lang='lat' dir='ltr'>potius</span> 
     </span>
    </p>
   </div>
   <div class='ocr_carea' id='block_1_112' title="bbox 2053 5159 3698 5240">
    <p class='ocr_par' dir='ltr' id='par_1_112' title="bbox 2053 5159 3698 5240">
     <span class='ocr_line' id='line_1_113' title="bbox 2053 5159 3698 5240; baseline -0.008 -17"><span class='ocrx_word' id='word_1_802' title='bbox 2053 5184 2230 5240; x_wconf 91' lang='lat' dir='ltr'>quam</span> <span class='ocrx_word' id='word_1_803' title='bbox 2259 5163 2634 5230; x_wconf 89' lang='lat' dir='ltr'>ambulando,</span> <span class='ocrx_word' id='word_1_804' title='bbox 2669 5162 2727 5216; x_wconf 93' lang='lat' dir='ltr'>in</span> <span class='ocrx_word' id='word_1_805' title='bbox 2778 5161 2960 5229; x_wconf 90' lang='lat' dir='ltr'>illam,</span> <span class='ocrx_word' id='word_1_806' title='bbox 3005 5178 3132 5232; x_wconf 75' lang='lat' dir='ltr'>quae</span> <span class='ocrx_word' id='word_1_807' title='bbox 3186 5159 3264 5213; x_wconf 92' lang='lat' dir='ltr'>ibi</span> <span class='ocrx_word' id='word_1_808' title='bbox 3299 5159 3555 5213; x_wconf 87' lang='lat' dir='ltr'>maxima</span> <span class='ocrx_word' id='word_1_809' title='bbox 3591 5163 3698 5224; x_wconf 90' lang='lat' dir='ltr'>est,</span> 
     </span>
    </p>
   </div>
   <div class='ocr_carea' id='block_1_113' title="bbox 2054 5242 3701 5320">
    <p class='ocr_par' dir='ltr' id='par_1_113' title="bbox 2054 5242 3701 5320">
     <span class='ocr_line' id='line_1_114' title="bbox 2054 5242 3701 5320; baseline -0.007 -11"><span class='ocrx_word' id='word_1_810' title='bbox 2054 5252 2241 5310; x_wconf 89' lang='lat' dir='ltr'>sancti</span> <span class='ocrx_word' id='word_1_811' title='bbox 2271 5249 2686 5307; x_wconf 73' lang='lat' dir='ltr'>Emmerammi</span> <span class='ocrx_word' id='word_1_812' title='bbox 2717 5249 3022 5305; x_wconf 90' lang='lat' dir='ltr'>ecclesiam</span> <span class='ocrx_word' id='word_1_813' title='bbox 3057 5247 3314 5320; x_wconf 88' lang='lat' dir='ltr'>perveni,</span> <span class='ocrx_word' id='word_1_814' title='bbox 3346 5251 3412 5300; x_wconf 92' lang='lat' dir='ltr'>ut</span> <span class='ocrx_word' id='word_1_815' title='bbox 3440 5244 3530 5300; x_wconf 90' lang='lat' dir='ltr'>vel</span> <span class='ocrx_word' id='word_1_816' title='bbox 3581 5242 3701 5299; x_wconf 89' lang='lat' dir='ltr'>illic</span> 
     </span>
    </p>
   </div>
   <div class='ocr_carea' id='block_1_114' title="bbox 2055 5332 3701 5413">
    <p class='ocr_par' dir='ltr' id='par_1_114' title="bbox 2055 5332 3701 5413">
     <span class='ocr_line' id='line_1_115' title="bbox 2055 5332 3701 5413; baseline -0.006 -15"><span class='ocrx_word' id='word_1_817' title='bbox 2055 5341 2290 5413; x_wconf 89' lang='lat' dir='ltr'>aliquod</span> <span class='ocrx_word' id='word_1_818' title='bbox 2348 5338 2649 5394; x_wconf 88' lang='lat' dir='ltr'>immentis</span> <span class='ocrx_word' id='word_1_819' title='bbox 2703 5337 2949 5392; x_wconf 67' lang='lat' dir='ltr'>miseriae</span> <span class='ocrx_word' id='word_1_820' title='bbox 3005 5335 3267 5390; x_wconf 90' lang='lat' dir='ltr'>levamen</span> <span class='ocrx_word' id='word_1_821' title='bbox 3325 5332 3701 5405; x_wconf 88' lang='lat' dir='ltr'>adipiscerer.</span> 
     </span>
    </p>
   </div>
   <div class='ocr_carea' id='block_1_115' title="bbox 2055 5423 3705 5500">
    <p class='ocr_par' dir='ltr' id='par_1_115' title="bbox 2055 5423 3705 5500">
     <span class='ocr_line' id='line_1_116' title="bbox 2055 5423 3705 5500; baseline -0.006 -13"><span class='ocrx_word' id='word_1_822' title='bbox 2055 5434 2337 5488; x_wconf 69' lang='lat' dir='ltr'>Caeterum</span> <span class='ocrx_word' id='word_1_823' title='bbox 2365 5429 2566 5485; x_wconf 87' lang='lat' dir='ltr'>eadem</span> <span class='ocrx_word' id='word_1_824' title='bbox 2601 5444 2731 5500; x_wconf 65' lang='lat' dir='ltr'>qua;</span> <span class='ocrx_word' id='word_1_825' title='bbox 2752 5427 2916 5500; x_wconf 92' lang='lat' dir='ltr'>prius</span> <span class='ocrx_word' id='word_1_826' title='bbox 2947 5424 3027 5480; x_wconf 91' lang='lat' dir='ltr'>ibi</span> <span class='ocrx_word' id='word_1_827' title='bbox 3059 5425 3275 5496; x_wconf 88' lang='lat' dir='ltr'>pariter</span> <span class='ocrx_word' id='word_1_828' title='bbox 3304 5439 3516 5496; x_wconf 88' lang='lat' dir='ltr'>passus</span> <span class='ocrx_word' id='word_1_829' title='bbox 3537 5427 3594 5479; x_wconf 91' lang='lat' dir='ltr'>et</span> <span class='ocrx_word' id='word_1_830' title='bbox 3613 5423 3705 5479; x_wconf 84' lang='lat' dir='ltr'>vix</span> 
     </span>
    </p>
   </div>
   <div class='ocr_carea' id='block_1_116' title="bbox 2057 5512 3701 5591">
    <p class='ocr_par' dir='ltr' id='par_1_116' title="bbox 2057 5512 3701 5591">
     <span class='ocr_line' id='line_1_117' title="bbox 2057 5512 3701 5591; baseline -0.004 -16"><span class='ocrx_word' id='word_1_831' title='bbox 2057 5520 2353 5591; x_wconf 90' lang='lat' dir='ltr'>aliquibus</span> <span class='ocrx_word' id='word_1_832' title='bbox 2384 5517 2574 5574; x_wconf 91' lang='lat' dir='ltr'>verbis</span> <span class='ocrx_word' id='word_1_833' title='bbox 2614 5535 2728 5589; x_wconf 70' lang='lat' dir='ltr'>prae</span> <span class='ocrx_word' id='word_1_834' title='bbox 2779 5514 3117 5570; x_wconf 82' lang='lat' dir='ltr'>infirmitate</span> <span class='ocrx_word' id='word_1_835' title='bbox 3165 5515 3384 5569; x_wconf 89' lang='lat' dir='ltr'>orando</span> <span class='ocrx_word' id='word_1_836' title='bbox 3435 5512 3701 5586; x_wconf 90' lang='lat' dir='ltr'>prolatis,</span> 
     </span>
    </p>
   </div>
   <div class='ocr_carea' id='block_1_117' title="bbox 2056 5601 3704 5690">
    <p class='ocr_par' dir='ltr' id='par_1_117' title="bbox 2056 5601 3704 5690">
     <span class='ocr_line' id='line_1_118' title="bbox 2056 5601 3704 5690; baseline -0.002 -24"><span class='ocrx_word' id='word_1_837' title='bbox 2056 5625 2264 5690; x_wconf 83' lang='lat' dir='ltr'>gressu</span> <span class='ocrx_word' id='word_1_838' title='bbox 2284 5605 2510 5666; x_wconf 81' lang='lat' dir='ltr'>difficili</span> <span class='ocrx_word' id='word_1_839' title='bbox 2532 5607 2601 5665; x_wconf 90' lang='lat' dir='ltr'>ad</span> <span class='ocrx_word' id='word_1_840' title='bbox 2627 5605 2914 5664; x_wconf 90' lang='lat' dir='ltr'>lectulum</span> <span class='ocrx_word' id='word_1_841' title='bbox 2937 5603 3354 5680; x_wconf 85' lang='lat' dir='ltr'>redii,sperans</span> <span class='ocrx_word' id='word_1_842' title='bbox 3377 5619 3471 5662; x_wconf 90' lang='lat' dir='ltr'>me</span> <span class='ocrx_word' id='word_1_843' title='bbox 3486 5601 3577 5661; x_wconf 90' lang='lat' dir='ltr'>vel</span> <span class='ocrx_word' id='word_1_844' title='bbox 3599 5617 3704 5682; x_wconf 89' lang='lat' dir='ltr'>pro</span> 
     </span>
    </p>
   </div>
  </div>
