4030 6186
408 271 527 337 355
1047 311 1060 321 -
1148 224 1161 237 ’
1419 269 1760 332 OTHLONI
1807 267 2161 328 MONACHI
2209 267 2274 327 S.
2320 262 2810 327 EMMEBAMMI
3701 261 3816 322 356
3905 321 3914 332 ,

409 406 760 465 lassitudine
784 402 1044 476 requiem
1066 402 1322 476 aliquam
1345 402 1570 476 soporis
1599 400 1882 457 salutiferi
1915 404 2054 455 tunc
2084 399 2138 465 Α
2169 399 2341 453 modo
2372 397 2694 454 audisti.De
2724 396 2835 450 ﬁde
2867 409 3140 466 namque,
3165 391 3415 466 quamin
3447 391 3562 448 Deo
3586 394 3813 450 dudum

411 512 584 570 posse
614 494 828 551 sortiri.
861 497 1124 565 Cumque
1152 510 1255 567 pro
1286 493 1394 548 hac
1427 509 1529 564 spe
1552 491 1696 547 lecto
1719 508 1812 547 me
1834 507 2055 563 ponens
2165 486 2453 553 habuisti,
2490 485 2853 542 certissimus
2901 487 3044 539 esto.
3097 483 3206 538 Sed
3258 487 3315 537 et
3359 482 3469 538 hoc
3500 482 3646 539 scito
3680 485 3819 555 quia

411 586 493 641 nil
542 584 758 657 sperati
809 583 1036 655 soporis
1085 600 1290 656 capere
1337 582 1682 656 potuissem,
1734 581 1857 650 sed,
1912 596 2054 651 quo-
2165 577 2365 634 omnia
2395 593 2521 648 quae
2555 592 2765 647 passus
2803 591 2863 630 es
2909 572 3067 628 novit
3119 572 3270 627 Deus
3301 576 3358 627 et
3387 573 3456 627 ad
3489 574 3813 644 profectum

412 689 642 746 cunque
670 690 763 728 me
792 677 1095 740 verterem,
1130 672 1232 727 illa
1262 673 1503 728 fumosa
1549 669 1791 726 visionis
1844 667 2060 723 indicia
2165 671 2335 721 tuum
2383 666 2506 720 ﬁeri
2541 664 2824 736 permisit.
2865 662 2968 718 His
2997 661 3168 716 dictis
3217 660 3481 717 celeriter
3511 679 3808 735 nusquam

409 763 782 835 aliquomodo
815 761 1114 831 sentirem,
1158 762 1430 834 jacebam
1484 760 1664 816 nimia
1713 764 1832 815 tam
1878 757 2057 813 animi
2167 754 2518 827 comparuit.
3748 757 3754 763 ’

409 868 586 925 quam
621 852 879 924 corporis
905 851 1245 907 inﬁrmitate
1277 851 1566 906 detentus.
2235 846 2308 899 At
2338 845 2631 899 daemones
2663 859 2795 897 mox
2840 845 2970 913 post
3017 843 3144 911 ejus
3193 840 3520 896 discessum
3553 843 3815 914 undique

479 943 634 998 Inter
667 941 789 997 hEBC
814 957 967 1007 vero,
999 957 1129 995 cum
1161 956 1348 1012 neque
1389 955 1630 1012 prorsus
1677 955 1772 994 me
1818 936 2056 1009 vigilare
2166 934 2335 990 solito
2368 949 2528 988 more
2559 931 3044 987 circumvolantes
3062 930 3131 985 ad
3159 947 3250 985 me
3281 929 3590 987 dixerunt:
3614 931 3815 988 Miser-

408 1047 513 1087 nec
563 1030 796 1103 penitus
841 1030 1095 1084 dormire
1145 1029 1486 1094 sensissem,
1519 1032 1753 1100 repente
1799 1025 1945 1082 mihi
1973 1027 2055 1082 vi-
2165 1026 2331 1090 rime,
2366 1023 2507 1094 quid
2539 1020 2696 1088 huic,
2729 1020 2830 1092 qui
2860 1024 2917 1075 te
2947 1019 3210 1092 decipere
3235 1019 3413 1085 venit,
3445 1019 3664 1092 aliquid
3690 1038 3814 1078 cre-

409 1137 541 1176 sum
609 1124 697 1175 est
765 1119 920 1192 quod
988 1119 1046 1173 in
1122 1135 1326 1190 campo
1393 1119 1642 1189 quodam
1713 1116 1856 1171 mihi
1921 1119 2056 1171 noto
2165 1114 2299 1169 dere
2330 1112 2535 1184 cupis?
2569 1110 2770 1168 Nonne
2801 1125 2869 1164 ex
2897 1109 3005 1164 hoc
3036 1109 3645 1181 potesprobareillius
3671 1128 3816 1182 qua-

407 1209 652 1266 fuissem
678 1209 1073 1264 circumdatus
1097 1207 1474 1262 multitudine
1491 1207 1824 1262 daemonum
1844 1203 2055 1277 plausu
2162 1203 2400 1259 latatem
2432 1201 2585 1272 quod
2620 1216 2723 1255 nec
2755 1199 2849 1254 hic
2881 1198 3100 1253 diutius
3123 1215 3358 1255 manere
3377 1199 3546 1255 nobis
3567 1216 3820 1272 praesen-

417 1299 822 1370 cachinnoque
851 1297 1072 1369 ingenti
1108 1313 1299 1353 coram
1334 1295 1922 1366 meludentium.Ego
1953 1310 2054 1349 au-
2163 1293 2324 1348 tibus
2367 1289 2655 1347 audebat?
2706 1289 2834 1357 Fac,
2888 1287 3087 1356 miser,
3138 1289 3294 1360 quod
3357 1289 3616 1346 facturus
3674 1292 3816 1358 eris,

407 1391 524 1442 tem
558 1386 700 1441 nihil
733 1386 1014 1441 dubitans
1056 1387 1156 1457 qui
1205 1389 1401 1441 essent
1449 1388 1783 1456 quantaque
1832 1381 2058 1438 malitia
2166 1381 2538 1437 committens
2572 1382 2629 1434 te
2659 1381 2870 1434 nostras
2902 1377 3196 1448 potestati.

409 1475 607 1532 omnia
654 1476 928 1541 facerent,
960 1479 1176 1544 quanto
1207 1474 1414 1544 majori
1446 1475 1568 1528 risu
1599 1490 1697 1529 eos
1746 1476 2056 1544 occupatos
2237 1469 2367 1524 Haec
2398 1472 2454 1523 et
2475 1467 2568 1523 his
2602 1465 2819 1523 similia
2849 1467 3118 1522 dicuntes
3149 1469 3205 1521 et
3235 1483 3328 1522 me
3358 1466 3581 1524 interea
3630 1469 3817 1526 nimio

407 1565 548 1630 vidi,
580 1570 741 1620 tanto
773 1564 1090 1620 tristiorem
1123 1580 1215 1618 me
1245 1563 1505 1630 exhibui,
1540 1566 1736 1634 utpote
1775 1562 1873 1632 qui
1926 1561 2057 1616 illos
2166 1559 2360 1613 furore
2391 1557 2737 1625 auferentes,
2771 1555 3170 1610 discesserunt
3199 1555 3332 1610 inde
3355 1559 3410 1610 et
3432 1571 3534 1628 per
3555 1555 3730 1629 plana
3760 1562 3820 1614 et

376 1699 379 1702 .
405 1653 748 1726 perditionis
783 1669 921 1708 mem
954 1669 1131 1708 causa
1160 1655 1539 1724 congregatos
1569 1650 1807 1705 credidi.
1842 1652 1914 1704 At
1947 1649 2055 1721 illi,
2167 1663 2502 1718 aspera,per
2531 1644 2755 1700 excelsa
2786 1650 2842 1699 et
2873 1645 3166 1715 profunda
3197 1661 3312 1700 uno
3345 1646 3665 1717 eodemque
3687 1664 3817 1703 mo-

407 1746 472 1797 ut
499 1742 771 1798 viderunt
795 1759 885 1796 me
917 1741 1254 1796 nullatenus
1277 1741 1359 1795 eis
1381 1739 1526 1794 velle
1548 1739 1887 1807 arridere,in
1909 1739 2053 1793 iram
2087 1773 2134 1838 B
2167 1737 2262 1792 dio
2293 1738 2392 1790 diu
2421 1739 2820 1806 vagantes,me
2851 1751 2952 1805 per
2981 1738 3298 1805 utrumque
3317 1733 3472 1789 latus
3499 1736 3821 1792 crudeliter

406 1831 635 1886 excitati
661 1835 801 1885 sunt
831 1831 1071 1884 nimiam
1107 1830 1368 1884 dicentes
1407 1847 1418 1883 :
1453 1827 1728 1897 Nunquid
1763 1831 1822 1881 tu
1862 1827 2054 1881 nobis-
2087 1821 2134 1838 ⁸³
2167 1841 2510 1896 percussum
2543 1839 2742 1878 secum
2790 1822 2872 1876 ire
2922 1821 3185 1877 celeriter
3209 1822 3520 1893 jusserunt
3553 1828 3726 1895 atque
3755 1826 3818 1880 in

409 1936 544 1974 cum
575 1921 828 1991 gaudere
859 1918 1178 1988 etjoculari
1207 1935 1320 1972 non
1348 1917 1472 1972 vis?
1496 1917 1642 1979 Quia
1673 1932 1808 1986 ergo
1832 1915 2056 1988 elegisti
2168 1912 2549 1985 praecipitium
2581 1910 2766 1966 multo
2798 1909 3184 1982 periculosius
3215 1910 3405 1982 priore
3456 1915 3820 1983 statuerunt,

411 2008 731 2076 tristitiam,
768 2008 910 2062 satis
955 2008 1210 2078 profecto
1265 2005 1575 2078 experieris
1610 2004 1790 2060 illam.
1834 2005 2058 2069 Quibus
2167 2002 2266 2057 ubi
2300 2002 2474 2071 idem,
2526 2004 2591 2055 ut
2645 1999 2830 2071 prius,
2864 1999 3119 2070 plurima
3149 2000 3463 2071 opprobria
3504 2002 3820 2073 variasque

407 2097 577 2153 dictis
611 2114 742 2152 mox
775 2096 1261 2152 circumvolantes
1295 2096 1549 2166 undique
1594 2099 1645 2149 ct
1697 2095 1946 2150 invicem
1996 2111 2058 2150 se
2169 2092 2359 2146 minas
2380 2089 2750 2154 ebullientes,
2785 2089 2928 2143 adeo
2965 2105 3056 2143 me
3087 2093 3440 2157 terruerunt,
3475 2094 3539 2144 ut
3584 2091 3819 2160 eadem,

406 2186 776 2242 cohortantes
807 2186 864 2240 in
898 2184 1010 2240 mei
1043 2183 1453 2239 contritionem
1477 2184 1882 2254 dicentesque:
1909 2183 2056 2248 Quid
2168 2198 2294 2252 quae
2329 2180 2501 2236 etiam
2534 2178 2717 2250 prius,
2750 2178 2938 2232 facere
2970 2177 3305 2249 cogitarem.
3327 2179 3435 2233 Sed
3459 2195 3590 2234 cum
3622 2179 3683 2233 in
3708 2179 3823 2235 hoc

406 2276 578 2331 modo
610 2274 855 2329 tardatis
887 2273 946 2328 in
980 2291 1045 2328 eo
1077 2274 1230 2344 quod
1265 2289 1415 2343 saepe
1446 2271 1717 2343 petistis?
1748 2273 1829 2326 En
1863 2276 1950 2327 est
1995 2271 2056 2326 in
2167 2270 2316 2325 bello
2347 2273 2654 2324 aestuarem
2685 2271 2742 2322 et
2773 2266 3114 2338 aliquandiu
3147 2267 3419 2323 differens
3452 2269 3638 2324 facere
3688 2285 3822 2341 qua

405 2364 682 2419 manibus
705 2362 1117 2434 vestris,quem
1141 2362 1375 2416 assidua
1394 2360 1885 2416 circumventione
1909 2378 2058 2432 quw-
2168 2359 2416 2431 cogebar
2445 2361 2679 2428 propter
2709 2356 2919 2410 solatia
2959 2355 3234 2426 praedicta
3281 2356 3821 2429 circumspicerem,

407 2452 589 2508 sistis.
611 2451 830 2506 Exinde
852 2449 1140 2522 proﬁcisci
1173 2454 1554 2520 coeperunt,et
1579 2466 1670 2504 me
1694 2453 1942 2520 utroque
1972 2449 2056 2504 la-
2168 2448 2215 2503 si
2247 2449 2393 2502 forte
2420 2447 2629 2501 iterum
2652 2444 2888 2515 aliquod
2912 2443 3246 2514 prasidium
3269 2462 3302 2500 a
3323 2444 3438 2500 Deo
3462 2447 3820 2515 mitteretur,

408 2545 530 2595 tere
561 2556 837 2611 percusso
867 2555 1066 2593 secum
1099 2538 1182 2593 ire
1215 2554 1304 2605 ea,
1338 2555 1452 2608 qua
1481 2538 1593 2608 ipsi
1625 2538 1817 2593 ierunt
1845 2538 2056 2593 veloci-
2167 2536 2362 2591 subito
2395 2535 2547 2588 idem
2581 2533 2680 2603 qui
2713 2537 2769 2586 et
2801 2532 2962 2603 prius
2994 2532 3284 2604 apparuit,
3320 2534 3601 2605 majorem
3625 2539 3824 2590 osten-

408 2633 546 2695 tate,
581 2627 1010 2700 compulerunt.
1045 2631 1160 2682 Iter
1205 2644 1339 2682 vero
1389 2643 1612 2693 eorum,
1665 2632 1729 2680 ut
1782 2626 1925 2680 mihi
1972 2628 2054 2682 vi-
2167 2631 2298 2679 tans
2330 2623 2605 2677 ﬁduciam
2640 2638 2812 2692 quam
2848 2620 3031 2692 prius.
3082 2621 3228 2676 Nam
3278 2621 3378 2677 illa
3425 2623 3824 2679 consolatoria

410 2718 677 2786 debetur,
710 2720 868 2771 tanta
896 2715 1186 2771 celeritate
1216 2716 1496 2787 agebatur
1528 2719 1589 2769 ut
1619 2714 1728 2770 sub
1761 2719 2056 2771 momento
2165 2713 2361 2780 verba,
2394 2729 2520 2783 qua
2554 2715 2724 2765 antea
2753 2710 2924 2776 clam,
2957 2715 3096 2765 tunc
3144 2711 3499 2766 manifestim
3547 2712 3822 2783 protulit,

409 2805 755 2861 brevissimo
786 2803 1076 2859 latissima
1106 2809 1274 2859 terra:
1304 2804 1492 2875 spatia
1522 2803 1853 2859 circuirent.
1894 2805 2056 2868 Quod
2168 2799 2562 2870 dicenszNoli,
2597 2815 2814 2870 quaeso,
2847 2798 2963 2873 noli
2996 2815 3268 2871 peragere
3300 2816 3427 2871 quae
3456 2800 3825 2870 deliberasti,

409 2911 543 2949 cum
577 2894 794 2966 pariter
826 2893 1010 2948 facere
1042 2893 1367 2964 nequirem,
1391 2897 1447 2947 et
1477 2897 1670 2947 tamen
1698 2910 1728 2947 a
1754 2893 2058 2963 spiritibus
2169 2891 2269 2946 sed
2301 2889 2656 2945 confortetur
2685 2905 2783 2944 cor
2814 2892 2979 2942 tuum
3006 2892 3206 2944 contra
3239 2888 3674 2962 impugnantes.
3711 2891 3826 2947 Cui

409 2982 684 3055 malignis
710 2982 1186 3054 percussionibus
1211 2982 1429 3036 crebris
1450 2981 1798 3053 impellerer,
1824 2998 1938 3053 prae
1962 3001 2060 3037 an-
2167 2996 2272 3052 ego
2304 2977 2576 3049 respondi
2613 2994 2624 3032 :
2658 2977 2913 3048 Nequeo,
2949 2977 3193 3033 Domine
3224 2977 3327 3048 mi,
3359 2983 3524 3033 tanta
3554 2980 3825 3049 pericula

409 3072 604 3142 gustia
627 3074 684 3126 et
704 3070 1048 3125 difﬁcultate
1071 3069 1312 3141 spiritus
1335 3070 1575 3125 videbar
1606 3070 1748 3124 mihi
1781 3070 1895 3125 cito
1919 3071 2057 3126 deﬁ-
2101 3139 2129 3142 μ
2166 3069 2369 3124 tandiu
2405 3067 2713 3136 sustinere,
2747 3083 2881 3121 cum
2913 3071 2970 3121 et
2997 3067 3170 3120 turba
3213 3067 3420 3139 ingens
3471 3074 3674 3124 contra
3726 3086 3828 3126 me

409 3139 625 3216 cere.In
650 3159 989 3231 hujusmodi
1014 3139 1149 3230 ergo
1169 3159 1510 3214 difﬁcultate
1534 3158 1721 3214 multa
1741 3159 2058 3216 ineffabilia
2088 3139 2130 3206 (ἶ
2169 3161 2387 3230 pugnet
2407 3161 2463 3211 et
2485 3173 2655 3211 nemo
2681 3172 2772 3210 me
2794 3155 3201 3226 adjuvet.Nam
3236 3161 3541 3228 postquam
3567 3175 3662 3214 me
3683 3175 3826 3214 con-

405 3265 619 3319 passus
652 3248 954 3319 multaque
984 3247 1109 3303 loca
1139 3248 1421 3303 citissime
1455 3265 1789 3320 peragrans,
1816 3250 2052 3304 tandem
2165 3246 2358 3302 solans
2390 3262 2575 3317 nuper
2605 3244 2965 3309 discedebas,
3020 3245 3244 3299 acriora
3295 3261 3386 3300 me
3432 3247 3502 3301 ab
3547 3245 3679 3303 istis
3717 3265 3826 3304 ne-

404 3337 634 3408 positus
686 3353 817 3392 sum
865 3337 921 3390 in
967 3337 1260 3408 quoddam
1303 3336 1683 3407 pracipitium
1717 3336 1850 3404 tale,
1884 3339 2054 3408 cujus
2164 3335 2470 3407 quissimis
2499 3334 2804 3406 spiritibus
2831 3334 2950 3404 pati
2984 3338 3276 3390 tormenta
3306 3335 3622 3392 efﬁciebas.
3658 3339 3823 3402 Qua-

405 3425 718 3481 summitas
736 3426 828 3479 vix
850 3441 942 3480 me
964 3425 1506 3496 caperet,cujusque
1532 3426 1651 3480 ima
1674 3424 1873 3481 nullus
1894 3427 2053 3483 visus
2162 3430 2398 3497 propter
2425 3424 2514 3479 vel
2549 3440 2704 3478 nunc
2735 3439 2966 3478 mecum
3006 3439 3381 3494 perseverans
3436 3426 3649 3496 adjuva
3696 3443 3822 3497 me,

404 3514 739 3587 pertingere
771 3518 986 3585 posset.
1023 3512 1126 3568 Ubi
1161 3530 1255 3568 me
1285 3513 1809 3585 circumspiciente,
1840 3515 1886 3569 si
1921 3515 2051 3586 quis
2163 3531 2235 3569 ne
2262 3515 2402 3568 dum
2435 3513 2645 3568 iterum
2673 3512 3031 3578 discesseris,
3066 3513 3289 3583 majora
3319 3513 3497 3568 etiam
3518 3514 3664 3569 mihi
3696 3521 3823 3571 tor-

403 3603 688 3660 evadendi
720 3602 884 3657 locus
916 3602 1193 3672 esset,qui
1219 3607 1412 3656 tamen
1439 3618 1550 3656 non
1576 3619 1703 3657 esse
1725 3603 2049 3674 videbatur,
2163 3606 2360 3657 menta
2389 3601 2600 3656 iterum
2633 3599 2872 3654 efﬁcias.
2904 3603 2975 3654 At
3005 3599 3100 3654 ille
3130 3601 3276 3656 dixit
3307 3619 3319 3656 :
3347 3601 3495 3669 Non,
3530 3607 3824 3674 quantas-

404 3693 667 3763 undique
700 3690 1186 3745 circumvolantes
1209 3690 1280 3743 ad
1307 3705 1398 3743 me
1429 3691 1721 3744 dzemones
1749 3691 2048 3748 dixerunt:
2161 3707 2392 3761 cunque
2415 3689 2520 3744 tibi
2545 3688 2734 3744 minas
2766 3688 3352 3760 inferant,przevalere
3393 3693 3727 3762 possunt,si
3755 3699 3823 3748 tu

398 3780 510 3834 Ubi
543 3796 679 3852 ergo
712 3796 868 3834 nunc
900 3782 987 3833 est
1018 3793 1152 3849 spes
1182 3776 1284 3831 illa
1313 3794 1491 3848 quam
1523 3778 1582 3832 in
1619 3783 1727 3833 Deo
1757 3779 2052 3834 habuisti?
2162 3778 2567 3835 tantummodo
2600 3778 2711 3832 ﬁde
2741 3793 2960 3848 speque
2989 3778 3281 3834 constanti
3316 3779 3374 3833 in
3407 3779 3654 3852 Domino
3677 3798 3822 3853 per—

403 3868 510 3923 Ubi
531 3884 762 3940 quoque
778 3872 867 3922 est
887 3867 1012 3938 ipse
1031 3866 1383 3920 Deustuus?
1409 3865 1672 3921 nescisne
1686 3868 1840 3937 quod
1865 3884 2051 3940 neque
2161 3883 2421 3925 severare
2453 3867 2674 3922 studes.
2706 3866 3038 3921 Confortare
3065 3882 3224 3939 ergo,
3258 3869 3396 3939 quia
3427 3873 3645 3940 quanto
3677 3887 3823 3942 gra-

399 3956 574 4020 Deus,
603 3960 668 4010 ut
698 3955 932 4021 dicitur,
966 3957 1072 4020 est,
1107 3969 1294 4023 neque
1339 3952 1498 4008 illius
1547 3955 1806 4026 potentia
1849 3961 2051 4012 contra
2157 3958 2316 4012 viora
2376 3956 2583 4011 amodo
2642 3955 2962 4010 certamina
3019 3957 3363 4023 sustinebis,
3415 3963 3574 4013 tanto
3635 3958 3828 4016 citius

402 4060 511 4100 nos
544 4044 870 4118 quidquam
903 4041 1209 4114 praevalet?
1238 4043 1306 4096 Et
1335 4047 1401 4097 ut
1430 4043 1538 4097 hoc
1571 4043 1652 4098 ita
1679 4060 1805 4099 esse
1827 4046 2050 4116 absque
2158 4046 2455 4101 ﬁnientur.
2493 4044 2574 4098 Ad
2608 4044 2729 4098 haac
2759 4043 2931 4099 etiam
2966 4045 3246 4100 denuntio
3271 4045 3408 4118 quia
3435 4047 3484 4101 si
3517 4047 3671 4102 bella
3707 4048 3831 4104 Do-

401 4131 579 4186 dubio
611 4116 933 4202 agnoscas,
968 4131 1186 4202 respice
1218 4131 1356 4202 quia
1389 4148 1556 4187 nemo
1578 4131 1670 4186 hic
1701 4137 1787 4188 est
1819 4135 2051 4205 adjutor
2159 4133 2302 4188 mini
2331 4137 2666 4189 constanter
2692 4132 2998 4204 prmliaris,
3051 4133 3106 4188 in
3158 4134 3356 4191 futuro
3405 4139 3620 4191 aeterna
3652 4137 3826 4192 acci-

399 4224 538 4274 tuus
570 4235 857 4290 nemoque
880 4224 936 4274 te
959 4220 1180 4291 eripere
1211 4222 1488 4290 potestde
1511 4222 1784 4278 manibus
1807 4224 2044 4279 nostris.
2156 4223 2282 4295 pies
2313 4223 2570 4294 praemia,
2603 4226 2659 4277 et
2689 4221 2748 4276 in
2783 4221 2891 4278 hoc
2946 4222 3156 4278 saeculo
3206 4223 3417 4280 celebri
3463 4225 3828 4282 dilataberis

396 4308 557 4380 Elige
575 4324 710 4382 ergo
734 4326 889 4364 nunc
916 4308 1054 4380 quid
1076 4307 1419 4380 facias,quia
1449 4310 1560 4365 nisi
1593 4309 1693 4366 illa
1725 4329 1854 4383 quae
1878 4313 2047 4369 nobis
2159 4311 2462 4368 memoria.

397 4397 664 4470 placeant
695 4398 929 4454 fatearis
955 4398 1164 4453 amodo
1190 4401 1243 4453 te
1266 4403 1555 4465 acturum,
1589 4399 1683 4455 hic
1715 4402 2046 4474 praccipita-
2227 4405 2356 4456 Haec
2392 4400 2573 4472 igitur
2600 4402 2855 4457 secundo
2887 4401 3086 4456 dicens
3116 4401 3369 4468 evanuit,
3405 4419 3498 4458 me
3537 4402 3825 4460 discessu

397 4486 478 4541 ris
508 4486 566 4541 in
596 4487 1007 4558 abyssum.Ast
1027 4503 1132 4558 ego
1155 4486 1276 4542 haec
1308 4488 1552 4543 audiens
1583 4491 1856 4560 angustia
1878 4491 2045 4546 undi-
2074 4509 2121 4572 D
2153 4506 2259 4545 suo
2286 4490 2344 4544 in
2369 4491 2621 4545 maximo
2645 4490 3009 4546 constituens
3039 4489 3472 4561 periculo.Nam
3507 4491 3831 4549 damones

395 4592 507 4648 que
538 4574 909 4648 deprimebar
936 4593 1039 4647 pro
1071 4591 1136 4631 eo
1165 4577 1318 4647 quod
1353 4592 1539 4648 neque
1566 4577 1683 4633 illis
1715 4581 2042 4636 consentire
2152 4579 2211 4633 in
2243 4580 2370 4650 ejus
2388 4579 2623 4651 quidem
2647 4579 2956 4650 praesentia
2975 4578 3122 4633 nihil
3145 4585 3348 4635 contra
3371 4597 3464 4636 me
3485 4597 3829 4651 praesume-

394 4681 584 4736 neque
616 4663 881 4720 resistere
904 4669 1096 4720 tutum
1129 4682 1258 4720 esse
1289 4665 1476 4721 rebar.
1495 4666 1857 4722 Recordabar
1886 4670 2040 4724 enim
2151 4669 2326 4735 bant;
2361 4672 2672 4741 postquam
2705 4684 2833 4722 vero
2866 4668 3158 4733 discessit,
3184 4673 3348 4724 tanta
3379 4670 3440 4725 in
3473 4685 3566 4724 me
3599 4671 3835 4726 crude-

394 4752 531 4809 licet
548 4754 1156 4827 menteinﬁrma,quia
1178 4754 1289 4810 ﬁde
1308 4754 1637 4811 certissima
1659 4755 1798 4811 olim
1822 4758 2040 4814 credidi
2153 4755 2312 4812 litate
2338 4757 2652 4812 seeviebant
2674 4761 2738 4812 ut
2768 4773 2835 4812 ea
2864 4774 2988 4828 qua:
3020 4758 3180 4829 prius
3204 4759 3455 4830 agebant
3479 4757 3629 4815 levia
3649 4759 3837 4816 vide-

391 4846 449 4896 et
479 4841 590 4913 legi
624 4847 807 4897 Deum
841 4844 1056 4914 ubique
1087 4849 1432 4915 praesentem
1479 4860 1606 4900 esse
1655 4845 1901 4917 ideoque
1931 4848 2040 4902 cir-
2151 4853 2372 4917 rentur,
2406 4846 2660 4901 dicentes
2695 4863 2708 4900 :
2741 4845 3066 4917 Experieris
3100 4847 3378 4918 profecto,
3415 4847 3555 4919 quid
3583 4847 3686 4903 ille
3725 4866 3839 4905 su-

394 4930 715 5000 cumspexi,
750 4931 798 4984 si
832 4931 995 4995 forte,
1027 4936 1091 4985 ut
1121 4933 1502 4998 credideram,
1538 4933 1773 5004 aliquod
1814 4951 1881 4990 ex
1930 4942 2039 4992 Deo
2151 4952 2318 4990 surro
2349 4939 2488 4990 tuus
2517 4933 2620 4990 tibi
2649 4951 2986 4990 succurrere
3032 4936 3236 5007 possit.
3288 4936 3491 4992 Nonne
3543 4936 3838 4995 diximus

395 5014 723 5071 mitteretur
752 5016 1253 5072 subsidium.Cum
1287 5024 1478 5073 autem
1506 5020 1728 5075 interea
1749 5021 2040 5079 daemones
2150 5022 2256 5076 tibi
2287 5029 2343 5078 et
2368 5025 2530 5095 prius
2565 5023 2701 5095 quia
2731 5040 2902 5078 nemo
2933 5024 3153 5095 eripere
3185 5031 3240 5080 te
3263 5024 3414 5081 valet
3433 5025 3504 5081 de
3527 5025 3841 5084 manibus

397 5105 608 5160 acriter
637 5105 995 5174 insisterent,
1020 5106 1313 5177 exigentes
1346 5124 1378 5161 a
1409 5124 1501 5162 me
1532 5109 1671 5179 quid
1696 5109 1908 5182 eligere
1929 5111 2041 5166 vel-
2151 5112 2407 5167 nostris?
2438 5115 2550 5168 Cur
2572 5112 2740 5167 nobis
2770 5111 2941 5168 toties
2969 5113 3170 5168 eadem
3203 5113 3533 5170 dicentibus
3560 5115 3847 5174 minime

391 5193 508 5250 lem
541 5195 613 5249 de
643 5194 958 5266 proposito,
986 5199 1041 5249 et
1089 5195 1148 5248 in
1196 5212 1260 5250 eo
1306 5212 1450 5267 pene
1500 5213 1591 5253 res
1636 5204 1790 5254 esset
1818 5205 1882 5256 ut
1913 5218 2038 5272 quae
2151 5201 2375 5255 credis?
2411 5199 2507 5256 ille
2537 5201 2808 5256 seductor
2857 5206 2995 5256 tuus
3047 5203 3218 5258 modo
3254 5204 3408 5272 fecit,
3443 5203 3598 5260 sicut
3626 5204 3844 5262 etiam

392 5283 504 5338 sibi
536 5283 748 5354 placita
783 5284 967 5339 forent
999 5299 1090 5339 me
1123 5290 1391 5340 acturum
1418 5287 2038 5360 promitterem,subito
2150 5289 2314 5361 prius
2370 5290 2596 5362 fugiens
2647 5307 2774 5346 nos.
2827 5290 3172 5346 Audivimus
3223 5308 3479 5364 namque
3529 5293 3846 5364 quaedam

391 5372 631 5444 quidam
662 5373 748 5427 vir
778 5373 936 5428 visus
969 5379 1057 5428 est
1087 5391 1264 5446 prOpe
1294 5392 1384 5430 me
1409 5381 1565 5432 stare
1597 5377 1795 5434 dicens
1823 5397 1834 5433 :
1861 5380 1941 5434 Ne
1964 5380 2039 5434 fa-
2150 5395 2365 5452 magna
2390 5379 2494 5435 tibi
2527 5379 2986 5452 promittentem,
3018 5380 3239 5436 scilicet
3271 5386 3353 5449 ut,
3391 5381 3440 5438 si
3474 5382 3606 5454 ejus
3637 5385 3852 5440 sedu-

391 5460 514 5517 cias
545 5477 673 5532 qua:
704 5461 1091 5535 compelleris,
1123 5464 1260 5536 quia
1289 5481 1404 5519 non
1438 5469 1810 5525 conveniunt.
1832 5469 2042 5525 Omnia
2150 5469 2440 5524 ctionibus
2463 5469 2850 5542 obtemperes,
2883 5467 3171 5525 celebrem
3204 5474 3259 5526 te
3293 5470 3416 5525 ﬁeri
3450 5471 3511 5525 in
3544 5473 3847 5544 mundo;

390 5549 546 5614 enim
570 5554 708 5622 sunt
738 5550 886 5608 falsa
915 5568 1042 5629 quae
1071 5553 1143 5610 ab
1176 5552 1268 5611 his
1297 5553 1571 5630 pessimis
1632 5558 2039 5622 seductoribus
2149 5561 2385 5618 econtra
2411 5573 2543 5616 vero
2575 5575 2680 5619 nos
2709 5558 2815 5619 tibi
2846 5558 3100 5618 dicimus
3129 5563 3186 5616 et
3217 5559 3457 5627 omnino
3495 5559 3854 5634 denuntia-
