4030 6186
199 285 306 347 357

1551 284 1785 345 LIBER
1826 282 2229 347 VISIONUM.

3477 294 3595 357 358

198 415 513 488 mus,quia,
529 414 641 471 nisi
656 416 897 472 monitis
912 419 1462 491 atquejussionibus
1476 418 1835 475 nostrisobe-
1863 419 1917 486 Α
1950 435 2125 475 cens:
2162 418 2294 476 Vale
2325 424 2382 476 et
2410 422 2503 477 dic
2531 424 2803 498 episcopo
2834 424 3086 483 civitatis
3132 427 3313 499 hujus
3361 434 3427 485 ut
3448 436 3505 488 et
3533 449 3595 488 se

203 506 469 573 dieris,ad
485 510 781 562 tantamte
803 507 1206 565 confusionem
1234 510 1717 582 perducemus,ut
1739 526 1841 581 per

201 610 422 651 omnem
444 599 662 650 terram
693 597 897 651 eadem
936 597 1199 653 confusio
1230 596 1581 669 divulgetur.
1604 598 1689 651 Ad
1721 597 1842 653 haec

199 687 364 743 etiam
395 684 501 740 tibi
528 685 876 741 intimamus
915 686 1073 758 quia,
1128 686 1177 743 si
1226 686 1600 759 aliquomodo
1632 704 1842 742 manus

202 778 422 831 nostras
446 774 573 845 jam
606 774 857 830 evaseris
888 775 1063 847 (quod
1093 779 1287 832 tamen
1332 776 1694 849 impossibile
1726 777 1844 833 fore

202 863 536 933 credimus),
569 863 1004 934 persecutiones
1036 865 1322 922 maximas
1352 883 1454 939 per
1484 883 1590 922 nos
1613 882 1844 939 semper

200 952 451 1028 patieris.
484 953 629 1008 Cum
669 969 806 1025 ergo
855 952 975 1008 haec
1018 959 1194 1026 atque
1239 955 1333 1012 his
1390 956 1608 1013 similia
1634 956 1848 1029 saepius

202 1046 523 1115 repetentes
545 1058 636 1097 me
657 1042 951 1115 angustiis
973 1042 1370 1101 ineﬂ‘abilibus
1393 1047 1738 1119 afﬂigerent,
1764 1046 1849 1101 in-

203 1138 369 1200 terea,
400 1130 591 1204 gratia
620 1130 816 1186 divina
836 1132 1142 1201 efﬁciente,
1168 1134 1629 1191 tintinnabulum
1654 1135 1850 1191 sonuit

202 1221 454 1294 primum
485 1221 559 1275 ad
600 1225 901 1276 nocturnae
933 1220 1126 1279 laudis
1157 1223 1414 1297 signum.
1465 1225 1626 1289 Quod
1657 1225 1757 1280 ubi
1788 1224 1848 1280 in

204 1311 344 1367 lecto
365 1312 566 1381 iacens
589 1310 977 1367 moribundus
999 1313 1214 1385 audivi,
1239 1314 1308 1369 ad
1350 1330 1443 1370 me
1476 1314 1672 1387 ipsum
1706 1332 1849 1386 pau-

206 1400 360 1456 latim
387 1415 682 1467 reversus,
715 1400 1041 1457 sentiebam
1068 1418 1161 1458 me
1194 1402 1303 1459 hac
1333 1404 1451 1459 vita
1472 1405 1711 1476 perfrui,
1745 1420 1851 1459 nec

205 1489 338 1562 quid
361 1489 610 1545 fumosa:
632 1488 874 1546 visionis
895 1490 1051 1547 ultra
1074 1491 1215 1549 vidi.
1241 1493 1596 1549 Recordatus
1618 1510 1851 1565 quoque

202 1579 526 1646 verborum,
561 1595 687 1650 quae
718 1578 864 1634 mihi
896 1579 956 1634 in
999 1580 1222 1638 visione
1269 1600 1303 1637 a
1348 1583 1469 1638 viro
1518 1600 1610 1639 me
1641 1599 1850 1639 conso-

207 1667 355 1723 lante
387 1668 728 1740 nuperrime
758 1668 916 1725 dicta
945 1676 1105 1740 sunt,
1138 1671 1253 1726 dixi
1281 1690 1293 1727 :
1327 1672 1370 1727 Ο
1401 1689 1577 1744 quam
1604 1688 1740 1727 vera
1762 1672 1849 1727 di-

1949 513 2007 564 et
2038 525 2211 564 suum
2243 510 2463 566 clerum
2496 512 2569 567 ab
2612 514 2996 572 immoderato
3042 516 3359 590 illicitoque
3389 525 3597 577 ornatu

1951 598 2261 665 contineat,
2292 616 2363 656 ne
2401 600 2549 657 forte
2596 619 2773 675 super
2820 621 2917 660 eos
2968 605 3109 662 ultio
3155 607 3354 665 divina
3382 610 3598 666 veniat.

1950 687 2247 759 Evigilans
2278 692 2471 745 autem
2503 689 2749 748 clericus
2768 698 2823 748 et
2841 694 3125 751 visionem
3155 713 3259 770 pro
3292 698 3602 756 delusoriis

1954 777 2201 832 somniis
2222 782 2501 850 reputans
2517 780 2689 850 jussa
2701 782 2971 854 neglexit.
2988 785 3098 840 Sed
3111 786 3353 859 angelus
3366 788 3601 845 Domini

1954 864 2168 920 iterum
2209 866 2415 922 clerico
2476 870 2745 940 praedicto
2807 870 3081 928 similiter
3138 891 3446 946 apparens,
3480 878 3600 934 ait:

1956 954 2144 1018 Quare
2175 961 2459 1028 praecepta
2515 975 2644 1014 mea
2673 961 3132 1033 contempsisti?
3172 968 3316 1020 Cave
3347 983 3417 1022 ne
3448 966 3602 1024 ultra

1958 1043 2157 1099 facias.
2193 1044 2256 1100 In
2284 1046 2525 1102 veritate
2553 1047 2707 1103 enim
2740 1048 2868 1104 dico
2896 1050 3000 1105 tibi
3055 1052 3213 1122 quia,
3266 1054 3316 1108 si
3346 1054 3602 1127 amplius

1959 1132 2186 1201 faceris,
2221 1150 2335 1189 non
2368 1135 2699 1207 impunitus
2732 1138 3007 1194 evaseris.
3055 1144 3125 1195 At
3173 1140 3439 1211 clericus,
3472 1142 3607 1200 licet

1959 1221 2300 1295 aliquandiu
2322 1224 2393 1279 de
2406 1224 2627 1280 visione
2642 1229 2900 1283 tractans
2917 1228 3372 1300 pertimesceret,
3387 1237 3604 1303 tamen,

1960 1316 2024 1367 ut
2044 1312 2227 1384 prius,
2248 1314 2483 1369 tandem
2504 1314 2774 1387 neglexit.
2798 1317 2994 1373 Tertia
3012 1323 3205 1374 autem
3224 1321 3347 1376 vice
3364 1321 3607 1395 angelus

1960 1401 2273 1457 adveniens
2302 1420 2439 1473 non,
2469 1407 2534 1458 ut
2566 1409 2755 1472 antea,
2788 1404 3065 1463 clericum
3115 1425 3217 1480 per
3244 1411 3476 1467 somnia
3504 1412 3605 1467 ad-

1961 1491 2211 1558 monuit,
2234 1491 2336 1547 sed
2359 1491 2552 1564 palam
2578 1494 2847 1549 excitavit
2866 1511 3025 1562 eum,
3047 1496 3280 1553 dicens:
3305 1500 3420 1554 Cur
3436 1500 3609 1558 toties

1960 1584 2247 1651 praecepta
2272 1596 2399 1635 mea
2443 1586 2813 1637 contemnere
2862 1599 3043 1639 ausus
3095 1586 3206 1641 es?
3254 1591 3456 1644 Nonne
3488 1589 3609 1645 dixi

1960 1668 2066 1722 tibi
2090 1669 2247 1739 quia,
2272 1669 2319 1723 si
2338 1669 2593 1742 amplius
2607 1676 3029 1740 contemneres,
3055 1673 3335 1731 ultionem
3349 1675 3607 1749 aliquam

208 1762 286 1812 cla
307 1756 409 1813 ille
431 1757 698 1829 protulit,
722 1758 819 1830 qui
836 1759 1174 1815 conﬂictum
1189 1776 1385 1817 meum
1401 1762 1512 1818 cito
1527 1761 1850 1817 ﬁniendum
1880 1793 1929 1858 B
1963 1756 2211 1855 sentires
2226 1756 2253 1810 7
2269 1756 2371 1812 Cui
2394 1757 2639 1814 clericus
2658 1760 3037 1830 respondens,
3065 1762 3145 1817 ait
3170 1779 3182 1817 :
3207 1762 3354 1830 Non,
3373 1764 3609 1822 domine

208 1862 324 1902 esse
349 1847 529 1902 modo
552 1846 844 1919 praedixit!
862 1847 1137 1919 heu,heu,
1166 1852 1322 1921 quod
1345 1867 1448 1923 per
1472 1867 1643 1907 omne
1665 1851 1853 1907 noctis

212 1935 385 2007 hujus
408 1937 766 2008 praeteritum
787 1940 1022 2010 tempus
1049 1938 1194 1993 mihi
1212 1938 1501 1996 laboranti
1523 1940 1856 1996 nesciebam

213 2041 330 2081 esse
350 2026 791 2097 profectuosum
820 2027 999 2099 hujus
1023 2027 1403 2085 tintinnabuli
1424 2031 1664 2086 sonum!
1695 2046 1854 2097 nam,

212 2114 252 2170 si
272 2114 509 2180 scirem,
535 2119 1055 2188 quantumcunque
1074 2134 1155 2172 vae
1191 2117 1336 2173 mihi
1371 2118 1611 2189 inesset,
1651 2116 1739 2173 vel
1771 2135 1858 2173 re-

210 2204 424 2275 ptando
444 2202 505 2257 in
524 2203 932 2260 dormitorium
950 2205 1231 2274 venirem,
1252 2211 1317 2261 ut
1336 2206 1591 2279 aliquem
1610 2208 1683 2262 ad
1701 2206 1856 2262 idem

210 2290 671 2349 tintinnabulum
702 2291 873 2365 longe
904 2293 1068 2366 prius
1094 2297 1427 2351 sonandum
1460 2296 1739 2366 excitans,
1762 2312 1860 2350 an-

210 2382 464 2455 gustiam
494 2382 836 2439 diuturnam
866 2383 1108 2440 visionis
1138 2384 1613 2442 laboriosissimae
1644 2384 1861 2457 aliqua-

209 2476 377 2527 tenus
410 2470 784 2528 minuissem.

273 2562 698 2617 Verumtamen
723 2562 931 2617 deinde
956 2563 1014 2617 in
1040 2568 1262 2621 tantam
1286 2565 1546 2638 corporis
1567 2569 1623 2620 et
1653 2565 1860 2620 anima:

210 2649 617 2705 inﬁrmitatem
650 2648 837 2704 decidi
869 2654 932 2704 ut
962 2667 1030 2706 ex
1077 2650 1441 2707 imminentis
1491 2651 1706 2708 doloris
1737 2668 1861 2706 ma-

212 2739 518 2811 gnitudine
551 2738 887 2809 frequenter
914 2740 986 2794 ab
1016 2740 1126 2795 hac
1149 2756 1241 2795 me
1262 2742 1378 2797 vita
1399 2740 1571 2797 citius
1595 2740 1861 2795 subtrahi

210 2833 497 2900 optarem.
519 2827 838 2899 Postquam
868 2844 1002 2884 vero
1032 2829 1317 2895 convalui,
1350 2831 1407 2885 in
1441 2830 1549 2885 hoc
1579 2830 1862 2886 visionem

211 2918 549 2989 praedictam
574 2933 766 2972 veram
790 2933 917 2973 esse
940 2918 1120 2986 sensi,
1144 2919 1297 2990 quod
1323 2919 1578 2992 plurima
1596 2920 1864 2976 tentatio-

208 3024 349 3062 num
367 3008 500 3078 jam
525 3006 627 3061 diu
650 3006 708 3060 in
733 3023 824 3062 me
846 3008 1267 3078 tepescentium
1299 3008 1556 3079 pericula
1586 3008 1863 3081 malignis

210 3096 547 3168 spiritibus,
580 3095 734 3150 sicut
760 3096 1179 3167 promiserunt,
1200 3098 1689 3169 persequentibus
1712 3113 1864 3153 reca-

1966 1845 2068 1912 mi,
2100 1850 2479 1902 contemnens
2509 1847 2649 1903 talia
2679 1848 2807 1917 feci,
2832 1850 2931 1905 sed
2956 1850 3095 1921 quia
3115 1856 3339 1908 tantam
3362 1854 3610 1911 senioris

1965 1934 2079 1990 mei
2112 1934 2369 2007 episCOpi
2402 1936 2866 2009 indignationem
2896 1938 3100 1995 exinde
3131 1943 3610 1999 commovendam

1966 2022 2222 2080 sciebam
2247 2029 2328 2091 ut,
2353 2024 2467 2080 nisi
2489 2024 2725 2097 signum
2747 2025 2985 2098 aliquod
3008 2028 3250 2087 monitis
3272 2030 3490 2088 talibus
3512 2032 3612 2088 ad-

1966 2112 2186 2182 derem,
2218 2112 2542 2184 periculum
2588 2114 2909 2171 maximum
2961 2116 3341 2174 incurrerem.
3378 2121 3461 2175 Ad
3493 2120 3614 2177 haec

1968 2200 2209 2273 angelus
2236 2219 2248 2255 :
2282 2202 2362 2273 Si,
2394 2202 2606 2274 inquit,
2642 2203 2875 2275 signum
2908 2222 2942 2260 a
2972 2222 3065 2262 me
3095 2207 3298 2281 exigis,
3327 2209 3614 2282 suscipies

1966 2307 2071 2362 pro
2102 2295 2277 2347 certo.
2310 2291 2411 2346 His
2442 2291 2613 2347 dictis
2656 2293 2911 2365 sumpsit
2958 2296 3255 2366 quoddam
3296 2297 3613 2369 ﬂagellato-

1969 2381 2144 2447 rium,
2176 2385 2232 2436 et
2279 2397 2413 2435 cum
2459 2398 2525 2436 eo
2574 2382 2797 2438 diutius
2849 2384 3074 2439 caedens
3121 2384 3398 2441 clericum
3430 2387 3613 2444 dixit:

1968 2469 2112 2525 Ecce
2143 2469 2401 2542 signum,
2443 2471 2595 2542 quod
2647 2471 2860 2541 petisti,
2916 2472 3007 2527 sin
3056 2472 3201 2530 alias
3247 2475 3466 2531 nostris
3498 2492 3614 2532 non

1970 2576 2141 2614 curas
2172 2559 2405 2614 credere
2432 2558 2642 2623 verbis,
2674 2558 2909 2629 signum
2958 2562 3267 2631 donamus,
3303 2564 3395 2619 cui
3426 2564 3619 2619 differt

1971 2649 2202 2703 credere
2234 2647 2452 2703 nullus.
2485 2648 2643 2703 Vade
2690 2664 2826 2720 ergo
2876 2666 3031 2704 nunc
3077 2655 3133 2705 et
3178 2652 3387 2723 perﬁce
3417 2656 3618 2709 nostra

1962 2740 2153 2809 jussa.
2179 2737 2285 2801 Qui
2306 2754 2439 2793 mox
2456 2736 2537 2792 nil
2554 2737 2833 2793 dubitans
2849 2738 2991 2793 abiit
3007 2740 3076 2793 ad
3095 2740 3431 2813 episcopum
3451 2742 3618 2813 eique

1972 2826 2300 2898 angelicum
2331 2826 2531 2881 retulit
2560 2826 2925 2881 mandatum.
2978 2829 3255 2884 Ceterum
3307 2830 3617 2902 episcopus

1971 2916 2214 2971 audiens
2240 2915 2579 2985 hujusmodi
2609 2916 2783 2987 dicta,
2816 2916 3217 2988 indignatione
3246 2919 3620 2991 comprehen-

1971 3005 2133 3060 ditur
2164 3004 2379 3058 nimia:
2434 3006 2639 3074 Quare,
2698 3002 2994 3076 inquiens,
3056 3005 3201 3061 tales
3250 3007 3617 3065 somniorum

1972 3099 2211 3148 tuorum
2246 3108 2433 3164 nugas
2464 3091 2848 3148 stolidissime
2879 3095 3310 3167 praesumpsisti
3353 3096 3496 3151 mihi
3524 3113 3619 3153 re-

208 3160 429 3241 lescere
452 3160 952 3256 cce'perintjPorro
973 3186 1043 3241 de
1064 3160 1304 3257 reliquis
1325 3160 1680 3258 quibusdam
1706 3204 1739 3242 a
1770 3202 1863 3242 me
1893 3160 1937 3228 (ἶ
1976 3183 2123 3238 ferre
2142 3181 2170 3235 7
2224 3160 2357 3236 H35
2411 3184 2461 3236 et
2518 3180 2635 3238 haec
2691 3182 2833 3236 mihi
2859 3160 2999 3237 Deus
3028 3160 3214 3249 addat,
3255 3184 3303 3240 si
3338 3202 3619 3256 praesum-

208 3275 383 3330 dictis
420 3278 480 3329 et
498 3278 639 3329 tunc
670 3278 728 3329 et
755 3273 946 3329 adhuc
977 3274 1059 3330 ita
1088 3274 1345 3332 incertus
1376 3292 1531 3343 sum,
1556 3280 1620 3331 ut
1641 3278 1864 3348 absque

204 3364 403 3436 gratia
427 3362 553 3430 Dei,
575 3362 634 3417 in
656 3379 769 3435 qua
792 3363 1083 3420 confidere
1102 3368 1159 3419 et
1191 3364 1425 3420 credere
1442 3364 1619 3421 variis
1640 3364 1864 3421 instru-

203 3458 345 3508 ctus
369 3467 513 3507 sum
536 3453 957 3524 experimentis,
980 3470 1074 3509 me
1104 3452 1248 3508 nihil
1278 3454 1583 3522 meruisse,
1608 3453 1755 3509 nihil
1775 3454 1864 3509 in-

203 3547 525 3615 posterum
557 3558 722 3613 posse
752 3543 964 3599 mereri
993 3544 1195 3599 sciam.

776 3650 971 3706 VISIO
1015 3650 1302 3715 QUINTA.

210 3740 387 3807 Quam
425 3739 776 3796 detestanda:
805 3740 867 3795 in
913 3739 1132 3795 clericis
1182 3741 1344 3795 luxus
1373 3744 1603 3797 vestium.
1648 3750 1721 3796 ut
1748 3742 1867 3796 cui-

814 3812 949 3867 dam
976 3820 1269 3869 ostensum.

277 3902 429 3957 Cum
465 3917 613 3973 puer
643 3900 835 3956 adhuc
888 3900 959 3956 ad
1019 3900 1440 3956 monasterium
1486 3900 1870 3957 Herveldense

206 3990 509 4047 scribendi
539 4006 719 4045 causa
755 3989 1141 4046 transmissus
1188 3990 1454 4060 fuissem,
1504 3990 1747 4063 contigit
1777 4006 1871 4046 me

210 4094 537 4150 agnoscere
568 4080 855 4134 visionem
887 4095 1162 4151 magnam
1201 4079 1272 4134 de
1321 4078 1581 4135 coenobio
1613 4078 1869 4134 Hildine-

208 4167 567 4225 sheimensi.
594 4168 731 4223 Inde
743 4184 998 4239 namque
1010 4168 1125 4239 duo
1139 4168 1397 4223 canonici
1414 4186 1447 4223 a
1461 4170 1643 4224 beatae
1657 4184 1872 4225 memo-

205 4257 305 4311 riae
327 4258 671 4313 Gotehardo
693 4258 965 4330 episcopo
986 4258 1247 4313 discendi
1270 4256 1456 4329 gratia
1490 4258 1561 4312 ad
1585 4258 1869 4326 scholam,

203 4362 336 4419 qua
360 4363 474 4421 per
521 4346 679 4403 idem
701 4352 935 4419 tempus
958 4347 1067 4403 sub
1117 4344 1306 4402 ablate
1353 4345 1596 4401 Arnulfo
1618 4346 1698 4401 ibi
1730 4346 1872 4403 satis

200 4436 493 4507 pollebat,
519 4436 667 4491 mihi
702 4440 860 4502 sunt,
886 4451 1136 4508 quorum
1152 4434 1357 4505 junior
1377 4435 1539 4506 Boto,
1565 4433 1709 4490 alter
1739 4452 1871 4491 vero

1972 3271 2231 3344 ptionem
2262 3273 2485 3323 tantam
2520 3268 2785 3340 nequitia
2815 3275 2916 3323 tua
2938 3270 3179 3340 impune
3206 3272 3369 3327 ferat.
3394 3273 3620 3336 Quibus

1972 3360 2143 3417 dictis
2175 3358 2419 3414 clericus
2450 3358 2828 3429 progrediens
2858 3357 2930 3412 ab
2961 3374 3027 3413 eo
3057 3358 3339 3430 pusillum
3370 3361 3530 3415 exuit
3558 3376 3620 3416 se

1970 3448 2337 3507 vestimentis
2368 3447 2595 3518 citoque
2627 3446 2957 3519 regrediens
2990 3447 3247 3502 ostendit
3267 3448 3507 3504 dorsum
3532 3449 3620 3503 ni-

1976 3538 2109 3594 miis
2131 3535 2467 3593 verberibus
2486 3539 2807 3606 exaratum,
2828 3535 3059 3591 dicens:
3084 3536 3166 3591 En
3192 3536 3363 3608 quale
3383 3537 3621 3610 signum

1975 3628 2236 3699 accipere
2267 3624 2474 3690 merui,
2509 3640 2642 3679 cum
2675 3628 2731 3679 te
2768 3624 3019 3679 nimium
3069 3630 3336 3682 metuens
3382 3625 3498 3681 Deo
3530 3641 3623 3681 re-

1975 3716 2147 3774 bellis
2178 3713 2410 3771 exstitil
2446 3712 2536 3768 bis
2568 3730 2822 3785 namque
2852 3714 3059 3783 jussus
3110 3730 3144 3769 a
3195 3720 3307 3771 Deo
3356 3716 3483 3786 ejus
3514 3714 3623 3771 tibi

1977 3808 2200 3863 deferre
2231 3804 2530 3870 mandata,
2566 3802 2665 3858 sed
2700 3807 2934 3875 propter
2981 3806 3150 3858 tuum
3205 3803 3477 3859 timorem
3509 3820 3625 3860 non

1979 3897 2255 3952 obediens
2286 3893 2405 3949 tala
2435 3890 2646 3963 pertuli
2679 3891 2927 3964 ﬂagella.
2977 3892 3217 3949 Talibus
3245 3892 3426 3965 igitur
3454 3892 3627 3949 dictis

1979 3984 2156 4041 simul
2187 3988 2244 4039 et
2272 3983 2414 4039 visis
2461 3981 2769 4039 exterritus
2817 3981 3128 4053 episcopus
3176 3982 3475 4038 mandavit
3502 3982 3627 4038 fieri

1979 4074 2292 4145 synodum,
2324 4072 2382 4126 in
2417 4088 2534 4143 qua
2577 4070 2909 4126 conveniret
2955 4070 3149 4127 omnis
3195 4072 3370 4127 turba
3395 4070 3631 4126 clerico-

1980 4181 2133 4220 rum.
2150 4165 2272 4229 Quo
2289 4177 2422 4217 cum
2443 4160 2836 4227 advenissent,
2853 4160 3131 4216 omnibus
3144 4161 3422 4216 mandata
3435 4160 3632 4216 divina

1978 4252 2258 4320 innotuit,
2291 4265 2495 4307 omnes
2528 4250 2598 4304 ad
2632 4249 3055 4321 paenitentiam,
3088 4266 3293 4305 omnes
3324 4250 3396 4305 ab
3428 4250 3629 4305 incon-

1981 4358 2126 4415 gruo
2141 4340 2621 4395 vestimentorum
2639 4340 2844 4392 ornatu
2860 4335 3152 4393 abstinere
3170 4337 3495 4393 admonuit.
3513 4341 3631 4393 Hac

1982 4429 2251 4486 instructi
2284 4426 2682 4483 admonitione
2714 4430 3015 4497 coeperunt
3046 4442 3249 4482 omnes
3266 4442 3329 4482 se
3350 4426 3633 4481 aedificare

202 4525 584 4582 Woltharius
614 4525 934 4581 dicebatur.
966 4524 1111 4580 Hinc
1137 4524 1317 4597 igitur
1343 4522 1705 4579 Wolfharius
1734 4540 1871 4579 con-
1902 4534 1950 4597 D
1981 4519 2353 4588 vestiumque
2373 4518 2718 4571 ornamenta
2743 4518 2986 4569 mutare.

202 4614 557 4671 sidentibus
585 4630 738 4686 saepe
770 4613 937 4669 nobis
980 4614 1041 4669 in
1090 4612 1394 4668 collatione
1440 4618 1563 4667 tam
1594 4611 1876 4684 spiritalis

208 4719 398 4776 quam
436 4702 695 4759 carnalis
725 4702 1023 4773 doctrinae,
1054 4708 1111 4757 et
1140 4702 1406 4774 utrisque
1450 4701 1521 4756 de
1552 4718 1659 4756 sua
1688 4701 1877 4773 patria

204 4792 449 4865 aliquid
483 4792 886 4859 narrantibus,
920 4791 1203 4847 referebat
1233 4791 1379 4846 mihi
1424 4790 1496 4845 de
1538 4806 1645 4845 suo
1675 4807 1877 4846 mona-

196 4884 391 4939 sterio
428 4882 673 4938 dicens:
703 4884 849 4937 Ante
875 4897 1061 4937 annos
1091 4897 1268 4952 quam
1300 4879 1498 4952 plures
1518 4880 1879 4936 consuetudo

194 4972 313 5027 fuit
342 4971 498 5028 talis
529 4972 588 5025 in
622 4971 977 5027 monasterio
1004 4974 1224 5036 nostro,
1259 4974 1321 5024 ut
1342 4984 1513 5023 nemo
1537 4968 1878 5024 clericorum

193 5061 339 5119 aliis
362 5061 497 5118 nisi
518 5060 963 5134 pretiosissimis
994 5064 1255 5116 uteretur
1280 5057 1648 5114 vestimentis
1678 5062 1797 5113 tam
1821 5058 1879 5112 in

195 5151 590 5224 quotidianis
621 5167 801 5223 quam
831 5150 892 5205 in
922 5148 1146 5205 festivis
1174 5148 1402 5204 diebus.
1432 5145 1623 5202 Simili
1646 5162 1882 5218 quoque

198 5246 441 5299 ornatu
469 5239 678 5296 sedilia
694 5238 870 5296 simul
891 5244 947 5295 et
963 5238 1325 5295 lectisternia
1345 5252 1549 5292 eorum
1580 5235 1881 5291 habeban-

194 5338 323 5397 tur,
350 5334 714 5403 quantoque
737 5329 988 5400 quisque
1015 5326 1359 5400 locupletior
1387 5328 1529 5395 erat,
1554 5328 1715 5380 tanto
1746 5340 1882 5397 pre-

187 5421 527 5477 tiosiorem
551 5417 1015 5491 suppellectilem
1040 5416 1313 5472 habebat.
1338 5414 1603 5485 Cumque
1623 5412 1743 5468 hazc
1760 5412 1886 5469 sine

176 5509 435 5585 jndicii
468 5507 714 5582 superni
755 5510 1022 5581 respectu
1062 5506 1162 5561 diu
1208 5508 1567 5581 gererentur,
1619 5500 1890 5573 apparuit

184 5598 473 5687 angelus
492 5596 731 5659 Domini
756 5596 990 5655 cuidam
1010 5596 1202 5658 vicino
1223 5593 1429 5655 clerico
1449 5591 1511 5673 in
1534 5590 1777 5665 visione,
1800 5589 1888 5647 di-

2056 4607 2275 4662 Deinde
2331 4620 2464 4661 vero
2516 4620 2628 4659 non
2690 4600 2874 4657 multo
2928 4606 3189 4673 tempore
3246 4605 3539 4657 transacto
3577 4604 3636 4655 et

1985 4699 2147 4754 hoste
2171 4694 2414 4766 antiquo
2437 4692 2507 4747 ad
2525 4693 2583 4747 id
2620 4690 2777 4762 quod
2812 4690 3174 4745 consuetudo
3197 4688 3353 4744 mala
3375 4688 3637 4745 illexerat

1987 4785 2337 4849 retrahente,
2372 4780 2655 4854 paulatim
2687 4795 2890 4833 omnes
2915 4779 2986 4834 ad
3010 4783 3320 4835 consuetas
3341 4777 3521 4834 totius
3543 4794 3637 4834 su-

1988 4872 2292 4948 pellectilis
2324 4869 2592 4943 phaleras
2623 4866 2956 4935 redierunt;
3004 4872 3145 4923 tunc
3192 4867 3402 4923 iterum
3435 4867 3509 4923 ad
3538 4882 3636 4923 eos

1990 4964 2172 5020 misso
2222 4961 2425 5017 eodem
2473 4957 2682 5013 clerico
2732 4973 2832 5028 per
2880 4956 3156 5029 angelum
3204 4956 3305 5012 Dei
3353 4954 3639 5012 admoniti

1990 5058 2151 5121 sunt,
2172 5055 2237 5107 ut
2258 5066 2456 5121 supra,
2480 5045 2773 5117 simulque
2794 5046 3206 5101 denuntiatum
3253 5049 3344 5101 est
3368 5046 3451 5101 eis
3474 5050 3557 5112 ut,
3588 5044 3638 5100 si

1990 5143 2162 5198 tertio
2184 5140 2508 5211 repeterent
2528 5134 2719 5203 solita,
2760 5134 2980 5191 ultione
3021 5135 3373 5207 punirentur
3394 5134 3637 5189 severis-

1993 5232 2145 5287 sima
2168 5251 2182 5299 ;
2208 5228 2362 5300 quod
2385 5230 2443 5282 et
2463 5226 2544 5280 ita
2565 5224 2784 5279 factum
2814 5228 2919 5279 est.
2958 5223 3105 5279 Nam
3130 5224 3293 5291 dum,
3316 5224 3457 5278 sicut
3484 5223 3641 5278 cani:

1992 5324 2269 5376 revertens
2312 5315 2382 5372 ad
2428 5316 2692 5371 vomitum
2739 5328 2920 5380 suum,
2971 5313 3043 5368 ad
3094 5311 3266 5367 noxia
3310 5310 3643 5383 voluptuosi

1995 5412 2237 5465 ornatus
2257 5404 2659 5462 blandimenta
2688 5418 2849 5457 more
2878 5400 3049 5456 solito
3070 5417 3274 5456 omnes
3293 5404 3641 5467 remearent,

1996 5498 2209 5555 accidit
2225 5494 2575 5567 ut,quodam
2590 5491 2683 5547 die
2697 5491 2848 5546 inter
2863 5489 3179 5546 missarum
3197 5489 3641 5547 celebrationem

1998 5592 2200 5647 tantus
2236 5584 2535 5663 fulgurum
2578 5580 3022 5657 tonitruumque
3043 5579 3390 5660 fragorigne
3419 5579 3643 5639 discur-
