4098 6172
427 302 542 364 359

1433 295 1773 357 UTHLONI
1823 292 2171 355 MONACHI
2216 292 2280 353 S.
2329 291 2819 353 EMMERAMMI

3713 298 3833 357 360

426 439 589 492 rente
603 432 919 507 permistus
954 428 1257 486 ecclesiam
1296 428 1799 499 invaderet,quiet
1818 426 2065 482 durissi-
2096 430 2150 496 Α
2171 427 2336 497 justa
2354 426 2424 480 ab
2447 425 2544 479 illo
2586 428 2935 496 usurpatum
2962 424 3178 480 sciatis.
3220 425 3329 481 Sed
3363 430 3418 481 et
3439 426 3546 481 hoc
3570 428 3831 484 intimari

422 542 551 581 mos
563 523 825 595 ejusdem
840 519 1093 576 ecclesias
1110 534 1308 574 muros
1324 519 1577 590 quodam
1593 516 1717 573 loco
1741 515 2071 589 quadriﬁda

421 614 726 678 incisione,
760 610 913 666 sicut
951 608 1124 664 hodie
1169 607 1347 664 videri
1398 611 1607 680 potest,
1657 610 1985 679 penetraret
2015 609 2071 660 et

421 704 846 759 subdiaconum
873 699 1094 755 interea
1115 697 1398 770 legentem
1436 713 1539 767 per
1560 697 1817 751 medium
1843 694 2068 751 scinde-

419 796 526 859 ret,
562 791 966 863 presbyterum
997 804 1130 843 vero
1162 804 1227 842 ac
1259 787 1573 841 diaconum
1616 785 1687 840 ad
1721 785 1936 839 missas
1968 801 2068 855 pa-

416 885 574 937 ratos
591 878 898 935 semivivos
920 878 1196 933 efﬁceret.
1224 880 1510 931 Prazterea
1531 891 1703 930 nemo
1725 873 2067 929 clericorum

415 969 504 1026 vel
538 969 597 1023 in
653 967 898 1024 ecclesia
951 967 1039 1022 vel
1100 966 1158 1020 in
1217 964 1460 1020 coenobii
1514 963 1783 1019 claustris
1817 979 2068 1033 usquam

418 1056 907 1115 commorantium
940 1055 1177 1111 relictus
1207 1058 1316 1119 est,
1349 1054 1447 1125 qui
1501 1070 1614 1108 non
1649 1051 1908 1123 aliquam
1940 1067 2070 1105 cor-

416 1149 577 1221 poris
607 1145 1067 1202 debilitationem
1108 1150 1249 1199 tunc
1300 1146 1633 1215 perceptam
1685 1140 1743 1195 in
1779 1140 2069 1211 reliquum

416 1244 652 1309 tempus
669 1250 902 1307 semper
923 1233 1213 1289 retineret.
1238 1232 1403 1287 Unde
1426 1232 1643 1286 factum
1667 1235 1755 1285 est
1771 1228 2070 1285 communi

418 1326 660 1383 consilio
692 1330 757 1380 ut
788 1340 993 1380 omnes
1022 1322 1241 1377 ibidem
1282 1324 1696 1377 conversantes
1731 1318 1921 1374 clerici
1955 1333 2070 1372 non

418 1416 609 1473 solum
666 1413 965 1485 superflua
1008 1412 1491 1467 vestimentorum
1553 1412 1917 1475 ornamenta,
1970 1407 2071 1462 sed

417 1505 593 1561 etiam
627 1501 861 1558 inutilia
891 1517 1134 1573 quisque
1175 1516 1407 1555 morum
1459 1497 1779 1569 abjicerent
1812 1495 2070 1568 fastigia.

418 1597 496 1649 Ex
512 1593 611 1648 illo
638 1606 890 1662 namque
913 1596 1172 1662 tempore
1197 1604 1384 1660 usque
1407 1586 1466 1641 in
1491 1602 1748 1658 praesens
1772 1602 1943 1639 nemo
1962 1584 2076 1639 cle-

417 1685 669 1739 ricorum
695 1681 849 1753 apud
873 1696 977 1735 nos
1001 1677 1494 1734 commorantium
1518 1675 1931 1746 protendentes
1956 1671 2077 1743 pel'

416 1772 535 1829 licii
568 1770 657 1826 sui
688 1769 947 1824 manicas
978 1766 1154 1838 pallio
1200 1766 1451 1837 pretioso
1483 1780 1663 1819 ausus
1694 1766 1784 1817 est
1813 1762 2074 1816 circum-

417 1878 653 1934 ponere,
687 1875 817 1930 quae
844 1858 916 1913 ab
949 1856 1077 1911 aliis
1107 1855 1354 1921 clericis,
1392 1860 1456 1908 ut
1496 1852 1659 1923 libet,
1693 1854 2073 1922 usurpentur,

419 1951 549 2005 Haec
576 1952 773 2004 autem
804 1947 886 2001 ita
918 1961 1047 2001 esse
1076 1945 1135 1999 in
1164 1960 1294 1998 meo
1326 1942 1573 2014 probare
1624 1956 1795 2012 poces
1823 1938 2074 2011 pellicio,

422 2038 577 2110 quod
601 2035 761 2091 nullo
784 2036 932 2091 sciro
956 2038 1185 2099 ornatu,
1208 2033 1309 2088 sed
1335 2037 1567 2087 tantum
1603 2028 1947 2085 linteamine
1968 2027 2073 2083 ho-

420 2132 585 2183 nesto
606 2126 835 2181 videtur
862 2124 1316 2179 circumdatum.
1371 2173 1376 2178 .

491 2214 654 2271 Talia
686 2214 867 2287 igitur
898 2212 1041 2267 mihi
1075 2211 1274 2267 retulit
1305 2210 1403 2265 ille
1427 2208 1884 2281 praenominatus
1905 2205 2071 2261 cleri-

422 2322 545 2372 cus,
589 2320 722 2360 cum
756 2301 896 2358 olim
931 2300 1377 2357 conscholastici
1409 2315 1711 2365 essemus;
1748 2314 1873 2369 quae
1896 2295 2071 2351 etiam

420 2410 524 2466 ego
542 2396 613 2448 ad
632 2392 1076 2448 aediﬁcationem
1100 2390 1282 2445 refero
1301 2388 1570 2457 aliorum,
1593 2386 1828 2441 illorum
1851 2384 2071 2441 scilicet

423 2483 521 2553 qui
544 2497 677 2536 cum
706 2485 964 2550 pastores
994 2479 1112 2533 sint
1155 2477 1420 2533 Ecclesiae
1444 2476 1690 2546 aliisque
1712 2491 1813 2546 pro
1836 2473 2067 2545 religio-

420 2570 513 2625 nis
538 2569 773 2641 speculo
810 2571 1244 2640 prreponantur,
1279 2565 1508 2619 nullum
1554 2564 1913 2618 arbitrantur
1941 2576 2069 2616 esse

420 2658 627 2713 vitium
642 2658 795 2728 quod
812 2661 997 2712 semet
1016 2657 1201 2710 instar
1214 2655 1413 2726 sponsi
1432 2652 1770 2709 omnimodo
1788 2653 2070 2706 adornare

422 2752 725 2813 conantur,
750 2746 918 2817 quasi
942 2746 1011 2800 ad
1034 2762 1095 2800 se
1119 2761 1233 2799 non
1266 2743 1551 2815 pertineat
1580 2742 1637 2796 id
1665 2741 1937 2810 devitarc,
1966 2754 2069 2811 pro

424 2853 539 2909 quo
565 2838 892 2908 agnoscunt
913 2833 1059 2890 alios
1085 2851 1202 2888 non
1225 2832 1415 2888 solum
1438 2834 1751 2902 correptos,
1770 2830 1869 2885 sed
1892 2829 2067 2884 etiam

421 2926 861 2980 condemnatos.

1010 3011 1199 3065 VISIO
1246 3010 1480 3065 SEXTA.

420 3103 625 3175 Injusta
661 3101 926 3157 bonorum
957 3099 1270 3175 alienorum
1296 3101 1507 3154 exactio
1530 3103 1585 3175 et
1604 3098 1839 3169 direptio
1860 3104 2068 3168 quanta

766 3175 826 3227 in
854 3173 1173 3244 purgatorio
1206 3188 1373 3242 poma
1401 3173 1717 3241 castigatur.

491 3279 553 3333 In
580 3276 785 3333 habitu
809 3277 1087 3332 canonico
1110 3276 1300 3332 adhuc
1332 3274 2064 3346 constitutusjuvenilique

416 3372 581 3422 astate
612 3384 647 3422 a
671 3367 850 3422 beatae
882 3365 1175 3421 memoria:
1198 3365 1577 3437 Meginhardo
1602 3363 2065 3435 Wurzburgensi

418 3458 692 3528 episcopo
723 3455 1013 3511 scribendi
1031 3472 1210 3510 causa
1229 3459 1463 3510 vocatus
1482 3470 1636 3509 sum.
1661 3454 1782 3517 Quo
1806 3454 1945 3508 dum
1968 3467 2064 3507 ve-

417 3545 659 3613 nissem,
692 3545 751 3599 in
774 3543 901 3616 ipso
924 3545 1207 3607 adventus
1230 3542 1341 3597 mei
1366 3542 1531 3596 initio
1554 3541 1747 3596 audivi
1771 3543 1843 3596 ab
1866 3540 2066 3611 hospi-

414 3633 576 3688 tibus
599 3633 746 3689 meis
767 3634 1085 3705 quamdam
1106 3631 1392 3685 visionem
1416 3631 1492 3684 ibi
1517 3631 1741 3685 noviter
1760 3630 2064 3697 accidisse,

419 3738 546 3792 qua:
564 3721 774 3777 Christi
795 3720 1068 3775 fidelibus
1087 3718 1354 3773 intimate
1375 3724 1565 3789 potest
1583 3719 2066 3789 prodesse.Fuere

419 3826 673 3881 namque
699 3810 776 3865 ibi
799 3810 913 3864 duo
944 3808 1160 3863 tribuni
1196 3808 1306 3861 sub
1338 3824 1453 3862 uno
1484 3812 1745 3877 tempore
1771 3823 1877 3862 sua
1903 3811 2065 3878 pote-

416 3904 563 3954 state
594 3898 782 3970 potiti,
821 3913 1071 3969 quorum
1105 3913 1259 3951 unus
1289 3895 1612 3962 Adalricus,
1646 3896 1792 3950 alter
1820 3912 1974 3965 vero,
1998 3900 2065 3951 ut

415 3986 678 4056 memini,
730 3985 1102 4057 Engilpertus
1132 3988 1221 4039 est
1264 3990 1520 4040 vocatus.
1554 3986 1659 4039 Sed
1691 3984 2063 4057 Engilpertus

415 4074 689 4129 ancillam
705 4074 1022 4143 quamdam
1038 4073 1264 4139 habuit,
1278 4090 1404 4144 quae
1424 4074 1480 4127 in
1499 4073 2063 4146 magnainﬁrmitate

416 4162 515 4217 diu
548 4162 739 4233 posita
767 4162 1005 4217 tandem
1037 4161 1198 4217 obiit.
1250 4164 1373 4227 Qua
1419 4163 1696 4218 defuncta
1726 4162 1850 4218 dies
1881 4163 2063 4218 altera

412 4254 801 4322 exspectatur,
842 4255 909 4305 ut
938 4250 1196 4318 interim,
1231 4268 1357 4323 quae
1389 4251 1701 4323 sepulturae
1734 4257 1931 4307 essent
1962 4270 2060 4307 ne~

412 4337 667 4395 cessaria
698 4345 1112 4412 praeparentur.
1146 4341 1290 4396 Cum
1322 4346 1516 4395 autem
1550 4341 1643 4395 die
1674 4342 1931 4397 crastina
1959 4341 2061 4396 ad-

411 4428 677 4483 veniente
706 4428 871 4501 plebs
901 4445 1017 4484 non
1049 4428 1278 4484 modica
1309 4430 1379 4483 ad
1421 4430 1850 4501 deportandum
1884 4430 2060 4484 funus

2177 515 2341 571 vobis
2374 514 2557 587 petiit,
2591 515 2747 586 quia,
2781 513 2893 569 nisi
2927 513 3021 570 ille
3052 513 3215 570 locus
3246 515 3297 569 ei
3320 515 3411 570 cui
3436 516 3653 587 injuste
3677 517 3833 573 abla-

2178 610 2276 661 tus
2297 608 2384 661 est
2415 603 2589 659 fuerit
2618 603 2906 673 redditus,
2931 621 3035 659 nec
3062 604 3430 677 elcemosyna
3454 621 3559 661 nec
3582 606 3703 661 ulla
3729 607 3831 663 be-

2180 695 2386 751 neﬁcia
2409 710 2441 749 a
2460 692 2621 749 vobis
2643 693 2793 748 facta
2815 693 2980 748 illum
3005 694 3074 748 ab
3099 700 3313 749 aeterna
3342 712 3511 766 paena
3532 696 3832 754 absolvere

2180 790 2445 858 possunt.
2471 784 2577 839 Pro
2599 784 2801 839 eodem
2826 800 3058 855 quoque
3098 788 3282 840 mater
3312 789 3523 857 vestra,
3567 803 3747 858 quam
3769 789 3832 843 in
3870 820 3873 823 -

2179 874 2448 946 paradiso
2470 873 2623 928 inter
2643 872 2825 928 multa
2840 878 3175 929 sanctarum
3188 874 3473 946 virginem
3492 873 3679 931 millia
3693 893 3830 932 con-

2179 963 2443 1019 stitutam
2474 962 2613 1017 illuc
2659 962 2963 1031 translata,
3006 963 3143 1034 vidi,
3172 963 3340 1019 unice
3391 964 3732 1038 obsecravit,
3768 971 3835 1022 ut

2179 1058 2235 1109 et
2253 1069 2355 1107 vos
2378 1056 2434 1107 et
2456 1057 2679 1123 patrem
2702 1069 2735 1107 a
2770 1056 3047 1124 perpetuo
3088 1052 3349 1107 cruciatu
3389 1051 3637 1109 liberare
3668 1071 3832 1111 cure-

2178 1142 2273 1197 tis.
2306 1140 2483 1195 Mulla
2514 1157 2747 1213 quoque
2777 1140 2912 1212 alia,
2947 1159 3073 1214 qua:
3098 1141 3223 1212 jam
3258 1159 3371 1197 non
3404 1142 3613 1214 recolo,
3642 1144 3711 1199 de
3733 1161 3831 1200 ea-

2181 1230 2311 1286 dem
2345 1229 2587 1285 muliere
2619 1230 2966 1285 resuscitata
2997 1230 3138 1285 mihi
3170 1229 3324 1286 dicta
3355 1235 3513 1286 sunt.

2252 1321 2365 1375 Hoc
2380 1324 2574 1375 autem
2589 1318 3187 1385 modo,utaudivi,ille
3200 1318 3425 1375 curtilis
3438 1318 3599 1377 locus
3612 1322 3834 1394 injuste

2183 1409 2370 1473 fuerat
2390 1425 2423 1463 a
2446 1407 2771 1480 Ruotpoldo
2794 1406 3042 1463 ablatus.
3072 1407 3207 1463 Erat
3236 1425 3492 1481 namque
3517 1410 3575 1465 in
3601 1410 3833 1469 civitate

2182 1496 2421 1569 quidam
2447 1496 2704 1551 urbanus
2727 1497 2807 1551 ita
2832 1513 3054 1567 pauper
3085 1500 3148 1551 ut
3178 1495 3459 1552 Dominici
3493 1514 3703 1555 census
3733 1501 3833 1555 de-

2183 1585 2305 1640 bita
2336 1602 2436 1656 per
2464 1602 2649 1640 unum
2680 1585 2768 1640 vel
2817 1586 2965 1640 duos
3023 1602 3205 1641 annos
3264 1586 3503 1642 reddere
3542 1589 3829 1660 nequiret.

2183 1677 2447 1746 Cumque
2474 1675 2544 1729 ob
2568 1674 2675 1729 hoc
2698 1675 2766 1728 ad
2792 1675 2991 1729 eodem
3018 1673 3364 1746 Ruotpoldo,
3389 1676 3527 1747 quia
3549 1678 3835 1749 magister

2186 1765 2314 1834 ejus
2336 1767 2476 1834 erat,
2502 1763 2713 1835 saepius
2737 1764 2885 1818 facto
2913 1763 3154 1819 concilio
3178 1765 3247 1819 ad
3272 1765 3568 1821 reddenda
3587 1766 3831 1839 triplici-

2186 1856 2275 1907 ter
2292 1851 2378 1907 vel
2401 1852 2654 1924 amplius
2678 1851 2955 1907 Dominici
2980 1869 3192 1908 census
3225 1853 3438 1920 debita,
3462 1870 3589 1924 qua:
3611 1858 3832 1911 statuto

2184 1947 2443 2012 tempore
2468 1957 2583 1996 non
2606 1944 2746 1995 sunt
2768 1939 3013 2004 reddita.
3034 1946 3354 2012 cogeretur,
3377 1947 3435 1997 et
3454 1941 3551 1997 ille
3568 1959 3670 2014 pro
3692 1960 3836 2015 pau-

2185 2034 2405 2100 pertate
2434 2046 2538 2085 nec
2568 2028 2781 2101 simpla
2803 2030 2942 2084 dare
2985 2034 3203 2100 posset,
3249 2035 3543 2101 postremo
3574 2033 3831 2088 necessi-

2184 2122 2302 2172 tate
2332 2118 2517 2173 nimia
2547 2122 2800 2185 coactus,
2834 2122 2961 2173 tum
2990 2118 3161 2173 etiam
3215 2120 3480 2189 ejusdem
3514 2121 3832 2194 Ruotpoldi

2183 2206 2423 2261 avaritia
2451 2206 2765 2278 impulsus,
2793 2207 3059 2262 curtilem
3090 2207 3305 2275 locum,
3356 2210 3457 2281 qui
3489 2226 3556 2265 ex
3585 2216 3834 2283 paterna

2182 2294 2518 2351 haereditate
2533 2296 2813 2367 provenit,
2834 2296 3072 2368 quique,
3088 2302 3153 2351 ut
3165 2297 3832 2374 mihidicebatur,prope

2181 2385 2483 2440 basilicam
2506 2389 2719 2440 sanctae
2742 2384 2966 2441 Helena:
2987 2386 3045 2441 in
3085 2385 3257 2458 plaga
3291 2389 3725 2459 septentrionali
3734 2392 3831 2462 ja-

2181 2479 2290 2544 cet,
2310 2474 2617 2529 traditione
2635 2473 2870 2545 publica
2886 2475 2996 2546 ipsi
3016 2476 3381 2546 condonavit,
3402 2476 3601 2548 sicque
3620 2477 3718 2534 illa
3735 2495 3833 2551 pe-

2182 2561 2365 2616 ricula
2395 2579 2520 2633 quae
2552 2579 2655 2633 pro
2688 2562 2900 2617 debitis
2939 2563 3229 2619 sustinere
3278 2564 3595 2636 cogebatur
3620 2566 3828 2622 evasit.

2179 2650 2543 2722 Ruotpoldus
2566 2666 2697 2705 vero
2713 2650 2903 2705 locum
2924 2652 3035 2706 sibi
3050 2652 3332 2707 traditum
3350 2654 3677 2726 magniﬁcis
3694 2655 3831 2709 mdi-

2177 2740 2599 2793 bus'exornans
2626 2744 2756 2810 post
2786 2739 3009 2794 obitum
3041 2758 3215 2796 suum
3247 2740 3482 2813 reliquit
3512 2743 3629 2797 ﬁlio
3652 2743 3831 2798 Adal-

2177 2827 2318 2895 rico,
2350 2843 2526 2899 quem
2556 2843 2692 2900 ergo
2723 2829 2899 2883 etiam
2929 2828 3067 2883 vidi.
3103 2830 3211 2885 Sed
3245 2831 3398 2885 idem
3430 2831 3735 2887 Adalricus
3759 2848 3831 2888 ea

2178 2933 2304 2987 quas
2322 2916 2433 2971 sibi
2454 2917 2805 2971 dununtiata
2820 2917 2907 2974 vel
2930 2920 3206 2974 mandata
3229 2925 3365 2975 sunt
3388 2937 3420 2975 a
3437 2924 3599 2992 patre
3620 2924 3675 2975 et
3694 2937 3832 2976 ma-

2175 3010 2261 3061 tre
2284 3005 2574 3061 defunctis
2612 3006 2947 3062 nullatenus
2968 3007 3210 3078 implere
3230 3008 3431 3078 voluit,
3451 3009 3668 3082 eligens
3693 3026 3833 3065 ma-

2176 3095 2267 3167 gis
2298 3111 2429 3149 cum
2462 3098 2621 3166 patre
2652 3100 2870 3151 aeterna
2903 3104 3085 3152 morte
3116 3098 3382 3153 damnari
3417 3115 3591 3170 quam
3615 3098 3835 3155 tellure

2098 3169 2139 3235 C
2179 3200 2355 3255 parva
2386 3182 2615 3255 privari.
2664 3184 2850 3255 Hujus
2908 3184 3148 3240 visionis
3203 3186 3408 3242 relatio
3439 3169 3682 3242 "etiamsi
3715 3187 3829 3257 illi,

2174 3289 2275 3344 pro
2310 3288 2425 3344 quo
2455 3272 2787 3344 specialiter
2835 3274 2984 3328 facta
3033 3278 3140 3343 est,
3194 3291 3309 3330 non
3354 3276 3656 3346 profuerit,
3691 3276 3833 3332 aliis

2172 3366 2367 3415 tamen
2401 3361 2498 3432 qui
2532 3360 2720 3416 aliena
2743 3378 2942 3433 rapere
2976 3366 3032 3417 et
3058 3362 3117 3417 in
3153 3368 3501 3434 potestatem
3530 3381 3701 3420 suam
3733 3382 3835 3421 re-
3864 3372 3867 3375 ’

2174 3449 2370 3519 digere
2402 3451 2671 3504 nituntur
2699 3451 2984 3521 patefacta
3015 3452 3289 3522 prodesse
3318 3451 3486 3507 valet.

2718 3557 2907 3612 VISIO
2947 3558 3269 3613 SEPTIMA.

2174 3644 2503 3716 Exemplum
2530 3647 2789 3722 sacrilegi
2822 3648 3247 3722 monasticorum
3277 3648 3551 3705 bonorum
3580 3649 3828 3722 direpto-

2617 3719 2696 3772 νίς
2726 3720 2787 3771 in
2815 3719 2994 3773 altera
3023 3721 3140 3774 vita
3164 3722 3375 3791 puniti.

2248 3806 2389 3860 Huic
2412 3822 2644 3878 quoque
2661 3806 2911 3862 similem
2937 3824 3083 3878 pene
3102 3808 3386 3865 visionem
3405 3809 3497 3864 hic
3518 3810 3584 3864 ad
3596 3814 3836 3867 nectere

2173 3893 2321 3961 volo,
2348 3911 2522 3964 quam
2550 3895 2693 3949 mihi
2718 3901 2912 3951 motus
2936 3898 3178 3968 quidam
3202 3900 3379 3954 frater
3399 3898 3596 3954 retulit
3612 3916 3835 3971 nuper,

2176 3984 2275 4055 qui
2307 3983 2458 4062 hanc
2488 4001 2549 4040 se
2577 4001 2611 4039 a
2640 3991 2841 4040 sancto
2873 3986 3059 4041 Leone
3107 4004 3256 4059 papa
3306 3988 3641 4060 nuperrime
3672 3990 3838 4046 refe-

2173 4078 2335 4128 rente
2361 4073 2507 4127 dixit
2544 4073 2871 4145 agnovisse.
2930 4075 3231 4130 Referebat
3288 4080 3482 4131 autem
3513 4077 3621 4131 hoc
3649 4077 3838 4133 modo

2172 4161 2329 4232 quia,
2350 4178 2483 4215 cum
2506 4162 2819 4233 praedictus
2844 4180 2993 4235 papa
3018 4164 3078 4218 in
3101 4164 3473 4220 Germaniam
3496 4164 3753 4221 venisset
3776 4171 3843 4221 et

2172 4250 2229 4305 in
2253 4250 2377 4306 loco
2400 4251 2653 4321 quodam
2678 4251 2921 4307 missam
2941 4250 3242 4309 celebrans
3261 4269 3591 4309 sermonem
3610 4254 3844 4311 faceret

2172 4340 2242 4394 de
2265 4339 2423 4395 varia
2481 4339 2877 4395 coenobiorum
2931 4341 3324 4397 destructione
3382 4358 3485 4415 per
3537 4343 3841 4412 injustam

2172 4429 2608 4499 possessionum
2642 4429 2997 4485 ablationem
3028 4433 3201 4503 facta,
3234 4437 3530 4503 postremo
3562 4431 3846 4489 intulerit

412 4518 766 4589 procederet,
799 4535 930 4574 ecce
961 4519 1155 4573 subito
1203 4519 1478 4573 defuncta
1516 4520 1643 4589 jam
1688 4521 1929 4589 jamque
1960 4518 2057 4574 de-
2088 4538 2137 4602 Β
2169 4516 2319 4573 hanc
2349 4517 2627 4574 visionem
2660 4519 2897 4575 dicens:
2936 4520 3003 4575 Ut
3033 4536 3168 4592 ergo
3200 4521 3457 4593 apertius
3490 4523 3844 4593 agnoscatis

410 4608 698 4679 portanda
749 4608 820 4663 ad
879 4607 1175 4663 tumulum
1236 4623 1364 4663 sese
1394 4607 1616 4675 erexit;
1654 4609 1808 4678 quod
1844 4608 2057 4662 factum

409 4713 632 4765 omnes,
693 4697 792 4768 qui
873 4698 1136 4763 aderant,
1215 4696 1545 4768 perterruit,
1624 4700 1898 4767 putantes
1952 4696 2060 4751 hoc

409 4790 692 4856 potestate
743 4785 1028 4841 diabolica
1078 4786 1220 4841 ﬁeri.
1252 4787 1361 4840 Sed
1414 4802 1539 4857 quae
1571 4786 1773 4840 revixit
1800 4789 2059 4841 errantes

411 4874 525 4929 cito
546 4873 811 4938 correxit,
840 4873 1039 4928 dicens
1062 4874 1133 4928 ad
1160 4873 1291 4929 illos
1317 4874 1556 4943 :Nolite,
1585 4891 1800 4945 quaeso,
1826 4879 2062 4946 propter

412 4977 504 5015 me
531 4961 726 5031 aliquo
757 4977 949 5016 errore
982 4962 1202 5017 seduci.
1231 4961 1374 5017 Vere
1405 4964 1559 5019 enim
1584 4963 1935 5018 reviviscens
1961 4962 2059 5018 illa

410 5065 563 5117 sum,
598 5065 722 5120 quae
753 5053 809 5103 et
848 5049 1031 5120 prius,
1068 5066 1168 5120 per
1197 5050 1295 5105 Dei
1336 5052 1585 5122 gratiam
1618 5070 1651 5106 a
1682 5057 1865 5107 morte
1896 5067 2057 5107 revo-

408 5142 555 5206 cata,
578 5142 641 5193 ut
664 5138 807 5193 vivis
829 5137 1185 5209 quibusdam
1218 5140 1344 5209 ejus
1378 5141 1653 5195 mandata
1673 5140 1941 5195 referam.
1962 5145 2059 5196 Ce-

409 5224 607 5283 leriter
625 5242 761 5299 ergo
789 5231 992 5283 vocate
1021 5227 1375 5296 Adalricum,
1420 5229 1558 5301 quia
1607 5229 1678 5282 ad
1710 5246 1842 5283 eum
1877 5230 2057 5285 missa

409 5331 561 5371 sum.
617 5319 738 5381 Quo
790 5322 989 5372 vocato
1047 5320 1102 5371 et
1158 5322 1385 5373 astante
1441 5316 1620 5371 dixit:
1674 5317 1839 5373 Pater
1867 5322 2057 5374 vester

406 5402 775 5476 Ruotpoldus
805 5406 863 5460 in
888 5422 1058 5476 pcena
1089 5405 1342 5462 maxima
1389 5405 1661 5461 infernali
1700 5406 2053 5463 constitutus

406 5491 569 5548 misit
598 5509 690 5548 me
720 5494 791 5549 ad
822 5511 944 5565 vos,
981 5498 1044 5550 ut
1072 5512 1174 5567 pro
1224 5494 1323 5550 Dei
1348 5511 1545 5550 amore
1594 5500 1650 5551 et
1680 5498 1808 5568 ejus
1838 5495 2051 5553 relaxa-

407 5581 567 5643 tione
584 5578 755 5642 illum
779 5583 1046 5643 curtilem
1068 5584 1263 5645 locum
1288 5584 1752 5661 reddatis,quem
1772 5603 1949 5645 causa
1968 5587 2054 5645 in-

2169 4611 2385 4676 quanto
2400 4612 2562 4663 reatu
2576 4607 2957 4679 implicantur
2970 4613 3232 4681 raptores
3244 4610 3325 4680 inj
3334 4609 3446 4664 usti
3455 4651 3468 4672 .
3484 4608 3844 4681 exemplum

2171 4696 2466 4765 quoddam
2500 4696 2663 4752 vobis
2695 4697 3075 4753 memorabile
3115 4698 3327 4755 dicam.

2241 4789 2363 4838 Duo
2394 4784 2575 4856 igitur
2605 4786 2831 4857 fratres,
2864 4802 2998 4841 cum
3023 4787 3198 4841 simul
3220 4791 3526 4859 pergerent
3548 4788 3844 4860 equitan-

2169 4878 2277 4942 tes,
2310 4879 2544 4945 repente
2573 4874 2845 4929 viderunt
2872 4877 3106 4930 turbam
3140 4891 3412 4947 magnam
3446 4875 3505 4930 in
3538 4893 3667 4932 aere
3700 4895 3846 4935 non

2169 4962 2367 5032 procul
2429 4979 2461 5016 a
2514 4967 2669 5017 terra
2726 4968 3174 5018 commeantem.
3235 4961 3370 5029 Qua~
3417 4965 3488 5020 de
3544 4981 3604 5020 re
3654 4965 3849 5023 valde

2168 5051 2449 5106 mirantes
2484 5057 2660 5123 atque
2692 5052 3048 5124 trepidantes
3099 5056 3311 5107 sanctae
3360 5052 3551 5108 crucis
3580 5053 3850 5125 signum

2168 5140 2279 5194 sibi
2302 5140 2660 5211 indiderunt,
2680 5146 2736 5195 et
2756 5142 3092 5212 adjurantes
3110 5158 3209 5197 eos
3227 5142 3286 5197 in
3309 5144 3545 5198 nomine
3564 5142 3846 5211 Domini,

2167 5232 2264 5301 qui
2296 5236 2496 5286 essent
2527 5232 3050 5303 interrogaverunt.
3083 5232 3245 5286 Tunc
3276 5249 3430 5288 unus
3460 5248 3527 5286 ex
3556 5229 3670 5285 illis
3692 5234 3849 5289 tam

2166 5320 2223 5374 in
2256 5319 2455 5375 habitu
2515 5337 2691 5391 quam
2750 5322 3014 5392 equitatu
3074 5326 3313 5377 strenuo
3373 5319 3544 5375 militi
3575 5320 3849 5379 omnino

2163 5409 2374 5465 similis
2397 5410 2689 5466 transiens
2715 5411 2785 5464 ad
2811 5427 2908 5466 eos
2930 5411 3077 5465 dixit
3101 5428 3116 5465 :
3139 5412 3257 5484 Ego
3278 5415 3441 5482 pater
3461 5415 3647 5466 vester
3676 5425 3851 5485 rogo

2162 5515 2265 5553 vos
2298 5498 2641 5571 suppliciter
2669 5502 2733 5553 ut
2761 5498 2906 5553 illud
2942 5500 3244 5571 praedium,
3276 5500 3433 5572 quod
3464 5498 3627 5557 scitis
3659 5515 3767 5554 me
3808 5519 3853 5559 α

2161 5588 2422 5648 coenobio
2444 5588 2543 5647 illo
2565 5589 2784 5667 injuste
2805 5588 3141 5664 abstulisse,
3174 5606 3278 5665 pro
3298 5605 3497 5648 amore
3539 5587 3637 5646 Dei
3667 5586 3853 5653 libe-
