4030 6186
295 265 388 328 361

1640 279 1876 340 LIBER
1919 281 2328 345 VISIONUM.

3568 306 3685 366 362

293 398 635 471 rationisque
666 415 808 456 meas
834 417 1014 460 causa
1043 405 1386 463 reddatis.Si
1405 407 1561 465 enim
1594 427 1711 466 non
1736 413 1923 468 reddi-
1950 421 2003 489 Α
2033 415 2300 484 ejusdem
2344 420 2618 478 monachi
2647 422 3020 498 dilectionem
3062 444 3215 500 saepe
3261 432 3561 502 quondam
3590 451 3686 490 ve-

293 487 494 557 deritis,
539 505 643 545 nec
690 505 818 562 ego,
871 509 976 548 nec
1026 511 1148 562 vos,
1201 513 1306 551 nec
1353 497 1509 554 ullus
1558 505 1922 570 posterorum

292 575 425 632 idem
473 579 757 649 praedium
789 582 1162 640 retinentium
1208 587 1442 659 etl‘ugiet
1472 587 1666 660 ignem
1717 608 1924 663 perpe-

291 670 459 721 tuum.
491 667 594 724 Cui
644 672 1063 742 respondentes
1096 673 1198 730 ﬁlil
1248 676 1518 733 dixerunt
1551 696 1562 732 :
1601 681 1921 748 Quomodo,

290 761 457 827 pater,
488 774 808 828 possumus
840 760 1166 832 relinquere
1198 768 1419 821 tantam
1466 769 1922 838 possessionem,

289 862 383 918 qua
425 863 532 903 nec
566 851 627 904 tu
660 849 718 902 in
750 849 858 908 hoc
889 853 1106 906 mundo
1159 854 1407 926 positus,
1441 872 1543 911 nec
1574 875 1678 912 nos
1711 863 1842 930 post
1869 864 1922 915 te

287 952 466 992 carere
513 936 819 994 valemus?
848 940 957 995 Sed
990 958 1094 996 nec
1133 942 1255 998 ulla
1288 962 1345 1000 re
1377 946 1590 1003 videris
1637 948 1918 1019 indigere,

287 1025 368 1097 qui
401 1025 464 1080 in
514 1026 715 1082 habitu
757 1029 898 1084 satis
949 1036 1153 1087 ornato
1176 1033 1302 1102 jam
1352 1036 1636 1105 procedis.
1669 1037 1752 1091 Ad
1804 1036 1922 1093 haec

284 1119 431 1186 pater
481 1115 562 1172 ait
594 1132 606 1172 :
641 1116 791 1174 Proh
846 1117 1048 1174 dolor!
1083 1121 1279 1192 qualis
1309 1129 1397 1180 est
1447 1124 1557 1181 iste
1586 1126 1759 1181 decor
1807 1143 1920 1197 quo

286 1203 555 1260 hactenus
587 1206 1085 1280 utor.Ubicunque
1106 1211 1262 1267 enim
1297 1212 1439 1268 mihi
1463 1215 1749 1287 contingit
1771 1232 1918 1285 esse,

284 1292 620 1351 intolerabili
648 1299 925 1368 torqueor
953 1298 1106 1371 igne.
1142 1301 1253 1356 Sed
1285 1305 1341 1357 et
1371 1303 1571 1360 omnia
1609 1321 1736 1376 quae
1765 1304 1918 1372 visu,

283 1383 472 1440 auditu
499 1383 589 1440 vel
621 1389 780 1441 tactu
811 1387 1104 1460 contingo,
1140 1391 1481 1448 comburere
1511 1409 1606 1448 me
1636 1394 1921 1450 sentio.Et

285 1477 337 1528 ut
362 1473 471 1530 hoc
492 1473 574 1530 ita
600 1491 729 1531 esse
759 1476 980 1548 absque
1011 1479 1188 1535 dubio
1222 1479 1444 1546 sciatis,
1478 1481 1713 1540 hastam
1744 1483 1916 1555 hanc,

281 1580 440 1635 quam
496 1563 556 1619 in
589 1579 767 1620 manu
815 1569 1004 1632 teneo,
1039 1568 1456 1639 apprehendite
1488 1572 1646 1642 (nam
1696 1589 1825 1628 eam
1859 1573 1917 1628 in

280 1669 450 1709 manu
478 1652 627 1710 ferre
652 1653 1016 1726 videbatur);
1052 1673 1300 1728 moxque
1330 1676 1483 1716 unus
1515 1659 1748 1716 illorum
1782 1679 1916 1732 pro-

277 1741 400 1798 bare
428 1743 632 1799 volens
665 1761 789 1815 quae
820 1745 1060 1811 audivit,
1093 1747 1357 1802 concitus
1389 1751 1655 1820 eamdem
1687 1750 1917 1806 hastam

275 1831 523 1902 arripere
569 1832 816 1888 studuit.
849 1834 957 1890 Sed
1011 1835 1357 1906 priusquam
1409 1843 1594 1910 coepta
1646 1840 1918 1910 perlicere

273 1928 486 1991 posset,
533 1938 648 1992 prae
701 1922 882 1978 nimio
928 1922 1117 1980 calore
1165 1925 1393 1981 dimisit
1437 1944 1582 1984 eam.
1638 1931 1711 1984 At
1758 1935 1921 2000 pater

279 2017 590 2081 antequam
620 2011 680 2068 in
711 2016 923 2068 terram
956 2013 1215 2070 cadendo
1246 2015 1623 2086 pervenisset,
1658 2016 1918 2074 celeriter

269 2097 505 2156 sustulit
534 2100 733 2157 dicens
766 2117 778 2155 :
814 2101 967 2157 Scito
999 2104 1174 2173 quod,
1211 2103 1258 2158 si
1290 2104 1477 2175 ipsam
1520 2106 1751 2162 hastam
1785 2125 1915 2179 pro-

261 2189 501 2259 jecisses
551 2190 613 2245 in
643 2193 882 2256 terram,
913 2192 1197 2262 majorem
1229 2193 1371 2248 mihi
1403 2195 1610 2250 exinde
1658 2196 1916 2252 efliceres

268 2295 516 2350 poenam.
545 2278 766 2336 Deinde
795 2296 927 2336 vero
958 2280 1154 2351 priora
1186 2285 1450 2352 repetens
1477 2283 1621 2339 dixit
1650 2301 1662 2340 :
1695 2289 1914 2341 Iterum

265 2373 412 2439 peto,
449 2367 557 2424 {iiii
608 2367 740 2437 mei,
783 2372 847 2423 ut
891 2367 1185 2440 impleatis
1237 2387 1436 2441 preces
1486 2373 1670 2444 patris
1715 2374 1912 2430 vestri.

263 2458 488 2520 Quibus
530 2457 704 2514 dictis
773 2474 1067 2530 nusquam
1117 2461 1446 2530 comparuit
1492 2462 1683 2535 imago
1739 2462 1913 2518 collo-

262 2547 522 2618 quentis.

329 2637 498 2692 Tunc
523 2635 700 2694 iidem
725 2637 1226 2695 fratresinstincto
1249 2640 1444 2694 divino
1468 2641 1716 2712 correpti
1734 2657 1916 2713 coepe-

255 2730 395 2781 runt
423 2725 581 2781 inter
602 2741 665 2782 se
696 2726 1008 2799 diligenter
1029 2731 1276 2784 tractare
1307 2745 1484 2800 super
1515 2735 1757 2802 paterna
1773 2731 1912 2802 peti-

251 2814 410 2872 tione
455 2815 719 2872 dicentes
754 2832 766 2870 :
796 2815 856 2872 Si
889 2816 1202 2874 retinentes
1235 2819 1516 2891 praedium
1563 2820 1717 2892 quod
1750 2823 1913 2891 pater

247 2909 454 2960 noster
499 2903 718 2974 injuste
766 2905 1028 2975 abstulit,
1085 2911 1136 2965 ei
1181 2926 1297 2965 non
1349 2909 1754 2979 subvenimus,
1807 2925 1911 2964 nos

246 2993 690 3066 pariterprocul
713 2995 890 3051 dubio
913 2997 1348 3068 perimus.Quid
1372 2999 1527 3053 enim
1550 2997 1910 3069 proficimus,

240 3083 292 3139 si
328 3084 652 3140 mumdum
687 3087 875 3140 totum
906 3085 1223 3158 lucremur,
1258 3088 1590 3144 animarum
1621 3104 1754 3142 vero
1801 3104 1908 3142 no-

1950 1797 1997 1864 B

2037 504 2254 560 nissem
2287 512 2342 562 et
2384 526 2517 564 cum
2551 527 2616 567 eo
2647 511 2943 571 interdum
2992 517 3063 572 de
3095 518 3462 590 spiritalibus
3508 523 3684 580 rebus

2034 593 2370 665 colloquens
2401 599 2704 668 sedissem,
2739 602 2961 659 solebat
2994 606 3137 661 mihi
3190 610 3403 664 referre
3432 609 3633 667 dicens
3665 629 3678 668 :

2033 683 2384 756 Priusquam
2418 690 2839 746 monasterium
2872 692 3031 748 istud
3064 697 3397 767 nuperrime
3429 701 3680 774 arderet,

2033 777 2088 825 et
2109 790 2210 842 per
2229 780 2544 833 nocturnas
2565 778 2986 852 horas,quibus
3010 784 3152 838 mihi
3172 788 3452 844 secretius
3474 788 3685 847 licebat

2033 877 2196 916 orare
2229 881 2331 934 pro
2366 867 2618 936 peccatis
2650 869 2817 938 meis,
2852 871 2910 925 in
2942 873 3184 929 ecclesia
3217 876 3680 951 deambularem,

2033 967 2182 1020 smpe
2210 955 2648 1012 mussitationcs
2672 960 2960 1028 quasdam
2988 961 3046 1015 in
3077 979 3145 1017 ea
3167 963 3289 1018 ﬁeri
3321 966 3678 1022 audiveram.

2032 1039 2148 1110 Ego
2178 1047 2372 1098 autem
2405 1044 2463 1098 in
2497 1046 2703 1116 primis
2736 1049 2973 1118 quidem
2997 1049 3332 1108 delusiones
3363 1054 3680 1112 diabolicas

2030 1128 2139 1184 hoc
2171 1131 2292 1185 ﬁeri
2324 1134 2670 1191 arbitrabar.
2705 1140 3021 1209 Postquam
3053 1156 3185 1196 vero
3217 1145 3380 1197 tanto
3412 1145 3684 1202 sonorius

2030 1224 2246 1288 quanto
2298 1221 2658 1286 frequentius
2707 1225 2828 1280 ﬁeri
2879 1244 3196 1301 senseram,
3232 1234 3484 1290 tractare
3527 1233 3682 1307 οωρί

2031 1323 2146 1362 non
2178 1325 2246 1364 ex
2295 1310 2548 1379 diabolo,
2582 1315 2681 1369 sed
2714 1332 2783 1371 ex
2812 1314 3012 1388 aliqua
3039 1318 3246 1375 divina
3297 1321 3532 1392 pietatis
3561 1323 3681 1380 dis-

2029 1398 2368 1466 pensatione
2401 1401 2646 1468 actitari,
2683 1403 3251 1476 ideoque,quantum
3284 1427 3466 1468 ausus
3496 1427 3679 1484 eram,

2032 1487 2396 1558 propius,ubi
2419 1490 2539 1545 haec
2560 1492 3056 1562 audivi,accedere
3076 1498 3680 1574 studebam.Cumque

2029 1575 2340 1646 aliquoties
2394 1581 2749 1645 accederem,
2785 1585 2950 1653 quasi
2994 1584 3224 1656 aliquos
3276 1588 3598 1659 psallentes
3624 1594 3686 1646 et.

2028 1663 2234 1720 intime
2263 1672 2494 1722 orantes
2525 1670 2740 1724 audivi.
2776 1672 2898 1736 Quo
2928 1673 3489 1748 audito,intelligens
3521 1679 3678 1750 quod

2028 1766 2130 1820 pro
2163 1751 2361 1824 aliqua
2390 1754 2632 1825 periculi
2665 1757 2848 1812 futuri
2881 1776 3059 1815 causa
3089 1766 3480 1832 permutanda
3499 1770 3555 1821 et
3574 1783 3678 1837 pro

2028 1839 2482 1899 inhabitantium
2507 1847 2924 1902 monachorum
2942 1848 3300 1922 negligentia
3313 1855 3680 1911 emendanda

2029 1930 2214 1984 sancti
2247 1931 2431 1986 Deum
2465 1935 2737 2004 precibus
2765 1935 2990 1993 intimis
3020 1944 3571 2010 exorarent,accessi
3604 1943 3678 2000 ad

2030 2018 2298 2074 abbatem
2327 2037 2339 2088 ;
2369 2026 2425 2076 et
2455 2023 2594 2093 quia
2644 2029 2842 2096 aperte
2872 2026 2944 2081 de
2988 2044 3219 2084 morum
3273 2032 3680 2088 emendatione

2028 2123 2163 2162 eum
2210 2110 2526 2166 admonere
2575 2129 2688 2168 non
2739 2115 3049 2185 audebam,
3081 2119 3218 2189 petii
3271 2121 3678 2180 tantummodo

2025 2197 2347 2266 humiliter,
2383 2203 2446 2254 ut
2475 2200 2727 2257 ecclesize
2781 2204 3087 2261 thesauros
3117 2206 3414 2281 librosque
3444 2210 3504 2266 in
3553 2210 3677 2266 loco

2026 2291 2194 2342 cauto
2227 2289 2362 2360 poni
2379 2289 2762 2360 jussisset.At
2778 2292 2874 2348 ille
2895 2293 3016 2348 hanc
3047 2296 3293 2352 audiens
3314 2302 3371 2356 et
3393 2315 3461 2354 ex
3485 2298 3681 2374 aliqua

2027 2376 2391 2432 somniorum
2425 2377 2772 2436 revelatione
2802 2382 2959 2438 dicta
2989 2388 3203 2454 putans
3234 2385 3556 2460 increpavit
3584 2404 3678 2448 me

2026 2464 2272 2520 dicens:
2320 2467 2498 2523 Vobis
2547 2470 2804 2539 gerontis
2855 2471 3001 2525 nihil
3051 2474 3280 2544 gratius
3328 2475 3679 2549 dulciusque

2022 2552 2253 2610 videtur
2299 2571 2426 2612 esse
2468 2572 2648 2627 quam
2695 2559 3062 2614 somniorum
3113 2567 3440 2618 vestrerum
3489 2581 3686 2636 nugas

2024 2645 2321 2704 attendere
2344 2650 2517 2716 atque
2537 2646 2669 2702 aliis
2688 2649 3205 2722 referre.Nunquid
3229 2657 3464 2725 pr0pter
3482 2659 3678 2712 vestra

2023 2732 2254 2787 somnia
2299 2734 2481 2790 debeo
2513 2741 2766 2792 evertere
2816 2737 3060 2796 omnia?
3089 2739 3370 2797 discedite
3399 2760 3433 2797 a
3488 2760 3582 2798 me
3619 2747 3678 2800 et

2021 2821 2208 2876 videte
2259 2839 2330 2877 ne
2372 2822 2528 2878 ultra
2557 2841 2590 2878 a
2621 2826 2782 2879 vobis
2828 2827 3065 2882 audiam
3115 2829 3275 2884 talia.
3309 2831 3424 2902 Ego
3478 2836 3675 2888 autem

2023 2909 2363 2979 hujusmodi
2393 2910 2788 2984 increpatione
2819 2915 3194 2972 centristatus
3237 2918 3383 2972 nihil
3413 2919 3673 2991 amplius

2021 3013 2089 3052 ex
2120 2997 2212 3054 his
2245 3016 2370 3069 quae
2399 3002 2720 3071 audieram,
2755 3003 3059 3076 propalare
3092 3023 3272 3063 ausus
3305 3008 3673 3076 fueram,sed

2020 3086 2192 3142 tacito
2224 3089 2395 3144 corde
2425 3089 2628 3147 dolens
2661 3093 2941 3161 sustinui,
2971 3097 3193 3152 veritus
3223 3096 3483 3169 quotidie
3514 3099 3670 3170 quod

241 3177 512 3228 strarum
565 3173 917 3230 detrimenta
961 3177 1256 3247 patiamur
1291 3177 1319 3230 ‘I
1369 3177 1570 3248 (Matth.
1626 3194 1742 3243 xvr,
1791 3176 1904 3247 26.)
1939 3163 1980 3230 C
2023 3175 2284 3230 futurum
2315 3181 2457 3240 erat.

236 3261 566 3319 Faciamus
591 3264 910 3335 ergo,quod
931 3269 988 3320 et
1009 3267 1156 3337 patri
1183 3270 1239 3321 et
1261 3265 1429 3322 nobis
1457 3265 1912 3336 prosit,reddcn-

209 3355 336 3406 vtes
369 3351 434 3407 in
470 3351 678 3421 primis
707 3353 988 3424 prsidium
1015 3355 1088 3417 ad
1119 3354 1227 3410 hoc
1256 3355 1410 3409 unde
1440 3353 1702 3409 ablatum
1727 3354 1912 3408 fuerat

229 3439 704 3497 monasterium.
757 3441 975 3498 Deinde
1032 3443 1230 3500 omnia
1278 3443 1632 3498 hereditatis
1697 3447 1908 3497 nostra:

229 3528 413 3585 bona
442 3527 583 3584 illuc
616 3531 1167 3604 tradamus,nosque
1198 3533 1414 3588 ibidem
1444 3536 1565 3588 tam
1588 3549 1690 3603 pro
1709 3548 1910 3603 paren-

229 3621 380 3673 tum
404 3633 589 3690 quam
613 3636 716 3691 pro
737 3625 1073 3678 nostrorum
1097 3622 1499 3694 peccaminum
1521 3621 1689 3676 venia
1707 3637 1908 3676 mona-

233 3707 464 3763 sticam
477 3707 660 3763 vitam
674 3710 1362 3782 suscipiamus.Cumque
1376 3711 1716 3781 hujusmodi
1741 3709 1912 3765 collo-

234 3796 394 3866 quia
422 3801 689 3869 agerent,
707 3797 899 3854 subito
933 3804 1238 3871 pater,non
1270 3816 1335 3856 eo
1367 3816 1480 3872 quo
1513 3800 1674 3871 prius
1707 3799 1906 3854 habitu

236 3900 546 3955 apparens
590 3902 914 3960 eorumque
961 3888 1208 3966 pedibus
1240 3905 1301 3944 se
1348 3888 1681 3956 advolvens,
1716 3888 1861 3944 dixit
1893 3906 1905 3943 :

239 3971 482 4032 Gratias
513 3991 623 4047 ago
654 3975 822 4032 vobis
850 3977 992 4048 quia
1018 3969 1121 4048 pro
1153 3977 1401 4048 eo,quod
1434 3976 1680 4032 ﬁrmiter
1712 3978 1907 4036 decre-

238 4061 426 4120 vistis
443 4064 785 4135 petitionem
809 4080 999 4122 meam
1021 4065 1266 4138 implere
1287 4065 1345 4120 in
1367 4066 1663 4121 reddenda
1684 4083 1908 4138 posses-

237 4149 440 4216 sione,
464 4153 590 4222 jam
613 4153 740 4224 jam
788 4169 890 4226 per
918 4153 1019 4209 Dei
1067 4153 1318 4226 gratiam
1348 4151 1662 4226 deputatus
1710 4171 1840 4211 sum
1875 4172 1908 4210 a

242 4240 439 4309 poenis
460 4243 532 4298 ad
551 4241 816 4314 requiem
838 4243 1239 4306 transire.0uo
1262 4243 1416 4299 dicto
1439 4243 1652 4299 iterum
1674 4243 1909 4300 evanuit

239 4341 326 4383 ex
361 4330 538 4388 oculis
569 4347 794 4388 eorum.
823 4333 896 4388 At
926 4331 1010 4389 illi
1041 4343 1106 4388 eo
1137 4333 1209 4388 de
1237 4333 1391 4390 otius
1421 4332 1711 4404 citiusque
1769 4351 1908 4405 pro-

247 4417 445 4475 missa
471 4419 880 4493 impleverunt,
913 4438 1028 4493 quo
1076 4420 1324 4480 celerius
1353 4421 1536 4493 patris
1586 4421 1908 4478 absolutio-

247 4520 400 4561 nem
425 4509 636 4566 factam
668 4510 997 4567 audierunt.

327 4595 486 4654 Hanc
513 4599 696 4672 igitur
725 4599 1066 4656 relationem
1094 4600 1406 4673 pradictus
1436 4617 1589 4672 papa
1617 4602 1689 4657 ad
1723 4617 1905 4673 popu-

247 4678 386 4740 lum
405 4687 621 4745 iaciens
643 4693 895 4746 testatus
917 4695 1006 4746 est
1036 4707 1097 4748 se
1123 4691 1359 4748 eosdem
1385 4690 1590 4746 fratres
1613 4691 1670 4745 in
1697 4690 1901 4748 habitu

249 4776 600 4834 monachico
621 4778 839 4836 vidisse
860 4783 918 4834 et
942 4779 1014 4834 ab
1035 4779 1120 4836 eis
1141 4779 1420 4836 vialonem
1445 4779 1618 4835 istam
1643 4781 1899 4837 audisse.

254 4861 445 4924 Quam
473 4868 650 4923 etiam
683 4885 786 4941 ego
820 4869 1064 4926 audiens
1095 4868 1344 4924 aliorum
1395 4869 1612 4924 notitiae
1645 4868 1823 4926 simul
1854 4875 1912 4926 et

255 4951 628 5012 aedificationi
658 4957 867 5015 litteris
898 4958 1151 5030 pandere
1183 4959 1425 5014 decrevi.

818 5065 1009 5122 VISIO
1050 5066 1353 5122 OCTAVA.

257 5145 625 5224 Conﬂagratio
652 5157 978 5212 monasterii
1021 5157 1426 5282 ggemseensz‘s
1453 5157 1645 5226 futura
1691 5155 1908 5212 cuidam

959 5243 1012 5282 os
1077 5245 1197 5282 nsa.

959 5243 1197 5282 ostensa.

325 5315 477 5370 Ante
504 5332 694 5371 annos
724 5315 1104 5388 quamplures
1132 5316 1416 5373 visionem
1449 5319 1769 5388 quamdam
1802 5334 1904 5373 au-

243 5398 371 5456 divi
400 5420 436 5459 a
467 5404 757 5460 monacho
779 5405 1034 5476 quodam
1064 5405 1380 5462 venerabili
1414 5406 1675 5478 mihique
1707 5422 1908 5462 secun-

233 5488 392 5547 dum
442 5510 683 5551 carnem
744 5495 1004 5566 proximo
1053 5496 1112 5550 in
1162 5495 1424 5550 coenobio
1491 5494 1908 5568 Tegrinseensi

231 5581 594 5640 constituto.
618 5581 764 5640 Cum
795 5581 953 5639 enim
985 5583 1058 5640 ad
1087 5583 1434 5655 praedictum
1467 5583 1798 5640 coenobium
1831 5585 1903 5642 ob

577 5711 846 5776 PATBOL.
893 5708 1149 5775 CXLVI.

2091 3266 2154 3319 In
2169 3266 2431 3336 proximo
2445 3271 2641 3322 autem
2655 3274 2969 3341 antequam
2983 3273 3211 3328 arderet
3224 3275 3670 3341 monasterium,

2021 3353 2078 3406 in
2095 3357 2262 3408 nocte
2287 3354 2542 3425 quadam
2557 3357 2751 3410 audivi
2773 3357 2984 3413 iterum
3005 3359 3173 3429 quasi
3188 3359 3418 3431 aliquos
3439 3366 3672 3417 orantes

2020 3445 2077 3496 et
2126 3441 2379 3513 suspiria
2429 3443 2652 3511 crebra,
2701 3460 2805 3499 nec
2855 3461 2970 3500 non
3025 3446 3323 3518 singultus
3382 3450 3671 3519 quosdam

2019 3529 2318 3586 luctuosos
2350 3532 2706 3603 proferentes
2729 3537 2860 3589 ante
2882 3534 3070 3590 sancti
3101 3535 3328 3599 Quirini
3350 3535 3671 3594 altare.Sed

2017 3618 2152 3674 licet
2183 3619 2305 3676 haec
2352 3624 2547 3692 aperte
2596 3621 2860 3677 audirem
2909 3628 2966 3678 et
3000 3623 3397 3696 periculosum
3446 3625 3670 3698 aliquid

2019 3707 2350 3780 signiﬁcare
2397 3709 2630 3781 scirem,
2681 3711 2951 3767 accedere
3002 3717 3197 3768 tamen
3262 3713 3504 3786 propius
3553 3731 3671 3770 non

2018 3798 2389 3870 praesumpsi.
2447 3799 2608 3855 Unde
2659 3799 2874 3856 claram
2928 3801 3042 3856 diei
3089 3801 3281 3858 lucem
3328 3807 3672 3876 exspectans

2017 3887 2235 3943 accessi
2266 3888 2336 3942 ad
2368 3887 2690 3956 locum,ubi
2722 3890 2914 3945 audivi
2944 3891 3180 3946 turbam
3213 3892 3674 3960 moerentium,et

2017 3975 2210 4031 inveni
2231 3976 2630 4048 pavimentum
2651 3978 2840 4034 adhuc
2857 3979 3162 4034 madidum
3183 3981 3464 4036 eil‘usione
3484 3981 3670 4054 lacry-

2018 4067 2439 4120 marum.Tunc
2457 4066 2703 4122 miratus
2730 4067 2908 4122 simul
2929 4073 2985 4124 et
3009 4069 3388 4125 centristatus
3413 4071 3671 4126 detentae

2017 4153 2099 4208 rei
2132 4153 2318 4226 signo,
2352 4154 2625 4227 lugebam
2673 4157 2833 4212 omni
2865 4159 3036 4214 modo
3070 4160 3224 4230 quod
3257 4159 3516 4231 periculo
3566 4158 3672 4214 tali

2017 4242 2354 4299 nullatenus
2406 4245 2714 4301 subvenire
2745 4247 2944 4318 potui;
2979 4265 3108 4319 qum
3153 4253 3352 4305 tamen
3383 4249 3493 4304 sub
3541 4263 3674 4304 mea

2016 4348 2157 4388 cura
2184 4333 2824 4407 tenueram,diligenter
2855 4340 3056 4392 contra
3084 4336 3348 4409 pericula
3368 4336 3670 4394 observavi

2016 4421 2234 4476 futura.

2617 4511 2798 4568 VISIO
2837 4513 3058 4569 NONA.

2014 4600 2356 4672 Negligentia
2404 4601 2621 4674 abbatis,
2664 4601 2943 4674 Ellingeri
2970 4619 3008 4657 a
3037 4601 3288 4672 defuncto
3335 4603 3535 4658 clerico
3581 4618 3672 4658 re-

2502 4673 2772 4744 prehensa
2801 4673 2852 4727 et
2881 4675 3171 4741 castigata.

2092 4778 2356 4834 Referam
2389 4781 2446 4832 et
2475 4777 2656 4845 aliud,
2682 4779 2836 4848 quod
2867 4782 3071 4850 postea
3100 4779 3160 4833 in
3182 4778 3453 4850 praedicto
3476 4778 3672 4835 audivi

2019 4866 2333 4938 contigisse
2365 4865 2723 4922 monasterio
2755 4867 2942 4922 eidem
2974 4867 3193 4940 abbati,
3217 4869 3327 4924 sub
3360 4884 3475 4940 quo
3506 4867 3672 4926 arde-

2019 4957 2137 5028 bat,
2186 4955 2287 5028 qui
2335 4956 2509 5012 etiam
2565 4955 2896 5027 Ellingerus
2943 4961 3031 5013 est
3080 4958 3293 5013 dictus.
3338 4958 3485 5013 Nam
3535 4972 3672 5030 cum

2020 5046 2242 5102 diutius
2281 5050 2337 5101 et
2384 5045 2768 5117 semetipsum
2800 5050 2856 5101 et
2907 5047 3236 5102 coenobium
3269 5052 3467 5120 ageret
3513 5062 3671 5102 com-

2020 5134 2270 5190 missum
2304 5133 2682 5206 negligenter,
2717 5135 2776 5189 in
2809 5151 3083 5207 magnam
3115 5135 3326 5191 incidit
3357 5135 3672 5190 inﬁrmita-

2017 5227 2348 5278 tem.Antea
2378 5239 2512 5279 vero
2542 5240 2658 5278 non
2686 5222 2856 5296 longe
2879 5224 3192 5280 defunctus
3215 5229 3304 5280 est
3324 5223 3405 5278 ibi
3429 5222 3672 5296 quidam

2019 5312 2282 5380 clericus,
2315 5312 2551 5368 nomine
2597 5313 2916 5385 Duringus,
2950 5329 3065 5368 non
3113 5312 3304 5369 solum
3355 5328 3579 5384 magnai
3609 5310 3671 5366 in

2018 5402 2228 5458 saeculo
2277 5401 2600 5475 dignitatis,
2633 5403 2739 5457 sed
2787 5401 2964 5457 etiam
3015 5418 3239 5474 magna:
3279 5402 3432 5475 apud
3485 5400 3674 5457 Deum

2018 5492 2366 5549 sanctitatis.
2403 5491 2530 5559 Qui,
2566 5495 2632 5546 ut
2661 5508 2724 5546 se
2753 5491 2988 5562 penitus
3019 5508 3052 5547 a
3082 5491 3294 5548 saeculo
3327 5494 3672 5556 secerneret,

2017 5581 2134 5637 illic
2163 5581 2426 5639 habitare
2466 5580 2678 5654 elegit;
2713 5580 2811 5654 qui
2843 5579 3122 5651 nimirum
3177 5581 3442 5652 clericus,
3474 5577 3673 5638 abbati

3277 5711 3352 5776 12
