4098 6172
416 240 533 300 363

1425 236 1765 300 OTHLONI
1811 235 2167 298 MONACHI
2213 237 2279 295 S.
2326 236 2818 299 EMMEBAMMI

3710 239 3826 301 364

411 371 714 443 aegrotanti
746 370 805 426 in
834 369 1054 425 visione
1086 384 1372 441 apparens
1398 373 1453 424 et
1480 386 1614 424 eum
1645 370 1703 424 in
1750 368 1904 423 latus
1932 383 2058 440 per-
2088 369 2143 433 Î‘
2175 383 2287 438 que
2319 368 2581 423 studium
2627 368 2780 424 circa
2809 368 2965 423 hunc
3002 366 3197 423 locum
3245 370 3677 426 emendandum
3711 376 3770 427 et
3796 388 3829 426 a

414 461 663 527 cutiens,
699 458 1051 530 increpando
1080 458 1223 513 dixit
1257 475 1269 513 :
1302 460 1417 513 Cur
1448 458 1526 513 ita
1558 459 1918 530 negligenter
1940 457 2063 529 agis

414 549 474 605 in
527 551 700 605 rebus
747 547 1130 603 commissis?
1178 548 1236 603 Si
1288 563 1423 620 ergo
1473 565 1589 603 non
1638 546 2060 612 emendaveris,

410 638 607 710 aliquo
638 637 893 709 profecto
925 637 1072 692 dura
1104 639 1456 709 quandoque
1488 638 1829 693 sustinebis.
1866 636 2061 691 Abbas

413 732 609 783 autem
640 726 921 799 evigilans
954 727 1052 781 diu
1086 728 1321 799 quidem
1354 728 1554 783 lateris
1604 726 1929 798 patiebatur
1960 716 2060 781 do-

408 817 615 872 lorem.
651 817 812 888 Saepe
860 815 1034 871 etiam
1081 814 1372 871 clamabat
1421 817 1743 887 Duringum
1794 816 1883 870 sui
1937 830 2063 870 esse

411 922 853 978 percussorem;
890 922 957 961 ea
1004 921 1158 973 vero,
1210 922 1312 977 pro
1362 906 1578 977 quibus
1626 907 1958 976 increpatus
2007 908 2063 958 et

409 1011 726 1067 percussus
752 1000 841 1050 est
870 995 941 1050 ab
973 1011 1284 1066 eo,parum
1316 994 1853 1049 emendabat.Unde
1883 994 2060 1048 etiam

409 1085 667 1141 secundo
700 1085 1001 1156 depositus
1033 1089 1121 1139 est
1168 1085 1237 1137 ab
1272 1083 1525 1139 abbatia.
1560 1084 1685 1137 llzsc
1717 1083 1914 1153 itaque
1946 1082 2061 1136 duo

408 1175 479 1229 de
491 1174 770 1246 Tegrinse
791 1174 947 1229 dicta
967 1172 1285 1229 monachos
1314 1172 1491 1227 simul
1514 1176 1572 1227 et
1594 1172 1833 1227 abbates
1859 1186 2061 1225 omnes

409 1264 722 1320 admonere
753 1267 1094 1335 possunt,ut
1125 1262 1433 1317 attendant
1464 1262 1523 1316 in
1548 1265 1767 1332 quanta
1790 1259 2064 1315 sollicitu-

410 1354 545 1409 dine
602 1370 705 1426 pro
764 1370 873 1409 sua
928 1352 1283 1425 negligentia
1341 1350 1527 1407 sancti
1588 1350 1810 1423 jugiter
1867 1349 2061 1404 consi-

409 1446 569 1498 stant
620 1446 991 1513 quantasque
1020 1458 1218 1513 preces
1266 1458 1368 1512 pro
1419 1457 1621 1496 eorum
1654 1438 1841 1495 salute
1891 1437 2059 1493 emit-

405 1534 555 1587 tant.

977 1620 1164 1676 VISIO
1197 1619 1487 1675 DECIMA.

743 1727 813 1765 DE
853 1726 901 1764 S.
943 1725 1300 1764 EMMERAMMI
1341 1723 1719 1762 MONASTERIO.

622 1800 849 1855 Diversa
878 1800 993 1853 visa
1023 1806 1073 1853 et
1102 1798 1250 1852 dicta
1280 1796 1561 1851 Adalberti
1589 1794 1844 1851 monachi

817 1870 1334 1925 Emmerammensz's
1364 1869 1646 1923 morituri.

478 1979 638 2034 Nunc
677 1978 747 2033 ad
781 1977 967 2033 sancti
1021 1976 1437 2031 Emmerammi
1469 1974 1798 2030 cmnobium
1852 1972 2053 2029 relatio

405 2070 606 2123 nostra
634 2066 833 2122 redeat
863 2070 919 2121 et
950 2082 1096 2137 quas
1126 2064 1379 2121 visiones
1408 2064 1613 2119 exinde
1660 2052 2055 2134 comperimus

402 2157 676 2229 proferat.
701 2154 963 2227 Denique
993 2158 1127 2210 ante
1160 2170 1342 2209 annos
1377 2170 1592 2225 paucos
1625 2151 1935 2207 defunctus
1966 2155 2054 2205 est

398 2245 480 2301 ibi
513 2245 754 2317 quidam
787 2244 982 2315 frater,
1016 2244 1251 2299 nomine
1279 2242 1646 2314 Adelpertus,
1678 2240 1895 2295 illustri
1930 2240 2053 2311 qui-

402 2335 535 2390 dem
567 2337 623 2390 et
652 2333 831 2390 nobili
859 2334 1157 2405 parentela
1186 2336 1366 2400 ortus,
1402 2333 1503 2387 sed
1536 2331 1676 2402 quia
1708 2330 1899 2385 adhuc
1930 2331 2053 2383 erat

394 2423 630 2493 juvenis
661 2427 837 2493 atque
859 2423 967 2478 sub
996 2439 1061 2477 eo
1092 2426 1351 2493 tempore
1377 2426 1496 2475 tam
1529 2421 1601 2475 ob
1624 2420 1852 2474 abbatis
1874 2434 2049 2488 quam

404 2511 662 2583 episcopi
712 2512 1001 2567 incuriam
1068 2511 1267 2565 omnia
1321 2508 1641 2580 disciplinae
1710 2507 1941 2563 vincula
1991 2506 2050 2560 in

403 2599 665 2656 coenobio
714 2600 917 2656 eodem
947 2599 1140 2655 laxata
1185 2603 1342 2665 sunt,
1376 2598 1501 2669 ipse
1531 2598 1707 2652 etiam
1748 2596 2050 2669 negligens

404 2688 629 2745 exstitit
678 2689 737 2743 in
790 2688 1013 2756 multis,
1054 2689 1155 2743 sed
1204 2687 1450 2743 orationi
1499 2687 1748 2742 assiduae
1788 2686 2050 2741 intentus

402 2782 546 2834 erat.
582 2778 684 2833 Hic
731 2778 912 2849 igitur
940 2777 1278 2832 infirmitate
1328 2780 1628 2847 correptus
1655 2774 1838 2829 multa
1877 2778 2051 2845 atque

403 2868 674 2924 miranda
710 2866 854 2923 vidit
883 2884 997 2923 non
1031 2883 1132 2938 per
1178 2865 1425 2936 somnia,
1459 2866 1559 2921 sed
1590 2864 1715 2919 visu
1765 2862 2048 2935 vigilanti,

405 2974 535 3029 quze
570 2958 848 3013 fratribus
877 2973 1071 3012 coram
1105 2956 1437 3011 astantibus
1468 2953 2050 3015 intimavit.Quorum

404 3063 593 3118 pauca
620 3048 865 3103 fratrum
900 3045 1291 3117 quorumdam
1315 3044 1500 3099 relatu
1534 3042 1894 3114 audivi,quia
1914 3046 2051 3097 tunc

2173 458 2639 513 destructoribus
2671 458 2896 513 cunctis
2928 458 3291 529 eripiendum
3324 462 3522 529 aperte
3564 476 3825 516 cernam.

2172 546 2317 601 Vere
2347 547 2503 601 enim
2553 546 2681 601 dico
2712 547 2876 603 vobis
2907 547 3067 618 quia,
3099 546 3213 601 nisi
3264 547 3517 617 peccatis
3546 548 3822 619 gravibus

2172 635 2542 707 impediatur,
2578 636 2832 691 maxima
2860 636 2960 691 Dei
3009 636 3196 707 gratia
3226 653 3401 707 super
3433 636 3588 691 hunc
3627 636 3821 691 locum

2173 726 2522 780 destinatur.
2569 725 2758 779 Facite
2804 741 2938 797 ergo
2992 742 3117 796 qua:
3164 730 3301 780 sunt
3354 725 3637 780 facienda.
3673 726 3821 781 Con-

2172 819 2431 869 vertatur
2478 814 2887 885 unusquisque
2918 818 3174 869 vestrum
3206 832 3237 868 a
3266 814 3358 869 via
3405 832 3511 869 sua
3541 814 3716 884 mala,
3749 831 3825 870 ne

2172 907 2333 958 tanta
2381 902 2734 975 impediatur
2785 903 2987 974 gratia.
3023 906 3155 969 Qua
3205 903 3486 959 nimirum
3536 903 3692 958 dicta
3743 904 3825 960 ita

2171 992 2426 1047 vidimus
2457 992 2718 1063 impleta.
2756 992 2911 1046 Inter
2941 992 3061 1046 haec
3114 1008 3367 1063 namque
3398 994 3560 1048 bona
3592 1009 3822 1049 memo-

2172 1084 2268 1135 riae
2302 1082 2491 1137 Caesar
2518 1080 2822 1146 Henricus,
2857 1080 3035 1149 hujus
3086 1080 3309 1150 parvuli
3341 1081 3492 1153 regis
3523 1082 3693 1137 modo
3728 1097 3822 1136 re-

2173 1172 2407 1240 gnantis
2436 1170 2663 1226 Henrici
2695 1174 2878 1242 pater,
2906 1170 3133 1225 nisibus
3166 1169 3520 1226 omnimodis
3551 1171 3824 1227 tractavit

2173 1259 2421 1330 qualiter
2453 1261 2724 1315 eumdem
2756 1260 2950 1314 locum
2977 1277 3009 1314 a
3035 1259 3352 1315 durissimo
3376 1260 3693 1316 Pharaonis
3717 1262 3826 1315 im-

2172 1348 2351 1420 perio,
2385 1348 2443 1403 id
2476 1354 2582 1416 est,
2614 1350 2686 1404 ab
2717 1349 2973 1421 episcopi
3002 1348 3258 1420 potentia
3288 1349 3824 1420 eriperet.Sed,illo

2171 1439 2310 1493 talia
2366 1442 2649 1494 tractante
2708 1438 3039 1509 praediaque
3096 1439 3363 1510 quaedam
3415 1438 3486 1494 ab
3546 1439 3821 1511 episcopo

2171 1528 2509 1584 Gebehardo
2584 1526 2776 1582 ablata
2850 1526 3209 1595 restituente,
3270 1531 3565 1599 postremo
3640 1518 3819 1583 etiam

2176 1622 2409 1689 propter
2459 1633 2715 1672 amorem
2750 1615 2850 1672 Dei
2898 1620 2954 1671 et
2986 1621 3221 1688 propter
3266 1616 3566 1689 privilegia
3616 1633 3822 1673 mona-

2169 1705 2328 1762 sterii
2354 1705 2538 1761 nostri
2563 1705 2797 1761 interim
2850 1705 3083 1760 inventa
3130 1708 3190 1760 in
3232 1706 3449 1777 regiam
3472 1709 3821 1778 potestatem

2169 1795 2327 1850 idem
2360 1793 2781 1851 monasterium
2801 1794 3453 1866 recipiente,quia,proh
3489 1794 3686 1850 dolori
3716 1812 3823 1851 nos

2167 1885 2437 1940 monachi
2489 1902 2590 1956 pro
2621 1889 2784 1940 tanta
2831 1885 3021 1957 gratia
3067 1884 3417 1956 perficienda
3465 1902 3578 1941 non
3629 1885 3823 1941 solum
3864 1918 3873 1926 Î¿

2163 1974 2364 2029 solitas
2396 1973 2781 2046 negligentiae
2814 1990 2928 2029 non
2962 1973 3304 2041 minuimus,
3322 1975 3422 2029 sed
3456 1975 3631 2030 etiam
3664 1975 3822 2029 inter

2163 2067 2249 2117 tot
2293 2064 2572 2118 beneficia
2621 2080 2834 2118 novum
2891 2064 3185 2134 quoddam
3220 2062 3411 2119 scelus
3456 2063 3817 2135 addidimus,

2165 2152 2461 2208 credentes
2511 2152 2729 2207 scilicet
2773 2152 2996 2223 absque
3043 2150 3240 2207 labore
3292 2152 3485 2223 aliquo
3533 2151 3817 2208 sublimia

2165 2258 2334 2312 posse
2360 2242 3014 2313 mereri,sperantesque
3048 2241 3233 2313 magis
3264 2241 3323 2296 in
3355 2241 3611 2298 humano
3637 2259 3820 2313 quam

2164 2330 2222 2385 in
2283 2331 2476 2386 divino
2537 2329 2773 2398 auxilio,
2836 2335 3072 2401 repente
3130 2348 3264 2402 spes
3327 2336 3526 2387 nostra
3580 2332 3816 2387 cecidit.

2161 2420 2328 2489 Nam,
2364 2420 2709 2491 priusquam
2756 2419 2857 2474 illa
2878 2420 3003 2490 jam
3038 2424 3499 2476 commemorata
3536 2436 3819 2476 consum-

2164 2513 2463 2563 marentur
2508 2509 2789 2564 beneficia
2820 2526 2853 2564 a
2882 2510 3156 2580 praedicto
3206 2508 3449 2578 Caesare,
3498 2510 3811 2565 defunctus

2160 2601 2265 2666 est,
2299 2602 2574 2665 tantaque
2604 2598 2862 2670 episcopi
2893 2597 3217 2669 persecutio
3248 2598 3453 2655 exinde
3493 2616 3666 2671 super
3696 2616 3809 2654 nos

2161 2703 2288 2743 esse
2309 2687 2482 2758 coepit
2503 2687 2694 2758 qualis
2718 2703 3021 2758 nunquam
3048 2690 3217 2743 antea
3236 2687 3577 2759 fuit.Sicque
3598 2705 3810 2744 verum

2158 2776 2340 2832 fuisse
2387 2777 2666 2847 probatur
2695 2777 2849 2848 quod
2895 2793 2963 2831 ex
3003 2777 3197 2832 fratris
3246 2776 3539 2848 Adelperti
3582 2776 3812 2833 visione

2160 2865 2877 2937 przedicebaturPrmdixit
2904 2866 3059 2922 enim
3092 2866 3405 2921 maximam
3430 2866 3530 2922 Dei
3558 2868 3815 2937 gratiam

2163 2954 2425 3009 coenobio
2473 2959 2670 3010 nostro
2707 2959 3036 3020 venturam,
3072 2955 3183 3010 nisi
3238 2955 3488 3026 peccatis
3534 2954 3819 3027 gravibus

2164 3042 2724 3114 impediretur.Dixit
2752 3049 2809 3099 et
2837 3040 3107 3115 alia/quae
3140 3045 3239 3112 ita,
3274 3048 3338 3099 ut
3368 3044 3649 3116 pradixit,
3682 3059 3818 3100 eve-

404 3136 478 3190 ad
493 3135 911 3190 monasterium
930 3133 1216 3189 Fuldense
1239 3132 1639 3204 profectus,ibi
1663 3148 1917 3203 praesens
1930 3147 2058 3187 esse
2089 3112 2130 3179 ÎŸ
2169 3138 2399 3188 nerunt.

408 3238 666 3294 nequm.

474 3312 621 3368 Cum
651 3329 786 3385 ergo
834 3319 1112 3385 aegrotare
1153 3313 1443 3384 ccepissct,
1477 3312 1617 3383 quia
1663 3311 1917 3367 delicatm
1952 3328 2053 3365 na-

399 3406 544 3457 tura
576 3406 699 3458 erat
730 3402 944 3473 aliique
967 3404 1235 3473 juniores
1266 3402 1321 3456 id
1351 3402 1544 3473 ipsum
1577 3405 1839 3456 amantes
1870 3400 1929 3454 in
1954 3399 2051 3455 illo

400 3490 699 3546 levitatem
722 3490 946 3545 nullam
971 3491 1616 3562 reprehendebant,non
1638 3506 1773 3545 eum
1797 3490 1855 3544 in
1881 3492 2051 3544 domo

401 3580 794 3650 infirmorum,
827 3580 929 3635 sed
960 3584 1119 3634 extra
1149 3579 1486 3635 monasterii
1520 3578 1775 3633 claustra
1814 3580 1873 3633 in
1907 3596 2051 3649 qua-

404 3670 540 3724 dam
571 3667 864 3724 caminata
891 3668 1138 3723 honesta
1166 3684 1346 3737 prope
1376 3666 1679 3721 ecclesiam
1714 3668 1904 3736 posita
1936 3685 2053 3721 ma-

402 3773 540 3812 nere
583 3758 975 3813 decernebant
1006 3781 1019 3821 ;
1048 3755 1147 3809 ubi
1182 3760 1378 3810 tamen
1410 3756 1620 3810 fratres
1658 3754 1823 3809 illum
1884 3755 2049 3810 facile

397 3845 635 3901 visitare
681 3848 971 3917 poterant.
1015 3843 1136 3898 Illic
1186 3843 1438 3913 denique
1479 3844 1710 3913 jacente
1762 3842 1879 3909 illo,
1933 3860 2047 3898 non

398 3932 579 3988 semel
612 3939 713 3988 aut
745 3933 856 4000 bis,
889 3933 990 3987 sed
1023 3932 1257 4003 saepius,
1290 3936 1355 3986 ut
1384 3931 1528 3986 mihi
1561 3931 1879 4001 dicebatur,
1901 3932 2050 3988 mira

396 4021 774 4087 intuebatur;
826 4036 1075 4091 quorum
1124 4025 1214 4075 est
1265 4037 1449 4075 unum
1501 4025 1578 4087 et,
1627 4024 1690 4074 ut
1734 4037 1879 4084 reor,
1932 4020 2046 4091 pri-

398 4124 563 4163 mum
597 4126 615 4163 .Î‡
647 4109 935 4179 quosdam
982 4126 1235 4179 namque
1266 4110 1421 4164 viros
1472 4109 1675 4163 habitu
1721 4111 2045 4165 venerando

394 4196 705 4267 praeclaros
736 4201 1150 4269 praetereuntes
1180 4213 1242 4253 se
1270 4198 1433 4252 vidit.
1467 4198 1598 4267 Sed,
1632 4199 1771 4252 dum
1805 4199 2044 4269 quidam

396 4286 552 4341 inter
580 4303 678 4342 eos
729 4288 801 4343 ad
834 4304 969 4343 eum
1011 4288 1283 4343 visitandi
1332 4286 1519 4358 gratia
1550 4288 1790 4358 propius
1831 4287 2045 4344 vellent

391 4374 683 4443 accedere,
732 4380 1053 4431 renuerunt
1106 4375 1222 4446 alii,
1269 4374 1573 4430 dicentes:
1609 4375 1734 4430 Non
1778 4377 2047 4431 convenit

2236 3222 2477 3277 Cuidam
2510 3238 2762 3293 namque
2792 3224 3042 3278 fratrum
3072 3223 3305 3279 sibimet
3335 3224 3822 3297 charissimo,qui

2164 3312 2358 3367 dictus
2389 3317 2477 3367 est
2506 3312 2701 3379 Aribo,
2737 3313 3146 3383 praenuntiavit
3194 3329 3312 3367 non
3343 3311 3512 3385 longe
3543 3318 3673 3384 post
3703 3315 3819 3368 ob-

2161 3401 2308 3455 itum
2342 3419 2516 3456 suum
2547 3418 2673 3457 esse
2704 3402 3189 3467 victurum.Quod
3220 3407 3275 3457 et
3302 3403 3383 3457 ita
3412 3402 3641 3457 accidit.
3662 3402 3819 3457 Nam

2161 3489 2219 3544 in
2252 3491 2453 3545 eodem
2486 3491 2599 3555 die,
2634 3508 2747 3562 quo
2778 3490 3126 3561 Adelpertus
3165 3490 3328 3558 obiit,
3366 3495 3657 3547 transacto
3690 3508 3815 3547 uno

2160 3582 2387 3633 tantum
2438 3596 2607 3649 anno,
2644 3580 2821 3634 Aribo
2855 3580 3031 3634 etiam
3063 3579 3241 3634 vitam
3289 3579 3492 3634 ï¬nivit.
3524 3579 3818 3635 Indicavit

2160 3683 2391 3739 quoque
2467 3669 2696 3723 cuidam
2757 3668 2941 3733 fratri,
3002 3670 3173 3739 cujus
3248 3685 3459 3723 nomen
3519 3673 3576 3723 et
3641 3673 3817 3724 actus

2160 3772 2432 3825 agnosco,
2454 3757 2610 3827 quia,
2638 3756 2749 3811 nisi
2790 3774 2850 3812 se
2881 3775 2913 3813 a
2942 3758 3280 3813 Judaaorum
3310 3757 3598 3829 colloquio
3629 3758 3820 3812 absti-

2159 3848 2337 3910 neret,
2370 3844 2430 3898 in
2482 3847 2918 3916 tormentajam
2951 3846 3061 3901 sibi
3093 3851 3415 3917 prmparata
3453 3847 3818 3918 quandoque

2158 3933 2552 3989 descenderet.
2606 3935 2900 3991 Intimavit
2930 3941 2987 3990 et
3026 3935 3173 3991 illud
3225 3937 3296 3990 de
3322 3937 3575 4007 quodam
3630 3935 3819 3992 fratre

2148 4023 2274 4092 jam
2325 4024 2593 4101 defuncto
2626 4024 2763 4094 quia
2812 4040 2947 4079 eum
2978 4024 3037 4079 in
3070 4042 3241 4097 poena
3272 4042 3486 4097 magna
3533 4024 3818 4080 infernali

2157 4112 2411 4182 positum
2441 4129 2568 4168 esse
2590 4118 2850 4168 cerneret
2872 4114 3120 4184 ideoque
3142 4130 3289 4186 opus
3309 4130 3436 4169 esse
3464 4119 3528 4169 ut
3549 4130 3651 4185 pro
3675 4114 3819 4185 ejus

2156 4200 2520 4257 absolutione
2551 4203 2734 4257 oratio
2766 4203 2975 4258 intima
3008 4204 3188 4258 ï¬eret.
3215 4203 3358 4258 Cum
3391 4209 3587 4259 autem
3618 4203 3819 4260 multa

2154 4288 2493 4359 hujusmodi
2547 4292 2762 4348 diceret
2809 4308 3003 4347 coram
3061 4292 3361 4359 fratribus,
3412 4292 3649 4348 fuerunt
3700 4293 3816 4364 qui

2154 4385 2459 4434 censerent
2491 4397 2603 4435 non
2649 4381 2776 4451 ejus
2806 4382 2996 4435 verbis
3027 4382 3383 4436 credendum
3414 4397 3562 4449 esse,
3598 4386 3813 4452 utpote

392 4463 561 4519 nobis
593 4468 658 4520 ut
686 4481 820 4520 eum
852 4466 952 4535 qui
983 4468 1146 4519 extra
1176 4463 1514 4519 monasterii
1560 4464 1814 4519 claustra
1839 4469 1896 4519 et
1927 4482 2042 4519 non
2072 4487 2119 4551 D
2154 4465 2253 4534 qui
2287 4464 2477 4520 insani
2509 4465 2716 4537 capitis
2748 4467 3045 4522 vexatione
3076 4468 3456 4540 captus,nihil
3492 4467 3651 4523 aliud
3685 4469 3815 4525 nisi

388 4552 449 4607 in
498 4552 671 4609 domo
723 4553 1092 4608 infirmorum
1148 4552 1445 4607 communi
1497 4554 1656 4623 jacet
1712 4553 2038 4609 visitemus.

390 4642 573 4713 Quod,
609 4644 749 4697 dum
796 4642 1037 4697 vidisset
1067 4646 1123 4697 et
1165 4642 1445 4708 audisset,
1472 4641 1748 4696 fratribus
1798 4642 2043 4713 quibus--

388 4730 524 4784 dam
556 4732 884 4785 astantibus
914 4731 1297 4786 denuntiavit.
1332 4730 1437 4793 Qui
1469 4735 1685 4801 tamen,
1721 4748 1835 4802 qua
1866 4748 2043 4787 causa

384 4817 598 4884 nescio,
634 4824 862 4888 portare
892 4835 1025 4873 eum
1059 4818 1118 4873 in
1152 4820 1393 4874 domum
1440 4819 1809 4875 infirmorum
1837 4820 2037 4875 nolue-

382 4910 543 4959 runt.
577 4906 775 4960 Altera
808 4912 1005 4961 autem
1035 4907 1159 4961 vice
1208 4924 1451 4963 cernens
1483 4911 1538 4962 et
1569 4908 1823 4965 ecclesiae
1856 4914 1911 4963 et
1952 4914 2035 4964 to-

380 4991 499 5048 tius
557 4992 795 5048 claustri
842 4994 1174 5064 pavimenta
1223 4996 1481 5067 purgari,
1520 4997 1850 5053 astantibus
1895 4998 2037 5052 dixit

384 5081 663 5137 fratribus
696 5100 708 5136 :
744 5082 946 5137 Nonne
976 5083 1213 5137 cernitis
1261 5084 1510 5154 qualiter
1538 5093 1775 5141 sanctus
1832 5087 2034 5142 Petrus

378 5176 437 5226 et
467 5176 706 5229 sanctus
736 5172 1209 5227 Emmerammus
1233 5172 1448 5243 aliique
1480 5174 1738 5229 seniores
1770 5176 2030 5247 praeclari

379 5262 799 5317 monasterium
826 5262 985 5316 istud
1020 5266 1339 5334 purgantes
1362 5262 1879 5318 circumeunt?Cui
1898 5282 2030 5319 cum

376 5351 828 5421 responderetur
855 5368 889 5405 a
919 5351 1197 5405 fratribus
1232 5368 1244 5405 :
1282 5350 1588 5405 Neminem
1618 5350 1826 5407 talium
1871 5354 2028 5408 vide-

374 5454 531 5508 mus,
591 5439 774 5494 dixit:
823 5440 1096 5495 Admiror
1152 5438 1319 5495 valde
1379 5442 1670 5510 quomodo
1728 5458 1829 5497 vos
1886 5442 2029 5498 tales

374 5527 633 5594 seniores
662 5526 854 5585 videre
903 5530 1226 5607 nequeatis,
1263 5545 1395 5595 cum
1445 5544 1548 5603 ego
1584 5529 1714 5588 illos
1763 5530 2026 5590 illorum-

2151 4554 2306 4623 quod
2338 4553 2568 4610 insania
2611 4560 2965 4627 suggereret,
2996 4556 3156 4627 loqui
3190 4562 3404 4627 posset.
3439 4557 3623 4625 Quod,
3655 4558 3814 4615 dum

2154 4642 2252 4698 ille
2282 4645 2564 4716 audisset,
2589 4645 2793 4701 dolens
2825 4664 2927 4717 pro
2956 4647 3360 4703 incredulitate
3390 4664 3590 4704 eorum
3618 4648 3809 4704 dixit:

2152 4732 2295 4797 Quia
2326 4733 2489 4789 video
2540 4751 2640 4790 vos
2673 4736 2817 4790 meis
2845 4736 3107 4792 difï¬dere
3156 4737 3362 4807 verbis,
3402 4737 3591 4792 dicam
3630 4737 3814 4794 vobis

2151 4822 2568 4892 signum,unde
2600 4825 2831 4881 credere
2863 4825 3119 4896 possitis.
3152 4826 3208 4880 Si
3240 4842 3373 4897 ergo
3404 4842 3472 4881 ex
3502 4826 3609 4882 hac
3639 4826 3821 4882 inlita

2149 4910 2350 4965 mitate
2381 4912 2569 4967 factus
2602 4913 2760 4968 fuero
2807 4931 3005 4984 sanus,
3040 4913 3313 4985 quaelibet
3340 4915 3456 4969 dixi
3489 4913 3629 4969 falsa
3667 4932 3822 4974 esse

2148 4999 2380 5068 sciatis;
2438 5001 2486 5054 si
2538 5007 2729 5057 autem
2781 5002 2951 5057 citius
2998 5002 3213 5069 obiere,
3266 5003 3465 5059 sciatis
3515 5020 3608 5059 me
3661 5021 3829 5062 vera

2146 5087 2379 5142 dixisse.
2401 5091 2562 5153 Quod
2595 5092 2736 5144 dum
2770 5091 3246 5162 contingeret,ita
3276 5108 3480 5147 omnes
3512 5096 3649 5147 tunc
3673 5108 3828 5147 cre-

2144 5176 2439 5231 diderunt.

2215 5265 2427 5319 Habuit
2457 5272 2512 5321 et
2543 5267 2691 5322 hanc
2723 5269 2971 5340 gratiam
3004 5272 3156 5326 idem
3182 5272 3359 5328 frater
3388 5271 3446 5326 in
3480 5272 3606 5342 ipsa
3634 5268 3831 5327 inï¬r-

2142 5355 2343 5409 mitate
2362 5359 2425 5410 ut
2450 5356 2727 5427 usquead
2752 5359 2947 5415 obitus
2979 5360 3069 5415 sui
3094 5361 3295 5416 horam
3322 5377 3463 5415 sana
3486 5364 3542 5414 et
3565 5359 3835 5431 integra

2139 5444 2251 5498 fide
2327 5450 2671 5513 remaneret,
2733 5464 2905 5502 orans
2976 5450 3198 5521 jugiter
3256 5454 3312 5504 et
3386 5448 3824 5521 poenitentiarn

2138 5549 2344 5607 gerens
2374 5551 2479 5608 pro
2511 5535 2738 5593 delictis
2768 5538 2893 5595 suis
2931 5542 2988 5595 et
3015 5540 3214 5597 dicens
3246 5539 3541 5598 interdum
3575 5555 3587 5597 :
3626 5538 3758 5597 Heu
3793 5542 3824 5604 á¿‘
