4030 6186
319 411 411 470 365
1663 419 1895 480 LIBER
1939 419 2346 484 VISIONUM.
3589 427 3732 502 366'

316 542 407 598 heu
430 543 443 596 l
469 543 846 642 quodvitam
876 551 1222 642 praesentem
1266 566 1527 622 unquam
1576 554 1824 624 gustavi,
1885 553 1943 608 in
1973 554 2029 620 Α
2059 553 2280 624 priores
2320 556 2684 631 elemosynas
2716 562 2953 619 faciens.
2991 565 3147 622 Idem
3179 567 3355 623 etiam
3387 574 3597 642 puteus
3629 572 3705 628 si-

305 649 398 727 qua
424 631 568 727 nihil
603 633 988 727 aliud-merui
1018 637 1131 692 nisi
1155 644 1430 711 perpetuo
1501 642 1767 697 damnari
1794 643 1806 696 l
1844 643 1937 698 Di-
2045 645 2286 716 gnificat
2316 646 2653 716 exhaustus,
2679 651 2778 721 qui
2811 654 3106 723 quondam
3139 656 3346 727 plenus
3387 631 3700 718 undecun-

303 722 444 776 cebat
503 724 560 777 et
615 721 722 778 hoc
753 724 846 779 die
902 727 1157 796 quadam
1222 728 1501 785 fratribus
1564 732 1932 789 astantibus;

638 735 846 822 ioc-uie
902 735 1157 822 quadam
1222 735 1501 822 fratribus
1564 735 1932 789 astantibus;
2045 751 2157 803 que
2187 735 2482 792 venientes
2514 739 2740 795 animas
2772 740 2984 798 haustu
3019 745 3174 800 facili
3219 748 3453 804 reficere
3482 752 3695 822 potuit,

297 807 478 866 Nonne
528 811 788 883 aspicitis
845 815 1078 885 qualem
1137 819 1308 873 modo
1364 836 1594 890 pmnan:
1625 822 1932 877 sustineo?

2042 840 2197 878 nunc
2227 825 2426 881 aridus
2449 827 2506 881 in
2533 832 2760 885 tantum
2783 836 3102 901 constat,ut
3122 835 3313 906 ipsum
3353 840 3506 910 quod
3533 840 3593 897 in
3625 859 3691 898 eo

296 897 386 961 Qui
443 901 586 955 dum
637 901 782 956 nihil
815 920 877 958 se
916 904 1112 961 videre
1143 908 1576 978 proﬁterentur,
1617 914 1758 964 tunc
1792 911 1926 967 ille:

292 987 406 1054 Ubi,
438 989 652 1061 inquit,
685 996 776 1046 est
805 993 964 1048 visus
991 997 1223 1050 vester?
1253 997 1506 1069 Aperite,
1558 1015 1754 1069 quasso
1787 1016 1924 1055 ocu-

285 1075 362 1132 los
390 1082 444 1132 et
469 1077 675 1152 videte,
711 1080 993 1151 quiajam
1031 1083 1176 1138 mihi
1207 1084 1443 1141 brachia
1483 1086 1711 1158 aliaque
1739 1105 1922 1144 mem-

283 1166 379 1220 bra
399 1166 847 1224 abscinduntur.
881 1172 1400 1244 Appropinquante
1428 1192 1562 1230 vero
1611 1176 1799 1232 exitus
1829 1178 1919 1233 sui

283 1253 414 1310 hora
427 1255 827 1330 fratribusque
849 1257 1120 1316 litaniam
1134 1261 1738 1337 decantantibus,ipse
1770 1283 1920 1337 quo-

283 1360 385 1415 que
415 1361 552 1402 voce
583 1347 710 1402 viva
734 1348 913 1404 simul
944 1350 1273 1407 decantavit
1301 1353 1713 1426 subitoque,ut
1742 1355 1915 1410 refer-

277 1435 385 1503 tur,
419 1433 574 1491 inter
596 1435 808 1491 litanias
843 1439 1072 1494 cantica
1114 1439 1296 1497 dixit:
1332 1442 1614 1514 Requiem
1646 1447 1918 1499 aeternam

275 1521 512 1593 donaci,
543 1525 810 1596 Domine,
851 1532 906 1583 et
937 1546 1036 1584 ve.
1071 1547 1120 1585 ει.
1154 1548 1241 1586 va.
1294 1531 1403 1586 vel.
1460 1533 1530 1586 ei.
1584 1533 1683 1587 His
1741 1533 1914 1589 dictis

272 1611 416 1668 ultra
446 1630 822 1687 nequaquam
852 1618 1090 1688 protulit
1119 1619 1253 1675 ulla.
1290 1621 1707 1683 Quaznimirum
1739 1623 1914 1678 verba

267 1718 364 1772 pro
394 1720 512 1775 quo
543 1705 818 1762 defuncto
841 1707 1078 1776 diceret,
1099 1710 1365 1781 ignotum
1388 1715 1616 1767 constat
1647 1712 1908 1782 usquein

263 1808 540 1864 praesens,
601 1794 715 1850 nisi
770 1796 915 1852 forte
949 1798 1305 1854 monachum
1339 1802 1649 1872 quemdam
1684 1801 1741 1855 in
1770 1800 1905 1855 Ful-

263 1881 423 1937 densi
456 1884 718 1940 cmnobio
748 1885 876 1957 ipsa
908 1887 999 1941 die
1031 1887 1370 1943 defunctum
1406 1889 1782 1961 significaret,
1807 1891 1904 1962 qui

261 1970 434 2026 etiam
488 1972 878 2031 Chumundus
930 1977 1265 2034 vocabatur.
1325 1979 1511 2035 Multa
1568 1980 1806 2052 quidem
1851 1985 1909 2036 et

261 2059 370 2115 alia
399 2062 472 2116 de
501 2079 568 2118 eo
599 2064 811 2120 referre
842 2064 1029 2121 solent
1049 2067 1256 2124 fratres
1279 2068 1484 2137 nostri,
1518 2085 1769 2140 quorum
1802 2086 1906 2125 nec

254 2150 499 2206 memini
530 2169 636 2208 nec
666 2153 912 2227 dignum
943 2155 1194 2213 scribere
1225 2157 1381 2212 duxi.

791 2263 980 2318 VISIO
1010 2263 1394 2322 UNDEClMA.

335 2349 480 2403 I’z'sio
511 2351 807 2423 cujusdam
861 2354 1102 2410 mendici
1153 2355 1220 2409 de
1281 2357 1514 2410 Henrico
1552 2355 1626 2410 III
1668 2356 1898 2423 Caesare,

510 2421 828 2480 Gebehardo
857 2427 1100 2498 episcopo
1134 2427 1531 2498 Ratz'sponensz',
1564 2431 1650 2482 etc

311 2509 576 2572 Quidam
610 2513 914 2570 mendicus
944 2515 1001 2570 in
1037 2516 1356 2588 Ratispona
1381 2521 1503 2572 erat
1526 2515 1784 2587 quotidie
1815 2533 1899 2572 se-

237 2599 383 2655 dens
423 2603 515 2660 vel
550 2602 607 2658 in
658 2603 869 2660 eclesia
897 2604 983 2660 vel
1015 2609 1149 2660 ante
1188 2609 1384 2676 portas
1416 2604 1670 2661 ecclesim
1700 2605 1897 2661 Sancti

233 2695 670 2761 Emmeramni,
701 2698 766 2749 ut
785 2695 856 2750 ab
888 2694 1318 2750 introeuntibus
1341 2694 1768 2767 eleemosynam
1797 2712 1895 2768 pe-

229 2793 402 2844 teret.
468 2786 573 2842 Hic
622 2785 802 2858 igitur
858 2788 990 2839 ante
1028 2799 1246 2856 paucos
1277 2800 1507 2840 menses
1540 2801 1717 2856 quam
1750 2801 1894 2856 prae-

227 2877 431 2932 dictus
463 2877 658 2932 Caesar
687 2873 968 2930 Henricus
999 2873 1261 2940 abiisset,
1295 2874 1352 2927 in
1383 2874 1604 2929 visione
1638 2875 1888 2946 quadam

223 2965 406 3038 plura
436 2965 607 3035 vidit,
632 2980 882 3036 quorum
916 2979 1100 3034 pauca
1127 2962 1270 3017 mihi
1297 2963 1479 3018 relata
1509 2962 1638 3018 aliis
1661 2979 1893 3034 quoque

223 3057 454 3112 referre
496 3053 645 3110 volo.
678 3053 885 3109 Visum
916 3069 1169 3122 namque
1199 3056 1286 3107 est
1314 3051 1366 3107 ei
1392 3053 1546 3123 quod
1579 3070 1613 3108 a
1635 3052 1890 3124 quodam

229 3148 608 3217 praepotente
675 3141 1091 3197 transferretur
1143 3141 1199 3194 in
1260 3140 1476 3208 locum,
1527 3141 1625 3195 ubi
1666 3139 1890 3195 habita-

221 3233 436 3289 culum
499 3233 690 3288 instar
741 3230 1044 3286 candentis
1089 3231 1477 3300 ferventisque
1499 3228 1719 3284 metalli
1752 3245 1888 3284 con-

2039 917 2127 967 est
2157 913 2468 971 difficulter
2497 918 2631 989 quis
2664 919 2914 975 hauriat.

2114 1003 2325 1059 Deinde
2392 1012 2732 1079 assumptus
2765 1010 2899 1065 etin
2933 1016 3193 1068 montem
3225 1015 3543 1084 excelsum,
3589 1020 3690 1076 ubi

2034 1094 2459 1150 monasterium
2484 1098 2768 1154 excellens
2800 1103 2953 1155 stare
2983 1101 3311 1174 videbatur,
3334 1106 3403 1159 ad
3429 1108 3582 1176 quod
3607 1109 3688 1164 si-

2033 1181 2271 1253 militer,
2307 1189 2369 1239 ut
2391 1185 2458 1239 ad
2485 1191 2728 1258 puteum
2753 1189 3120 1258 praedictum,
3141 1192 3385 1265 vestigia
3409 1194 3688 1265 plurima-

2029 1285 2159 1324 rum
2219 1274 2626 1345 pertingebant
2669 1276 2894 1331 viarum
2927 1294 3179 1349 quarum
3212 1280 3375 1337 nulla
3405 1283 3519 1339 nisi
3553 1289 3684 1342 tan-

2027 1362 2330 1417 tummodo
2354 1381 2471 1419 una
2491 1364 2655 1420 callis
2678 1367 2898 1422 noviter
2910 1367 3031 1422 triti
3052 1373 3417 1428 monstrabat
3435 1373 3677 1443 indicia;

2025 1447 2259 1520 reliquas
2291 1468 2493 1506 omnes
2523 1453 2780 1509 arbustis
2811 1455 3153 1527 antiquibus
3187 1459 3407 1516 inclitis
3429 1462 3509 1517 ita
3538 1469 3681 1518 sunt

2025 1539 2251 1618 deletae.
2282 1545 2346 1594 ut
2373 1541 2464 1596 vix
2496 1549 2952 1613 agnoscerentur
2999 1545 3076 1598 ibi
3126 1545 3264 1602 olim
3320 1565 3467 1620 esse,
3517 1552 3680 1607 Tunc

2023 1630 2228 1685 ductor
2257 1632 2384 1702 ejus
2417 1631 2684 1688 intimato
2708 1633 2963 1706 primum
2999 1637 3336 1692 monasterii
3373 1639 3676 1709 vocabulo,

2020 1721 2176 1790 quod
2213 1719 2357 1774 mihi
2382 1737 2496 1775 non
2527 1723 2798 1778 convenit
2822 1723 3243 1796 publicare,ne,
3267 1728 3408 1782 dum
3441 1746 3679 1801 genera-

2018 1808 2372 1865 literomnes
2399 1811 2568 1882 cupio
2591 1811 2897 1883 aedificare,
2923 1813 3210 1884 quosdam
3224 1816 3421 1872 videar
3452 1819 3674 1892 specia-

2018 1898 2150 1955 liter
2209 1899 2517 1969 infamare,
2580 1904 2713 1971 post
2753 1901 2874 1956 haec
2906 1903 3228 1973 subjunxit,
3258 1905 3495 1976 dicens;
3531 1909 3669 1978 Via),

2019 2005 2168 2060 quas
2199 1990 2271 2044 ad
2307 1989 2729 2045 monasterium
2768 1990 2926 2046 istud
2951 1991 3090 2047 olim
3122 1993 3360 2065 quidem
3410 1997 3672 2070 undique

2019 2079 2347 2144 tendentes,
2373 2095 2527 2133 nunc
2548 2095 2680 2133 vero
2699 2094 2845 2150 pene
2867 2079 3352 2154 deletas,excepta
3373 2101 3493 2140 una
3519 2087 3671 2158 aspi-

2017 2165 2121 2234 cis,
2184 2166 2484 2238 signiﬁant
2545 2168 2698 2238 quod
2758 2167 2994 2238 plurimi
3029 2171 3325 2240 quondam
3360 2172 3470 2228 huc
3504 2176 3671 2231 adve-

2015 2254 2242 2309 nientes
2301 2271 2404 2326 per
2462 2255 2800 2311 omnimoda
2856 2255 3174 2328 disciplinae
3224 2277 3399 2315 sacrae
3471 2277 3663 2318 exem-

2011 2341 2106 2412 pla
2161 2343 2428 2399 aedificati
2475 2349 2880 2411 recesserunt;
2933 2363 3086 2401 nunc
3142 2365 3275 2404 vero
3342 2349 3503 2406 locus
3558 2351 3666 2406 iste

2011 2449 2044 2486 a
2074 2431 2299 2487 malitia
2323 2433 2781 2488 inhabitantium
2805 2433 2862 2488 in
2887 2451 2951 2489 eo
2982 2435 3040 2488 in
3064 2440 3296 2492 tantum
3322 2438 3663 2495 annullatus

2008 2525 2116 2586 est,
2148 2526 2213 2576 ut
2242 2523 2335 2576 vix
2366 2523 2817 2594 praecedentium
2851 2527 3084 2594 patrum
3114 2524 3332 2582 indicia
3351 2526 3448 2582 hic
3482 2544 3665 2585 rema-

2007 2617 2200 2666 neant.
2237 2612 2427 2683 Majus
2447 2612 2602 2666 enim
2627 2612 2889 2667 studium
2914 2612 3237 2668 fornicandi
3263 2613 3494 2688 aliaque
3517 2618 3659 2674 vitia

2006 2702 2216 2774 agendi
2245 2701 2338 2756 hic
2367 2700 2699 2756 habitantes
2720 2701 2940 2757 habent
2968 2718 3146 2773 quam
3180 2703 3252 2758 ad
3285 2703 3493 2759 divinae
3536 2721 3659 2762 ser-

2003 2789 2206 2845 vitutis
2229 2790 2420 2845 officia
2451 2790 2694 2862 agenda.

2077 2882 2306 2950 Pauper
2335 2895 2568 2950 quoque
2596 2878 2911 2949 praedictus
2967 2879 3184 2936 vidisse
3215 2897 3276 2936 se
3307 2881 3451 2936 dixit
3481 2883 3656 2939 arbo-

2002 2983 2124 3022 rem
2183 2967 2500 3039 quamdam
2551 2966 2722 3021 molis
2779 2984 3002 3039 magnae
3035 2986 3162 3040 quae
3223 2970 3434 3026 abimo
3468 2988 3653 3044 usque

2003 3057 2073 3111 ad
2131 3073 2426 3111 summam
2487 3056 2779 3111 frondium
2826 3058 3077 3114 arefacta
3108 3062 3195 3114 est
3236 3076 3339 3131 per
3368 3061 3649 3116 medium.

2001 3145 2181 3208 Quam
2216 3161 2349 3200 cum
2381 3145 2661 3210 videret,a
2681 3162 2786 3201 suo
2816 3145 3136 3217 inquisitus
3168 3153 3257 3202 est
3279 3149 3516 3204 ductore
3540 3151 3652 3206 sci-

2000 3238 2162 3289 retne
2193 3250 2366 3304 quem
2399 3234 2772 3305 significaret.
2811 3233 2913 3289 Illo
2972 3239 3168 3290 autem
3221 3239 3646 3308 respondente:

217 3320 858 3392 structumerat,nulla
878 3319 1263 3375 fenestrarum
1286 3318 1574 3374 foramina
1606 3319 1883 3374 retinens.
1919 3301 1960 3366 C
2000 3323 2244 3385 Nescio;
2296 3321 2826 3391 ista,inquit,arbor
2853 3321 3260 3377 Gebehardum
3306 3301 3646 3395 episcopum

215 3412 510 3482 Cumque
539 3410 822 3464 aductore
851 3407 1245 3480 inquireretur
1269 3406 1318 3462 si
1351 3406 1449 3478 qui
1480 3406 1633 3461 intra
1661 3405 1882 3461 habita-

212 3501 438 3556 culum
501 3498 613 3554 tale
656 3499 864 3554 inclusi
922 3497 1110 3553 forent
1150 3496 1324 3552 sciret
1349 3511 1526 3566 seque
1550 3495 1771 3551 nescire
1801 3511 1881 3550 re-

212 3590 571 3661 sponderet,
622 3586 717 3643 ille
749 3587 985 3659 adjicit:
1022 3585 1123 3654 ibi,
1158 3585 1452 3657 inquiens,
1487 3601 1712 3640 ommes
1744 3588 1883 3639 sunt

214 3678 441 3735 inclusi
476 3695 665 3751 nuper
695 3675 976 3742 defuncti,
1005 3675 1105 3747 qui
1137 3675 1344 3729 Caesari
1375 3674 1628 3729 Henricu
1678 3689 1880 3746 pacem

219 3769 495 3840 undique
523 3771 756 3840 patrare
787 3764 1042 3821 studenti
1067 3764 1337 3820 resistere
1355 3767 1876 3836 praesumpserunt.

225 3857 512 3920 Quamvis
543 3856 702 3912 enim
728 3857 882 3911 idem
903 3855 1094 3910 Caesar
1114 3854 1175 3908 in
1194 3853 1395 3908 multis
1415 3853 1494 3908 sit
1523 3852 1881 3925 reprehensi-

222 3943 367 4002 bilis
424 3947 798 4017 maximeque
855 3944 914 3999 in
975 3943 1233 4013 avaritia,
1287 3946 1506 4011 tamen,
1559 3943 1698 4013 quia
1721 3941 1880 4014 pacis

207 4027 543 4092 'commoda
573 4034 861 4107 ampliare
888 4033 1103 4101 studet,
1126 4032 1308 4088 Deum
1342 4033 1666 4102 adjutorem
1698 4031 1879 4086 inhoc

226 4120 445 4192 habet;
479 4125 581 4181 sed
613 4123 758 4180 scito
791 4121 928 4195 quia
956 4139 1072 4178 non
1111 4119 1211 4176 diu
1240 4121 1500 4175 victurus
1527 4119 1787 4188 erit,nisi
1817 4135 1880 4175 se

226 4211 308 4266 ab
343 4215 541 4271 eadem
572 4213 818 4270 avaritia
839 4210 1209 4268 abstinuerit.
1242 4210 1460 4265 Deinde
1519 4211 1578 4264 in
1605 4226 1878 4281 campum

225 4302 558 4371 spatiosum
591 4303 903 4370 ferebatur,
925 4300 1023 4356 ubi
1046 4304 1258 4373 puteus
1278 4299 1434 4355 altus
1455 4299 1513 4353 in
1541 4300 1732 4354 medio
1753 4315 1881 4355 esse

225 4388 569 4448 videbatur.
629 4393 719 4448 Ad
758 4407 930 4463 quem
963 4394 1204 4463 puteum
1237 4389 1624 4461 plurimarum
1653 4389 1880 4443 viarum

225 4480 484 4554 vestigia
514 4482 930 4551 tendebantur,
963 4496 1212 4552 quarum
1248 4496 1363 4534 una
1421 4479 1656 4550 quidem
1717 4477 1880 4532 callis

220 4565 381 4635 triti,
414 4576 626 4628 cetera;
643 4588 777 4627 vero
799 4587 1002 4626 omnes
1024 4569 1275 4640 antiqua:
1293 4567 1662 4624 solummodo
1693 4567 1881 4638 profe-

233 4656 452 4716 ctionis
474 4661 692 4717 indicia
712 4660 928 4716 habere
950 4657 1469 4724 monstrabantur;
1495 4656 1620 4728 ipse
1649 4655 1881 4727 quoque
1910 4673 1957 4738 D

228 4752 450 4814 puteus
480 4752 648 4822 quasi
679 4749 1000 4806 exhaustus
1029 4765 1232 4820 parum
1267 4763 1430 4818 aqua
1448 4745 1717 4802 habebat.
1743 4745 1879 4809 Qui-

229 4832 360 4891 bus
407 4839 543 4895 visis
589 4840 798 4896 ductor
817 4841 944 4910 ejus
994 4837 1138 4893 dixit
1162 4839 1234 4893 ad
1267 4835 1472 4891 illum:
1507 4834 1709 4890 Scisne
1741 4836 1880 4906 quid

231 4920 341 4979 hic
370 4933 575 4998 puteus
603 4929 946 4999 exhaustus,
974 4927 1186 5001 quidve
1206 4925 1529 4981 multarum
1549 4925 1776 4980 viarum
1799 4923 1882 4979 in-

242 5007 407 5068 dicia
432 5032 576 5086 pene
623 5017 751 5087 jam
792 5014 1000 5082 deleta,
1050 5014 1189 5086 quid
1247 5012 1422 5069 etiam
1480 5011 1582 5068 illa
1629 5013 1723 5068 via
1771 5030 1888 5068 una

227 5097 386 5156 calle
441 5105 577 5161 trito
635 5105 972 5178 significet?
1000 5102 1225 5170 Nescio,
1261 5102 1444 5174 inqui.
1478 5102 1585 5170 Tu,
1612 5119 1769 5174 rogo,
1803 5103 1885 5157 mi

225 5185 492 5260 domine,
555 5193 831 5250 mihimet
885 5193 1124 5266 dignare
1174 5192 1404 5247 referre.
1460 5191 1660 5246 Atille
1699 5191 1882 5247 dixit:

222 5271 356 5332 Viae
379 5281 568 5337 multa:
589 5283 659 5339 ad
684 5287 926 5355 puteum
949 5282 1242 5354 quondam
1266 5281 1697 5346 tendentes,sed
1733 5298 1887 5336 nunc

214 5363 309 5421 ita
336 5369 535 5426 delete
570 5377 633 5427 ut
662 5372 757 5426 vix
785 5371 872 5427 vel
904 5369 1119 5426 indicia
1139 5386 1339 5425 eorum
1366 5369 1601 5441 agnosci
1632 5369 1882 5424 valeant:

206 5456 571 5531 signiﬁcant
619 5461 778 5533 quod
837 5460 946 5517 sub
1005 5459 1368 5532 temporibus
1408 5458 1670 5530 pristinis
1703 5457 1889 5513 multa

198 5545 745 5624 eleemosynarum
768 5551 962 5607 studia
979 5551 1303 5623 agebantur
1320 5553 1441 5603 tam
1460 5565 1494 5603 a
1522 5548 1886 5620 principibus

191 5655 400 5712 quam
439 5659 474 5697 a
536 5641 969 5709 mediocribus;
1017 5657 1144 5712 qua:
1186 5640 1242 5693 in
1277 5642 1499 5694 tantam
1531 5639 1882 5710 paucitatem

183 5732 391 5792 modo
429 5732 672 5818 redacta
701 5734 860 5816 sunt,
894 5733 960 5813 ut
986 5730 1080 5787 vix
1101 5728 1313 5811 aliquis
1361 5728 1694 5789 inveniatur
1717 5729 1887 5807 juxta

1994 3411 2310 3484 significat.
2354 3409 2457 3464 Ille
2509 3409 2664 3464 enim
2725 3409 2878 3464 sicut
2935 3411 3106 3465 arbor
3146 3411 3266 3465 haec
3289 3412 3415 3480 jam
3449 3413 3547 3467 diu
3580 3429 3648 3468 ex

1991 3503 2154 3572 parte
2185 3499 2356 3555 aruit.
2392 3499 2536 3561 Quia
2565 3513 2698 3552 vero
2729 3502 2861 3568 post
2897 3513 3115 3570 paucos
3146 3515 3332 3554 annos
3362 3500 3435 3554 ad
3493 3499 3646 3555 inte-

1991 3605 2162 3660 grum
2194 3603 2454 3643 arescere
2485 3587 2675 3656 debet,
2709 3587 2897 3641 securi
2946 3587 3142 3642 divina
3172 3587 3469 3644 abscissus
3517 3605 3641 3644 mo-

1992 3679 2193 3733 rietur.
2229 3678 2415 3747 Hujus
2445 3677 2644 3748 itaque
2669 3675 2912 3730 visionis
2940 3675 3245 3731 veritatem
3268 3676 3482 3733 citatus
3516 3676 3638 3749 epi-

1990 3767 2149 3838 SCOpi
2180 3767 2444 3837 ejusdem
2467 3770 2523 3820 et
2543 3765 2785 3820 Caesaris
2803 3765 2998 3820 obitus
3020 3765 3303 3835 probavit.
3323 3765 3469 3822 Nam
3501 3783 3636 3821 cum
3693 3760 3700 3764 ’

1988 3856 2140 3912 inter
2153 3854 2295 3910 illud
2311 3854 2531 3909 Pascha
2542 3859 2596 3910 et
2612 3855 3164 3925 Pentecosten,quod
3181 3854 3238 3908 in
3254 3855 3637 3926 subsequenti

1989 3944 2309 4000 autumodo
2343 3944 2536 3999 Caesar
2563 3944 2731 3998 tertio
2761 3946 2955 3997 Nonas
3005 3942 3268 3998 Octobris
3299 3942 3460 4011 obiit,
3491 3943 3639 3998 visio

1988 4035 2109 4090 hzec
2133 4035 2286 4089 facta
2325 4033 2498 4088 fuerit
2523 4037 2576 4088 et
2607 4032 2819 4089 deinde
2839 4031 3011 4105 paulo
3044 4030 3177 4103 plus
3208 4033 3440 4088 duobus
3470 4033 3641 4088 annis

1990 4123 2304 4196 episcopus
2337 4122 2876 4194 supervixerit,vere
2901 4121 3185 4192 praevisus
3206 4125 3296 4177 est
3331 4119 3641 4192 utriusque

1991 4212 2203 4268 obitus.
2239 4212 2393 4266 Dixit
2424 4215 2699 4283 praetcrea
2743 4211 3051 4268 mendicus
3100 4209 3240 4265 talia
3269 4209 3477 4279 multa,
3511 4227 3638 4282 quae

1993 4318 2106 4356 non
2140 4300 2330 4357 audivi
2363 4317 2468 4355 nec
2499 4300 2570 4354 ab
2597 4298 2716 4353 ullo
2749 4315 2988 4354 noscere
3019 4297 3175 4369 quivi
3205 4315 3218 4353 :
3253 4299 3354 4354 sed
3375 4298 3472 4370 qui
3495 4315 3640 4370 pra)-

1991 4389 2130 4444 dicti
2165 4389 2410 4460 cupiunt
2434 4388 2732 4442 intendere
2763 4387 3108 4458 paucis,non
3131 4402 3367 4458 parvam
3387 4390 3641 4458 possunt

1991 4479 2201 4534 exinde
2233 4493 2537 4549 capescere
2563 4491 2803 4531 causam
2835 4474 3255 4530 aedificationis.

2486 4565 2679 4621 VISIO
2702 4563 3139 4619 DUODECIMA.

2287 4657 2609 4721 Periurium
2655 4657 2862 4724 quanta
2886 4669 3048 4724 paena
3080 4653 3328 4706 maneat.

2061 4746 2124 4801 In
2153 4745 2349 4801 Sancti
2380 4741 2795 4798 Emmerammi
2848 4739 3109 4796 coenobio
3166 4737 3356 4793 adhuc
3413 4737 3640 4809 positus

1994 4835 2248 4907 quadam
2281 4832 2374 4888 die
2402 4849 2672 4904 egressus
2695 4847 2826 4886 sum
2859 4833 3019 4885 extra
3050 4831 3247 4900 portas
3277 4825 3555 4893 ecclesiae,
3581 4832 3645 4882 ut

1999 4924 2135 4995 quia
2154 4923 2224 4977 ad
2249 4921 2668 4976 monasterium
2692 4918 3008 4975 Pruolense
3023 4917 3151 4973 urbi
3175 4915 3504 4989 proximum
3525 4932 3646 4971 am-

1996 5012 2197 5068 bulare
2227 5009 2402 5077 volui,
2446 5008 2702 5080 aliquem
2765 5024 2994 5064 mecum
3052 5006 3190 5062 illuc
3246 5004 3646 5062 ambulantem

1997 5101 2382 5172 acquirerem.
2408 5099 2515 5152 Sed
2549 5097 2914 5169 aliquandiu,
2963 5098 3024 5151 in
3077 5097 3186 5152 hoc
3218 5111 3310 5150 me
3340 5093 3641 5149 laborante

1997 5195 2054 5246 et
2084 5195 2286 5245 notum
2321 5188 2610 5243 neminem
2637 5187 2987 5254 inveniente,
3020 5190 3220 5241 astans
3269 5183 3346 5238 ibi
3404 5181 3644 5254 quidam

1996 5280 2085 5334 vir
2115 5280 2349 5351 ignotus
2401 5278 2457 5330 in
2493 5276 2693 5331 habitu
2733 5273 3115 5347 poenitentiali
3161 5271 3412 5327 accurrit
3443 5270 3513 5324 ad
3547 5284 3640 5325 me

1998 5369 2246 5423 dicens:
2311 5368 2489 5430 Quem
2551 5365 2830 5436 qumritis,
2883 5361 3167 5417 domine?
3218 5363 3362 5416 Cum
3421 5373 3526 5430 ego
3592 5358 3647 5413 ei

1998 5472 2237 5513 causam
2271 5454 2587 5532 quaerendi
2626 5468 2968 5518 reserarem,
3003 5450 3147 5504 dixit
3177 5467 3188 5503 :
3223 5448 3283 5503 Si
3315 5447 3647 5518 dignemini

1998 5563 2092 5602 me
2121 5545 2507 5601 conviaturcm
2530 5542 2765 5610 habere,
2791 5540 3176 5595 libentissime
3198 5537 3501 5592 vobiscum
3523 5552 3646 5591 am-

1997 5635 2154 5692 bulo.
2212 5636 2333 5699 Quo
2391 5633 2544 5688 dicto
2589 5631 2797 5704 placet,
2830 5631 3071 5702 inquam
3104 5630 3258 5701 quod
3291 5627 3472 5682 dicis:
3505 5629 3645 5680 Gra-

1997 5727 2234 5785 diamur
2263 5721 2710 5802 simul.Moxque
2730 5717 3325 5802 egressi,interrogavi
3348 5715 3646 5802 hominem
