4098 6172
398 392 405 399 ο
431 367 544 427 367

1438 362 1779 423 OTHLONI
1826 360 2178 425 MONACHI
2227 363 2288 421 S.
2339 360 2829 435 EMMERAMMI

3717 369 3839 449 δερ

431 500 503 555 ob
537 514 716 571 quam
747 496 979 569 culpam
1005 497 1199 568 ageret
1231 492 1652 567 penitentiam.
1684 494 1757 548 At
1800 492 1916 564 ille,
1941 510 2077 548 cau-
2111 496 2164 562 Α
2197 495 2570 557 neret.Quam
2586 509 2718 549 mox
2734 493 3071 566 impositam
3095 494 3264 565 cupio
3285 510 3621 566 percurrere
3651 500 3837 573 totam

431 604 557 644 sam
581 584 1129 658 aperiens,narravit
1152 583 1294 639 mihi
1318 583 1516 639 dicens
1542 602 1553 639 :
1578 582 1725 638 Mira
1747 598 2076 655 magnaque

429 681 517 733 est
548 693 724 733 causa
754 692 857 748 pro
889 692 1004 747 qua
1034 674 1093 729 in
1117 673 1466 745 poenitentiae
1516 672 1695 742 hujus
1747 671 1943 726 labore
1992 670 2078 724 in-

428 766 587 822 cedo.
622 765 790 833 Nam,
823 782 956 820 cum
988 781 1200 838 parvus
1227 763 1415 818 adhuc
1443 763 1500 817 in
1533 763 1704 817 domo
1747 760 1929 833 patris
1962 759 2075 814 mei

428 871 639 923 essem,
696 854 941 927 contigit
996 858 1060 909 ut
1114 869 1218 925 ego
1245 852 1461 924 aliique
1492 850 1655 923 pueri
1688 866 1890 923 agnos,
1923 849 2076 905 sicut

424 943 600 1017 vulgo
631 944 841 1014 solent,
865 943 1221 999 rusticorum
1254 958 1648 1013 pasceremus.
1689 944 1949 1011 Cumque
1966 939 2072 994 hos

424 1033 483 1088 in
541 1032 683 1089 locis
735 1034 805 1088 ad
858 1035 967 1087 hoc
997 1031 1171 1088 licitis
1203 1030 1423 1103 passim
1452 1031 1916 1094 observaremus,
1950 1028 2073 1100 qui-

422 1123 670 1178 busdam
695 1121 887 1178 visum
919 1125 1007 1177 est
1036 1120 1293 1193 parvulis
1324 1124 1388 1174 ut
1418 1136 1515 1174 eos
1537 1119 1609 1174 ad
1632 1122 1864 1190 pratum
1888 1116 2073 1190 patris

422 1212 557 1283 mei,
582 1212 754 1267 domo
778 1210 1141 1285 contiguum,
1162 1209 1488 1282 pascendos
1506 1207 1874 1280 pelleremus.
1908 1206 2069 1271 Quod

418 1301 638 1357 factum
696 1300 849 1373 patri
906 1315 1033 1355 meo
1093 1298 1359 1371 agnitum
1410 1294 2073 1368 displicuit;jussitque

432 1392 513 1458 ut,
550 1389 597 1445 si
631 1388 877 1445 ulterius
899 1387 1035 1443 illuc
1066 1386 1231 1459 pueri
1255 1385 1522 1440 venirent
1551 1401 1685 1440 cum
1730 1384 1917 1457 agnis,
1950 1399 2073 1439 eos-

422 1480 556 1551 dem
616 1476 985 1549 expellerem.
1041 1475 1256 1531 Deinde
1288 1491 1417 1529 vero
1448 1473 1824 1529 accdentibus
1858 1473 2069 1528 iterum

427 1568 625 1640 pueris
655 1566 713 1621 in
740 1565 889 1638 prati
907 1565 1165 1638 pradicti
1187 1563 1380 1619 locum
1404 1580 1536 1619 cum
1560 1562 2071 1635 agnis,ego,patris

424 1657 540 1712 mei
584 1660 870 1730 praecepta
924 1653 1169 1727 implere
1198 1652 1415 1723 volens,
1476 1651 1667 1723 expuli
1712 1655 1930 1722 quanta
1955 1651 2068 1705 vir-

420 1751 543 1802 tute
592 1745 773 1819 potui.
809 1746 871 1799 In
904 1760 1021 1816 qua
1050 1743 1388 1816 expulsione
1428 1741 1743 1812 aliquando
1777 1739 2070 1795 incautius

417 1851 603 1891 unum
632 1851 747 1905 prie
780 1832 1003 1889 caeteris
1036 1848 1253 1903 agnum
1287 1830 1505 1903 perculi
1538 1829 1617 1883 ita
1659 1833 1723 1884 ut
1769 1827 2069 1883 debilitate

422 1939 590 1979 crure
618 1920 1041 1994 periret.Cujus
1066 1936 1469 1992 percussorem
1492 1917 1765 1973 dominus
1796 1919 1923 1987 ejus
1944 1917 2073 1972 dili-

420 2016 624 2087 genter
684 2009 1018 2065 sciscitatus
1077 2009 1312 2081 agnovit
1368 2026 1400 2063 a
1453 2024 1543 2062 me
1573 2022 1667 2062 ese
1700 2024 2065 2079 percussum.

417 2100 807 2163 Quamobrem
862 2100 1025 2169 pater
1074 2113 1262 2163 meus,
1350 2095 1753 2167 repensionem
1834 2094 2069 2151 avicula

414 2188 592 2258 hujus
625 2187 865 2243 reddere
896 2190 1154 2250 exactus,
1188 2184 1451 2256 quaesivit
1481 2202 1513 2239 a
1536 2201 1626 2239 me
1659 2184 1995 2240 omnimodo
2020 2185 2068 2240 si

412 2291 548 2332 reus
575 2291 765 2331 essem
798 2275 856 2330 in
890 2272 1266 2346 percussione
1290 2272 1588 2344 illius.Ego
1635 2277 1829 2327 autem
1862 2272 1921 2327 in
1968 2272 2066 2328 tali

420 2369 585 2420 aetate
607 2364 747 2436 quid
770 2363 927 2418 aliud
951 2363 1264 2434 cogitarem
1289 2362 1401 2417 nisi
1424 2366 1648 2416 reatum
1682 2378 2021 2417 excusarem
2042 2361 2069 2416 ?

418 2451 566 2507 Nam
598 2451 648 2505 si
677 2451 766 2507 vel
794 2454 948 2506 esset
978 2450 1176 2522 aliqua
1214 2448 1327 2503 nisi
1360 2465 1613 2520 przesens
1648 2466 1817 2519 poena
1850 2451 2067 2505 nescie-

417 2541 572 2595 bam.
613 2538 775 2595 Unde
806 2543 861 2593 et
892 2539 1040 2610 patri
1065 2554 1194 2593 meo
1214 2537 1663 2609 diligentissime
1687 2538 2064 2611 interroganti

421 2628 793 2684 innocentem
844 2642 936 2682 me
991 2626 1051 2680 in
1081 2627 1191 2681 hoc
1223 2625 1642 2696 tactojurando
1675 2627 1968 2698 respondi.
1992 2632 2068 2683 At

418 2717 516 2772 ille
563 2716 795 2772 incaute
851 2715 995 2770 mihi
1044 2714 1286 2786 puerulo
1334 2714 1433 2769 tali
1468 2715 1728 2783 credens,
1763 2732 1983 2771 cumse
2032 2734 2065 2771 a

408 2804 599 2860 vicino
630 2822 735 2861 suo
767 2820 869 2875 pro
902 2803 1139 2859 ovicutae
1173 2820 1459 2876 percussae
1504 2804 1874 2859 excusatione
1897 2804 2064 2859 aliter

410 2894 679 2966 nequiret
702 2892 1017 2960 absolvere,
1042 2893 1298 2963 jurando
1330 2893 1387 2946 in
1412 2896 1749 2947 sanctorum
1777 2892 2058 2963 reliquiis,

417 2982 568 3038 sicut
626 2999 753 3039 mos
812 2987 899 3037 est
957 2980 1225 3037 absolvit.
1254 2981 1415 3047 Quod
1449 2982 1772 3052 perjurium
1804 2986 1924 3037 tam
1955 2998 2061 3055 ego

410 3090 587 3145 quam
611 3077 776 3146 pater
788 3088 954 3127 meus
975 3089 1078 3145 pro
1103 3072 1285 3128 nihilo
1304 3076 1709 3143 computantes
1722 3073 2062 3144 poenitentia

408 3161 572 3217 nulla
600 3161 1064 3219 emendavimus.

479 3250 741 3319 Factum,
773 3253 863 3307 est
888 3255 1081 3306 autem
1109 3253 1242 3307 ante
1273 3267 1495 3306 annum
1521 3268 1706 3306 unum
1738 3255 2069 3308 utmorere-
2101 3238 2144 3307 (ἶ

407 3345 508 3396 tur
534 3344 698 3412 pater
724 3356 911 3396 meus.
945 3340 1052 3405 Qui
1080 3339 1359 3395 nimirum
1390 3340 1787 3409 defunctus,in
1818 3340 1945 3412 ipso
1968 3341 2061 3397 de-

406 3428 727 3485 tunctionis
777 3446 895 3485 sum
929 3446 1080 3485 anno
1114 3429 1444 3502 frequenter
1481 3429 1752 3502 apparuit
1781 3429 1925 3484 mihi
1958 3447 2059 3504 per

402 3518 595 3575 visum
623 3519 963 3591 deprecans,
996 3522 1060 3573 ut
1088 3519 1198 3574 sibi
1221 3518 1280 3573 in
1312 3518 1454 3573 locis
1483 3518 1809 3590 poenalibus
1840 3520 2055 3574 consti-

403 3608 527 3663 futo
584 3607 821 3679 aliquod
867 3608 1146 3678 juvamen
1176 3608 1595 3679 impenderem.
1630 3608 1741 3662 Sed
1786 3623 1919 3663 cum
1950 3624 2054 3680 ego

403 3696 899 3767 quantiscumque
918 3696 1186 3767 precibus
1199 3712 1291 3750 me
1307 3712 1408 3767 per
1426 3695 1704 3751 visionem
1721 3696 2053 3769 interpella-

402 3788 509 3853 ret,
543 3784 928 3858 neglexissem
949 3783 1007 3837 in
1033 3783 1295 3854 proxima
1324 3782 1543 3837 Natalis
1576 3784 1805 3838 Domini
1838 3785 2051 3841 solem-

407 3874 585 3929 nitate
642 3873 913 3945 apparuit
970 3871 1111 3925 mihi
1146 3889 1259 3926 non
1294 3876 1357 3925 ut
1389 3872 1553 3942 prius
1586 3872 1641 3926 in
1670 3874 1913 3941 somnis,
1950 3876 2050 3929 sed

404 3967 599 4033 aperte
629 3978 824 4016 coram
888 3960 1097 4015 lectulo
1132 3977 1259 4015 meo
1291 3965 1442 4016 stare
1467 3960 1626 4016 visus
1658 3967 1745 4016 est
1776 3962 1887 4017 ista
1916 3980 2049 4019 cum

407 4048 632 4119 ejulatu
680 4049 856 4103 verba
885 4048 1121 4104 dicens:
1158 4050 1365 4119 Quare,
1401 4049 1706 4121 ﬁli,preces
1738 4068 1897 4106 meas
1924 4058 2050 4107 tan-

400 4135 502 4190 diu
557 4134 1008 4208 contempsisti?
1065 4138 1179 4192 Cur
1208 4154 1322 4192 non
1373 4139 1636 4194 succuris
1688 4139 2047 4196 mihi?Ecce

401 4225 559 4281 enim
590 4229 751 4281 tanto
781 4242 885 4298 pro
918 4230 973 4281 te
1004 4231 1167 4282 reatu
1198 4226 1531 4299 implicatus
1564 4245 1718 4298 sum,
1743 4234 1807 4284 ut
1838 4230 1896 4285 in
1937 4230 2045 4287 hac

401 4318 588 4383 nocte,
622 4314 682 4369 in
711 4332 827 4387 qua
858 4314 1122 4387 plurima:
1153 4317 1363 4370 anima:
1393 4316 1653 4387 requiem
1684 4317 1898 4374 habere
1930 4337 2045 4375 me-

396 4407 618 4472 rentur,
652 4420 756 4476 ego
788 4420 901 4459 non
926 4420 1170 4472 merear,
1204 4404 1317 4460 nisi
1350 4406 1503 4477 quod
1537 4407 1691 4477 apud
1708 4407 1892 4462 Deum
1915 4426 2044 4464 san-

396 4496 623 4548 ctorum
681 4492 1020 4549 intercessio
1051 4493 1158 4549 hoc
1189 4493 1381 4549 solum
1420 4494 1694 4561 obtinuit,
1727 4500 1788 4551 ut
1820 4496 1877 4551 in
1900 4497 2042 4557 hora

393 4581 739 4639 brevissima
761 4582 1085 4638 dimitterer
1106 4583 1213 4637 tibi
1238 4599 1365 4637 mea
1386 4583 1731 4639 denuntiare
1753 4589 2041 4641 tormenta
2068 4605 2117 4670 D

396 4670 543 4726 Nam
568 4688 747 4744 prope
766 4688 858 4727 me
889 4677 1005 4727 stat
1026 4673 1124 4743 qui
1149 4688 1240 4727 me
1264 4672 1322 4726 in
1346 4676 1660 4743 postestate
1682 4672 1904 4729 habens
1927 4675 2038 4730 cito

392 4760 464 4814 ad
522 4758 647 4815 loca
703 4760 955 4830 poenalia
1003 4762 1275 4816 reducere
1327 4761 1508 4832 cupit.
1542 4761 1641 4815 Cui
1673 4779 1776 4834 ego
1800 4780 2039 4835 respon-

391 4848 536 4903 dens
587 4848 704 4903 dixi
732 4866 743 4903 :
803 4850 936 4912 Quas
995 4855 1084 4904 est
1112 4866 1268 4923 ergo,
1304 4855 1486 4921 pater,
1514 4850 1614 4905 illa
1638 4850 1829 4923 culpa,
1863 4870 2038 4924 quam

401 4941 640 5007 prepter
696 4952 789 4989 me
847 4938 1237 5008 perpetrasti‘?
1288 4940 1356 4992 Et
1405 4940 1531 4994 ille:
1573 4940 1792 5005 Nonne,
1827 4941 2036 5013 inquit.

401 5023 698 5094 quondam
731 5025 1054 5095 perjurium
1086 5027 1193 5081 feci
1227 5043 1328 5097 pro
1354 5044 1523 5099 agno,
1559 5045 1733 5099 quem
1757 5035 1819 5084 tu
1843 5048 2041 5101 percu-

387 5110 541 5168 tiens
574 5112 717 5167 mihi
749 5114 1085 5169 omnimoda
1117 5114 1503 5170 afﬁrmatione
1540 5116 1810 5174 indicasti
1858 5136 1973 5174 non
2006 5136 2038 5175 a

393 5206 449 5257 te
479 5216 823 5274 percussum
856 5202 1032 5258 esse?
1064 5202 1315 5273 Festina,
1350 5220 1558 5274 quaeso,
1594 5222 1697 5275 pro
1734 5223 1824 5262 me
1861 5207 2035 5264 simul

387 5295 443 5344 et
473 5308 575 5361 pro
607 5298 661 5347 te
692 5291 1091 5365 pcenitentiam
1115 5308 1304 5364 agere,
1329 5292 1587 5364 alioquin
1610 5302 1813 5351 neuter
1839 5315 2037 5370 perpe-

389 5381 551 5434 tuam
584 5382 793 5450 poterit
824 5399 1055 5453 pcenam
1087 5382 1456 5437 evadere.Ilis
1489 5383 1666 5454 igitur
1687 5386 1861 5442 dictis
1895 5389 2032 5443 sub-

386 5470 607 5524 tractus
638 5475 728 5523 est
757 5471 828 5525 ab
860 5471 1044 5526 oculis
1077 5471 1241 5526 meis.
1280 5474 1414 5526 Post
1443 5470 1562 5525 haec
1593 5489 1723 5529 vero
1756 5475 1900 5529 nihil
1931 5478 2033 5533 du-

382 5552 578 5610 bitans
627 5556 697 5610 de
736 5556 955 5614 visione
984 5558 1085 5612 tali
1118 5560 1189 5613 ad
1213 5557 1489 5615 clericum
1523 5562 1739 5617 accessi
1774 5565 2028 5636 petiique

379 5645 448 5733 με
478 5643 620 5703 mihi
648 5661 751 5720 pro
775 5646 889 5705 mei
910 5651 964 5706 et
986 5647 1169 5723 patris
1184 5647 1395 5703 delicto
1418 5647 1821 5723 paenitentiam
1844 5651 2031 5728 impo-

2192 582 2298 636 hoc
2330 582 2546 654 pariter
2574 599 2819 654 poscens
2846 588 2908 637 ut
2938 584 3209 654 precibus
3234 584 3443 639 vestris
3476 584 3745 641 mihimet
3764 603 3840 658 pa

2186 670 2379 741 trique
2402 672 2637 741 juvetis.
2674 673 2800 727 llaec
2830 672 3008 744 igitur
3034 672 3207 743 dicta,
3271 690 3399 745 quae
3458 675 3517 728 in
3572 674 3838 745 proxima

2188 764 2320 831 post
2377 759 2761 832 Epiphaniam
2823 760 3191 817 heddomada
3220 766 3555 831 evenerunt,
3593 763 3837 819 credens

2184 847 2313 904 aliis
2370 849 2672 921 profutura
2729 849 2981 905 scribere
3040 850 3284 919 decrevi,
3341 867 3466 924 qua:
3552 867 3726 924 posco
3801 869 3835 908 a

2186 937 2417 993 nemine
2460 938 2655 1009 sperni
2686 954 2699 993 ε

2253 1028 2439 1097 Hujus
2470 1043 2723 1097 namque
2750 1027 2830 1082 rei
2864 1028 3072 1098 poterit
3105 1029 3329 1084 ratione
3362 1029 3577 1096 doceri,

2252 1116 2477 1178 Quanta
2498 1116 2715 1188 perjuri
2750 1132 2919 1189 pcnna
2952 1120 3285 1172 mereantur
3316 1117 3504 1172 aduri.

2536 1214 2723 1269 VISIO
2773 1213 3041 1268 DECIMA
3075 1213 3365 1269 TERTIA.

2396 1294 2661 1349 Obstinatz'
2687 1293 2869 1350 Judaei
2894 1295 3225 1365 sempiterna
3255 1294 3567 1352 damnatio.

2252 1382 2434 1437 Homo
2466 1383 2707 1454 quidam
2740 1384 2799 1437 in
2834 1382 3153 1455 Ratispona
3182 1384 3252 1439 de
3284 1384 3573 1441 inferioris
3626 1401 3837 1442 mona-

2190 1470 2349 1526 sterii
2380 1470 2603 1526 familia
2632 1471 2974 1527 inﬁrmitate
3006 1472 3333 1530 tenebatur.
3358 1474 3441 1528 Ad
3475 1490 3670 1546 quem,
3693 1475 3837 1530 dum

2181 1559 2381 1631 plures
2434 1560 2707 1617 visitandi
2738 1560 2927 1632 gratia
2959 1562 3321 1627 accederent,
3371 1562 3566 1617 subito
3594 1579 3835 1619 sursum

2184 1648 2477 1721 aspiciens
2534 1648 2823 1719 clamavit,
2886 1650 3194 1705 dicens:0
3252 1648 3448 1721 qualia
3468 1651 3594 1721 jam
3628 1650 3834 1707 video!

2178 1743 2337 1793 Tune
2369 1740 2440 1793 ab
2472 1739 2803 1794 astantibus
2835 1738 3223 1811 interrogatus
3255 1739 3395 1810 quid
3450 1739 3689 1806 videret,
3749 1757 3840 1797 re-

2102 1869 2151 1933 B
2182 1829 2417 1900 spondit
2448 1834 2503 1884 et
2533 1828 2715 1884 dixit:
2758 1828 3053 1883 Abraham
3094 1828 3365 1884 Judaeum
3424 1828 3594 1885 video
3650 1829 3841 1902 igneis

2181 1917 2399 1973 catenis
2422 1917 2573 1972 trahi
2596 1917 2654 1971 in
2678 1917 3153 1972 infernum.Cum
3184 1921 3381 1973 autem
3411 1917 3482 1973 de
3502 1918 3837 1974 astantibus

2181 2007 2419 2078 quidam
2452 2006 2572 2061 haec
2600 2006 2775 2061 verba
2802 2022 2906 2077 pro
2931 2006 3160 2061 insania
3181 2007 3369 2077 magis
3391 2022 3568 2077 quam
3590 2007 3836 2063 veritate

2180 2093 2332 2149 dicta
2363 2112 2490 2151 esse
2514 2094 3468 2157 arbitrarentur,iteruminﬁrmus
3498 2094 3836 2151 afﬁrmavit.

2179 2184 2380 2239 dicens
2407 2202 2418 2238 :
2456 2185 2513 2239 Si
2547 2201 2663 2239 non
2695 2183 2863 2239 aliter
2881 2183 3023 2238 mihi
3048 2184 3281 2239 credere
3306 2183 3501 2250 vultis,
3525 2183 3738 2239 mittite
3757 2184 3831 2239 ad

2179 2273 2422 2327 domum
2454 2273 2586 2343 ejus
2620 2276 2947 2343 quazrentes
2981 2272 3121 2343 quid
3153 2272 3231 2328 sit
3261 2273 3331 2327 de
3363 2270 3459 2327 illo
3492 2272 3832 2345 nuperrime

2177 2361 2417 2417 factum.
2477 2362 2624 2427 Mox,
2677 2360 2878 2415 missis
2912 2360 3136 2416 nuntiis
3179 2361 3253 2417 ab
3282 2360 3527 2417 Abrahae
3557 2361 3829 2425 domum,

2176 2455 2535 2522 agnoverunt
2565 2468 2698 2506 eum
2732 2450 2953 2505 noviter
2982 2466 3108 2506 esse
3134 2450 3495 2506 defunctum.
3536 2450 3650 2523 Ego
3695 2467 3832 2506 vero

2176 2540 2276 2611 qui
2311 2541 2584 2595 eumdem
2612 2541 2878 2595 Judreum
2911 2540 3057 2595 satis
3089 2540 3316 2611 agnovi,
3353 2540 3408 2593 id
3441 2540 3512 2595 de
3538 2539 3637 2595 illo
3669 2556 3833 2595 vera-

2176 2628 2321 2683 citer
2340 2629 2603 2684 attestari
2624 2629 2787 2684 valeo
2811 2629 2950 2701 quia
2972 2629 3029 2683 in
3047 2633 3208 2683 tanta
3220 2628 3412 2684 cordis
3436 2628 3657 2684 malitia
3681 2628 3838 2683 etin-

2175 2716 2767 2783 saniaconstitit,utsi
2793 2717 3110 2789 quisquam
3127 2716 3836 2789 praesenteipsoloquere-

2174 2809 2270 2859 tur
2301 2806 2371 2861 de
2385 2806 2630 2861 Domino
2662 2805 3011 2861 nostroJesu
3033 2806 3455 2873 Chrtisto,mox
3486 2806 3835 2878 quasicanis

2173 2894 2469 2950 oblatrans
2500 2894 2895 2966 blasphemiae
2925 2894 3205 2951 nefandas
3235 2900 3436 2950 contra
3453 2895 3635 2951 Deum
3658 2896 3836 2951 emit-

2174 2983 2622 3048 teret.Quamvis
2652 3000 2757 3055 ego
2791 2983 2980 3038 brevis
3011 2983 3297 3038 consistat
3324 2983 3473 3039 visio
3497 2982 3837 3051 talis,utilis

2170 3076 2364 3128 tamen
2391 3089 2518 3129 esse
2540 3073 2790 3128 sentitur
2818 3073 2891 3127 ad
2924 3073 3284 3128 aediﬁcamen
3316 3072 3434 3128 illis
3465 3073 3565 3145 qui
3593 3089 3837 3145 pcenam

2169 3162 2439 3217 dubitant
2471 3166 2692 3218 restare
2723 3162 3014 3217 futuram.

2572 3268 2765 3324 VISIO
2794 3268 3061 3325 DECIMA
3092 3267 3405 3333 QUARTA.

2168 3358 2537 3426 Quorumdam
2616 3360 2785 3414 etiam
2863 3366 3179 3413 sanctorum
3249 3359 3633 3429 purgatorz'um
3679 3358 3838 3416 beati

2441 3429 2704 3485 Gunthari
2731 3430 2997 3501 discipulo
3034 3432 3213 3485 Isaaco
3256 3430 3574 3485 revelatum.

2235 3522 2283 3573 Α
2340 3519 2507 3575 beato
2565 3518 2851 3575 Gunthari
2926 3518 3170 3574 eremita
3250 3518 3579 3574 coznobium
3638 3522 3834 3591 quod-

2164 3609 2299 3663 dam
2327 3613 2727 3663 constructum
2759 3607 2924 3663 estin
2956 3606 3254 3662 Bohemia.
3288 3606 3350 3661 In
3383 3623 3499 3678 quo
3552 3606 3839 3666 videlicet

2164 3696 2424 3751 coenobio
2458 3697 2638 3752 fuisse
2664 3697 2849 3751 fertur
2877 3694 3224 3761 monachus,
3259 3696 3419 3751 Isaac
3455 3695 3833 3768 dictus,prae-

2163 3784 2300 3839 dicti
2330 3785 2435 3839 viri
2459 3784 2771 3856 disciplina
2800 3790 2967 3840 tanto
3002 3785 3191 3856 magis
3222 3782 3564 3851 instructus,
3599 3790 3832 3856 quanto

2161 3872 2471 3943 prolixiora
2501 3878 2763 3945 tempora
2787 3874 3025 3945 gerebat
3056 3889 3188 3927 cum
3219 3888 3283 3927 eo
3316 3878 3682 3929 convesatus.
3717 3873 3832 3945 Hic

2158 3961 2359 4032 igitur,
2393 3966 2512 4017 uta
2536 3960 2830 4032 plerisque
2858 3961 3123 4017 ﬁdelibus
3145 3961 3202 4015 in
3242 3961 3560 4033 Ratispona
3610 3965 3830 4033 agnovi

2157 4048 2499 4120 spiritaliter
2518 4055 2720 4121 raptus
2752 4050 2936 4105 multa
2964 4050 3107 4105 vidit
3138 4050 3429 4117 miranda,
3455 4066 3709 4120 quorum
3740 4054 3824 4111 ad

2155 4138 2420 4193 notitiam
2451 4142 2709 4193 nostram
2745 4142 3130 4210 pervenerunt
3159 4139 3279 4193 haec
3315 4155 3520 4210 pauca.

2228 4227 2382 4283 Vidit
2414 4242 2667 4297 namque
2698 4243 2761 4282 se
2791 4227 2985 4282 subito
3008 4227 3264 4299 positum
3314 4227 3374 4281 in
3413 4226 3829 4287 amoenissima

2153 4316 2303 4386 prati
2334 4314 2478 4383 loco,
2511 4316 2611 4371 ubi
2638 4316 2873 4372 beatum
2899 4316 3292 4371 Guntharium
3334 4315 3548 4388 reperit
3594 4315 3827 4376 solum.

2152 4405 2281 4470 Qui,
2313 4409 2379 4459 ut
2408 4420 2541 4459 eum
2571 4405 2738 4473 vidit,
2772 4405 3021 4477 benigne
3052 4404 3382 4476 appellavit,
3401 4404 3635 4462 dicens:
3660 4406 3831 4465 Bene

2150 4494 2299 4559 veni,
2334 4492 2538 4548 dilecte
2570 4493 2671 4548 ﬁli.
2705 4495 2883 4549 Crede
2920 4494 3085 4561 mihi,
3122 4511 3224 4565 per
3272 4492 3526 4549 multum
3569 4500 3829 4567 tempus

2151 4582 2259 4638 hoe
2289 4599 2322 4637 a
2352 4582 2467 4637 Deo
2519 4582 2657 4654 petii
2698 4586 2763 4637 ut
2808 4582 3024 4653 aliquis
3068 4582 3314 4637 fratrum
3359 4588 3701 4641 nostrorum
3750 4586 3825 4643 in

2150 4670 2360 4726 saeculo
2390 4671 2579 4726 adhuc
2638 4673 3086 4727 commoratium
3136 4671 3249 4727 huc
3296 4673 3371 4727 ad
3420 4689 3515 4730 me
3554 4674 3820 4733 veniret.

2149 4759 2328 4822 Quem
2363 4759 2685 4815 monachus
2708 4761 3095 4833 interrogans,
3120 4761 3282 4832 quid,
3309 4761 3522 4832 inquit,
3546 4762 3825 4831 domine,

2152 4848 2445 4919 siguiﬁcat
2474 4848 2612 4918 quia
2632 4848 2792 4903 solus
2822 4848 2915 4904 hic
2938 4851 3156 4906 resides
3183 4850 3209 4904 ‘2
3232 4857 3306 4904 At
3326 4849 3420 4906 ille
3442 4851 3825 4922 respondens

2152 4938 2259 4990 ait:
2296 4938 2575 5008 Exspecta
2605 4937 2900 5008 paulisper
2929 4948 2985 4993 et
3012 4939 3257 4995 forsitan
3281 4937 3509 5010 aliquos
3538 4939 3837 5005 concives.

2150 5030 2379 5079 nostros
2402 5026 2515 5079 huc
2537 5026 2728 5081 venire
2749 5026 3208 5082 videbisJ’ostea
3226 5043 3341 5082 non
3364 5027 3537 5099 longe
3560 5028 3827 5099 quidam

2150 5112 2430 5184 praeclari,
2467 5130 2570 5167 nec
2601 5130 2716 5168 non
2750 5116 3060 5170 venerandi
3115 5118 3397 5183 seniores,
3453 5116 3605 5171 inter
3652 5132 3825 5188 quos

2149 5206 2386 5258 sanctus
2414 5202 2729 5258 Mauricius
2751 5208 2927 5275 atque
2957 5204 3302 5277 Adelpertus
3322 5221 3452 5261 esse
3475 5204 3826 5278 dicebatur,

2146 5292 2216 5347 ad
2240 5307 2372 5346 eum
2387 5291 2682 5347 venientes
2695 5308 2826 5347 eum
2853 5310 2917 5348 eo
2931 5295 3269 5366 aliquandiu
3294 5299 3514 5349 secreta
3530 5294 3831 5365 quaedam

2141 5379 2318 5435 locuti
2351 5384 2510 5435 sunt.
2545 5379 2763 5435 Deinde
2792 5382 3079 5455 colloquio
3113 5383 3275 5439 ﬁnito
3324 5384 3537 5437 iterum
3586 5382 3829 5441 beatus

2141 5469 2501 5525 Guntharius
2514 5469 2659 5524 dixit
2680 5471 2752 5525 ad
2775 5473 3021 5529 monach
3034 5490 3130 5528 um
3150 5471 3461 5539 :Ouia,Deo
3476 5477 3825 5545 annuente,

2139 5560 2252 5614 huc
2285 5558 2514 5627 venisti,
2546 5558 2722 5614 debes
2747 5559 2949 5633 utique
2978 5561 3173 5634 aliqua
3225 5560 3318 5615 hic
3369 5559 3828 5620 considerando

2137 5650 2379 5715 discere,
2401 5646 2652 5721 qualiter
2681 5666 2788 5705 nos
2806 5651 3064 5724 primum
3078 5653 3449 5708 transeuntes
3467 5664 3573 5724 per
3594 5650 3830 5724 ignem
