4030 6186
286 411 404 478 369

1658 420 1894 483 LIBER
1935 419 2344 484 VISIONUM.

3588 417 3707 482 370

284 546 935 624 purgatorium,exinde
953 551 1754 627 ductisumusinistudquod
1772 555 1932 612 vides
1962 556 2015 623 Α
2045 559 2247 628 quant,
2298 552 2616 626 nullusque
2664 553 2828 612 locus
2881 553 2976 625 sit,
3012 570 3128 628 quo
3184 569 3298 611 non
3339 555 3707 627 pertranseat

283 640 679 713 refrigerium.
704 640 926 705 Quibus
948 642 1124 720 dictis
1142 650 1376 716 repente
1395 645 1541 701 vecti
1573 652 1712 701 sunt
1734 646 1940 702 beatus

281 729 514 786 scilicet
544 729 908 785 Guntharius
940 735 996 787 et
1027 733 1350 789 monachus
1382 735 1443 790 in
1477 739 1736 790 montem
1754 734 1939 791 excel-

278 835 415 875 sum
438 817 790 884 valde,unde
813 836 948 892 pars
971 822 1938 896 maximainternaliumpmnarum

281 907 542 978 desuper
566 908 824 980 conspici
848 914 1063 980 posset.
1089 912 1211 974 Quo
1238 912 1378 968 dum
1411 912 1583 984 positi
1615 913 1864 968 fuissent
1885 918 1940 968 et

278 997 551 1068 undique
608 996 863 1068 ejulatus
916 999 1240 1056 dicentium
1289 1020 1390 1069 vae,
1449 1021 1552 1070 vae,
1613 1004 1934 1071 audiretur,

277 1085 585 1142 exhorruit
618 1091 675 1142 et
728 1088 957 1158 expavit
988 1091 1334 1159 monachus,
1369 1093 1611 1148 audiens
1645 1091 1803 1148 talia.
1836 1092 1939 1148 Vir

274 1191 416 1230 vero
447 1180 691 1232 sanctus
714 1177 860 1232 dixit
889 1179 960 1234 ad
992 1181 1235 1237 eum:Si
1265 1185 1325 1236 tu
1362 1181 1421 1236 in
1458 1188 1755 1238 momento
1779 1182 1935 1238 brevi

271 1267 502 1319 tantam
536 1264 834 1322 miseriam
870 1267 1116 1324 audiens
1147 1274 1323 1342 atque
1355 1271 1557 1326 videns
1589 1272 1859 1327 exhorres
1881 1275 1938 1328 et

267 1353 556 1427 pavescis,
585 1354 726 1426 quid
761 1361 934 1428 putas
951 1359 1096 1413 mihi
1130 1359 1334 1430 fuisse,
1355 1360 1453 1432 qui
1486 1361 1606 1416 haec
1640 1379 1742 1434 per
1760 1362 1937 1430 quin-

272 1443 606 1515 quennium
638 1444 696 1499 in
727 1444 839 1501 isto
870 1445 995 1503 loco
1027 1448 1257 1519 positus
1288 1449 1648 1506 incessanter
1694 1451 1936 1506 audivi?

272 1530 401 1588 Non
422 1531 605 1604 igitur
621 1549 858 1590 summa
872 1551 1202 1592 mercamur
1219 1538 1272 1592 vi
1295 1537 1423 1594 sine
1446 1555 1679 1610 magna.
1705 1540 1934 1595 Intuere

271 1637 413 1692 ergo
445 1636 625 1692 quam
648 1621 939 1680 horrenda
969 1625 1088 1681 sint
1120 1626 1252 1696 ista,
1277 1631 1341 1681 ut
1372 1643 1638 1683 reversus
1662 1628 1932 1683 incredu-

271 1709 349 1766 lis
381 1712 441 1766 et
467 1712 919 1769 contumacibus
942 1715 1158 1772 referas
1179 1715 1328 1788 ipsa.
1351 1717 1435 1771 Ad
1471 1716 1589 1772 haec
1616 1717 1787 1772 etiam
1821 1717 1935 1773 alia

277 1797 702 1856 demonstrabo
732 1801 838 1856 tibi
889 1802 1058 1859 mira.
1093 1804 1159 1858 Et
1188 1804 1386 1860 subito
1435 1804 1494 1860 in
1526 1804 1708 1860 alium
1737 1805 1931 1862 locum

2050 643 2282 700 luxuria
2308 643 2394 699 vel
2415 644 2655 700 avaritia
2678 661 2900 714 eorum,
2906 644 2929 717 j
2941 644 3200 700 udicabit
3220 647 3416 700 tamen
3439 647 3496 700 et
3508 643 3700 701 vincet

2051 732 2180 789 illos
2214 733 2563 806 quandoque
2593 733 2885 805 Deus,qui
2918 733 3090 789 modo
3116 733 3187 788 ab
3218 735 3301 789 eis
3325 733 3628 805 judicatur
3647 737 3704 790 et

2049 823 2347 894 spernitur
2377 823 2593 894 quique
2619 840 2722 895 pro
2755 839 2820 878 eo
2871 823 3028 894 quod
3063 840 3219 878 nunc
3251 828 3558 895 peccantes
3587 821 3701 879 cle-

2049 917 2275 968 menter
2306 913 2558 968 sustinet
2581 917 3061 985 omnes,peecata
3089 921 3290 968 eorum
3315 915 3416 968 aut
3441 913 3567 969 sine
3590 930 3702 985 poe-

2048 1001 2298 1057 nitentia
2329 1001 2625 1057 dimittere
2646 1001 2736 1059 vel
2766 1019 3007 1074 prorsus
3029 1000 3252 1056 nescire
3283 1006 3544 1073 putatur.
3569 1005 3701 1058 Haec

2048 1091 2228 1164 igitur
2258 1107 2324 1146 ex
2347 1091 2648 1148 occasione
2674 1091 2936 1161 visionis,
2958 1106 3135 1162 quam
3169 1091 3429 1162 proxime
3454 1091 3580 1160 jam
3611 1091 3700 1146 di-

2045 1180 2123 1248 xi,
2153 1180 2497 1252 compulsus
2554 1179 2803 1236 dolendo
2849 1179 3155 1252 subjungit
3186 1183 3270 1249 ut,
3304 1178 3353 1235 si
3386 1180 3520 1251 quis
3551 1180 3702 1235 forte

2047 1285 2218 1326 aures
2266 1269 2540 1326 audiendi
2602 1270 2826 1326 habens
2875 1270 3052 1325 etiam
3102 1268 3361 1326 lecturus
3410 1267 3698 1337 adveniat,

2045 1375 2273 1415 mecum
2306 1359 2518 1427 doleat,
2552 1376 2806 1425 meeum,
2840 1359 2889 1415 si
2929 1375 3104 1431 quem
3137 1358 3342 1431 possit,
3376 1357 3697 1415 admonen-

2045 1433 2118 1504 do
2149 1449 2434 1504 aediﬁcare
2467 1449 2721 1505 studeat.

2450 1556 2643 1612 WSIO
2683 1555 2954 1612 DECIMA
2993 1555 3284 1620 QUINTA.

2043 1647 2117 1701 De
2157 1645 2374 1702 Caesare
2422 1647 2653 1702 Henrico
2705 1648 2797 1702 III.
2834 1645 3108 1714 Quo-modo
3152 1646 3270 1713 eius
3322 1646 3383 1700 in
3412 1644 3699 1701 audiendis

2109 1733 2436 1857 patupirunit
2448 1719 2627 1774 causis
2655 1721 2707 1773 et
2739 1717 2992 1788 precibus
3021 1717 3371 1790 negligentia
3399 1733 3432 1772 a
3461 1716 3567 1773 Deo
3591 1733 3697 1788 pu-

2113 1805 2173 1843 m
2202 1805 2235 1843 α
2291 1805 2410 1844 ueri
2442 1831 2453 1843 .

278 1888 566 1994 asportati
599 1894 758 1994 sunt,
795 1891 892 1946 ubi
923 1892 1371 1950 innumerabilis
1403 1899 1748 1950 convenerat
1778 1895 1932 1951 mul-
1967 1927 2015 1994 Β
2113 1895 2413 1952 Visionem
2437 1912 2668 1969 quoque
2699 1893 3018 1968 quamdam
3034 1893 3355 1953 terribilem
3388 1898 3444 1951 et
3472 1895 3699 1952 cunctis

281 1977 478 2032 titudo
501 1980 622 2033 tam
651 1979 958 2036 beatorum
982 1999 1158 2055 quam
1191 1985 1569 2056 reproborum
1597 1984 1934 2056 spirituum.

283 2066 398 2122 Sed
432 2067 740 2124 beatorum
765 2070 1008 2141 quidam
1040 2072 1209 2143 quasi
1235 2072 1464 2144 judices
1496 2073 1554 2128 in
1587 2073 1816 2130 thronis
1847 2092 1938 2130 re-

277 2154 596 2224 sidebant;
630 2157 728 2212 alii
760 2175 894 2214 vero
941 2161 1109 2232 quasi
1143 2179 1352 2218 causas
1401 2163 1668 2235 proprias
1701 2163 1938 2219 relaturi

277 2261 479 2300 coram
505 2244 589 2300 eis
619 2247 910 2304 astabant.
929 2250 1093 2306 Tunc
1112 2256 1368 2308 astantes
1388 2253 1573 2308 sancti
1592 2253 1937 2324 queritando

278 2333 506 2406 singuli
540 2351 646 2390 sua
663 2336 994 2394 referebant
1013 2345 1358 2396 accusantes
1377 2341 1631 2412 aliquem
1664 2343 1936 2414 reprobo-

276 2440 413 2478 rum
455 2425 836 2496 praesentium
889 2426 997 2483 hoc
1029 2429 1203 2485 modo
1238 2446 1252 2484 :
1284 2431 1427 2487 Ecce
1472 2429 1566 2485 hic
1597 2431 1936 2487 monasterii

277 2512 396 2568 mei
443 2513 778 2571 destructor
825 2520 985 2584 erat;
1022 2517 1130 2573 hoc
1178 2518 1294 2574 Deo
1349 2519 1632 2590 vobisque
1663 2520 1937 2576 omnibus

277 2617 651 2673 conquerens
681 2605 984 2661 denuntio.
1019 2608 1284 2678 Cumque
1335 2608 1557 2664 eisdem
1587 2609 1779 2664 verbis
1811 2627 1934 2664 om-

275 2707 383 2747 nes
419 2683 630 2765 sancti,
656 2693 757 2764 qui
787 2695 1062 2751 astabant
1090 2700 1292 2752 contra
1317 2713 1521 2753 omnes
1550 2699 1828 2770 reprobos
1859 2699 1936 2754 si-

277 2779 404 2835 mul
437 2785 706 2839 astantes
755 2783 1153 2855 querimonias
1200 2802 1336 2842 suas
1369 2785 1746 2859 singulariter
1774 2803 1936 2858 pere-

274 2869 509 2942 gissent
536 2871 834 2944 digitoque
865 2879 1169 2930 accusatos
1198 2879 1520 2945 notassent,
1548 2876 1790 2948 maligni
1824 2875 1938 2948 spi-

277 2959 433 3016 ritus
466 2960 690 3032 pariter
717 2961 1090 3041 advenientes
1139 2964 1506 3020 accusatione
1553 2969 1714 3020 tanta
1749 2965 1936 3021 laetiﬁ-

279 3048 418 3114 cati,
454 3053 764 3106 accusatos
796 3050 972 3105 simul
1005 3067 1209 3107 omnes
1243 3052 1459 3124 singuli
1489 3052 1754 3126 singulos
1785 3057 1937 3109 cate-

279 3137 374 3193 nis
406 3137 598 3210 igneis
624 3139 962 3211 carpebant,
996 3144 1053 3195 et
1082 3141 1153 3195 ad
1188 3141 1500 3197 infernales
1531 3159 1732 3214 pmnas
1763 3146 1939 3198 retra-

278 3223 542 3296 hebant;
576 3226 778 3299 sicque
808 3228 1051 3284 concilio
1075 3229 1240 3285 finito
1270 3229 1366 3286 isti
1395 3231 1466 3286 ad
1496 3229 1745 3298 inferna,
1773 3230 1938 3286 alteri

277 3313 421 3372 vero
454 3317 796 3373 remeabant
826 3319 896 3374 ad
931 3335 1204 3391 superna.

358 3405 592 3471 Quibus
628 3407 876 3478 peractis
924 3412 1164 3463 sanctus
1195 3408 1555 3465 Guntharius
1605 3409 1775 3464 rediit
1805 3425 1938 3464 cum

285 3493 588 3550 monacho
607 3496 674 3551 ad
698 3495 913 3563 locum,
943 3498 1042 3553 ubi
1066 3497 1324 3570 primum
1353 3497 1624 3554 inventus
1646 3502 1735 3555 est
1757 3500 1828 3554 ab
1850 3515 1938 3565 eo,

279 3582 389 3638 ubi
415 3582 595 3638 etiam
618 3584 728 3641 duo
752 3585 956 3642 sedilia
985 3588 1156 3659 ignea
1170 3586 1518 3642 videbantur
1537 3588 1940 3659 posita,unum

280 3673 532 3744 quidem
550 3675 744 3744 majus
766 3675 967 3732 altero.
990 3676 1101 3732 Sed
1126 3676 1333 3732 beatus
1356 3676 1718 3732 Guntharius
1741 3677 1944 3732 refere-

280 3763 390 3818 bat
413 3762 702 3819 monacho
726 3766 920 3836 majus
951 3765 1208 3838 episcopi
1231 3765 1673 3838 Ratisponensis
1697 3785 1709 3834 ;
1744 3765 1942 3821 minus

279 3869 422 3908 vero
452 3852 714 3925 episcopi
765 3854 1074 3925 Pragensis
1105 3872 1254 3923 esse,
1286 3871 1390 3927 pro
1439 3873 1504 3911 eo
1537 3856 1756 3912 scilicet
1785 3855 1939 3929 quod

280 3939 384 3996 ille
418 3941 579 4012 prior
609 3941 833 3998 habens
863 3942 1091 4015 plebem
1139 3944 1467 4016 subjectam
1501 3945 1571 4000 ad
1603 3951 1939 4002 converten-

280 4031 434 4086 dum
468 4030 833 4101 faciliorem;
867 4031 1012 4089 alter
1056 4038 1254 4090 autem
1303 4033 1706 4105 indoctiorem,
1740 4040 1943 4091 neuter

281 4118 620 4193 quidquam
643 4120 876 4178 doctore
904 4121 1149 4194 dignum
1182 4122 1437 4191 fecisset,
1461 4128 1518 4178 et
1537 4123 1666 4180 ideo
1699 4129 1942 4196 uterque

281 4209 610 4281 deputatus
639 4213 793 4266 esset
820 4210 1118 4283 gehennae.
1144 4214 1277 4278 Quae
1309 4216 1622 4284 postquam
1652 4213 1817 4280 vidit,
1842 4229 1942 4268 su-

281 4297 418 4352 bito
447 4296 676 4354 excitus
707 4299 1008 4355 remeavit.

356 4387 571 4442 Fertur
599 4391 656 4442 et
700 4386 795 4442 hic
828 4386 1156 4443 monachus
1203 4355 1419 4443 vidisse
1449 4392 1506 4442 et
1535 4388 1723 4444 dicere
1753 4389 1939 4461 plura,

277 4491 420 4546 quae
448 4492 569 4531 non
599 4492 667 4531 ex
697 4475 816 4532 ullo
846 4476 1012 4548 potui
1035 4476 1248 4532 rescire
1273 4476 1508 4532 sciente.
1539 4479 1727 4533 Pauca
1746 4483 1942 4534 tamen

276 4561 448 4620 dicta
468 4569 723 4637 possant
743 4565 851 4621 hos
874 4565 1160 4620 aediﬁcare
1181 4565 1422 4637 qui,quo
1437 4567 1775 4622 subvertant
1789 4584 1945 4640 pror—

2052 1983 2248 2041 saaculi
2297 1986 2663 2059 principibus
2709 1986 3023 2042 verendam
3067 1985 3138 2041 de
3186 1987 3407 2042 Caasare
3450 1983 3698 2041 Henrico

2048 2076 2308 2148 proxime
2342 2075 2614 2132 defuncto
2647 2076 2885 2141 factam,
2905 2092 3083 2148 quam
3113 2075 3173 2130 in
3195 2075 3529 2132 narratione
3562 2091 3702 2146 prae-

2048 2165 2239 2232 terita,
2275 2181 2408 2220 cum
2440 2165 2512 2220 de
2554 2181 2620 2219 eo
2669 2165 2933 2236 quaedam
2967 2163 3094 2219 visa
3143 2165 3441 2232 referrem,
3477 2163 3698 2219 oblitus

2047 2270 2206 2309 eram
2239 2269 2547 2325 apponere,
2572 2254 2698 2324 jam
2731 2252 2858 2308 volo
2889 2253 3099 2309 dicere.
3123 2253 3288 2308 Hunc
3311 2256 3506 2308 autem
3540 2269 3574 2307 a
3604 2268 3700 2306 ve-

2049 2341 2292 2398 nerabili
2321 2343 2640 2414 Humperto
2671 2342 2962 2414 episcopo,
2987 2341 3084 2398 illo
3116 2341 3381 2397 videlicet
3412 2340 3512 2413 qui
3544 2340 3698 2396 beati

2049 2432 2254 2486 Leonis
2278 2431 2614 2503 nuperrime
2635 2449 2795 2504 papa:
2817 2431 3186 2503 comesjugis
3210 2429 3700 2502 consiliariusque

2048 2521 2492 2592 acceptissimus
2540 2520 2779 2587 exstitit,
2831 2520 3057 2592 agnovi.
3106 2519 3207 2575 Illo
3259 2535 3515 2590 namque
3561 2535 3696 2573 eum

2045 2627 2198 2683 papa
2226 2609 2455 2665 Victore
2485 2609 2544 2664 in
2576 2609 2897 2682 Ratispona
2918 2609 3107 2682 posito
3139 2611 3195 2663 et
3224 2608 3296 2664 ad
3327 2623 3462 2662 eum
3493 2605 3697 2662 multis

2047 2699 2730 2766 conﬂuentibus,accessi
2754 2699 2931 2755 etiam
2958 2714 3062 2771 ego
3093 2714 3196 2769 pro
3229 2714 3406 2752 causa
3437 2696 3694 2768 quadam

2045 2792 2102 2844 et
2131 2788 2326 2845 audivi
2355 2805 2489 2844 eum
2530 2788 2700 2860 plura
2747 2787 2816 2843 de
2847 2787 3026 2858 hujus
3074 2784 3270 2842 saeculi
3299 2783 3609 2842 insolentia
3637 2788 3696 2841 et

2046 2877 2298 2932 maxime
2327 2878 2399 2932 de
2425 2877 2757 2949 principum
2785 2875 3134 2948 negligentia
3159 2874 3521 2946 loquentem,
3542 2873 3695 2929 inter

2047 2983 2174 3037 quae
2206 2966 2431 3021 addidit
2459 2965 2592 3037 ista,
2625 2965 2824 3022 dicens
2849 2983 2861 3021 :
2882 2963 3124 3021 Videtur
3144 2963 3290 3018 mihi
3324 2962 3486 3018 nulla
3507 2963 3695 3034 major

2046 3070 2250 3126 regum
2293 3054 2379 3110 vel
2433 3054 2680 3110 aliorum
2733 3053 3066 3126 principum
3116 3051 3290 3124 culpa
3319 3067 3497 3124 quam
3539 3051 3696 3123 quod

2048 3159 2371 3215 pauperum
2423 3142 2720 3216 querelam
2770 3143 3008 3199 student
3059 3145 3451 3198 contemnere.
3496 3137 3697 3196 Solent

2048 3232 2227 3298 enim,
2244 3232 2387 3304 proh
2411 3231 2574 3288 dolor
2599 3232 2608 3286 l
2646 3232 3030 3303 imperatores
3047 3231 3134 3285 vel
3165 3245 3331 3301 reges
3353 3227 3537 3284 nostri
3559 3245 3698 3300 pau-

2049 3320 2287 3394 peribus
2337 3337 2545 3375 causas
2593 3317 2959 3374 necessitatis
2990 3334 3107 3372 suae
3159 3316 3271 3372 sibi
3305 3315 3696 3372 referentibus

2051 3409 2197 3464 nihil
2228 3408 2384 3464 aliud
2417 3407 2606 3463 solatii
2630 3407 2884 3478 praebere
2915 3405 3028 3460 nisi
3061 3409 3291 3460 tantum
3323 3405 3511 3459 dicere
3540 3420 3552 3457 :
3588 3404 3698 3459 Ex-

2050 3503 2249 3572 specta
2278 3500 2459 3553 donec
2506 3501 2743 3568 tempus
2782 3511 3106 3566 congruum
3160 3493 3305 3548 mihi
3336 3492 3549 3560 veniat,
3583 3509 3698 3563 quo

2050 3592 2184 3643 tuas
2216 3585 2614 3659 querimonias
2637 3583 2858 3656 possim
2882 3582 3085 3638 audire
3112 3586 3287 3653 teque
3308 3599 3342 3637 a
3366 3580 3487 3637 tuis
3509 3596 3704 3654 perse;

2051 3675 2352 3733 cutoribus
2370 3691 2590 3731 eruere.
2618 3678 2684 3729 Et
2714 3677 2780 3728 ut
2799 3672 2919 3727 haec
2947 3672 3029 3726 ita
3048 3687 3176 3728 esse
3198 3670 3418 3738 sciatis,
3452 3670 3699 3725 referam

2052 3766 2213 3822 vobis
2261 3765 2547 3821 visionem
2595 3764 2666 3819 de
2696 3762 2817 3831 illo,
2854 3761 2952 3834 qui
3005 3761 3339 3833 nuperrime
3388 3759 3700 3815 defunctus

2051 3859 2390 3923 est,Caesare
2422 3853 2666 3909 Henrico
2691 3871 2704 3921 ;
2739 3869 2808 3908 ex
2838 3868 2955 3923 qua
2975 3850 3119 3906 satis
3151 3849 3435 3920 conjicere
3457 3847 3700 3920 potestis

2052 3948 2340 4016 quantum
2371 3944 2676 4013 peccatum
2706 3939 2783 3995 sit
2811 3953 3136 4010 pauperum
3167 3952 3376 3991 causas
3408 3933 3700 4007 negligere

2052 4037 2109 4089 et
2137 4034 2208 4088 de
2239 4031 2332 4086 die
2361 4031 2419 4086 in
2454 4030 2608 4085 diem
2637 4028 2708 4084 ad
2740 4027 3060 4100 regendum
3092 4025 3342 4081 differre.

2124 4123 2202 4176 Eo
2234 4136 2491 4192 namque
2509 4122 2922 4191 tempore,quo
2944 4116 3054 4171 iste
3075 4119 3275 4170 noster
3301 4129 3469 4186 papa,
3485 4111 3586 4184 qui
3606 4111 3701 4167 hic

2045 4211 2171 4282 jam
2195 4213 2613 4274 commoratur,
2629 4205 2846 4263 mansit
2867 4222 3001 4261 cum
3025 4203 3295 4278 praedicto
3311 4206 3529 4258 Caesare
3549 4201 3702 4257 Hen-

2053 4299 2171 4355 rico
2199 4299 2260 4354 in
2309 4298 2577 4371 partibus
2605 4297 2737 4353 istis
2787 4295 3133 4363 Germaniae,
3165 4293 3462 4365 profectus
3490 4295 3580 4347 est
3606 4289 3702 4345 hic

2052 4388 2293 4460 quidam
2332 4405 2400 4443 ex
2430 4385 2796 4458 principibus
2847 4383 3150 4439 Romanis.
3180 4385 3322 4436 Cum
3354 4385 3552 4436 autem
3585 4396 3703 4435 non

2053 4476 2224 4550 longe
2255 4477 2324 4532 ad
2358 4475 2527 4531 illum
2558 4475 2775 4543 locum,
2811 4490 2926 4545 quo
2959 4477 3100 4527 tunc
3132 4487 3283 4544 papa
3313 4485 3448 4524 cum
3478 4470 3701 4524 Caesare

2045 4567 2173 4636 jam
2206 4564 2264 4620 in
2297 4563 2570 4619 extremis
2592 4561 2910 4617 constituto
2935 4559 3176 4628 mansit;
3209 4558 3452 4612 haberet
3471 4555 3531 4609 in
3555 4572 3702 4627 quo-

274 4671 390 4709 sus
417 4652 546 4710 loca
569 4653 1393 4726 sancta,laborant.Quod,pro
1409 4654 1731 4711 dolorlnon
1748 4655 1941 4712 solum
1971 4675 2018 4740 D
2054 4655 2189 4710 dam
2219 4653 2343 4740 vico
2370 4651 2727 4740 hospitatus,
2752 4649 2918 4740 ib-i‘se
2950 4646 3165 4740 sopori,
3191 4648 3390 4740 utpote
3411 4642 3701 4740 lopgo'iti:

271 4742 424 4800 laici
446 4759 626 4799 sacrm
646 4743 954 4815 Scriptura:
973 4743 1299 4815 ignari,sed
1326 4743 1501 4800 etiam
1527 4743 1717 4800 clerici
1739 4746 1810 4800 ad
1841 4763 1938 4800 su-

273 4848 475 4904 perna
505 4831 845 4887 omnimodo
875 4832 1148 4887 instructi
1170 4835 1228 4887 et
1248 4832 1319 4887 ad
1342 4832 1655 4905 regendam
1679 4833 1944 4888 ﬁdelium

269 4919 528 4993 plebem
544 4919 851 4977 constituti
860 4922 986 4992 jam
1010 4920 1260 4977 maxime
1273 4921 1512 4987 faciunt,
1537 4939 1653 4977 non
1673 4926 1943 4978 curantes

271 5014 517 5082 quanta
537 5013 826 5066 tormenta
847 5011 1198 5082 quandoque
1221 5010 1340 5066 sint
1364 5010 1943 5082 passuri,dummodo

270 5117 402 5157 sua
421 5098 696 5171 expleant
710 5099 998 5156 desideria
1010 5099 1069 5155 in
1092 5098 1376 5173 dignitate
1389 5099 1946 5172 adipiscenda.0bti-

268 5192 470 5245 neant
521 5203 657 5261 ergo
705 5205 859 5245 nunc
908 5205 1272 5260 quaecunque
1312 5187 1526 5255 velint;
1561 5188 1833 5245 latentur
1884 5189 1944 5243 in

263 5277 463 5335 donis
498 5281 556 5333 et
575 5277 810 5350 praediis
841 5278 1100 5350 qualibet
1117 5282 1240 5332 arte
1270 5275 1357 5332 vel
1390 5276 1592 5332 fraude
1621 5275 1943 5350 acquisitis;

267 5367 543 5425 afﬂuant
563 5367 782 5423 divitiis
806 5385 820 5436 ;
845 5371 1109 5439 quaerant
1125 5365 1427 5438 sapientiae
1448 5365 1747 5422 saecularis
1773 5382 1945 5439 argu-

268 5462 516 5524 menta,
537 5461 604 5513 ut
633 5455 979 5514 convincant
1008 5455 1605 5528 simpliciajustorum
1634 5457 1833 5524 corda;
1857 5473 1945 5511 se-

272 5544 472 5600 deant
502 5543 565 5599 in
594 5542 849 5612 insidiis,
883 5546 949 5598 ut
977 5542 1272 5614 decipiant
1301 5557 1586 5614 pauperes
1617 5546 1673 5595 et
1701 5541 1902 5624 inopes
1930 5561 1946 5612 ;

268 5637 376 5704 et,
399 5649 473 5690 ne
507 5632 649 5707 quid
668 5631 950 5706 voluptati
972 5648 1172 5688 eorum
1196 5632 1364 5701 desit,
1393 5635 1672 5686 exornent
1692 5646 1753 5685 se
1776 5633 1948 5687 modo

268 5719 454 5781 rosis
481 5719 658 5796 atque
704 5721 869 5795 liliis,
902 5721 1121 5793 ubique
1163 5718 1375 5776 laetitiae
1405 5736 1524 5776 sua:
1575 5718 1744 5792 signa
1773 5719 1948 5776 relin-

2052 4758 2189 4799 nere
2220 4739 2524 4812 fatigatus,
2548 4739 2608 4794 in
2641 4736 2884 4793 meridie
2913 4734 3172 4790 tradidit.
3199 4735 3265 4788 In
3298 4749 3413 4804 quo
3435 4729 3702 4787 videlicet

2053 4834 2352 4904 sopore,ut
2373 4833 2576 4901 postea
2594 4825 2876 4900 evigilans
2897 4822 3397 4894 retulit,eumdem
3413 4820 3700 4876 Caesarem

2052 4921 2112 4976 in
2139 4920 2284 4977 solio
2311 4918 2489 4992 regali
2512 4917 2885 4987 residentem,
2910 4931 3013 4970 nec
3037 4931 3152 4970 non
3185 4911 3372 4968 multa
3392 4925 3699 4983 procerum

2052 5011 2227 5066 turba
2253 5007 2682 5065 circumdatum
2702 5004 3146 5072 vidit.Ubi,cum
3171 5001 3500 5076 plurimade
3519 4998 3701 5055 lucris

2055 5097 2436 5155 saecularibus
2479 5095 2942 5168 disputarentur,
2974 5093 3167 5149 subito
3198 5091 3441 5164 quidam
3481 5105 3703 5164 pauper

2056 5188 2287 5243 advenit
2307 5186 2571 5242 clamans
2597 5186 2668 5241 ad
2683 5186 2968 5240 Caesarem
2993 5187 3050 5238 et
3065 5185 3270 5254 petens
3283 5181 3703 5253 utdignaretur

2057 5275 2422 5332 necessitatis
2452 5292 2570 5331 suae
2602 5291 2809 5329 causas
2832 5273 3035 5328 audire
3057 5275 3115 5327 et
3145 5285 3360 5342 regere.
3386 5271 3460 5323 At
3490 5267 3586 5323 ille
3613 5267 3701 5321 in-

2056 5367 2365 5439 dignanter
2393 5363 2712 5437 respondit,
2737 5362 2938 5418 dicens
2971 5377 2985 5415 :
3021 5361 3320 5431 Exspecta,
3343 5356 3573 5428 stolide,
3596 5356 3700 5412 do-

2058 5473 2162 5511 nec
2195 5460 2426 5526 tempus
2457 5453 2602 5508 mihi
2654 5451 3006 5508 concedatur
3052 5445 3326 5504 audiendi
3355 5451 3432 5503 te.
3465 5446 3550 5502 Ad
3582 5445 3702 5501 haec

2057 5542 2621 5617 pauper,quomodo,
2645 5541 2895 5612 inquit,o
2919 5537 3228 5610 Casar,hic
3252 5536 3475 5593 diutius
3496 5550 3702 5606 exspe-

2059 5637 2214 5689 ctare
2243 5631 2403 5687 valeo
2435 5631 2558 5703 qui,
2590 5629 2683 5684 hic
2707 5646 2809 5702 per
2838 5629 2963 5684 dies
2995 5627 3213 5683 multos
3227 5627 3354 5700 jam
3385 5638 3703 5682 commora-

2058 5727 2175 5789 tus,
2207 5721 2406 5778 omnia
2437 5737 2565 5792 quae
2599 5718 2781 5776 habui
2812 5734 2914 5790 pro
2935 5717 3092 5773 victu
3123 5733 3251 5774 meo
3283 5713 3528 5788 expendi
3549 5711 3576 5768 *ἲ
3597 5709 3699 5768 Cui
