4044 6164
327 348 437 410 371

1338 342 1681 404 OTHLONI
1726 341 2085 406 MONACHI
2129 341 2193 403 S.
2242 340 2730 403 EMMERAMMI

3614 342 3733 404 372

328 483 543 538 iterum
564 462 853 551 responsa
883 476 1094 532 dantur
1124 493 1135 531 :
1173 477 1350 543 Vade,
1376 478 1659 549 improbe,
1682 476 1741 531 in
1774 478 1969 532 odium
2002 478 2056 544 Α
2086 480 2245 532 ctum
2260 480 2347 531 est
2369 475 2950 549 opinante,postdies
2972 492 3189 548 paucos
3212 476 3501 551 reperitur
3520 493 3733 551 corpus

327 572 429 629 Dei
461 575 516 627 et
545 572 814 641 exspecta
846 584 1031 639 usque
1060 568 1200 622 dum
1234 566 1451 638 possim
1488 573 1540 621 te
1571 567 1971 627 audire._‘Nam

331 666 491 717 tanta
522 659 663 714 mihi
684 674 821 713 cura
844 658 1015 712 modo
1051 657 1164 711 alia
1187 656 1457 711 audiendi
1480 661 1535 711 et
1567 657 1800 728 regendi
1826 660 1888 711 ut
1909 660 1972 711 tu

328 752 547 806 frustra
578 764 669 801 me
692 748 941 801 invoces.
961 747 1085 801 Ilaec
1108 764 1241 819 ergo
1274 746 1517 801 audiens
1539 763 1759 817 pauper
1787 746 1974 801 tristis

331 838 633 895 abscessit.
652 838 900 908 Moxque
913 836 1157 891 accessit
1170 841 1225 890 et
1238 836 1388 890 alius
1404 852 1643 907 pauper,
1660 834 1755 906 qui
1772 835 1973 889 eodem

328 928 523 996 modo,
543 932 607 982 ut
630 928 805 999 prior,
832 928 902 981 ad
926 929 1208 982 Caesarem
1233 926 1538 994 clamavit;
1579 926 1675 980 sed
1705 924 1976 979 similiter

328 1017 389 1073 in
421 1033 637 1072 vanum
688 1015 989 1070 laboravit.
1038 1016 1169 1069 Post
1212 1014 1491 1086 pusillum
1546 1031 1777 1085 quoque
1822 1013 1977 1067 venit

330 1123 550 1179 pauper
581 1106 789 1160 tertius
821 1106 1022 1160 eadem
1074 1122 1340 1170 narrans,
1375 1105 1575 1159 eadem
1610 1120 1820 1173 rogans
1851 1120 1975 1174 qua:

331 1201 388 1252 et
418 1196 757 1269 anteriores.
788 1196 899 1249 Sed
930 1198 984 1248 et
1004 1193 1100 1249 ille
1134 1194 1190 1247 in
1222 1210 1438 1248 vanum
1466 1192 1737 1248 laborans
1760 1193 1977 1247 disces-

330 1289 407 1341 sit
437 1284 980 1353 mmstus,.Domine
1015 1301 1147 1338 mox
1178 1282 1315 1337 talia
1346 1286 1609 1353 questus.
1645 1282 1847 1336 Adhuc
1878 1280 1977 1336 illo

332 1376 660 1447 queritante
708 1378 763 1429 et
818 1374 1133 1427 Dominum
1197 1373 1498 1427 invocantc
1545 1389 1653 1426 vox
1711 1373 1780 1426 de
1835 1371 1977 1426 cmlo

332 1463 547 1530 sonuit,
590 1463 788 1518 dicens
827 1480 837 1516 :
871 1462 1106 1516 Auferte
1156 1462 1336 1516 istum
1394 1466 1673 1516 rectorem
1724 1465 1780 1515 et
1811 1461 1979 1515 facite

332 1570 466 1609 cum
499 1553 652 1608 inter
679 1569 984 1624 pmnarum
1018 1568 1212 1606 moras
1260 1551 1481 1606 discere
1513 1551 1803 1621 quomodo
1836 1568 1979 1622 pau-

330 1660 496 1717 peres
522 1642 989 1713 valeantjudicia
1020 1659 1125 1696 sua
1139 1646 1469 1712 exspectare
1496 1660 1506 1707 ;
1542 1657 1669 1712 quae
1695 1640 1855 1695 dedit
1884 1657 1980 1694 ac-

332 1733 545 1805 cipiat;
581 1750 705 1803 quze
738 1732 815 1787 sit
848 1732 1049 1787 dilatio
1081 1731 1285 1786 discat.
1320 1730 1420 1784 llis
1452 1730 1623 1785 dictis
1657 1730 1849 1785 subito
1884 1747 1979 1783 ra-

333 1826 471 1895 ptus
503 1826 592 1877 est
621 1838 655 1875 a
685 1825 969 1875 conventu
1003 1820 1121 1875 illo.

406 1912 631 1966 Interea
647 1926 941 1979 vero,cum
956 1909 1192 1963 Italicus
1215 1908 1512 1964 dormiens
1526 1909 1735 1964 taliain
1760 1909 1981 1964 somnis

331 1999 597 2068 vidisset,
627 1998 933 2053 intimatus
955 2003 1043 2053 est
1066 1998 1122 2053 in
1154 1998 1353 2053 eadem
1375 1999 1701 2069 domo,qua
1722 1998 1981 2068 hospita-

335 2092 453 2158 tur,
518 2086 757 2143 Czesaris
805 2087 1021 2142 obitus.
1084 2088 1347 2158 Cumque
1414 2085 1663 2158 vigilans
1721 2086 1983 2142 audisset

335 2192 539 2233 omnes
571 2178 639 2231 de
661 2177 862 2232 eodem
886 2176 1047 2230 obitu
1072 2175 1339 2231 ﬂebiliter
1363 2175 1844 2240 sermocinantes,
1875 2190 1979 2229 nec

333 2270 550 2331 tamen,
585 2266 723 2338 quia
765 2265 1031 2337 linguam
1063 2282 1177 2319 non
1228 2268 1483 2334 noverat,
1517 2264 1731 2319 sentire
1762 2266 1977 2333 posset,

330 2355 707 2428 interrogavit
730 2371 913 2409 unum
938 2355 1008 2408 de
1039 2353 1161 2408 suis
1183 2353 1498 2408 comitibus
1528 2352 1742 2424 linguae
1766 2354 1979 2407 Teuto-

331 2444 471 2499 nicas
495 2460 741 2516 guarum
769 2443 906 2513 quid
930 2447 1049 2497 tam
1075 2442 1342 2497 luctuosa
1363 2441 1771 2495 sermocinatio
1800 2441 1978 2510 signi-

328 2534 549 2588 ﬁcaret.
583 2535 649 2587 At
678 2531 776 2585 ille
804 2531 1123 2603 respondit,
1156 2530 1356 2585 dicens
1391 2549 1403 2584 ε
1439 2531 1689 2596 Noviter,
1718 2530 1974 2596 domine,

328 2636 465 2677 cum
486 2624 549 2675 tu
574 2637 779 2676 somno
810 2619 1041 2674 deditus
1062 2619 1565 2689 esses,nuniatum
1599 2622 1686 2673 est
1711 2619 1803 2672 hic
1837 2618 1979 2689 quia

328 2711 539 2778 Caesar,
570 2710 644 2764 ad
676 2726 851 2780 quem
883 2713 943 2763 tu
975 2709 1211 2764 volebas
1243 2725 1503 2780 pergere,
1537 2709 1847 2763 defunctus
1880 2708 1974 2762 sit.

326 2799 433 2853 Pro
456 2798 565 2853 hoc
588 2814 723 2867 ergo
746 2799 1056 2854 tristantur
1077 2798 1291 2867 cuncti,
1315 2815 1489 2869 super
1510 2798 1619 2852 hoc
1651 2802 1789 2852 sunt
1812 2802 1977 2852 tanta

324 2886 525 2943 locuti.
559 2888 629 2941 Et
679 2887 846 2954 mihi,
879 2888 1089 2958 inquit,
1126 2888 1295 2941 modo
1345 2886 1655 2941 dormienti
1701 2887 1771 2940 de
1815 2885 1975 2941 obitu

326 2977 459 3047 ejus
485 2978 751 3047 quaedam
773 2994 874 3048 per
897 2976 1176 3032 visionem
1202 2975 1450 3032 revelata
1471 2980 1627 3031 sunt.
1652 2975 1977 3046 Statimque

327 3067 451 3121 suis
475 3068 742 3122 eamdem
770 3066 1075 3133 visionem,
1105 3083 1281 3138 quam
1306 3067 1584 3137 praelatus
1615 3064 1980 3135 sum,retulit

326 3158 383 3209 et
397 3154 466 3209 ad
490 3154 882 3210 defunctionis
896 3157 1025 3226 ejus
1049 3156 1237 3210 locum
1264 3173 1295 3226 q
1309 3155 1611 3210 uantocius
1626 3154 1971 3226 properavit.

326 3242 643 3299 Praedictus
658 3245 1117 3316 igiturprinceps
1134 3244 1373 3299 Italicus
1392 3244 1528 3299 talia
1542 3243 1684 3297 mihi
1704 3244 1761 3297 in
1777 3245 1977 3299 eodem

325 3336 588 3404 tempore
614 3333 920 3389 nuntiavit.
948 3334 1109 3388 Unde
1134 3333 1311 3388 nimis
1332 3333 1690 3389 invocandus
1708 3337 1795 3388 est
1821 3333 1975 3387 Deus

325 3424 390 3474 ut
419 3422 767 3477 misereatur
790 3422 961 3478 nobis
982 3423 1174 3477 dando
1205 3422 1498 3494 principes
1524 3421 1672 3477 tales
1703 3422 1803 3492 qui
1836 3427 1893 3477 et
1914 3438 1977 3476 se

323 3512 380 3565 et
413 3509 524 3565 sibi
556 3512 823 3567 subditos
852 3516 971 3567 tam
1002 3528 1289 3583 pauperes
1320 3528 1499 3582 quam
1543 3510 1746 3565 divites
1780 3527 1977 3581 regere

316 3598 568 3654 Valeant.
594 3600 740 3655 Nam
772 3602 831 3653 in
864 3601 975 3655 isto
1008 3600 1251 3673 parvulo
1275 3617 1407 3671 rege
1439 3606 1636 3654 nostro
1668 3616 1771 3671 per
1791 3598 1976 3654 multa

322 3689 757 3760 tempora,proh
774 3688 939 3745 dolor
954 3689 965 3743 l
983 3689 1065 3742 nil
1089 3688 1393 3760 regiminis
1407 3688 1619 3743 habere
1634 3705 1974 3759 possumus,

320 3782 453 3833 Haec
482 3778 680 3850 itaque
701 3782 929 3851 egomet
950 3795 983 3832 a
1008 3778 1281 3849 praedicto
1308 3777 1622 3831 venerabili
1654 3777 1973 3848 Humperto

324 3866 595 3939 episcopo
623 3868 905 3923 referente
938 3882 1281 3937 agnoscens,
1315 3865 1445 3920 aliis
1478 3881 1709 3937 quoque
1742 3867 1810 3920 ad
1835 3867 1971 3921 aedi-

323 3956 651 4011 ﬁcationem
685 3956 902 4011 credidi
935 3970 1062 4010 esse
1096 3955 1444 4009 intimanda.

752 4061 938 4115 VISIO
980 4061 1245 4115 DECIMA
1287 4060 1533 4115 SEXTA.

322 4148 611 4205 Fuldensis
654 4150 950 4204 monachus
981 4152 1045 4203 ob
1073 4157 1332 4219 negatam
1373 4151 1431 4204 in
1462 4150 1706 4219 defuncti
1734 4154 1973 4217 gratiam

394 4220 739 4290 prwbendam
800 4236 892 4275 seu
953 4222 1352 4292 elee—mosynam
1408 4222 1644 4292 ﬂagellis
1701 4222 1972 4277 divinitus

393 4307 584 4346 σαεδαε.

396 4396 562 4453 Libet
590 4397 767 4453 etiam
798 4397 1008 4454 litteris
1031 4400 1258 4453 tradere
1289 4399 1429 4470 quid
1464 4400 1522 4453 in
1558 4398 1830 4455 Fuldensi
1855 4418 1972 4455 mo-

324 4487 577 4543 nasterio
621 4488 918 4560 quondam
970 4487 1285 4560 contigisse
1318 4505 1505 4560 nuper
1536 4506 1569 4543 a
1614 4489 1969 4559 quibusdam

322 4578 587 4649 ejusdem
630 4577 967 4632 monasterii
1003 4578 1280 4632 fratribus
1321 4578 1705 4633 referentibus
1738 4580 1965 4650 agnovi.
2002 4598 2048 4661 Ι)

322 4668 526 4723 Fertur
552 4684 804 4738 namque
834 4666 912 4721 ibi
937 4666 1260 4722 monachus
1292 4666 1533 4735 quidam
1568 4668 1747 4722 fuisse
1779 4668 1969 4723 ofﬁcio

321 4756 557 4811 functus
600 4755 1015 4827 przepositurze.
1048 4756 1154 4821 Qui
1187 4758 1446 4826 tempore
1477 4755 1619 4809 vicis
1652 4773 1768 4810 sua
1800 4758 1969 4812 adve-

323 4845 516 4900 niente
548 4848 613 4899 ut
665 4844 945 4898 fratribus
994 4845 1257 4899 ciborum
1291 4862 1399 4899 usu
1451 4845 1665 4899 servire
1715 4846 1966 4917 deberet,

321 4937 633 5002 postquam
648 4931 758 4985 hoc
776 4932 867 4985 die
888 4933 1141 5002 quadam
1156 4933 1458 4988 devotione
1471 4951 1705 4989 summa
1721 4934 1969 5006 comple-

320 5020 421 5091 vit,
466 5019 667 5074 volens
717 5019 894 5074 etiam
946 5020 1069 5091 ipse
1118 5021 1295 5086 reﬁci,
1346 5023 1417 5076 ad
1469 5022 1677 5090 rivum,
1713 5024 1809 5095 qui
1866 5041 1969 5095 per

321 5108 560 5164 claustri
593 5109 857 5163 ofﬁcinas
889 5109 1101 5163 ductus
1132 5127 1310 5181 prope
1341 5112 1709 5166 refectorium
1742 5113 1963 5181 deﬂuit,

320 5215 498 5255 causa
519 5198 749 5254 lavandi
774 5213 983 5251 manus
1006 5199 1270 5253 accessit.
1295 5201 1556 5271 Cumque
1579 5218 1638 5255 se
1662 5201 1741 5254 ibi
1766 5202 1964 5256 incau-

319 5286 437 5342 tius
469 5287 827 5356 inclinasset,
853 5291 1087 5357 repente
1106 5287 1328 5359 lapsus,
1349 5288 1501 5342 sicut
1532 5288 1697 5343 facile
1720 5290 1965 5345 defessis

319 5376 593 5443 evenit,in
628 5376 845 5429 flumen
878 5376 1083 5431 cecidit
1113 5382 1189 5443 et,
1224 5378 1445 5449 impetu
1480 5379 1703 5433 undoso
1734 5386 1962 5451 captus,

319 5463 665 5537 priusquam
696 5464 1003 5520 hominum
1046 5466 1259 5537 aliquis
1288 5466 1602 5533 adveniret,
1638 5484 1740 5538 per
1770 5485 1963 5539 aqua:-

320 5555 532 5609 ductus
553 5571 603 5608 sf
622 5559 773 5609 creta
792 5558 1014 5610 tractus
1040 5556 1202 5611 obiit.
1231 5555 1441 5610 Deinde
1459 5572 1589 5611 vero
1611 5556 1963 5613 mirantibus

322 5644 609 5701 universis
644 5644 713 5699 de
749 5660 986 5701 excessu
1014 5644 1230 5710 fratris,
1261 5649 1317 5699 et
1344 5644 1578 5700 nomine
1607 5645 1663 5699 id
1696 5647 1851 5716 quod
1878 5647 1962 5701 fa-

2011 1853 2059 1917 B

2082 567 2210 636 ejus
2234 566 2341 621 sub
2366 568 2619 637 quodam
2645 570 2872 622 meatus
2900 566 3133 637 equorei
3156 566 3477 621 retinaculo
3502 567 3731 625 occulto

2083 673 2197 710 non
2231 656 2401 727 longe
2432 655 2501 710 ab
2533 654 2631 710 illo
2657 655 2801 723 loco,
2840 673 2954 727 quo
2987 656 3301 711 immersus
3333 661 3441 726 est,
3470 656 3730 713 haesisse.

2084 745 2330 815 Moxque
2361 748 2677 799 extractum
2714 744 2848 799 inde
2878 761 3011 799 cum
3044 746 3204 800 omni
3236 746 3643 818 compassione
3676 754 3735 803 et

2085 834 2279 889 debita
2297 833 2578 889 oraminis
2599 833 2948 889 exhibitione
2966 834 3217 889 traditur
3240 835 3574 907 sepulturae.
3598 842 3736 894 Post

2087 924 2205 977 haec
2237 923 2412 977 etiam
2462 924 2792 994 przebenda,
2827 940 2952 994 quae
3007 941 3109 995 pro
3143 924 3274 979 aliis
3324 924 3602 981 fratribus
3635 928 3738 983 de-

2088 1012 2302 1067 functis
2335 1012 2393 1065 in
2422 1011 2850 1083 eleemosynam
2882 1012 3247 1080 offerebatur,
3272 1032 3375 1085 pro
3399 1014 3497 1070 illo
3523 1016 3736 1072 nihilo-

2088 1102 2283 1156 minus
2302 1101 2839 1171 olferrijubebatur.
2857 1104 3040 1168 Quam
3067 1104 3206 1158 dum
3231 1121 3331 1175 per
3348 1104 3469 1159 dies
3496 1104 3731 1177 aliquot

2088 1190 2377 1257 cellarius,
2414 1190 2511 1260 qui
2559 1196 2698 1245 tunc
2747 1192 3025 1262 temporis
3055 1196 3197 1258 erat,
3229 1193 3495 1248 indevoto
3537 1194 3733 1251 animo

2089 1279 2358 1344 traderet,
2393 1279 2634 1350 contigit
2668 1284 2732 1334 ut
2766 1297 3005 1351 prorsus
3037 1296 3162 1335 eam
3195 1281 3480 1353 denegare
3513 1300 3733 1354 praesu-

2089 1372 2293 1433 meret,
2327 1368 2523 1423 dicens
2557 1384 2569 1422 :
2609 1368 2692 1423 Illi
2739 1368 2962 1423 nullam
3010 1371 3485 1427 communionem
3518 1373 3731 1428 debere

2090 1472 2216 1511 esse
2238 1473 2371 1511 cum
2396 1457 2637 1529 reliquis
2658 1458 2935 1513 fratribus
2953 1475 3056 1529 pro
3088 1475 3153 1513 eo
3177 1461 3331 1530 quod
3354 1461 3738 1533 semetipsum

2089 1545 2149 1600 in
2183 1563 2391 1617 aquam
2428 1547 2839 1618 praecipitando
2872 1547 3208 1619 perdiderit.
3236 1550 3397 1613 Quod
3430 1552 3648 1606 dictum
3683 1558 3741 1608 et

2091 1636 2309 1689 factum
2342 1652 2475 1691 mox
2496 1636 2639 1691 ultio
2663 1636 2858 1691 divina
2888 1642 3089 1693 secuta
3119 1644 3226 1693 est.
3252 1639 3395 1693 Nam
3419 1641 3737 1695 cumidem

2092 1723 2361 1779 cellarius
2412 1730 2581 1779 nocte
2612 1726 2876 1796 sequenti
2930 1732 3226 1781 nocturnae
3276 1727 3468 1799 laudis
3499 1730 3739 1801 signum

2093 1813 2337 1868 audiens
2378 1819 2735 1886 exsurgeret,
2768 1832 3012 1871 accensa
3041 1816 3275 1872 lucerna
3306 1818 3377 1873 ad
3433 1818 3740 1874 ecclesiam

2093 1903 2437 1975 properavit.
2474 1904 2583 1959 Sed
2633 1921 2765 1958 cum
2820 1906 2891 1960 ab
2941 1905 3040 1960 illo
3093 1906 3453 1975 dormitorio,
3512 1909 3569 1963 in
3622 1926 3739 1979 quo

2092 1992 2427 2062 quiescebat
2456 1992 2613 2063 (nam
2647 2010 2749 2065 per
2788 1993 2939 2049 idem
2994 1998 3226 2068 tempus
3254 1993 3528 2068 pleraque
3559 1997 3747 2053 fuisse

2092 2081 2424 2135 referuntur
2444 2086 2563 2135 tam
2588 2087 2824 2153 propter
2848 2084 3272 2139 monachorum
3300 2086 3744 2142 multitudinem

2092 2186 2268 2241 quam
2302 2171 2371 2225 ob
2402 2170 2510 2225 loci
2561 2172 3088 2244 consuetudinem),
3124 2174 3182 2228 in
3234 2175 3588 2231 vestibulum
3622 2193 3741 2248 quo

2091 2260 2299 2313 fratres
2331 2260 2401 2314 ad
2426 2260 2749 2335 capitulum
2770 2262 3077 2317 convenire
3099 2261 3361 2319 solebant
3392 2266 3665 2337 quodque
3688 2266 3742 2321 ei

2090 2348 2351 2419 pervium
2383 2354 2523 2417 erat,
2559 2367 2876 2421 properans
2906 2351 3179 2417 venisset,
3214 2353 3484 2424 apparuit
3512 2355 3561 2409 ei
3592 2355 3737 2409 visi-

2089 2436 2281 2492 biliter
2334 2438 2643 2508 praedictus
2700 2438 2896 2510 frater,
2930 2440 3021 2493 cui
3060 2442 3187 2511 jam
3237 2442 3507 2498 defuncto
3553 2442 3741 2515 pridie

2089 2528 2459 2598 praebendam
2491 2528 2626 2582 dare
2667 2527 2875 2595 noluit,
2908 2530 3106 2585 dicens
3141 2546 3153 2583 :
3184 2531 3499 2587 Lucernam
3556 2549 3737 2604 quam

2088 2620 2307 2686 portas,
2366 2617 2559 2687 frater,
2621 2618 2863 2689 depone,
2926 2623 3197 2690 exspecta
3254 2619 3560 2691 paululum
3619 2638 3737 2693 quo

2088 2720 2275 2775 usque
2304 2705 2478 2761 verba
2500 2723 2685 2777 pauca
2714 2706 2918 2778 loquar
2942 2712 3156 2762 tecum.
3182 2708 3442 2780 Cumque
3467 2709 3563 2765 ille
3594 2712 3737 2767 sub-

2088 2794 2337 2858 sisteret,
2372 2794 2517 2847 dixit
2550 2813 2561 2849 :
2597 2794 2711 2849 Cur
2740 2812 2874 2868 ergo
2906 2796 3093 2868 pridie
3142 2814 3514 2855 communem
3548 2804 3735 2855 statu-

2086 2886 2324 2953 tamque
2352 2883 2870 2940 cunctisfratribus
2892 2886 3184 2941 defunctis
3203 2889 3573 2959 praebendam
3598 2906 3739 2961 pra:-

2087 2972 2394 3043 sumpsisti
2427 2972 2694 3029 mihimet
2716 2976 2999 3046 denegare
3021 2976 3047 3029 ‘I
3083 2976 3222 3047 quid
3246 2994 3279 3032 a
3309 2981 3385 3045 te,
3412 2994 3572 3049 rogo,
3606 2995 3736 3050 per-

2086 3060 2231 3115 tinet
2261 3062 2331 3115 de
2370 3062 2595 3131 judicio
2644 3063 2860 3131 divino,
2916 3066 3071 3136 quod
3121 3066 3179 3120 in
3228 3083 3321 3121 me
3370 3066 3589 3122 factum
3623 3072 3733 3136 est,

2089 3150 2408 3221 quidquam
2454 3152 2773 3222 judicare?
2806 3158 2955 3209 Deus
3000 3154 3156 3209 enim
3210 3156 3347 3210 fecit
3390 3156 3445 3211 in
3482 3174 3572 3212 me
3606 3174 3736 3229 quae

2009 3224 2052 3289 C
2089 3239 2289 3293 voluit.
2322 3240 2736 3296 Verumtamen
2768 3259 2904 3312 non,
2938 3247 3003 3298 ut
3041 3248 3100 3297 tu
3137 3249 3328 3315 putas,
3361 3245 3420 3299 in
3454 3262 3545 3301 me
3577 3224 3735 3303 fecit.

2086 3329 2231 3392 Quia
2260 3329 2437 3401 igitur
2458 3330 2659 3401 inique
2682 3335 2737 3385 et
2769 3332 2825 3385 in
2851 3332 3139 3401 judicium
3173 3333 3435 3389 divinum
3462 3335 3606 3390 etin
3639 3353 3736 3392 me

2086 3434 2254 3489 agere
2285 3420 2730 3491 prmsumpsisti,
2765 3422 3113 3477 sententiam
3146 3422 3404 3495 aliquam
3437 3425 3735 3481 sustinere

2086 3507 2281 3575 debes,
2316 3514 2378 3563 ut
2411 3513 2467 3564 et
2498 3513 2559 3563 tu
2596 3510 2653 3563 in
2686 3510 2881 3565 futuro
2913 3509 3123 3566 saeculo
3156 3512 3351 3567 debita
3378 3514 3586 3569 evadas
3619 3519 3738 3569 tor-

2086 3601 2284 3652 menta
2305 3601 2360 3652 et
2391 3598 2486 3653 alii
2511 3616 2611 3670 per
2632 3603 2687 3654 te
2709 3600 3005 3671 depravati
3038 3600 3421 3673 corrigantur.
3442 3604 3537 3658 llis
3561 3602 3735 3657 dictis

2087 3687 2157 3741 ad
2190 3686 2523 3743 columnam
2555 3687 2673 3744 illic
2701 3693 2952 3745 stantem
2984 3706 3120 3745 eum
3144 3691 3369 3746 fortiter
3398 3690 3655 3764 alligavit
3677 3696 3739 3747 et

2087 3775 2428 3847 aliquandiu
2476 3778 2599 3831 dire
2646 3779 2987 3834 verberavit.
3022 3782 3143 3845 Quo
3194 3781 3341 3835 facto
3372 3780 3541 3836 solvit
3572 3797 3734 3849 eum,

2085 3866 2284 3921 dicens
2319 3884 2331 3923 :
2364 3867 2521 3921 Vade
2562 3868 2688 3938 jam
2721 3872 2778 3922 et
2807 3868 3084 3924 fratribus
3129 3869 3321 3925 indica
3362 3870 3501 3942 quia
3530 3886 3632 3941 pro
3663 3886 3734 3925 eo

2084 3956 2236 4025 quod
2256 3955 2313 4009 in
2332 3972 2421 4010 me
2436 3957 2708 4027 peccasti,
2735 3956 3111 4029 ﬁagellatalia
3125 3959 3432 4031 pertulisti.
3449 3959 3739 4030 Quijussa

2083 4044 2356 4116 implens,
2386 4046 2477 4101 die
2500 4046 2650 4101 facta
2670 4047 3040 4118 congregatis
3065 4049 3340 4103 omnibus
3362 4049 3654 4103 iutimavit
3677 4054 3741 4104 et

2083 4135 2335 4188 ostendit
2362 4135 2503 4204 quid
2537 4135 2856 4206 pertulerit.
2875 4136 3000 4190 Haec
3031 4137 3211 4208 igitur
3240 4154 3344 4209 ego
3368 4139 3449 4193 ita
3469 4137 3738 4195 evenisse

2082 4223 2328 4278 audiens
2359 4223 2569 4279 litteris
2603 4226 2832 4280 tradere
2861 4226 3080 4294 curavi,
3112 4243 3357 4299 sperans
3386 4227 3590 4283 exinde
3623 4228 3736 4284 ali-

2082 4328 2254 4381 quem
2290 4330 2459 4384 posse
2490 4314 2783 4369 aediﬁcari.

2470 4420 2657 4476 VISIO
2702 4423 2965 4478 DECIMA
3001 4423 3332 4479 SEPTIMA.

2084 4507 2442 4579 Theophanz'az
2466 4511 2832 4579 imperatrz'cz's
2862 4511 2925 4565 ob
2957 4512 3154 4567 luxum
3173 4513 3401 4568 vestium
3432 4517 3489 4570 in
3518 4529 3732 4585 purga-

2710 4585 2852 4637 Iorz’o
2881 4599 3078 4652 pruna).

2154 4668 2519 4725 Reminiscor
2565 4670 2756 4726 adhuc
2810 4672 3119 4742 cujusdam
3170 4673 3432 4744 visionis,
3469 4675 3663 4731 nescio
3698 4694 3736 4732 a

2081 4774 2216 4828 quo,
2253 4759 2392 4813 mihi
2446 4760 2741 4830 quondam
2785 4761 2975 4815 relatae
3007 4762 3076 4816 de
3125 4762 3445 4834 TeOphanu
3473 4764 3734 4835 impera-

2080 4846 2239 4902 trice.
2274 4848 2383 4901 Sed
2414 4865 2546 4903 cum
2577 4865 2814 4903 sensum
2851 4866 3298 4922 sermonemque
3328 4852 3574 4908 dicentis
3606 4870 3734 4908 cer-

2077 4934 2304 4989 tissime
2352 4936 2659 4991 retinerem
2710 4943 2765 4992 et
2814 4939 2967 5008 quod
3000 4954 3115 4993 non
3170 4939 3241 4993 ob
3291 4939 3473 5008 aliud,
3508 4940 3620 4995 nisi
3652 4943 3733 4997 ad

2077 5024 2515 5079 mdilicationem
2540 5026 2767 5089 dixerit,
2800 5026 3006 5094 sciam,
3023 5028 3217 5082 nescio
3242 5028 3381 5099 quid
3405 5029 3548 5085 mihi
3573 5030 3737 5086 obsit

2079 5116 2229 5182 quod
2263 5130 2511 5184 persona
2542 5115 2842 5169 referentis
2866 5132 2898 5168 a
2921 5116 3201 5171 memoria
3232 5117 3464 5172 excidit.
3498 5118 3737 5176 Dictum

2079 5218 2331 5273 namque
2365 5206 2453 5256 est
2488 5202 2631 5256 mihi
2663 5203 2803 5274 quia
2831 5204 3071 5275 przefata
3100 5204 3458 5276 TheOphanu
3491 5206 3736 5264 cuidam

2075 5290 2384 5346 venerabili
2402 5293 2846 5363 Deoquedicatm
2862 5292 3069 5365 virgini
3094 5294 3149 5347 in
3167 5294 3369 5349 habitu
3401 5295 3736 5353 miserabili

2076 5381 2407 5451 apparuerit
2438 5398 2539 5451 per
2581 5382 2886 5447 visionem,
2920 5398 3165 5454 eamque
3198 5389 3261 5438 ut
3305 5402 3502 5455 pro,se
3533 5392 3743 5443 oraret

2075 5469 2416 5540 suppliciter
2461 5471 2711 5541 petierit.
2746 5472 2880 5535 Qum
2914 5472 3053 5526 dum
3107 5473 3559 5546 interrogaretur
3588 5476 3731 5546 quis

2074 5560 2583 5631 esset,-respondit
2612 5560 2810 5614 dicens
2843 5578 2854 5615 :
2889 5564 3003 5633 Ego
3035 5577 3166 5615 sum
3200 5544 3729 5635 Theophanu,qum

2073 5646 2211 5703 olim
2260 5649 2329 5703 de
2376 5648 2595 5704 Graecia
2640 5648 2877 5724 veniens
2934 5650 2994 5704 in
3045 5650 3349 5710 Franciam
3402 5652 3728 5726 coniuncta
