  <div class='ocr_page' id='page_1' title='image "/cluster/home/n/w/nwhite01/storage/ocr_20150623/146/hvd.32044054760053/192.png"; bbox 0 0 4030 6186; ppageno 0'>
   <div class='ocr_carea' id='block_1_1' title="bbox 293 400 397 462">
    <p class='ocr_par' dir='ltr' id='par_1_1' title="bbox 293 400 397 462">
     <span class='ocr_line' id='line_1_1' title="bbox 293 400 397 462; baseline 0 0"><span class='ocrx_word' id='word_1_1' title='bbox 293 400 397 462; x_wconf 82' lang='lat'>3&#39;13</span> 
     </span>
    </p>
   </div>
   <div class='ocr_carea' id='block_1_2' title="bbox 1646 398 2326 464">
    <p class='ocr_par' dir='ltr' id='par_1_2' title="bbox 1646 398 2326 464">
     <span class='ocr_line' id='line_1_2' title="bbox 1646 398 2326 464; baseline 0.003 -6"><span class='ocrx_word' id='word_1_2' title='bbox 1646 398 1881 459; x_wconf 76' lang='lat' dir='ltr'>LIBER</span> <span class='ocrx_word' id='word_1_3' title='bbox 1922 398 2326 464; x_wconf 82' lang='lat' dir='ltr'>VISIONUM.</span> 
     </span>
    </p>
   </div>
   <div class='ocr_carea' id='block_1_3' title="bbox 3572 406 3692 466">
    <p class='ocr_par' dir='ltr' id='par_1_3' title="bbox 3572 406 3692 466">
     <span class='ocr_line' id='line_1_3' title="bbox 3572 406 3692 466; baseline 0 0"><span class='ocrx_word' id='word_1_4' title='bbox 3572 406 3692 466; x_wconf 70' lang='lat'>374</span> 
     </span>
    </p>
   </div>
   <div class='ocr_carea' id='block_1_4' title="bbox 295 531 3680 610">
    <p class='ocr_par' dir='ltr' id='par_1_4' title="bbox 295 531 3680 610">
     <span class='ocr_line' id='line_1_4' title="bbox 295 531 3680 610; baseline 0.001 -18"><span class='ocrx_word' id='word_1_5' title='bbox 295 537 502 594; x_wconf 80' lang='lat' dir='ltr'>fueram</span> <span class='ocrx_word' id='word_1_6' title='bbox 553 533 846 591; x_wconf 88' lang='lat' dir='ltr'>connubio</span> <span class='ocrx_word' id='word_1_7' title='bbox 886 531 1125 589; x_wconf 65' lang='lat' dir='ltr'>Caesaris</span> <span class='ocrx_word' id='word_1_8' title='bbox 1156 532 1403 589; x_wconf 89' lang='lat' dir='ltr'>Ottonis.</span> <span class='ocrx_word' id='word_1_9' title='bbox 1438 532 1524 588; x_wconf 85' lang='lat' dir='ltr'>Ad</span> <span class='ocrx_word' id='word_1_10' title='bbox 1574 531 1695 588; x_wconf 80' lang='lat' dir='ltr'>haec</span> <span class='ocrx_word' id='word_1_11' title='bbox 1742 533 1930 605; x_wconf 88' lang='lat' dir='ltr'>virgo,</span> <span class='ocrx_word' id='word_1_12' title='bbox 1959 533 2013 600; x_wconf 83' lang='grc' dir='ltr'><strong>Α</strong></span> <span class='ocrx_word' id='word_1_13' title='bbox 2044 533 2333 590; x_wconf 80' lang='lat' dir='ltr'>diabolica</span> <span class='ocrx_word' id='word_1_14' title='bbox 2389 533 2597 606; x_wconf 85' lang='lat' dir='ltr'>expelli</span> <span class='ocrx_word' id='word_1_15' title='bbox 2646 551 2775 592; x_wconf 91' lang='lat' dir='ltr'>mos</span> <span class='ocrx_word' id='word_1_16' title='bbox 2826 539 2934 603; x_wconf 90' lang='lat' dir='ltr'>est,</span> <span class='ocrx_word' id='word_1_17' title='bbox 2975 534 3368 595; x_wconf 81' lang='lat' dir='ltr'>invocationes</span> <span class='ocrx_word' id='word_1_18' title='bbox 3416 535 3680 610; x_wconf 83' lang='lat' dir='ltr'>protulit,</span> 
     </span>
    </p>
   </div>
   <div class='ocr_carea' id='block_1_5' title="bbox 293 622 1926 696">
    <p class='ocr_par' dir='ltr' id='par_1_5' title="bbox 293 622 1926 696">
     <span class='ocr_line' id='line_1_5' title="bbox 293 622 1926 696; baseline -0.003 -14"><span class='ocrx_word' id='word_1_19' title='bbox 293 632 341 683; x_wconf 90' lang='lat' dir='ltr'>et</span> <span class='ocrx_word' id='word_1_20' title='bbox 385 624 699 696; x_wconf 89' lang='lat' dir='ltr'>quomodo,</span> <span class='ocrx_word' id='word_1_21' title='bbox 752 622 963 694; x_wconf 81' lang='lat' dir='ltr'>inquit,</span> <span class='ocrx_word' id='word_1_22' title='bbox 1014 639 1169 678; x_wconf 92' lang='lat' dir='ltr'>nunc</span> <span class='ocrx_word' id='word_1_23' title='bbox 1217 627 1320 678; x_wconf 88' lang='lat' dir='ltr'>tua</span> <span class='ocrx_word' id='word_1_24' title='bbox 1370 639 1461 678; x_wconf 88' lang='lat' dir='ltr'>res</span> <span class='ocrx_word' id='word_1_25' title='bbox 1519 638 1647 677; x_wconf 91' lang='lat' dir='ltr'>esse</span> <span class='ocrx_word' id='word_1_26' title='bbox 1706 623 1880 677; x_wconf 90' lang='lat' dir='ltr'>habet</span> <span class='ocrx_word' id='word_1_27' title='bbox 1900 623 1926 676; x_wconf 70' lang='lat'>‘2</span> 
     </span>
    </p>
   </div>
   <div class='ocr_carea' id='block_1_6' title="bbox 289 711 1924 786">
    <p class='ocr_par' dir='ltr' id='par_1_6' title="bbox 289 711 1924 786">
     <span class='ocr_line' id='line_1_6' title="bbox 289 711 1924 786; baseline -0.002 -16"><span class='ocrx_word' id='word_1_28' title='bbox 289 715 649 786; x_wconf 82' lang='lat' dir='ltr'>Respondit:</span> <span class='ocrx_word' id='word_1_29' title='bbox 707 713 980 777; x_wconf 84' lang='lat' dir='ltr'>Pessime,</span> <span class='ocrx_word' id='word_1_30' title='bbox 1032 711 1169 784; x_wconf 85' lang='lat' dir='ltr'>quia</span> <span class='ocrx_word' id='word_1_31' title='bbox 1216 713 1275 767; x_wconf 91' lang='lat' dir='ltr'>in</span> <span class='ocrx_word' id='word_1_32' title='bbox 1326 712 1578 767; x_wconf 84' lang='lat' dir='ltr'>maximo</span> <span class='ocrx_word' id='word_1_33' title='bbox 1635 716 1924 766; x_wconf 89' lang='lat' dir='ltr'>tormento</span> 
     </span>
    </p>
   </div>
   <div class='ocr_carea' id='block_1_7' title="bbox 286 800 1925 876">
    <p class='ocr_par' dir='ltr' id='par_1_7' title="bbox 286 800 1925 876">
     <span class='ocr_line' id='line_1_7' title="bbox 286 800 1925 876; baseline -0.003 -17"><span class='ocrx_word' id='word_1_34' title='bbox 286 804 470 876; x_wconf 85' lang='lat' dir='ltr'>posita</span> <span class='ocrx_word' id='word_1_35' title='bbox 499 818 655 857; x_wconf 90' lang='lat' dir='ltr'>sum.</span> <span class='ocrx_word' id='word_1_36' title='bbox 683 803 892 870; x_wconf 80' lang='lat' dir='ltr'>Quare,</span> <span class='ocrx_word' id='word_1_37' title='bbox 925 800 1060 855; x_wconf 84' lang='lat' dir='ltr'>ait?</span> <span class='ocrx_word' id='word_1_38' title='bbox 1088 801 1300 856; x_wconf 85' lang='lat' dir='ltr'>iterum</span> <span class='ocrx_word' id='word_1_39' title='bbox 1331 801 1650 872; x_wconf 86' lang='lat' dir='ltr'>respondit,</span> <span class='ocrx_word' id='word_1_40' title='bbox 1676 803 1816 871; x_wconf 84' lang='lat' dir='ltr'>quia</span> <span class='ocrx_word' id='word_1_41' title='bbox 1844 801 1925 854; x_wconf 89' lang='lat' dir='ltr'>vi-</span> 
     </span>
    </p>
   </div>
   <div class='ocr_carea' id='block_1_8' title="bbox 284 887 1926 962">
    <p class='ocr_par' dir='ltr' id='par_1_8' title="bbox 284 887 1926 962">
     <span class='ocr_line' id='line_1_8' title="bbox 284 887 1926 962; baseline -0.002 -14"><span class='ocrx_word' id='word_1_42' title='bbox 284 893 487 949; x_wconf 91' lang='lat' dir='ltr'>delicet</span> <span class='ocrx_word' id='word_1_43' title='bbox 509 890 696 946; x_wconf 90' lang='lat' dir='ltr'>multa</span> <span class='ocrx_word' id='word_1_44' title='bbox 717 890 1014 962; x_wconf 82' lang='lat' dir='ltr'>superﬂua</span> <span class='ocrx_word' id='word_1_45' title='bbox 1034 893 1089 945; x_wconf 90' lang='lat' dir='ltr'>et</span> <span class='ocrx_word' id='word_1_46' title='bbox 1109 887 1410 946; x_wconf 78' lang='lat' dir='ltr'>luxuriosa</span> <span class='ocrx_word' id='word_1_47' title='bbox 1433 889 1744 945; x_wconf 85' lang='lat' dir='ltr'>mulierum</span> <span class='ocrx_word' id='word_1_48' title='bbox 1764 907 1926 944; x_wconf 87' lang='lat' dir='ltr'>orna-</span> 
     </span>
    </p>
   </div>
   <div class='ocr_carea' id='block_1_9' title="bbox 282 979 1923 1052">
    <p class='ocr_par' dir='ltr' id='par_1_9' title="bbox 282 979 1923 1052">
     <span class='ocr_line' id='line_1_9' title="bbox 282 979 1923 1052; baseline -0.002 -15"><span class='ocrx_word' id='word_1_49' title='bbox 282 988 495 1050; x_wconf 87' lang='lat' dir='ltr'>menta,</span> <span class='ocrx_word' id='word_1_50' title='bbox 530 979 744 1052; x_wconf 87' lang='lat' dir='ltr'>quibus</span> <span class='ocrx_word' id='word_1_51' title='bbox 796 979 1015 1035; x_wconf 61' lang='lat' dir='ltr'>Graecia</span> <span class='ocrx_word' id='word_1_52' title='bbox 1066 979 1149 1033; x_wconf 92' lang='lat' dir='ltr'>uti</span> <span class='ocrx_word' id='word_1_53' title='bbox 1199 979 1366 1045; x_wconf 82' lang='lat' dir='ltr'>solet,</span> <span class='ocrx_word' id='word_1_54' title='bbox 1421 979 1521 1034; x_wconf 91' lang='lat' dir='ltr'>sed</span> <span class='ocrx_word' id='word_1_55' title='bbox 1575 983 1816 1035; x_wconf 89' lang='lat' dir='ltr'>eatenus</span> <span class='ocrx_word' id='word_1_56' title='bbox 1864 980 1923 1034; x_wconf 92' lang='lat' dir='ltr'>in</span> 
     </span>
    </p>
   </div>
   <div class='ocr_carea' id='block_1_10' title="bbox 279 1068 1923 1141">
    <p class='ocr_par' dir='ltr' id='par_1_10' title="bbox 279 1068 1923 1141">
     <span class='ocr_line' id='line_1_10' title="bbox 279 1068 1923 1141; baseline -0.002 -15"><span class='ocrx_word' id='word_1_57' title='bbox 279 1069 598 1126; x_wconf 67' lang='lat' dir='ltr'>Germania</span> <span class='ocrx_word' id='word_1_58' title='bbox 630 1069 1001 1140; x_wconf 73' lang='lat' dir='ltr'>Francizeque</span> <span class='ocrx_word' id='word_1_59' title='bbox 1031 1068 1345 1139; x_wconf 87' lang='lat' dir='ltr'>provinciis</span> <span class='ocrx_word' id='word_1_60' title='bbox 1394 1072 1558 1123; x_wconf 90' lang='lat' dir='ltr'>erant</span> <span class='ocrx_word' id='word_1_61' title='bbox 1607 1068 1923 1141; x_wconf 88' lang='lat' dir='ltr'>incognita,</span> 
     </span>
    </p>
   </div>
   <div class='ocr_carea' id='block_1_11' title="bbox 277 1156 1924 1231">
    <p class='ocr_par' dir='ltr' id='par_1_11' title="bbox 277 1156 1924 1231">
     <span class='ocr_line' id='line_1_11' title="bbox 277 1156 1924 1231; baseline -0.002 -16"><span class='ocrx_word' id='word_1_62' title='bbox 277 1160 385 1215; x_wconf 91' lang='lat' dir='ltr'>huc</span> <span class='ocrx_word' id='word_1_63' title='bbox 416 1159 608 1231; x_wconf 91' lang='lat' dir='ltr'>primo</span> <span class='ocrx_word' id='word_1_64' title='bbox 640 1157 824 1213; x_wconf 88' lang='lat' dir='ltr'>detuli</span> <span class='ocrx_word' id='word_1_65' title='bbox 858 1174 1164 1230; x_wconf 89' lang='lat' dir='ltr'>memeque</span> <span class='ocrx_word' id='word_1_66' title='bbox 1193 1158 1414 1212; x_wconf 89' lang='lat' dir='ltr'>eisdem</span> <span class='ocrx_word' id='word_1_67' title='bbox 1448 1156 1582 1229; x_wconf 88' lang='lat' dir='ltr'>plus</span> <span class='ocrx_word' id='word_1_68' title='bbox 1608 1174 1784 1228; x_wconf 90' lang='lat' dir='ltr'>quam</span> <span class='ocrx_word' id='word_1_69' title='bbox 1819 1157 1924 1211; x_wconf 89' lang='lat' dir='ltr'>hu-</span> 
     </span>
    </p>
   </div>
   <div class='ocr_carea' id='block_1_12' title="bbox 276 1246 1920 1317">
    <p class='ocr_par' dir='ltr' id='par_1_12' title="bbox 276 1246 1920 1317">
     <span class='ocr_line' id='line_1_12' title="bbox 276 1246 1920 1317; baseline -0.002 -13"><span class='ocrx_word' id='word_1_70' title='bbox 276 1265 458 1304; x_wconf 66' lang='lat' dir='ltr'>manm</span> <span class='ocrx_word' id='word_1_71' title='bbox 490 1253 711 1303; x_wconf 64' lang='lat' dir='ltr'>natura:</span> <span class='ocrx_word' id='word_1_72' title='bbox 744 1246 1097 1310; x_wconf 91' lang='lat' dir='ltr'>conveniret,</span> <span class='ocrx_word' id='word_1_73' title='bbox 1131 1247 1505 1302; x_wconf 88' lang='lat' dir='ltr'>circumdans</span> <span class='ocrx_word' id='word_1_74' title='bbox 1536 1252 1591 1301; x_wconf 90' lang='lat' dir='ltr'>et</span> <span class='ocrx_word' id='word_1_75' title='bbox 1622 1246 1681 1301; x_wconf 90' lang='lat' dir='ltr'>in</span> <span class='ocrx_word' id='word_1_76' title='bbox 1714 1247 1920 1317; x_wconf 88' lang='lat' dir='ltr'>hujus-</span> 
     </span>
    </p>
   </div>
   <div class='ocr_carea' id='block_1_13' title="bbox 275 1335 1923 1393">
    <p class='ocr_par' dir='ltr' id='par_1_13' title="bbox 275 1335 1923 1393">
     <span class='ocr_line' id='line_1_13' title="bbox 275 1335 1923 1393; baseline -0.002 0"><span class='ocrx_word' id='word_1_77' title='bbox 275 1338 426 1393; x_wconf 92' lang='lat' dir='ltr'>modi</span> <span class='ocrx_word' id='word_1_78' title='bbox 461 1337 668 1392; x_wconf 90' lang='lat' dir='ltr'>habitu</span> <span class='ocrx_word' id='word_1_79' title='bbox 690 1336 891 1391; x_wconf 91' lang='lat' dir='ltr'>nocivo</span> <span class='ocrx_word' id='word_1_80' title='bbox 918 1337 1197 1391; x_wconf 87' lang='lat' dir='ltr'>incedens</span> <span class='ocrx_word' id='word_1_81' title='bbox 1224 1336 1368 1391; x_wconf 89' lang='lat' dir='ltr'>alias</span> <span class='ocrx_word' id='word_1_82' title='bbox 1399 1335 1674 1391; x_wconf 87' lang='lat' dir='ltr'>mulieres</span> <span class='ocrx_word' id='word_1_83' title='bbox 1705 1335 1923 1391; x_wconf 88' lang='lat' dir='ltr'>similia</span> 
     </span>
    </p>
   </div>
   <div class='ocr_carea' id='block_1_14' title="bbox 273 1425 1922 1498">
    <p class='ocr_par' dir='ltr' id='par_1_14' title="bbox 273 1425 1922 1498">
     <span class='ocr_line' id='line_1_14' title="bbox 273 1425 1922 1498; baseline -0.001 -17"><span class='ocrx_word' id='word_1_84' title='bbox 273 1430 612 1498; x_wconf 82' lang='lat' dir='ltr'>appetentes</span> <span class='ocrx_word' id='word_1_85' title='bbox 634 1441 872 1496; x_wconf 90' lang='lat' dir='ltr'>peccare</span> <span class='ocrx_word' id='word_1_86' title='bbox 891 1425 1017 1480; x_wconf 84' lang='lat' dir='ltr'>feci.</span> <span class='ocrx_word' id='word_1_87' title='bbox 1047 1427 1171 1479; x_wconf 68' lang='lat' dir='ltr'>Haec</span> <span class='ocrx_word' id='word_1_88' title='bbox 1192 1431 1332 1480; x_wconf 89' lang='lat' dir='ltr'>sunt</span> <span class='ocrx_word' id='word_1_89' title='bbox 1351 1425 1506 1480; x_wconf 88' lang='lat' dir='ltr'>enim</span> <span class='ocrx_word' id='word_1_90' title='bbox 1530 1442 1658 1480; x_wconf 89' lang='lat' dir='ltr'>mea</span> <span class='ocrx_word' id='word_1_91' title='bbox 1684 1431 1922 1496; x_wconf 87' lang='lat' dir='ltr'>peccata</span> 
     </span>
    </p>
   </div>
   <div class='ocr_carea' id='block_1_15' title="bbox 272 1514 1918 1586">
    <p class='ocr_par' dir='ltr' id='par_1_15' title="bbox 272 1514 1918 1586">
     <span class='ocr_line' id='line_1_15' title="bbox 272 1514 1918 1586; baseline -0.001 -16"><span class='ocrx_word' id='word_1_92' title='bbox 272 1515 548 1582; x_wconf 82' lang='lat' dir='ltr'>maxima,</span> <span class='ocrx_word' id='word_1_93' title='bbox 574 1531 678 1586; x_wconf 92' lang='lat' dir='ltr'>pro</span> <span class='ocrx_word' id='word_1_94' title='bbox 710 1515 926 1586; x_wconf 87' lang='lat' dir='ltr'>quibus</span> <span class='ocrx_word' id='word_1_95' title='bbox 957 1515 1144 1569; x_wconf 91' lang='lat' dir='ltr'>merui</span> <span class='ocrx_word' id='word_1_96' title='bbox 1177 1517 1451 1570; x_wconf 61' lang='lat' dir='ltr'>mternam</span> <span class='ocrx_word' id='word_1_97' title='bbox 1480 1514 1918 1570; x_wconf 84' lang='lat' dir='ltr'>damnationem</span> 
     </span>
    </p>
   </div>
   <div class='ocr_carea' id='block_1_16' title="bbox 269 1603 1916 1677">
    <p class='ocr_par' dir='ltr' id='par_1_16' title="bbox 269 1603 1916 1677">
     <span class='ocr_line' id='line_1_16' title="bbox 269 1603 1916 1677; baseline -0.001 -18"><span class='ocrx_word' id='word_1_98' title='bbox 269 1604 405 1677; x_wconf 88' lang='lat' dir='ltr'>pati.</span> <span class='ocrx_word' id='word_1_99' title='bbox 441 1606 578 1669; x_wconf 75' lang='lat' dir='ltr'>Quae</span> <span class='ocrx_word' id='word_1_100' title='bbox 610 1603 891 1658; x_wconf 89' lang='lat' dir='ltr'>nimirum</span> <span class='ocrx_word' id='word_1_101' title='bbox 932 1607 1168 1674; x_wconf 86' lang='lat' dir='ltr'>peccata</span> <span class='ocrx_word' id='word_1_102' title='bbox 1215 1607 1376 1658; x_wconf 89' lang='lat' dir='ltr'>tanto</span> <span class='ocrx_word' id='word_1_103' title='bbox 1426 1603 1690 1675; x_wconf 79' lang='lat' dir='ltr'>graviora</span> <span class='ocrx_word' id='word_1_104' title='bbox 1738 1604 1916 1669; x_wconf 90' lang='lat' dir='ltr'>fuere,</span> 
     </span>
    </p>
   </div>
   <div class='ocr_carea' id='block_1_17' title="bbox 269 1691 1916 1765">
    <p class='ocr_par' dir='ltr' id='par_1_17' title="bbox 269 1691 1916 1765">
     <span class='ocr_line' id='line_1_17' title="bbox 269 1691 1916 1765; baseline -0.001 -17"><span class='ocrx_word' id='word_1_105' title='bbox 269 1697 488 1765; x_wconf 88' lang='lat' dir='ltr'>quanto</span> <span class='ocrx_word' id='word_1_106' title='bbox 519 1692 722 1748; x_wconf 89' lang='lat' dir='ltr'>minus</span> <span class='ocrx_word' id='word_1_107' title='bbox 752 1708 820 1747; x_wconf 87' lang='lat' dir='ltr'>ea</span> <span class='ocrx_word' id='word_1_108' title='bbox 847 1691 934 1746; x_wconf 89' lang='lat' dir='ltr'>vel</span> <span class='ocrx_word' id='word_1_109' title='bbox 965 1709 1093 1748; x_wconf 92' lang='lat' dir='ltr'>esse</span> <span class='ocrx_word' id='word_1_110' title='bbox 1122 1696 1360 1763; x_wconf 89' lang='lat' dir='ltr'>peccata</span> <span class='ocrx_word' id='word_1_111' title='bbox 1391 1691 1734 1747; x_wconf 87' lang='lat' dir='ltr'>existimavi.</span> <span class='ocrx_word' id='word_1_112' title='bbox 1769 1693 1916 1747; x_wconf 91' lang='lat' dir='ltr'>Nam</span> 
     </span>
    </p>
   </div>
   <div class='ocr_carea' id='block_1_18' title="bbox 268 1781 1914 1852">
    <p class='ocr_par' dir='ltr' id='par_1_18' title="bbox 268 1781 1914 1852">
     <span class='ocr_line' id='line_1_18' title="bbox 268 1781 1914 1852; baseline -0.002 -15"><span class='ocrx_word' id='word_1_113' title='bbox 268 1783 315 1838; x_wconf 88' lang='lat' dir='ltr'>si</span> <span class='ocrx_word' id='word_1_114' title='bbox 347 1782 492 1837; x_wconf 89' lang='lat' dir='ltr'>talia</span> <span class='ocrx_word' id='word_1_115' title='bbox 523 1781 734 1836; x_wconf 87' lang='lat' dir='ltr'>scirem</span> <span class='ocrx_word' id='word_1_116' title='bbox 766 1798 893 1836; x_wconf 90' lang='lat' dir='ltr'>esse</span> <span class='ocrx_word' id='word_1_117' title='bbox 923 1784 1176 1852; x_wconf 88' lang='lat' dir='ltr'>peccata,</span> <span class='ocrx_word' id='word_1_118' title='bbox 1210 1781 1550 1852; x_wconf 69' lang='lat' dir='ltr'>poenitentia</span> <span class='ocrx_word' id='word_1_119' title='bbox 1580 1781 1782 1852; x_wconf 84' lang='lat' dir='ltr'>utique</span> <span class='ocrx_word' id='word_1_120' title='bbox 1827 1781 1914 1835; x_wconf 91' lang='lat' dir='ltr'>di-</span> 
     </span>
    </p>
   </div>
   <div class='ocr_carea' id='block_1_19' title="bbox 267 1869 1917 1942">
    <p class='ocr_par' dir='ltr' id='par_1_19' title="bbox 267 1869 1917 1942">
     <span class='ocr_line' id='line_1_19' title="bbox 267 1869 1917 1942; baseline -0.001 -16"><span class='ocrx_word' id='word_1_121' title='bbox 267 1871 510 1926; x_wconf 87' lang='lat' dir='ltr'>luissem</span> <span class='ocrx_word' id='word_1_122' title='bbox 546 1870 760 1941; x_wconf 86' lang='lat' dir='ltr'>aliqua.</span> <span class='ocrx_word' id='word_1_123' title='bbox 794 1871 960 1925; x_wconf 90' lang='lat' dir='ltr'>Nunc</span> <span class='ocrx_word' id='word_1_124' title='bbox 991 1886 1125 1942; x_wconf 89' lang='lat' dir='ltr'>ergo</span> <span class='ocrx_word' id='word_1_125' title='bbox 1157 1869 1296 1941; x_wconf 89' lang='lat' dir='ltr'>quia</span> <span class='ocrx_word' id='word_1_126' title='bbox 1327 1870 1470 1924; x_wconf 89' lang='lat' dir='ltr'>mihi</span> <span class='ocrx_word' id='word_1_127' title='bbox 1502 1870 1698 1925; x_wconf 89' lang='lat' dir='ltr'>divina</span> <span class='ocrx_word' id='word_1_128' title='bbox 1729 1871 1917 1942; x_wconf 90' lang='lat' dir='ltr'>gratia</span> 
     </span>
    </p>
   </div>
   <div class='ocr_carea' id='block_1_20' title="bbox 267 1959 1915 2031">
    <p class='ocr_par' dir='ltr' id='par_1_20' title="bbox 267 1959 1915 2031">
     <span class='ocr_line' id='line_1_20' title="bbox 267 1959 1915 2031; baseline -0.001 -16"><span class='ocrx_word' id='word_1_129' title='bbox 267 1976 611 2016; x_wconf 89' lang='lat' dir='ltr'>concessum</span> <span class='ocrx_word' id='word_1_130' title='bbox 637 1964 724 2015; x_wconf 91' lang='lat' dir='ltr'>est</span> <span class='ocrx_word' id='word_1_131' title='bbox 746 1964 809 2014; x_wconf 92' lang='lat' dir='ltr'>ut</span> <span class='ocrx_word' id='word_1_132' title='bbox 827 1959 931 2014; x_wconf 87' lang='lat' dir='ltr'>tibi</span> <span class='ocrx_word' id='word_1_133' title='bbox 952 1976 1237 2031; x_wconf 85' lang='lat' dir='ltr'>apparens</span> <span class='ocrx_word' id='word_1_134' title='bbox 1255 1963 1311 2014; x_wconf 93' lang='lat' dir='ltr'>et</span> <span class='ocrx_word' id='word_1_135' title='bbox 1331 1964 1566 2030; x_wconf 89' lang='lat' dir='ltr'>peccata</span> <span class='ocrx_word' id='word_1_136' title='bbox 1583 1976 1712 2015; x_wconf 88' lang='lat' dir='ltr'>mea</span> <span class='ocrx_word' id='word_1_137' title='bbox 1727 1965 1784 2016; x_wconf 91' lang='lat' dir='ltr'>et</span> <span class='ocrx_word' id='word_1_138' title='bbox 1802 1965 1915 2015; x_wconf 91' lang='lat' dir='ltr'>tor-</span> 
     </span>
    </p>
   </div>
   <div class='ocr_carea' id='block_1_21' title="bbox 266 2048 1915 2121">
    <p class='ocr_par' dir='ltr' id='par_1_21' title="bbox 266 2048 1915 2121">
     <span class='ocr_line' id='line_1_21' title="bbox 266 2048 1915 2121; baseline 0 -16"><span class='ocrx_word' id='word_1_139' title='bbox 266 2055 487 2120; x_wconf 84' lang='lat' dir='ltr'>menta,</span> <span class='ocrx_word' id='word_1_140' title='bbox 517 2065 643 2120; x_wconf 76' lang='lat' dir='ltr'>quae</span> <span class='ocrx_word' id='word_1_141' title='bbox 675 2065 777 2120; x_wconf 93' lang='lat' dir='ltr'>pro</span> <span class='ocrx_word' id='word_1_142' title='bbox 807 2048 901 2103; x_wconf 91' lang='lat' dir='ltr'>his</span> <span class='ocrx_word' id='word_1_143' title='bbox 931 2048 1138 2120; x_wconf 87' lang='lat' dir='ltr'>patior,</span> <span class='ocrx_word' id='word_1_144' title='bbox 1163 2049 1454 2116; x_wconf 89' lang='lat' dir='ltr'>intimare,</span> <span class='ocrx_word' id='word_1_145' title='bbox 1490 2053 1552 2104; x_wconf 90' lang='lat' dir='ltr'>tu</span> <span class='ocrx_word' id='word_1_146' title='bbox 1585 2067 1687 2121; x_wconf 90' lang='lat' dir='ltr'>pro</span> <span class='ocrx_word' id='word_1_147' title='bbox 1719 2067 1915 2105; x_wconf 88' lang='lat' dir='ltr'>amore</span> 
     </span>
    </p>
   </div>
   <div class='ocr_carea' id='block_1_22' title="bbox 266 2137 1914 2210">
    <p class='ocr_par' dir='ltr' id='par_1_22' title="bbox 266 2137 1914 2210">
     <span class='ocr_line' id='line_1_22' title="bbox 266 2137 1914 2210; baseline -0.001 -16"><span class='ocrx_word' id='word_1_148' title='bbox 266 2139 364 2194; x_wconf 89' lang='lat' dir='ltr'>Dei</span> <span class='ocrx_word' id='word_1_149' title='bbox 407 2140 469 2192; x_wconf 91' lang='lat' dir='ltr'>in</span> <span class='ocrx_word' id='word_1_150' title='bbox 511 2138 771 2193; x_wconf 91' lang='lat' dir='ltr'>oratione</span> <span class='ocrx_word' id='word_1_151' title='bbox 800 2141 901 2194; x_wconf 89' lang='lat' dir='ltr'>tua</span> <span class='ocrx_word' id='word_1_152' title='bbox 930 2141 1222 2193; x_wconf 89' lang='lat' dir='ltr'>memento</span> <span class='ocrx_word' id='word_1_153' title='bbox 1254 2137 1392 2193; x_wconf 90' lang='lat' dir='ltr'>mei.</span> <span class='ocrx_word' id='word_1_154' title='bbox 1426 2137 1556 2192; x_wconf 88' lang='lat' dir='ltr'>Scio</span> <span class='ocrx_word' id='word_1_155' title='bbox 1587 2138 1742 2193; x_wconf 91' lang='lat' dir='ltr'>enim</span> <span class='ocrx_word' id='word_1_156' title='bbox 1777 2139 1914 2210; x_wconf 91' lang='lat' dir='ltr'>quia</span> 
     </span>
    </p>
   </div>
   <div class='ocr_carea' id='block_1_23' title="bbox 267 2226 1912 2300">
    <p class='ocr_par' dir='ltr' id='par_1_23' title="bbox 267 2226 1912 2300">
     <span class='ocr_line' id='line_1_23' title="bbox 267 2226 1912 2300; baseline -0.001 -18"><span class='ocrx_word' id='word_1_157' title='bbox 267 2230 756 2300; x_wconf 87' lang='lat' dir='ltr'>quantascunque</span> <span class='ocrx_word' id='word_1_158' title='bbox 788 2227 1102 2281; x_wconf 86' lang='lat' dir='ltr'>meruerim</span> <span class='ocrx_word' id='word_1_159' title='bbox 1133 2243 1336 2297; x_wconf 83' lang='lat' dir='ltr'>pcnnas</span> <span class='ocrx_word' id='word_1_160' title='bbox 1365 2226 1680 2292; x_wconf 91' lang='lat' dir='ltr'>sustinere,</span> <span class='ocrx_word' id='word_1_161' title='bbox 1713 2244 1817 2298; x_wconf 92' lang='lat' dir='ltr'>pro</span> <span class='ocrx_word' id='word_1_162' title='bbox 1847 2243 1912 2281; x_wconf 92' lang='lat' dir='ltr'>eo</span> 
     </span>
    </p>
   </div>
   <div class='ocr_carea' id='block_1_24' title="bbox 263 2315 1912 2388">
    <p class='ocr_par' dir='ltr' id='par_1_24' title="bbox 263 2315 1912 2388">
     <span class='ocr_line' id='line_1_24' title="bbox 263 2315 1912 2388; baseline -0.002 -16"><span class='ocrx_word' id='word_1_163' title='bbox 263 2323 462 2372; x_wconf 88' lang='lat' dir='ltr'>tamen</span> <span class='ocrx_word' id='word_1_164' title='bbox 495 2317 653 2387; x_wconf 91' lang='lat' dir='ltr'>quod</span> <span class='ocrx_word' id='word_1_165' title='bbox 682 2315 743 2370; x_wconf 91' lang='lat' dir='ltr'>in</span> <span class='ocrx_word' id='word_1_166' title='bbox 773 2316 886 2370; x_wconf 85' lang='lat' dir='ltr'>fide</span> <span class='ocrx_word' id='word_1_167' title='bbox 918 2315 1210 2370; x_wconf 83' lang='lat' dir='ltr'>Catholica</span> <span class='ocrx_word' id='word_1_168' title='bbox 1241 2317 1620 2387; x_wconf 89' lang='lat' dir='ltr'>perseveravi,</span> <span class='ocrx_word' id='word_1_169' title='bbox 1652 2315 1701 2370; x_wconf 92' lang='lat' dir='ltr'>si</span> <span class='ocrx_word' id='word_1_170' title='bbox 1733 2315 1912 2388; x_wconf 91' lang='lat' dir='ltr'>aliqui</span> 
     </span>
    </p>
   </div>
   <div class='ocr_carea' id='block_1_25' title="bbox 262 2403 1913 2476">
    <p class='ocr_par' dir='ltr' id='par_1_25' title="bbox 262 2403 1913 2476">
     <span class='ocr_line' id='line_1_25' title="bbox 262 2403 1913 2476; baseline -0.001 -14"><span class='ocrx_word' id='word_1_171' title='bbox 262 2405 412 2462; x_wconf 87' lang='lat' dir='ltr'>servi</span> <span class='ocrx_word' id='word_1_172' title='bbox 444 2405 550 2460; x_wconf 86' lang='lat' dir='ltr'>Dei</span> <span class='ocrx_word' id='word_1_173' title='bbox 578 2421 681 2476; x_wconf 90' lang='lat' dir='ltr'>pro</span> <span class='ocrx_word' id='word_1_174' title='bbox 714 2421 807 2460; x_wconf 91' lang='lat' dir='ltr'>me</span> <span class='ocrx_word' id='word_1_175' title='bbox 835 2408 1169 2460; x_wconf 85' lang='lat' dir='ltr'>constanter</span> <span class='ocrx_word' id='word_1_176' title='bbox 1193 2420 1356 2459; x_wconf 88' lang='lat' dir='ltr'>orare</span> <span class='ocrx_word' id='word_1_177' title='bbox 1386 2403 1618 2471; x_wconf 89' lang='lat' dir='ltr'>vellent,</span> <span class='ocrx_word' id='word_1_178' title='bbox 1653 2405 1722 2460; x_wconf 90' lang='lat' dir='ltr'>de</span> <span class='ocrx_word' id='word_1_179' title='bbox 1753 2406 1913 2460; x_wconf 89' lang='lat' dir='ltr'>dam-</span> 
     </span>
    </p>
   </div>
   <div class='ocr_carea' id='block_1_26' title="bbox 260 2493 1914 2566">
    <p class='ocr_par' dir='ltr' id='par_1_26' title="bbox 260 2493 1914 2566">
     <span class='ocr_line' id='line_1_26' title="bbox 260 2493 1914 2566; baseline -0.001 -16"><span class='ocrx_word' id='word_1_180' title='bbox 260 2495 500 2551; x_wconf 86' lang='lat' dir='ltr'>natione</span> <span class='ocrx_word' id='word_1_181' title='bbox 554 2498 836 2566; x_wconf 90' lang='lat' dir='ltr'>perpetua</span> <span class='ocrx_word' id='word_1_182' title='bbox 881 2509 976 2548; x_wconf 91' lang='lat' dir='ltr'>me</span> <span class='ocrx_word' id='word_1_183' title='bbox 1024 2493 1270 2549; x_wconf 90' lang='lat' dir='ltr'>liberare</span> <span class='ocrx_word' id='word_1_184' title='bbox 1313 2498 1570 2566; x_wconf 90' lang='lat' dir='ltr'>possent.</span> <span class='ocrx_word' id='word_1_185' title='bbox 1604 2494 1704 2549; x_wconf 90' lang='lat' dir='ltr'>His</span> <span class='ocrx_word' id='word_1_186' title='bbox 1735 2495 1914 2564; x_wconf 85' lang='lat' dir='ltr'>igitur</span> 
     </span>
    </p>
   </div>
   <div class='ocr_carea' id='block_1_27' title="bbox 261 2582 1913 2654">
    <p class='ocr_par' dir='ltr' id='par_1_27' title="bbox 261 2582 1913 2654">
     <span class='ocr_line' id='line_1_27' title="bbox 261 2582 1913 2654; baseline -0.001 -16"><span class='ocrx_word' id='word_1_187' title='bbox 261 2584 434 2638; x_wconf 91' lang='lat' dir='ltr'>dictis</span> <span class='ocrx_word' id='word_1_188' title='bbox 452 2582 727 2638; x_wconf 89' lang='lat' dir='ltr'>discessit</span> <span class='ocrx_word' id='word_1_189' title='bbox 747 2583 939 2654; x_wconf 83' lang='lat' dir='ltr'>imago</span> <span class='ocrx_word' id='word_1_190' title='bbox 961 2582 1275 2654; x_wconf 90' lang='lat' dir='ltr'>loquentis.</span> <span class='ocrx_word' id='word_1_191' title='bbox 1292 2582 1439 2648; x_wconf 92' lang='lat' dir='ltr'>Quid</span> <span class='ocrx_word' id='word_1_192' title='bbox 1461 2598 1592 2638; x_wconf 91' lang='lat' dir='ltr'>vero</span> <span class='ocrx_word' id='word_1_193' title='bbox 1616 2600 1718 2654; x_wconf 91' lang='lat' dir='ltr'>pro</span> <span class='ocrx_word' id='word_1_194' title='bbox 1737 2599 1913 2638; x_wconf 89' lang='lat' dir='ltr'>causa</span> 
     </span>
    </p>
   </div>
   <div class='ocr_carea' id='block_1_28' title="bbox 258 2671 1912 2744">
    <p class='ocr_par' dir='ltr' id='par_1_28' title="bbox 258 2671 1912 2744">
     <span class='ocr_line' id='line_1_28' title="bbox 258 2671 1912 2744; baseline -0.001 -16"><span class='ocrx_word' id='word_1_195' title='bbox 258 2673 446 2744; x_wconf 87' lang='lat' dir='ltr'>petita</span> <span class='ocrx_word' id='word_1_196' title='bbox 474 2672 675 2727; x_wconf 84' lang='lat' dir='ltr'>fecerit</span> <span class='ocrx_word' id='word_1_197' title='bbox 697 2673 880 2743; x_wconf 89' lang='lat' dir='ltr'>virgo,</span> <span class='ocrx_word' id='word_1_198' title='bbox 904 2671 997 2727; x_wconf 91' lang='lat' dir='ltr'>cui</span> <span class='ocrx_word' id='word_1_199' title='bbox 1030 2671 1283 2728; x_wconf 87' lang='lat' dir='ltr'>revelata</span> <span class='ocrx_word' id='word_1_200' title='bbox 1311 2676 1399 2726; x_wconf 91' lang='lat' dir='ltr'>est</span> <span class='ocrx_word' id='word_1_201' title='bbox 1425 2671 1545 2727; x_wconf 84' lang='lat' dir='ltr'>haec</span> <span class='ocrx_word' id='word_1_202' title='bbox 1573 2671 1742 2738; x_wconf 88' lang='lat' dir='ltr'>visio,</span> <span class='ocrx_word' id='word_1_203' title='bbox 1767 2672 1912 2727; x_wconf 90' lang='lat' dir='ltr'>scire</span> 
     </span>
    </p>
   </div>
   <div class='ocr_carea' id='block_1_29' title="bbox 259 2760 1912 2834">
    <p class='ocr_par' dir='ltr' id='par_1_29' title="bbox 259 2760 1912 2834">
     <span class='ocr_line' id='line_1_29' title="bbox 259 2760 1912 2834; baseline 0 -18"><span class='ocrx_word' id='word_1_204' title='bbox 259 2777 509 2834; x_wconf 87' lang='lat' dir='ltr'>nequeo.</span> <span class='ocrx_word' id='word_1_205' title='bbox 537 2762 655 2833; x_wconf 86' lang='lat' dir='ltr'>Ego</span> <span class='ocrx_word' id='word_1_206' title='bbox 684 2765 881 2816; x_wconf 90' lang='lat' dir='ltr'>tamen</span> <span class='ocrx_word' id='word_1_207' title='bbox 913 2761 1175 2831; x_wconf 80' lang='lat' dir='ltr'>ejusdem</span> <span class='ocrx_word' id='word_1_208' title='bbox 1196 2761 1440 2816; x_wconf 88' lang='lat' dir='ltr'>visionis</span> <span class='ocrx_word' id='word_1_209' title='bbox 1467 2761 1621 2816; x_wconf 90' lang='lat' dir='ltr'>dicta</span> <span class='ocrx_word' id='word_1_210' title='bbox 1652 2760 1912 2816; x_wconf 80' lang='lat' dir='ltr'>recolens</span> 
     </span>
    </p>
   </div>
   <div class='ocr_carea' id='block_1_30' title="bbox 258 2848 1912 2921">
    <p class='ocr_par' dir='ltr' id='par_1_30' title="bbox 258 2848 1912 2921">
     <span class='ocr_line' id='line_1_30' title="bbox 258 2848 1912 2921; baseline -0.001 -15"><span class='ocrx_word' id='word_1_211' title='bbox 258 2850 330 2906; x_wconf 90' lang='lat' dir='ltr'>ob</span> <span class='ocrx_word' id='word_1_212' title='bbox 349 2850 463 2906; x_wconf 91' lang='lat' dir='ltr'>hoc</span> <span class='ocrx_word' id='word_1_213' title='bbox 481 2850 737 2905; x_wconf 86' lang='lat' dir='ltr'>scribere</span> <span class='ocrx_word' id='word_1_214' title='bbox 752 2849 845 2904; x_wconf 89' lang='lat' dir='ltr'>hic</span> <span class='ocrx_word' id='word_1_215' title='bbox 860 2850 1106 2917; x_wconf 90' lang='lat' dir='ltr'>decrevi,</span> <span class='ocrx_word' id='word_1_216' title='bbox 1122 2852 1186 2904; x_wconf 91' lang='lat' dir='ltr'>ut</span> <span class='ocrx_word' id='word_1_217' title='bbox 1202 2848 1383 2921; x_wconf 89' lang='lat' dir='ltr'>aliqui</span> <span class='ocrx_word' id='word_1_218' title='bbox 1402 2850 1515 2904; x_wconf 90' lang='lat' dir='ltr'>ista</span> <span class='ocrx_word' id='word_1_219' title='bbox 1531 2852 1912 2921; x_wconf 85' lang='lat' dir='ltr'>agnoscentes</span> 
     </span>
    </p>
   </div>
   <div class='ocr_carea' id='block_1_31' title="bbox 255 2937 1910 3011">
    <p class='ocr_par' dir='ltr' id='par_1_31' title="bbox 255 2937 1910 3011">
     <span class='ocr_line' id='line_1_31' title="bbox 255 2937 1910 3011; baseline -0.001 -17"><span class='ocrx_word' id='word_1_220' title='bbox 255 2957 362 3011; x_wconf 88' lang='lat' dir='ltr'>pro</span> <span class='ocrx_word' id='word_1_221' title='bbox 381 2938 782 3011; x_wconf 86' lang='lat' dir='ltr'>imperatricis</span> <span class='ocrx_word' id='word_1_222' title='bbox 801 2937 1082 3010; x_wconf 76' lang='lat' dir='ltr'>praedictae</span> <span class='ocrx_word' id='word_1_223' title='bbox 1101 2938 1656 2993; x_wconf 88' lang='lat' dir='ltr'>absolutioneDeum</span> <span class='ocrx_word' id='word_1_224' title='bbox 1675 2953 1910 2993; x_wconf 87' lang='lat' dir='ltr'>exorare</span> 
     </span>
    </p>
   </div>
   <div class='ocr_carea' id='block_1_32' title="bbox 257 3026 1835 3100">
    <p class='ocr_par' dir='ltr' id='par_1_32' title="bbox 257 3026 1835 3100">
     <span class='ocr_line' id='line_1_32' title="bbox 257 3026 1835 3100; baseline -0.003 -16"><span class='ocrx_word' id='word_1_225' title='bbox 257 3044 469 3100; x_wconf 90' lang='lat' dir='ltr'>seque,</span> <span class='ocrx_word' id='word_1_226' title='bbox 500 3044 575 3083; x_wconf 88' lang='lat' dir='ltr'>ne</span> <span class='ocrx_word' id='word_1_227' title='bbox 607 3026 827 3082; x_wconf 88' lang='lat' dir='ltr'>similia</span> <span class='ocrx_word' id='word_1_228' title='bbox 856 3027 1175 3098; x_wconf 90' lang='lat' dir='ltr'>patiantur,</span> <span class='ocrx_word' id='word_1_229' title='bbox 1201 3027 1476 3082; x_wconf 88' lang='lat' dir='ltr'>studeant</span> <span class='ocrx_word' id='word_1_230' title='bbox 1505 3027 1835 3081; x_wconf 79' lang='lat' dir='ltr'>emendare.</span> 
     </span>
    </p>
   </div>
   <div class='ocr_carea' id='block_1_33' title="bbox 665 3133 1503 3190">
    <p class='ocr_par' dir='ltr' id='par_1_33' title="bbox 665 3133 1503 3190">
     <span class='ocr_line' id='line_1_33' title="bbox 665 3133 1503 3190; baseline 0.001 -4"><span class='ocrx_word' id='word_1_231' title='bbox 665 3133 854 3189; x_wconf 88' lang='lat' dir='ltr'><strong>VISIO</strong></span> <span class='ocrx_word' id='word_1_232' title='bbox 892 3133 1164 3190; x_wconf 86' lang='lat' dir='ltr'>DECIMA</span> <span class='ocrx_word' id='word_1_233' title='bbox 1204 3133 1503 3188; x_wconf 89' lang='lat' dir='ltr'>OCTAVA.</span> 
     </span>
    </p>
   </div>
   <div class='ocr_carea' id='block_1_34' title="bbox 235 3224 1905 3306">
    <p class='ocr_par' dir='ltr' id='par_1_34' title="bbox 235 3224 1905 3306">
     <span class='ocr_line' id='line_1_34' title="bbox 235 3224 1905 3306; baseline -0.002 -25"><span class='ocrx_word' id='word_1_234' title='bbox 235 3227 558 3298; x_wconf 74' lang='lat' dir='ltr'>Suspensus</span> <span class='ocrx_word' id='word_1_235' title='bbox 602 3226 664 3279; x_wconf 77' lang='lat' dir='ltr'>in</span> <span class='ocrx_word' id='word_1_236' title='bbox 689 3224 936 3306; x_wconf 80' lang='lat' dir='ltr'>patibulo</span> <span class='ocrx_word' id='word_1_237' title='bbox 965 3224 1302 3306; x_wconf 65' lang='lat' dir='ltr'>mirabiliter</span> <span class='ocrx_word' id='word_1_238' title='bbox 1330 3241 1364 3278; x_wconf 88' lang='lat' dir='ltr'>a</span> <span class='ocrx_word' id='word_1_239' title='bbox 1391 3225 1527 3294; x_wconf 79' lang='lat' dir='ltr'>filiis</span> <span class='ocrx_word' id='word_1_240' title='bbox 1559 3225 1620 3278; x_wconf 75' lang='lat' dir='ltr'>in</span> <span class='ocrx_word' id='word_1_241' title='bbox 1647 3225 1765 3279; x_wconf 77' lang='lat' dir='ltr'>vita</span> <span class='ocrx_word' id='word_1_242' title='bbox 1793 3240 1905 3280; x_wconf 78' lang='lat' dir='ltr'>ser-</span> 
     </span>
    </p>
   </div>
   <div class='ocr_carea' id='block_1_35' title="bbox 816 3304 1348 3351">
    <p class='ocr_par' dir='ltr' id='par_1_35' title="bbox 816 3304 1348 3351">
     <span class='ocr_line' id='line_1_35' title="bbox 816 3304 1348 3351; baseline 0 -2"><span class='ocrx_word' id='word_1_243' title='bbox 816 3304 970 3350; x_wconf 71' lang='lat' dir='ltr'>vatus</span> <span class='ocrx_word' id='word_1_244' title='bbox 999 3304 1054 3350; x_wconf 79' lang='lat' dir='ltr'>et</span> <span class='ocrx_word' id='word_1_245' title='bbox 1085 3304 1348 3351; x_wconf 75' lang='lat' dir='ltr'>nutritus.</span> 
     </span>
    </p>
   </div>
   <div class='ocr_carea' id='block_1_36' title="bbox 312 3383 1901 3458">
    <p class='ocr_par' dir='ltr' id='par_1_36' title="bbox 312 3383 1901 3458">
     <span class='ocr_line' id='line_1_36' title="bbox 312 3383 1901 3458; baseline -0.002 -16"><span class='ocrx_word' id='word_1_246' title='bbox 312 3385 514 3458; x_wconf 85' lang='lat' dir='ltr'>Cupio</span> <span class='ocrx_word' id='word_1_247' title='bbox 546 3389 603 3439; x_wconf 91' lang='lat' dir='ltr'>et</span> <span class='ocrx_word' id='word_1_248' title='bbox 630 3383 770 3439; x_wconf 91' lang='lat' dir='ltr'>illud</span> <span class='ocrx_word' id='word_1_249' title='bbox 804 3401 1068 3456; x_wconf 90' lang='lat' dir='ltr'>promere</span> <span class='ocrx_word' id='word_1_250' title='bbox 1098 3385 1251 3456; x_wconf 92' lang='lat' dir='ltr'>quod</span> <span class='ocrx_word' id='word_1_251' title='bbox 1285 3400 1473 3455; x_wconf 89' lang='lat' dir='ltr'>nuper</span> <span class='ocrx_word' id='word_1_252' title='bbox 1518 3383 1748 3438; x_wconf 88' lang='lat' dir='ltr'>ﬁdelem</span> <span class='ocrx_word' id='word_1_253' title='bbox 1800 3401 1901 3439; x_wconf 90' lang='lat' dir='ltr'>no-</span> 
     </span>
    </p>
   </div>
   <div class='ocr_carea' id='block_1_37' title="bbox 229 3473 1902 3546">
    <p class='ocr_par' dir='ltr' id='par_1_37' title="bbox 229 3473 1902 3546">
     <span class='ocr_line' id='line_1_37' title="bbox 229 3473 1902 3546; baseline -0.003 -14"><span class='ocrx_word' id='word_1_254' title='bbox 229 3482 505 3546; x_wconf 86' lang='lat' dir='ltr'>tumque</span> <span class='ocrx_word' id='word_1_255' title='bbox 537 3473 677 3528; x_wconf 91' lang='lat' dir='ltr'>mihi</span> <span class='ocrx_word' id='word_1_256' title='bbox 707 3475 940 3529; x_wconf 82' lang='lat' dir='ltr'>fratrem</span> <span class='ocrx_word' id='word_1_257' title='bbox 975 3474 1169 3529; x_wconf 89' lang='lat' dir='ltr'>audivi</span> <span class='ocrx_word' id='word_1_258' title='bbox 1210 3475 1441 3529; x_wconf 90' lang='lat' dir='ltr'>referre.</span> <span class='ocrx_word' id='word_1_259' title='bbox 1481 3473 1698 3528; x_wconf 85' lang='lat' dir='ltr'>Retulit</span> <span class='ocrx_word' id='word_1_260' title='bbox 1747 3473 1902 3527; x_wconf 91' lang='lat' dir='ltr'>enim</span> 
     </span>
    </p>
   </div>
   <div class='ocr_carea' id='block_1_38' title="bbox 232 3563 1902 3635">
    <p class='ocr_par' dir='ltr' id='par_1_38' title="bbox 232 3563 1902 3635">
     <span class='ocr_line' id='line_1_38' title="bbox 232 3563 1902 3635; baseline -0.002 -15"><span class='ocrx_word' id='word_1_261' title='bbox 232 3566 312 3620; x_wconf 89' lang='lat' dir='ltr'>de</span> <span class='ocrx_word' id='word_1_262' title='bbox 346 3563 597 3619; x_wconf 88' lang='lat' dir='ltr'>homine</span> <span class='ocrx_word' id='word_1_263' title='bbox 628 3564 900 3635; x_wconf 90' lang='lat' dir='ltr'>quodam,</span> <span class='ocrx_word' id='word_1_264' title='bbox 935 3580 1110 3634; x_wconf 92' lang='lat' dir='ltr'>quem</span> <span class='ocrx_word' id='word_1_265' title='bbox 1143 3563 1254 3618; x_wconf 91' lang='lat' dir='ltr'>sibi</span> <span class='ocrx_word' id='word_1_266' title='bbox 1289 3563 1434 3618; x_wconf 89' lang='lat' dir='ltr'>satis</span> <span class='ocrx_word' id='word_1_267' title='bbox 1467 3567 1672 3618; x_wconf 92' lang='lat' dir='ltr'>notum</span> <span class='ocrx_word' id='word_1_268' title='bbox 1718 3567 1776 3617; x_wconf 91' lang='lat' dir='ltr'>et</span> <span class='ocrx_word' id='word_1_269' title='bbox 1812 3563 1902 3617; x_wconf 84' lang='lat' dir='ltr'>Al-</span> 
     </span>
    </p>
   </div>
   <div class='ocr_carea' id='block_1_39' title="bbox 234 3651 1901 3723">
    <p class='ocr_par' dir='ltr' id='par_1_39' title="bbox 234 3651 1901 3723">
     <span class='ocr_line' id='line_1_39' title="bbox 234 3651 1901 3723; baseline -0.001 -15"><span class='ocrx_word' id='word_1_270' title='bbox 234 3653 478 3708; x_wconf 86' lang='lat' dir='ltr'>bricum</span> <span class='ocrx_word' id='word_1_271' title='bbox 505 3653 680 3708; x_wconf 90' lang='lat' dir='ltr'>etiam</span> <span class='ocrx_word' id='word_1_272' title='bbox 706 3653 926 3708; x_wconf 91' lang='lat' dir='ltr'>dictum</span> <span class='ocrx_word' id='word_1_273' title='bbox 950 3669 1078 3708; x_wconf 90' lang='lat' dir='ltr'>esse</span> <span class='ocrx_word' id='word_1_274' title='bbox 1108 3653 1441 3718; x_wconf 81' lang='lat' dir='ltr'>alﬁrmavit,</span> <span class='ocrx_word' id='word_1_275' title='bbox 1466 3651 1623 3723; x_wconf 90' lang='lat' dir='ltr'>quia,</span> <span class='ocrx_word' id='word_1_276' title='bbox 1648 3669 1782 3706; x_wconf 91' lang='lat' dir='ltr'>cum</span> <span class='ocrx_word' id='word_1_277' title='bbox 1815 3652 1901 3706; x_wconf 92' lang='lat' dir='ltr'>in-</span> 
     </span>
    </p>
   </div>
   <div class='ocr_carea' id='block_1_40' title="bbox 236 3741 1902 3814">
    <p class='ocr_par' dir='ltr' id='par_1_40' title="bbox 236 3741 1902 3814">
     <span class='ocr_line' id='line_1_40' title="bbox 236 3741 1902 3814; baseline 0 -18"><span class='ocrx_word' id='word_1_278' title='bbox 236 3759 463 3798; x_wconf 85' lang='lat' dir='ltr'>nocens</span> <span class='ocrx_word' id='word_1_279' title='bbox 495 3743 553 3796; x_wconf 91' lang='lat' dir='ltr'>in</span> <span class='ocrx_word' id='word_1_280' title='bbox 577 3741 837 3814; x_wconf 88' lang='lat' dir='ltr'>patibulo</span> <span class='ocrx_word' id='word_1_281' title='bbox 861 3758 1187 3814; x_wconf 89' lang='lat' dir='ltr'>suspensus</span> <span class='ocrx_word' id='word_1_282' title='bbox 1212 3746 1386 3809; x_wconf 88' lang='lat' dir='ltr'>esset,</span> <span class='ocrx_word' id='word_1_283' title='bbox 1403 3742 1555 3796; x_wconf 89' lang='lat' dir='ltr'>infra</span> <span class='ocrx_word' id='word_1_284' title='bbox 1577 3741 1902 3796; x_wconf 88' lang='lat' dir='ltr'>hebdoma-</span> 
     </span>
    </p>
   </div>
   <div class='ocr_carea' id='block_1_41' title="bbox 242 3830 1903 3904">
    <p class='ocr_par' dir='ltr' id='par_1_41' title="bbox 242 3830 1903 3904">
     <span class='ocr_line' id='line_1_41' title="bbox 242 3830 1903 3904; baseline -0.001 -18"><span class='ocrx_word' id='word_1_285' title='bbox 242 3832 409 3899; x_wconf 87' lang='lat' dir='ltr'>dam,</span> <span class='ocrx_word' id='word_1_286' title='bbox 436 3848 565 3904; x_wconf 75' lang='lat' dir='ltr'>quae</span> <span class='ocrx_word' id='word_1_287' title='bbox 595 3835 737 3886; x_wconf 90' lang='lat' dir='ltr'>tunc</span> <span class='ocrx_word' id='word_1_288' title='bbox 767 3835 898 3903; x_wconf 87' lang='lat' dir='ltr'>post</span> <span class='ocrx_word' id='word_1_289' title='bbox 920 3835 1299 3887; x_wconf 90' lang='lat' dir='ltr'>Pentecosten</span> <span class='ocrx_word' id='word_1_290' title='bbox 1325 3831 1585 3903; x_wconf 83' lang='lat' dir='ltr'>proxime</span> <span class='ocrx_word' id='word_1_291' title='bbox 1607 3831 1818 3897; x_wconf 87' lang='lat' dir='ltr'>evenit,</span> <span class='ocrx_word' id='word_1_292' title='bbox 1844 3830 1903 3885; x_wconf 91' lang='lat' dir='ltr'>in</span> 
     </span>
    </p>
   </div>
   <div class='ocr_carea' id='block_1_42' title="bbox 244 3919 1906 3993">
    <p class='ocr_par' dir='ltr' id='par_1_42' title="bbox 244 3919 1906 3993">
     <span class='ocr_line' id='line_1_42' title="bbox 244 3919 1906 3993; baseline -0.001 -18"><span class='ocrx_word' id='word_1_293' title='bbox 244 3921 455 3975; x_wconf 91' lang='lat' dir='ltr'>eodem</span> <span class='ocrx_word' id='word_1_294' title='bbox 487 3919 751 3993; x_wconf 88' lang='lat' dir='ltr'>patibulo</span> <span class='ocrx_word' id='word_1_295' title='bbox 775 3920 940 3975; x_wconf 91' lang='lat' dir='ltr'>vivus</span> <span class='ocrx_word' id='word_1_296' title='bbox 964 3921 1241 3992; x_wconf 89' lang='lat' dir='ltr'>penderet</span> <span class='ocrx_word' id='word_1_297' title='bbox 1265 3936 1409 3990; x_wconf 90' lang='lat' dir='ltr'>pene</span> <span class='ocrx_word' id='word_1_298' title='bbox 1434 3936 1622 3990; x_wconf 90' lang='lat' dir='ltr'>usque</span> <span class='ocrx_word' id='word_1_299' title='bbox 1652 3920 1723 3974; x_wconf 91' lang='lat' dir='ltr'>ad</span> <span class='ocrx_word' id='word_1_300' title='bbox 1759 3921 1906 3975; x_wconf 81' lang='lat' dir='ltr'>festa</span> 
     </span>
    </p>
   </div>
   <div class='ocr_carea' id='block_1_43' title="bbox 247 4007 1906 4080">
    <p class='ocr_par' dir='ltr' id='par_1_43' title="bbox 247 4007 1906 4080">
     <span class='ocr_line' id='line_1_43' title="bbox 247 4007 1906 4080; baseline -0.001 -17"><span class='ocrx_word' id='word_1_301' title='bbox 247 4010 440 4064; x_wconf 84' lang='lat' dir='ltr'>sancti</span> <span class='ocrx_word' id='word_1_302' title='bbox 471 4008 679 4065; x_wconf 88' lang='lat' dir='ltr'>Jacobi</span> <span class='ocrx_word' id='word_1_303' title='bbox 710 4009 976 4080; x_wconf 88' lang='lat' dir='ltr'>apostoli,</span> <span class='ocrx_word' id='word_1_304' title='bbox 1007 4009 1241 4080; x_wconf 89' lang='lat' dir='ltr'>quando</span> <span class='ocrx_word' id='word_1_305' title='bbox 1274 4007 1494 4064; x_wconf 90' lang='lat' dir='ltr'>scilicet</span> <span class='ocrx_word' id='word_1_306' title='bbox 1519 4012 1751 4078; x_wconf 88' lang='lat' dir='ltr'>tempus</span> <span class='ocrx_word' id='word_1_307' title='bbox 1782 4012 1906 4062; x_wconf 87' lang='lat' dir='ltr'>erat</span> 
     </span>
    </p>
   </div>
   <div class='ocr_carea' id='block_1_44' title="bbox 250 4096 1901 4169">
    <p class='ocr_par' dir='ltr' id='par_1_44' title="bbox 250 4096 1901 4169">
     <span class='ocr_line' id='line_1_44' title="bbox 250 4096 1901 4169; baseline -0.001 -17"><span class='ocrx_word' id='word_1_308' title='bbox 250 4099 532 4154; x_wconf 81' lang='lat' dir='ltr'>metendi.</span> <span class='ocrx_word' id='word_1_309' title='bbox 570 4099 757 4153; x_wconf 91' lang='lat' dir='ltr'>Locus</span> <span class='ocrx_word' id='word_1_310' title='bbox 787 4103 1006 4164; x_wconf 88' lang='lat' dir='ltr'>autem,</span> <span class='ocrx_word' id='word_1_311' title='bbox 1047 4097 1145 4152; x_wconf 93' lang='lat' dir='ltr'>ubi</span> <span class='ocrx_word' id='word_1_312' title='bbox 1176 4097 1474 4169; x_wconf 90' lang='lat' dir='ltr'>pependit,</span> <span class='ocrx_word' id='word_1_313' title='bbox 1507 4097 1686 4152; x_wconf 91' lang='lat' dir='ltr'>messi</span> <span class='ocrx_word' id='word_1_314' title='bbox 1718 4096 1901 4151; x_wconf 90' lang='lat' dir='ltr'>conti-</span> 
     </span>
    </p>
   </div>
   <div class='ocr_carea' id='block_1_45' title="bbox 247 4185 1903 4258">
    <p class='ocr_par' dir='ltr' id='par_1_45' title="bbox 247 4185 1903 4258">
     <span class='ocr_line' id='line_1_45' title="bbox 247 4185 1903 4258; baseline -0.002 -17"><span class='ocrx_word' id='word_1_315' title='bbox 247 4202 406 4258; x_wconf 86' lang='lat' dir='ltr'>guus</span> <span class='ocrx_word' id='word_1_316' title='bbox 438 4187 680 4243; x_wconf 83' lang='lat' dir='ltr'>exstitit.</span> <span class='ocrx_word' id='word_1_317' title='bbox 713 4189 859 4242; x_wconf 78' lang='lat' dir='ltr'>Cum</span> <span class='ocrx_word' id='word_1_318' title='bbox 887 4203 992 4258; x_wconf 86' lang='lat' dir='ltr'>ego</span> <span class='ocrx_word' id='word_1_319' title='bbox 1025 4187 1117 4241; x_wconf 90' lang='lat' dir='ltr'>die</span> <span class='ocrx_word' id='word_1_320' title='bbox 1149 4186 1402 4258; x_wconf 91' lang='lat' dir='ltr'>quadam</span> <span class='ocrx_word' id='word_1_321' title='bbox 1434 4185 1637 4241; x_wconf 89' lang='lat' dir='ltr'>rustici</span> <span class='ocrx_word' id='word_1_322' title='bbox 1679 4185 1745 4239; x_wconf 90' lang='lat' dir='ltr'>ad</span> <span class='ocrx_word' id='word_1_323' title='bbox 1783 4200 1903 4239; x_wconf 90' lang='lat' dir='ltr'>me-</span> 
     </span>
    </p>
   </div>
   <div class='ocr_carea' id='block_1_46' title="bbox 252 4273 1906 4346">
    <p class='ocr_par' dir='ltr' id='par_1_46' title="bbox 252 4273 1906 4346">
     <span class='ocr_line' id='line_1_46' title="bbox 252 4273 1906 4346; baseline 0.001 -18"><span class='ocrx_word' id='word_1_324' title='bbox 252 4277 500 4332; x_wconf 84' lang='lat' dir='ltr'>tendum</span> <span class='ocrx_word' id='word_1_325' title='bbox 523 4276 917 4341; x_wconf 89' lang='lat' dir='ltr'>convenirent,</span> <span class='ocrx_word' id='word_1_326' title='bbox 932 4276 1126 4331; x_wconf 90' lang='lat' dir='ltr'>subito</span> <span class='ocrx_word' id='word_1_327' title='bbox 1147 4275 1246 4346; x_wconf 89' lang='lat' dir='ltr'>qui</span> <span class='ocrx_word' id='word_1_328' title='bbox 1274 4290 1376 4346; x_wconf 88' lang='lat' dir='ltr'>per</span> <span class='ocrx_word' id='word_1_329' title='bbox 1398 4273 1652 4329; x_wconf 91' lang='lat' dir='ltr'>multum</span> <span class='ocrx_word' id='word_1_330' title='bbox 1671 4278 1906 4345; x_wconf 90' lang='lat' dir='ltr'>tempus</span> 
     </span>
    </p>
   </div>
   <div class='ocr_carea' id='block_1_47' title="bbox 251 4362 1906 4436">
    <p class='ocr_par' dir='ltr' id='par_1_47' title="bbox 251 4362 1906 4436">
     <span class='ocr_line' id='line_1_47' title="bbox 251 4362 1906 4436; baseline -0.001 -18"><span class='ocrx_word' id='word_1_331' title='bbox 251 4364 768 4436; x_wconf 85' lang='lat' dir='ltr'>pependit,laqueo</span> <span class='ocrx_word' id='word_1_332' title='bbox 786 4365 1051 4436; x_wconf 90' lang='lat' dir='ltr'>disrupto</span> <span class='ocrx_word' id='word_1_333' title='bbox 1069 4365 1139 4418; x_wconf 91' lang='lat' dir='ltr'>de</span> <span class='ocrx_word' id='word_1_334' title='bbox 1156 4362 1416 4434; x_wconf 88' lang='lat' dir='ltr'>patibulo</span> <span class='ocrx_word' id='word_1_335' title='bbox 1434 4362 1640 4418; x_wconf 89' lang='lat' dir='ltr'>cecidit</span> <span class='ocrx_word' id='word_1_336' title='bbox 1656 4379 1906 4432; x_wconf 87' lang='lat' dir='ltr'>moxque</span> 
     </span>
    </p>
   </div>
   <div class='ocr_carea' id='block_1_48' title="bbox 254 4451 1907 4525">
    <p class='ocr_par' dir='ltr' id='par_1_48' title="bbox 254 4451 1907 4525">
     <span class='ocr_line' id='line_1_48' title="bbox 254 4451 1907 4525; baseline -0.002 -16"><span class='ocrx_word' id='word_1_337' title='bbox 254 4468 461 4524; x_wconf 83' lang='lat' dir='ltr'>gressu</span> <span class='ocrx_word' id='word_1_338' title='bbox 493 4454 726 4510; x_wconf 87' lang='lat' dir='ltr'>nutanti</span> <span class='ocrx_word' id='word_1_339' title='bbox 756 4455 827 4510; x_wconf 90' lang='lat' dir='ltr'>ad</span> <span class='ocrx_word' id='word_1_340' title='bbox 859 4455 1100 4522; x_wconf 89' lang='lat' dir='ltr'>fontem,</span> <span class='ocrx_word' id='word_1_341' title='bbox 1133 4453 1234 4524; x_wconf 90' lang='lat' dir='ltr'>qui</span> <span class='ocrx_word' id='word_1_342' title='bbox 1266 4452 1346 4508; x_wconf 92' lang='lat' dir='ltr'>ibi</span> <span class='ocrx_word' id='word_1_343' title='bbox 1377 4468 1554 4525; x_wconf 91' lang='lat' dir='ltr'>prope</span> <span class='ocrx_word' id='word_1_344' title='bbox 1588 4456 1731 4520; x_wconf 84' lang='lat' dir='ltr'>erat,</span> <span class='ocrx_word' id='word_1_345' title='bbox 1762 4451 1907 4506; x_wconf 91' lang='lat' dir='ltr'>bibi-</span> 
     </span>
    </p>
   </div>
   <div class='ocr_carea' id='block_1_49' title="bbox 255 4540 1905 4612">
    <p class='ocr_par' dir='ltr' id='par_1_49' title="bbox 255 4540 1905 4612">
     <span class='ocr_line' id='line_1_49' title="bbox 255 4540 1905 4612; baseline -0.001 -16"><span class='ocrx_word' id='word_1_346' title='bbox 255 4547 429 4598; x_wconf 86' lang='lat' dir='ltr'>turus</span> <span class='ocrx_word' id='word_1_347' title='bbox 461 4543 725 4600; x_wconf 88' lang='lat' dir='ltr'>accessit.</span> <span class='ocrx_word' id='word_1_348' title='bbox 753 4545 876 4608; x_wconf 87' lang='lat' dir='ltr'>Quo</span> <span class='ocrx_word' id='word_1_349' title='bbox 907 4543 1030 4598; x_wconf 88' lang='lat' dir='ltr'>viso</span> <span class='ocrx_word' id='word_1_350' title='bbox 1062 4545 1348 4598; x_wconf 90' lang='lat' dir='ltr'>metentes</span> <span class='ocrx_word' id='word_1_351' title='bbox 1379 4558 1581 4597; x_wconf 90' lang='lat' dir='ltr'>omnes</span> <span class='ocrx_word' id='word_1_352' title='bbox 1611 4540 1905 4612; x_wconf 88' lang='lat' dir='ltr'>perterriti</span> 
     </span>
    </p>
   </div>
   <div class='ocr_carea' id='block_1_50' title="bbox 261 4630 1904 4705">
    <p class='ocr_par' dir='ltr' id='par_1_50' title="bbox 261 4630 1904 4705">
     <span class='ocr_line' id='line_1_50' title="bbox 261 4630 1904 4705; baseline -0.002 -19"><span class='ocrx_word' id='word_1_353' title='bbox 261 4633 554 4705; x_wconf 81' lang='lat' dir='ltr'>fugerunt,</span> <span class='ocrx_word' id='word_1_354' title='bbox 589 4633 940 4689; x_wconf 84' lang='lat' dir='ltr'>arbitrantes</span> <span class='ocrx_word' id='word_1_355' title='bbox 988 4649 1136 4704; x_wconf 88' lang='lat' dir='ltr'>opus</span> <span class='ocrx_word' id='word_1_356' title='bbox 1184 4648 1312 4687; x_wconf 90' lang='lat' dir='ltr'>esse</span> <span class='ocrx_word' id='word_1_357' title='bbox 1362 4630 1717 4686; x_wconf 90' lang='lat' dir='ltr'>diabolicum</span> <span class='ocrx_word' id='word_1_358' title='bbox 1749 4630 1904 4701; x_wconf 88' lang='lat' dir='ltr'>quod</span> 
     </span>
    </p>
   </div>
   <div class='ocr_carea' id='block_1_51' title="bbox 263 4719 1905 4795">
    <p class='ocr_par' dir='ltr' id='par_1_51' title="bbox 263 4719 1905 4795">
     <span class='ocr_line' id='line_1_51' title="bbox 263 4719 1905 4795; baseline -0.004 -17"><span class='ocrx_word' id='word_1_359' title='bbox 263 4722 537 4793; x_wconf 83' lang='lat' dir='ltr'>agebatur</span> <span class='ocrx_word' id='word_1_360' title='bbox 586 4739 689 4795; x_wconf 91' lang='lat' dir='ltr'>per</span> <span class='ocrx_word' id='word_1_361' title='bbox 734 4738 1112 4794; x_wconf 91' lang='lat' dir='ltr'>suspensum.</span> <span class='ocrx_word' id='word_1_362' title='bbox 1145 4721 1256 4776; x_wconf 90' lang='lat' dir='ltr'>Sed</span> <span class='ocrx_word' id='word_1_363' title='bbox 1301 4720 1418 4788; x_wconf 87' lang='lat' dir='ltr'>ille,</span> <span class='ocrx_word' id='word_1_364' title='bbox 1453 4723 1763 4790; x_wconf 84' lang='lat' dir='ltr'>postquam</span> <span class='ocrx_word' id='word_1_365' title='bbox 1796 4719 1905 4774; x_wconf 88' lang='lat' dir='ltr'>ali-</span> 
     </span>
    </p>
   </div>
   <div class='ocr_carea' id='block_1_52' title="bbox 261 4809 1908 4880">
    <p class='ocr_par' dir='ltr' id='par_1_52' title="bbox 261 4809 1908 4880">
     <span class='ocr_line' id='line_1_52' title="bbox 261 4809 1908 4880; baseline -0.001 -16"><span class='ocrx_word' id='word_1_366' title='bbox 261 4811 613 4880; x_wconf 87' lang='lat' dir='ltr'>quantulum</span> <span class='ocrx_word' id='word_1_367' title='bbox 635 4811 801 4879; x_wconf 88' lang='lat' dir='ltr'>bibit,</span> <span class='ocrx_word' id='word_1_368' title='bbox 827 4815 983 4865; x_wconf 91' lang='lat' dir='ltr'>recto</span> <span class='ocrx_word' id='word_1_369' title='bbox 1007 4809 1238 4864; x_wconf 88' lang='lat' dir='ltr'>tramite</span> <span class='ocrx_word' id='word_1_370' title='bbox 1261 4810 1333 4864; x_wconf 88' lang='lat' dir='ltr'>ad</span> <span class='ocrx_word' id='word_1_371' title='bbox 1355 4809 1548 4863; x_wconf 90' lang='lat' dir='ltr'>vicum</span> <span class='ocrx_word' id='word_1_372' title='bbox 1577 4809 1908 4879; x_wconf 85' lang='lat' dir='ltr'>proximum</span> 
     </span>
    </p>
   </div>
   <div class='ocr_carea' id='block_1_53' title="bbox 259 4898 1908 4972">
    <p class='ocr_par' dir='ltr' id='par_1_53' title="bbox 259 4898 1908 4972">
     <span class='ocr_line' id='line_1_53' title="bbox 259 4898 1908 4972; baseline -0.001 -18"><span class='ocrx_word' id='word_1_373' title='bbox 259 4914 582 4972; x_wconf 88' lang='lat' dir='ltr'>properans</span> <span class='ocrx_word' id='word_1_374' title='bbox 634 4902 692 4955; x_wconf 91' lang='lat' dir='ltr'>in</span> <span class='ocrx_word' id='word_1_375' title='bbox 741 4901 986 4956; x_wconf 91' lang='lat' dir='ltr'>domum</span> <span class='ocrx_word' id='word_1_376' title='bbox 1039 4916 1205 4954; x_wconf 91' lang='lat' dir='ltr'>suam</span> <span class='ocrx_word' id='word_1_377' title='bbox 1255 4899 1502 4955; x_wconf 87' lang='lat' dir='ltr'>divertit.</span> <span class='ocrx_word' id='word_1_378' title='bbox 1539 4898 1682 4952; x_wconf 82' lang='lat' dir='ltr'>Cum</span> <span class='ocrx_word' id='word_1_379' title='bbox 1715 4901 1908 4952; x_wconf 89' lang='lat' dir='ltr'>autem</span> 
     </span>
    </p>
   </div>
   <div class='ocr_carea' id='block_1_54' title="bbox 261 4987 1910 5062">
    <p class='ocr_par' dir='ltr' id='par_1_54' title="bbox 261 4987 1910 5062">
     <span class='ocr_line' id='line_1_54' title="bbox 261 4987 1910 5062; baseline 0 -21"><span class='ocrx_word' id='word_1_380' title='bbox 261 4991 489 5059; x_wconf 85' lang='lat' dir='ltr'>rustici,</span> <span class='ocrx_word' id='word_1_381' title='bbox 505 4990 606 5062; x_wconf 92' lang='lat' dir='ltr'>qui</span> <span class='ocrx_word' id='word_1_382' title='bbox 625 4989 800 5061; x_wconf 88' lang='lat' dir='ltr'>paulo</span> <span class='ocrx_word' id='word_1_383' title='bbox 818 4994 952 5044; x_wconf 88' lang='lat' dir='ltr'>ante</span> <span class='ocrx_word' id='word_1_384' title='bbox 969 4988 1256 5060; x_wconf 83' lang='lat' dir='ltr'>fugientes</span> <span class='ocrx_word' id='word_1_385' title='bbox 1280 4987 1530 5059; x_wconf 88' lang='lat' dir='ltr'>ingressi</span> <span class='ocrx_word' id='word_1_386' title='bbox 1551 4993 1689 5042; x_wconf 90' lang='lat' dir='ltr'>sunt</span> <span class='ocrx_word' id='word_1_387' title='bbox 1703 4988 1910 5041; x_wconf 89' lang='lat' dir='ltr'>domos</span> 
     </span>
    </p>
   </div>
   <div class='ocr_carea' id='block_1_55' title="bbox 259 5075 1911 5152">
    <p class='ocr_par' dir='ltr' id='par_1_55' title="bbox 259 5075 1911 5152">
     <span class='ocr_line' id='line_1_55' title="bbox 259 5075 1911 5152; baseline -0.001 -20"><span class='ocrx_word' id='word_1_388' title='bbox 259 5093 420 5147; x_wconf 85' lang='lat' dir='ltr'>suas,</span> <span class='ocrx_word' id='word_1_389' title='bbox 452 5079 592 5136; x_wconf 89' lang='lat' dir='ltr'>talia</span> <span class='ocrx_word' id='word_1_390' title='bbox 644 5079 1104 5152; x_wconf 84' lang='lat' dir='ltr'>conspexissent,</span> <span class='ocrx_word' id='word_1_391' title='bbox 1157 5079 1431 5149; x_wconf 81' lang='lat' dir='ltr'>fugerunt</span> <span class='ocrx_word' id='word_1_392' title='bbox 1477 5077 1651 5132; x_wconf 89' lang='lat' dir='ltr'>etiam</span> <span class='ocrx_word' id='word_1_393' title='bbox 1705 5075 1911 5131; x_wconf 83' lang='lat' dir='ltr'>exinde</span> 
     </span>
    </p>
   </div>
   <div class='ocr_carea' id='block_1_56' title="bbox 262 5164 1909 5241">
    <p class='ocr_par' dir='ltr' id='par_1_56' title="bbox 262 5164 1909 5241">
     <span class='ocr_line' id='line_1_56' title="bbox 262 5164 1909 5241; baseline -0.002 -20"><span class='ocrx_word' id='word_1_394' title='bbox 262 5183 464 5225; x_wconf 86' lang='lat' dir='ltr'>omnes</span> <span class='ocrx_word' id='word_1_395' title='bbox 497 5173 743 5241; x_wconf 83' lang='lat' dir='ltr'>excepta</span> <span class='ocrx_word' id='word_1_396' title='bbox 772 5168 1035 5239; x_wconf 85' lang='lat' dir='ltr'>ejusdem</span> <span class='ocrx_word' id='word_1_397' title='bbox 1068 5165 1324 5221; x_wconf 89' lang='lat' dir='ltr'>hominis</span> <span class='ocrx_word' id='word_1_398' title='bbox 1372 5166 1638 5237; x_wconf 86' lang='lat' dir='ltr'>conjuge,</span> <span class='ocrx_word' id='word_1_399' title='bbox 1674 5182 1800 5236; x_wconf 78' lang='lat' dir='ltr'>quae</span> <span class='ocrx_word' id='word_1_400' title='bbox 1849 5164 1909 5218; x_wconf 91' lang='lat' dir='ltr'>in</span> 
     </span>
    </p>
   </div>
   <div class='ocr_carea' id='block_1_57' title="bbox 262 5254 1908 5330">
    <p class='ocr_par' dir='ltr' id='par_1_57' title="bbox 262 5254 1908 5330">
     <span class='ocr_line' id='line_1_57' title="bbox 262 5254 1908 5330; baseline -0.001 -20"><span class='ocrx_word' id='word_1_401' title='bbox 262 5259 465 5314; x_wconf 88' lang='lat' dir='ltr'>eadem</span> <span class='ocrx_word' id='word_1_402' title='bbox 498 5259 614 5330; x_wconf 90' lang='lat' dir='ltr'>die,</span> <span class='ocrx_word' id='word_1_403' title='bbox 649 5261 824 5330; x_wconf 86' lang='lat' dir='ltr'>prout</span> <span class='ocrx_word' id='word_1_404' title='bbox 851 5259 1100 5328; x_wconf 89' lang='lat' dir='ltr'>poterat,</span> <span class='ocrx_word' id='word_1_405' title='bbox 1133 5272 1235 5326; x_wconf 91' lang='lat' dir='ltr'>pro</span> <span class='ocrx_word' id='word_1_406' title='bbox 1257 5257 1385 5327; x_wconf 87' lang='lat' dir='ltr'>ejus</span> <span class='ocrx_word' id='word_1_407' title='bbox 1435 5255 1634 5309; x_wconf 91' lang='lat' dir='ltr'>anima</span> <span class='ocrx_word' id='word_1_408' title='bbox 1661 5254 1908 5309; x_wconf 88' lang='lat' dir='ltr'>eleemo-</span> 
     </span>
    </p>
   </div>
   <div class='ocr_carea' id='block_1_58' title="bbox 255 5343 1907 5419">
    <p class='ocr_par' dir='ltr' id='par_1_58' title="bbox 255 5343 1907 5419">
     <span class='ocr_line' id='line_1_58' title="bbox 255 5343 1907 5419; baseline -0.003 -18"><span class='ocrx_word' id='word_1_409' title='bbox 255 5362 464 5418; x_wconf 75' lang='lat' dir='ltr'>synam</span> <span class='ocrx_word' id='word_1_410' title='bbox 497 5347 858 5419; x_wconf 86' lang='lat' dir='ltr'>erogandam</span> <span class='ocrx_word' id='word_1_411' title='bbox 890 5349 1330 5417; x_wconf 64' lang='lat' dir='ltr'>preparaverat.</span> <span class='ocrx_word' id='word_1_412' title='bbox 1365 5344 1492 5398; x_wconf 70' lang='lat' dir='ltr'>Haec</span> <span class='ocrx_word' id='word_1_413' title='bbox 1524 5343 1702 5415; x_wconf 88' lang='lat' dir='ltr'>igitur</span> <span class='ocrx_word' id='word_1_414' title='bbox 1733 5343 1907 5398; x_wconf 85' lang='lat' dir='ltr'>talem</span> 
     </span>
    </p>
   </div>
   <div class='ocr_carea' id='block_1_59' title="bbox 256 5433 1910 5506">
    <p class='ocr_par' dir='ltr' id='par_1_59' title="bbox 256 5433 1910 5506">
     <span class='ocr_line' id='line_1_59' title="bbox 256 5433 1910 5506; baseline -0.002 -16"><span class='ocrx_word' id='word_1_415' title='bbox 256 5436 455 5493; x_wconf 83' lang='lat' dir='ltr'>virum</span> <span class='ocrx_word' id='word_1_416' title='bbox 517 5438 591 5492; x_wconf 88' lang='lat' dir='ltr'>ad</span> <span class='ocrx_word' id='word_1_417' title='bbox 651 5453 828 5492; x_wconf 89' lang='lat' dir='ltr'>suum</span> <span class='ocrx_word' id='word_1_418' title='bbox 877 5434 1200 5506; x_wconf 90' lang='lat' dir='ltr'>hospitium</span> <span class='ocrx_word' id='word_1_419' title='bbox 1259 5433 1592 5488; x_wconf 88' lang='lat' dir='ltr'>tendentem</span> <span class='ocrx_word' id='word_1_420' title='bbox 1653 5451 1685 5486; x_wconf 89' lang='lat' dir='ltr'>a</span> <span class='ocrx_word' id='word_1_421' title='bbox 1740 5433 1910 5502; x_wconf 88' lang='lat' dir='ltr'>longe</span> 
     </span>
    </p>
   </div>
   <div class='ocr_carea' id='block_1_60' title="bbox 249 5522 1908 5599">
    <p class='ocr_par' dir='ltr' id='par_1_60' title="bbox 249 5522 1908 5599">
     <span class='ocr_line' id='line_1_60' title="bbox 249 5522 1908 5599; baseline -0.004 -18"><span class='ocrx_word' id='word_1_422' title='bbox 249 5527 650 5599; x_wconf 87' lang='lat' dir='ltr'>prospiciens,</span> <span class='ocrx_word' id='word_1_423' title='bbox 683 5531 740 5580; x_wconf 91' lang='lat' dir='ltr'>et</span> <span class='ocrx_word' id='word_1_424' title='bbox 787 5524 932 5580; x_wconf 88' lang='lat' dir='ltr'>nihil</span> <span class='ocrx_word' id='word_1_425' title='bbox 982 5523 1139 5579; x_wconf 91' lang='lat' dir='ltr'>aliud</span> <span class='ocrx_word' id='word_1_426' title='bbox 1191 5540 1367 5594; x_wconf 90' lang='lat' dir='ltr'>quam</span> <span class='ocrx_word' id='word_1_427' title='bbox 1401 5522 1752 5593; x_wconf 86' lang='lat' dir='ltr'>phantasma</span> <span class='ocrx_word' id='word_1_428' title='bbox 1781 5537 1908 5575; x_wconf 88' lang='lat' dir='ltr'>esse</span> 
     </span>
    </p>
   </div>
   <div class='ocr_carea' id='block_1_61' title="bbox 246 5611 1909 5687">
    <p class='ocr_par' dir='ltr' id='par_1_61' title="bbox 246 5611 1909 5687">
     <span class='ocr_line' id='line_1_61' title="bbox 246 5611 1909 5687; baseline -0.005 -13"><span class='ocrx_word' id='word_1_429' title='bbox 246 5617 627 5685; x_wconf 84' lang='lat' dir='ltr'>existimans,</span> <span class='ocrx_word' id='word_1_430' title='bbox 661 5615 721 5670; x_wconf 91' lang='lat' dir='ltr'>in</span> <span class='ocrx_word' id='word_1_431' title='bbox 772 5613 979 5687; x_wconf 89' lang='lat' dir='ltr'>primis</span> <span class='ocrx_word' id='word_1_432' title='bbox 1033 5613 1200 5685; x_wconf 86' lang='lat' dir='ltr'>signo</span> <span class='ocrx_word' id='word_1_433' title='bbox 1253 5616 1465 5669; x_wconf 58' lang='lat' dir='ltr'>sancta</span> <span class='ocrx_word' id='word_1_434' title='bbox 1523 5611 1712 5665; x_wconf 87' lang='lat' dir='ltr'>crucis</span> <span class='ocrx_word' id='word_1_435' title='bbox 1759 5612 1909 5666; x_wconf 80' lang='lat' dir='ltr'>facto</span> 
     </span>
    </p>
   </div>
   <div class='ocr_carea' id='block_1_62' title="bbox 247 5700 1910 5781">
    <p class='ocr_par' dir='ltr' id='par_1_62' title="bbox 247 5700 1910 5781">
     <span class='ocr_line' id='line_1_62' title="bbox 247 5700 1910 5781; baseline -0.007 -14"><span class='ocrx_word' id='word_1_436' title='bbox 247 5724 314 5767; x_wconf 86' lang='lat' dir='ltr'>se</span> <span class='ocrx_word' id='word_1_437' title='bbox 377 5707 660 5781; x_wconf 80' lang='lat' dir='ltr'>signavit,</span> <span class='ocrx_word' id='word_1_438' title='bbox 709 5703 921 5762; x_wconf 89' lang='lat' dir='ltr'>deinde</span> <span class='ocrx_word' id='word_1_439' title='bbox 969 5702 1359 5774; x_wconf 89' lang='lat' dir='ltr'>omnimodas,</span> <span class='ocrx_word' id='word_1_440' title='bbox 1416 5700 1629 5772; x_wconf 90' lang='lat' dir='ltr'>quibus</span> <span class='ocrx_word' id='word_1_441' title='bbox 1687 5700 1910 5756; x_wconf 89' lang='lat' dir='ltr'>delusio</span> 
     </span>
    </p>
   </div>
   <div class='ocr_carea' id='block_1_63' title="bbox 2037 624 3690 702">
    <p class='ocr_par' dir='ltr' id='par_1_63' title="bbox 2037 624 3690 702">
     <span class='ocr_line' id='line_1_63' title="bbox 2037 624 3690 702; baseline 0.006 -25"><span class='ocrx_word' id='word_1_442' title='bbox 2037 624 2318 694; x_wconf 89' lang='lat' dir='ltr'>adjurans</span> <span class='ocrx_word' id='word_1_443' title='bbox 2385 629 2467 691; x_wconf 91' lang='lat' dir='ltr'>ut,</span> <span class='ocrx_word' id='word_1_444' title='bbox 2511 624 2558 680; x_wconf 92' lang='lat' dir='ltr'>si</span> <span class='ocrx_word' id='word_1_445' title='bbox 2605 625 2847 697; x_wconf 90' lang='lat' dir='ltr'>spiritus</span> <span class='ocrx_word' id='word_1_446' title='bbox 2905 625 3200 699; x_wconf 88' lang='lat' dir='ltr'>malignus</span> <span class='ocrx_word' id='word_1_447' title='bbox 3257 632 3431 697; x_wconf 83' lang='lat' dir='ltr'>esset,</span> <span class='ocrx_word' id='word_1_448' title='bbox 3481 629 3690 702; x_wconf 91' lang='lat' dir='ltr'>procul</span> 
     </span>
    </p>
   </div>
   <div class='ocr_carea' id='block_1_64' title="bbox 2037 712 3682 793">
    <p class='ocr_par' dir='ltr' id='par_1_64' title="bbox 2037 712 3682 793">
     <span class='ocr_line' id='line_1_64' title="bbox 2037 712 3682 793; baseline 0.006 -26"><span class='ocrx_word' id='word_1_449' title='bbox 2037 712 2396 768; x_wconf 86' lang='lat' dir='ltr'>abscederet.</span> <span class='ocrx_word' id='word_1_450' title='bbox 2429 717 2505 768; x_wconf 85' lang='lat' dir='ltr'>At</span> <span class='ocrx_word' id='word_1_451' title='bbox 2535 712 2631 769; x_wconf 91' lang='lat' dir='ltr'>ille</span> <span class='ocrx_word' id='word_1_452' title='bbox 2662 715 2902 786; x_wconf 88' lang='lat' dir='ltr'>propius</span> <span class='ocrx_word' id='word_1_453' title='bbox 2933 717 3214 772; x_wconf 90' lang='lat' dir='ltr'>accedens</span> <span class='ocrx_word' id='word_1_454' title='bbox 3255 719 3326 773; x_wconf 90' lang='lat' dir='ltr'>ad</span> <span class='ocrx_word' id='word_1_455' title='bbox 3371 719 3682 793; x_wconf 89' lang='lat' dir='ltr'>conjugem</span> 
     </span>
    </p>
   </div>
   <div class='ocr_carea' id='block_1_65' title="bbox 2037 802 3687 878">
    <p class='ocr_par' dir='ltr' id='par_1_65' title="bbox 2037 802 3687 878">
     <span class='ocr_line' id='line_1_65' title="bbox 2037 802 3687 878; baseline 0.007 -23"><span class='ocrx_word' id='word_1_456' title='bbox 2037 802 2182 856; x_wconf 77' lang='lat' dir='ltr'>dixit</span> <span class='ocrx_word' id='word_1_457' title='bbox 2215 819 2226 856; x_wconf 93' lang='lat'>:</span> <span class='ocrx_word' id='word_1_458' title='bbox 2279 802 2427 873; x_wconf 83' lang='lat' dir='ltr'>Noli,</span> <span class='ocrx_word' id='word_1_459' title='bbox 2465 820 2681 874; x_wconf 66' lang='lat' dir='ltr'>quaeso,</span> <span class='ocrx_word' id='word_1_460' title='bbox 2715 804 2833 858; x_wconf 92' lang='lat' dir='ltr'>noli</span> <span class='ocrx_word' id='word_1_461' title='bbox 2866 805 3070 860; x_wconf 89' lang='lat' dir='ltr'>timere</span> <span class='ocrx_word' id='word_1_462' title='bbox 3107 822 3406 863; x_wconf 90' lang='lat' dir='ltr'>accessum</span> <span class='ocrx_word' id='word_1_463' title='bbox 3441 825 3637 866; x_wconf 89' lang='lat' dir='ltr'>meum</span> <span class='ocrx_word' id='word_1_464' title='bbox 3673 828 3687 878; x_wconf 91' lang='lat'><strong>;</strong></span> 
     </span>
    </p>
   </div>
   <div class='ocr_carea' id='block_1_66' title="bbox 2037 891 3680 972">
    <p class='ocr_par' dir='ltr' id='par_1_66' title="bbox 2037 891 3680 972">
     <span class='ocr_line' id='line_1_66' title="bbox 2037 891 3680 972; baseline 0.007 -28"><span class='ocrx_word' id='word_1_465' title='bbox 2037 891 2136 945; x_wconf 92' lang='lat' dir='ltr'>sed</span> <span class='ocrx_word' id='word_1_466' title='bbox 2189 908 2290 961; x_wconf 89' lang='lat' dir='ltr'>pro</span> <span class='ocrx_word' id='word_1_467' title='bbox 2340 897 2492 947; x_wconf 90' lang='lat' dir='ltr'>certo</span> <span class='ocrx_word' id='word_1_468' title='bbox 2539 908 2823 958; x_wconf 80' lang='lat' dir='ltr'>cognosce</span> <span class='ocrx_word' id='word_1_469' title='bbox 2855 910 2948 949; x_wconf 90' lang='lat' dir='ltr'>me</span> <span class='ocrx_word' id='word_1_470' title='bbox 2977 895 3166 949; x_wconf 88' lang='lat' dir='ltr'>virum</span> <span class='ocrx_word' id='word_1_471' title='bbox 3197 899 3364 950; x_wconf 91' lang='lat' dir='ltr'>tuum</span> <span class='ocrx_word' id='word_1_472' title='bbox 3396 914 3544 967; x_wconf 89' lang='lat' dir='ltr'>esse,</span> <span class='ocrx_word' id='word_1_473' title='bbox 3579 898 3680 972; x_wconf 90' lang='lat' dir='ltr'>qui</span> 
     </span>
    </p>
   </div>
   <div class='ocr_carea' id='block_1_67' title="bbox 2035 978 3683 1058">
    <p class='ocr_par' dir='ltr' id='par_1_67' title="bbox 2035 978 3683 1058">
     <span class='ocr_line' id='line_1_67' title="bbox 2035 978 3683 1058; baseline 0.007 -27"><span class='ocrx_word' id='word_1_474' title='bbox 2035 978 2092 1032; x_wconf 90' lang='lat' dir='ltr'>in</span> <span class='ocrx_word' id='word_1_475' title='bbox 2127 979 2410 1049; x_wconf 88' lang='lat' dir='ltr'>patibulo,</span> <span class='ocrx_word' id='word_1_476' title='bbox 2444 980 2596 1036; x_wconf 91' lang='lat' dir='ltr'>sicut</span> <span class='ocrx_word' id='word_1_477' title='bbox 2627 981 2803 1046; x_wconf 92' lang='lat' dir='ltr'>nosti,</span> <span class='ocrx_word' id='word_1_478' title='bbox 2835 982 2917 1037; x_wconf 90' lang='lat' dir='ltr'>fui</span> <span class='ocrx_word' id='word_1_479' title='bbox 2960 999 3305 1054; x_wconf 90' lang='lat' dir='ltr'>suspensus,</span> <span class='ocrx_word' id='word_1_480' title='bbox 3342 987 3441 1041; x_wconf 89' lang='lat' dir='ltr'>sed</span> <span class='ocrx_word' id='word_1_481' title='bbox 3491 988 3683 1058; x_wconf 90' lang='lat' dir='ltr'>gratia</span> 
     </span>
    </p>
   </div>
   <div class='ocr_carea' id='block_1_68' title="bbox 2034 1067 3677 1143">
    <p class='ocr_par' dir='ltr' id='par_1_68' title="bbox 2034 1067 3677 1143">
     <span class='ocr_line' id='line_1_68' title="bbox 2034 1067 3677 1143; baseline 0.007 -23"><span class='ocrx_word' id='word_1_482' title='bbox 2034 1067 2229 1123; x_wconf 89' lang='lat' dir='ltr'>divina</span> <span class='ocrx_word' id='word_1_483' title='bbox 2249 1076 2625 1130; x_wconf 86' lang='lat' dir='ltr'>succurrente</span> <span class='ocrx_word' id='word_1_484' title='bbox 2647 1071 2706 1126; x_wconf 91' lang='lat' dir='ltr'>in</span> <span class='ocrx_word' id='word_1_485' title='bbox 2730 1072 2933 1126; x_wconf 89' lang='lat' dir='ltr'>eodem</span> <span class='ocrx_word' id='word_1_486' title='bbox 2957 1071 3217 1143; x_wconf 89' lang='lat' dir='ltr'>patibulo</span> <span class='ocrx_word' id='word_1_487' title='bbox 3241 1074 3313 1129; x_wconf 89' lang='lat' dir='ltr'>ad</span> <span class='ocrx_word' id='word_1_488' title='bbox 3331 1074 3511 1130; x_wconf 90' lang='lat' dir='ltr'>vitam</span> <span class='ocrx_word' id='word_1_489' title='bbox 3543 1093 3677 1132; x_wconf 90' lang='lat' dir='ltr'>sum</span> 
     </span>
    </p>
   </div>
   <div class='ocr_carea' id='block_1_69' title="bbox 2033 1159 3680 1233">
    <p class='ocr_par' dir='ltr' id='par_1_69' title="bbox 2033 1159 3680 1233">
     <span class='ocr_line' id='line_1_69' title="bbox 2033 1159 3680 1233; baseline 0.007 -22"><span class='ocrx_word' id='word_1_490' title='bbox 2033 1162 2381 1214; x_wconf 88' lang='lat' dir='ltr'>reservatus.</span> <span class='ocrx_word' id='word_1_491' title='bbox 2414 1161 2493 1214; x_wconf 88' lang='lat' dir='ltr'>Ad</span> <span class='ocrx_word' id='word_1_492' title='bbox 2527 1159 2647 1215; x_wconf 84' lang='lat' dir='ltr'>haec</span> <span class='ocrx_word' id='word_1_493' title='bbox 2680 1159 2892 1216; x_wconf 90' lang='lat' dir='ltr'>mulier</span> <span class='ocrx_word' id='word_1_494' title='bbox 2922 1178 2934 1216; x_wconf 93' lang='lat'>:</span> <span class='ocrx_word' id='word_1_495' title='bbox 2989 1161 3070 1228; x_wconf 89' lang='lat' dir='ltr'>Si,</span> <span class='ocrx_word' id='word_1_496' title='bbox 3103 1161 3316 1233; x_wconf 92' lang='lat' dir='ltr'>inquit,</span> <span class='ocrx_word' id='word_1_497' title='bbox 3352 1163 3474 1219; x_wconf 69' lang='lat' dir='ltr'>haec</span> <span class='ocrx_word' id='word_1_498' title='bbox 3503 1163 3585 1220; x_wconf 92' lang='lat' dir='ltr'>ita</span> <span class='ocrx_word' id='word_1_499' title='bbox 3617 1182 3680 1222; x_wconf 87' lang='lat' dir='ltr'>se</span> 
     </span>
    </p>
   </div>
   <div class='ocr_carea' id='block_1_70' title="bbox 2033 1245 3680 1322">
    <p class='ocr_par' dir='ltr' id='par_1_70' title="bbox 2033 1245 3680 1322">
     <span class='ocr_line' id='line_1_70' title="bbox 2033 1245 3680 1322; baseline 0.007 -23"><span class='ocrx_word' id='word_1_500' title='bbox 2033 1245 2267 1314; x_wconf 84' lang='lat' dir='ltr'>habent,</span> <span class='ocrx_word' id='word_1_501' title='bbox 2293 1249 2501 1304; x_wconf 88' lang='lat' dir='ltr'>accede</span> <span class='ocrx_word' id='word_1_502' title='bbox 2523 1249 2764 1320; x_wconf 91' lang='lat' dir='ltr'>propius</span> <span class='ocrx_word' id='word_1_503' title='bbox 2785 1250 2844 1304; x_wconf 93' lang='lat' dir='ltr'>in</span> <span class='ocrx_word' id='word_1_504' title='bbox 2867 1250 3100 1305; x_wconf 89' lang='lat' dir='ltr'>nomine</span> <span class='ocrx_word' id='word_1_505' title='bbox 3125 1251 3371 1322; x_wconf 85' lang='lat' dir='ltr'>Domini,</span> <span class='ocrx_word' id='word_1_506' title='bbox 3395 1257 3452 1308; x_wconf 91' lang='lat' dir='ltr'>et</span> <span class='ocrx_word' id='word_1_507' title='bbox 3471 1270 3680 1310; x_wconf 89' lang='lat' dir='ltr'>enarra</span> 
     </span>
    </p>
   </div>
   <div class='ocr_carea' id='block_1_71' title="bbox 2033 1336 3677 1413">
    <p class='ocr_par' dir='ltr' id='par_1_71' title="bbox 2033 1336 3677 1413">
     <span class='ocr_line' id='line_1_71' title="bbox 2033 1336 3677 1413; baseline 0.006 -23"><span class='ocrx_word' id='word_1_508' title='bbox 2033 1336 2200 1392; x_wconf 89' lang='lat' dir='ltr'>nobis</span> <span class='ocrx_word' id='word_1_509' title='bbox 2233 1339 2524 1408; x_wconf 88' lang='lat' dir='ltr'>quomodo</span> <span class='ocrx_word' id='word_1_510' title='bbox 2563 1339 2794 1394; x_wconf 87' lang='lat' dir='ltr'>vixeris.</span> <span class='ocrx_word' id='word_1_511' title='bbox 2825 1344 2898 1394; x_wconf 86' lang='lat' dir='ltr'>At</span> <span class='ocrx_word' id='word_1_512' title='bbox 2923 1339 3020 1397; x_wconf 87' lang='lat' dir='ltr'>ille</span> <span class='ocrx_word' id='word_1_513' title='bbox 3049 1342 3409 1413; x_wconf 87' lang='lat' dir='ltr'>respondens</span> <span class='ocrx_word' id='word_1_514' title='bbox 3440 1343 3522 1398; x_wconf 89' lang='lat' dir='ltr'>ait</span> <span class='ocrx_word' id='word_1_515' title='bbox 3550 1360 3562 1398; x_wconf 89' lang='lat'><strong>:</strong></span> <span class='ocrx_word' id='word_1_516' title='bbox 3596 1344 3677 1400; x_wconf 90' lang='lat' dir='ltr'>De</span> 
     </span>
    </p>
   </div>
   <div class='ocr_carea' id='block_1_72' title="bbox 2030 1425 3676 1500">
    <p class='ocr_par' dir='ltr' id='par_1_72' title="bbox 2030 1425 3676 1500">
     <span class='ocr_line' id='line_1_72' title="bbox 2030 1425 3676 1500; baseline 0.006 -21"><span class='ocrx_word' id='word_1_517' title='bbox 2030 1425 2123 1481; x_wconf 90' lang='lat' dir='ltr'>his</span> <span class='ocrx_word' id='word_1_518' title='bbox 2142 1426 2303 1481; x_wconf 87' lang='lat' dir='ltr'>nulla</span> <span class='ocrx_word' id='word_1_519' title='bbox 2322 1444 2603 1498; x_wconf 89' lang='lat' dir='ltr'>responsa</span> <span class='ocrx_word' id='word_1_520' title='bbox 2620 1429 2789 1495; x_wconf 90' lang='lat' dir='ltr'>dabo,</span> <span class='ocrx_word' id='word_1_521' title='bbox 2807 1429 3151 1500; x_wconf 92' lang='lat' dir='ltr'>priusquam</span> <span class='ocrx_word' id='word_1_522' title='bbox 3171 1432 3242 1486; x_wconf 91' lang='lat' dir='ltr'>ad</span> <span class='ocrx_word' id='word_1_523' title='bbox 3259 1431 3564 1488; x_wconf 88' lang='lat' dir='ltr'>ecclesiam</span> <span class='ocrx_word' id='word_1_524' title='bbox 3585 1451 3676 1490; x_wconf 87' lang='lat' dir='ltr'>ve-</span> 
     </span>
    </p>
   </div>
   <div class='ocr_carea' id='block_1_73' title="bbox 2030 1515 3674 1593">
    <p class='ocr_par' dir='ltr' id='par_1_73' title="bbox 2030 1515 3674 1593">
     <span class='ocr_line' id='line_1_73' title="bbox 2030 1515 3674 1593; baseline 0.005 -24"><span class='ocrx_word' id='word_1_525' title='bbox 2030 1530 2206 1582; x_wconf 88' lang='lat' dir='ltr'>nero;</span> <span class='ocrx_word' id='word_1_526' title='bbox 2240 1515 2378 1570; x_wconf 92' lang='lat' dir='ltr'>illuc</span> <span class='ocrx_word' id='word_1_527' title='bbox 2409 1515 2564 1571; x_wconf 90' lang='lat' dir='ltr'>enim</span> <span class='ocrx_word' id='word_1_528' title='bbox 2597 1517 2656 1571; x_wconf 91' lang='lat' dir='ltr'>in</span> <span class='ocrx_word' id='word_1_529' title='bbox 2688 1517 2895 1589; x_wconf 90' lang='lat' dir='ltr'>primis</span> <span class='ocrx_word' id='word_1_530' title='bbox 2924 1518 3118 1574; x_wconf 87' lang='lat' dir='ltr'>venire</span> <span class='ocrx_word' id='word_1_531' title='bbox 3149 1519 3339 1592; x_wconf 90' lang='lat' dir='ltr'>cupio,</span> <span class='ocrx_word' id='word_1_532' title='bbox 3364 1525 3428 1576; x_wconf 90' lang='lat' dir='ltr'>ut</span> <span class='ocrx_word' id='word_1_533' title='bbox 3456 1522 3674 1593; x_wconf 86' lang='lat' dir='ltr'>gratias</span> 
     </span>
    </p>
   </div>
   <div class='ocr_carea' id='block_1_74' title="bbox 2028 1604 3673 1678">
    <p class='ocr_par' dir='ltr' id='par_1_74' title="bbox 2028 1604 3673 1678">
     <span class='ocr_line' id='line_1_74' title="bbox 2028 1604 3673 1678; baseline 0.005 -21"><span class='ocrx_word' id='word_1_534' title='bbox 2028 1620 2197 1675; x_wconf 91' lang='lat' dir='ltr'>agam</span> <span class='ocrx_word' id='word_1_535' title='bbox 2221 1604 2603 1676; x_wconf 89' lang='lat' dir='ltr'>omnipotenti</span> <span class='ocrx_word' id='word_1_536' title='bbox 2632 1607 2763 1672; x_wconf 90' lang='lat' dir='ltr'>Deo,</span> <span class='ocrx_word' id='word_1_537' title='bbox 2787 1607 2886 1678; x_wconf 93' lang='lat' dir='ltr'>qui</span> <span class='ocrx_word' id='word_1_538' title='bbox 2920 1623 3012 1662; x_wconf 89' lang='lat' dir='ltr'>me</span> <span class='ocrx_word' id='word_1_539' title='bbox 3041 1609 3359 1664; x_wconf 88' lang='lat' dir='ltr'>clementer</span> <span class='ocrx_word' id='word_1_540' title='bbox 3388 1611 3673 1666; x_wconf 89' lang='lat' dir='ltr'>mirabili-</span> 
     </span>
    </p>
   </div>
   <div class='ocr_carea' id='block_1_75' title="bbox 2025 1694 3674 1765">
    <p class='ocr_par' dir='ltr' id='par_1_75' title="bbox 2025 1694 3674 1765">
     <span class='ocr_line' id='line_1_75' title="bbox 2025 1694 3674 1765; baseline 0.005 -17"><span class='ocrx_word' id='word_1_541' title='bbox 2025 1698 2228 1765; x_wconf 89' lang='lat' dir='ltr'>terque</span> <span class='ocrx_word' id='word_1_542' title='bbox 2259 1695 2528 1765; x_wconf 72' lang='lat' dir='ltr'>praesenti</span> <span class='ocrx_word' id='word_1_543' title='bbox 2558 1694 2686 1750; x_wconf 79' lang='lat' dir='ltr'>vitae</span> <span class='ocrx_word' id='word_1_544' title='bbox 2719 1697 3052 1752; x_wconf 90' lang='lat' dir='ltr'>reservavit.</span> <span class='ocrx_word' id='word_1_545' title='bbox 3085 1696 3228 1752; x_wconf 89' lang='lat' dir='ltr'>Illuc</span> <span class='ocrx_word' id='word_1_546' title='bbox 3255 1699 3430 1754; x_wconf 90' lang='lat' dir='ltr'>etiam</span> <span class='ocrx_word' id='word_1_547' title='bbox 3480 1699 3674 1756; x_wconf 88' lang='lat' dir='ltr'>veniat</span> 
     </span>
    </p>
   </div>
   <div class='ocr_carea' id='block_1_76' title="bbox 2027 1783 3672 1858">
    <p class='ocr_par' dir='ltr' id='par_1_76' title="bbox 2027 1783 3672 1858">
     <span class='ocr_line' id='line_1_76' title="bbox 2027 1783 3672 1858; baseline 0.006 -23"><span class='ocrx_word' id='word_1_548' title='bbox 2027 1783 2300 1853; x_wconf 88' lang='lat' dir='ltr'>quisquis</span> <span class='ocrx_word' id='word_1_549' title='bbox 2357 1799 2390 1837; x_wconf 92' lang='lat' dir='ltr'>a</span> <span class='ocrx_word' id='word_1_550' title='bbox 2446 1799 2539 1838; x_wconf 90' lang='lat' dir='ltr'>me</span> <span class='ocrx_word' id='word_1_551' title='bbox 2587 1784 2788 1839; x_wconf 91' lang='lat' dir='ltr'>audire</span> <span class='ocrx_word' id='word_1_552' title='bbox 2845 1785 3137 1841; x_wconf 89' lang='lat' dir='ltr'>desiderat</span> <span class='ocrx_word' id='word_1_553' title='bbox 3193 1803 3320 1858; x_wconf 60' lang='lat' dir='ltr'>qua</span> <span class='ocrx_word' id='word_1_554' title='bbox 3368 1787 3524 1844; x_wconf 90' lang='lat' dir='ltr'>circa</span> <span class='ocrx_word' id='word_1_555' title='bbox 3580 1806 3672 1846; x_wconf 91' lang='lat' dir='ltr'>me</span> 
     </span>
    </p>
   </div>
   <div class='ocr_carea' id='block_1_77' title="bbox 2025 1872 3674 1947">
    <p class='ocr_par' dir='ltr' id='par_1_77' title="bbox 2025 1872 3674 1947">
     <span class='ocr_line' id='line_1_77' title="bbox 2025 1872 3674 1947; baseline 0.005 -22"><span class='ocrx_word' id='word_1_556' title='bbox 2025 1875 2190 1943; x_wconf 87' lang='lat' dir='ltr'>gesta</span> <span class='ocrx_word' id='word_1_557' title='bbox 2237 1876 2394 1927; x_wconf 90' lang='lat' dir='ltr'>sunt.</span> <span class='ocrx_word' id='word_1_558' title='bbox 2429 1872 2533 1927; x_wconf 89' lang='lat' dir='ltr'>His</span> <span class='ocrx_word' id='word_1_559' title='bbox 2582 1873 2778 1943; x_wconf 90' lang='lat' dir='ltr'>itaque</span> <span class='ocrx_word' id='word_1_560' title='bbox 2821 1873 2993 1930; x_wconf 90' lang='lat' dir='ltr'>dictis</span> <span class='ocrx_word' id='word_1_561' title='bbox 3025 1876 3354 1947; x_wconf 89' lang='lat' dir='ltr'>properavit</span> <span class='ocrx_word' id='word_1_562' title='bbox 3383 1879 3454 1932; x_wconf 88' lang='lat' dir='ltr'>ad</span> <span class='ocrx_word' id='word_1_563' title='bbox 3485 1877 3674 1934; x_wconf 85' lang='lat' dir='ltr'>eccle-</span> 
     </span>
    </p>
   </div>
   <div class='ocr_carea' id='block_1_78' title="bbox 2024 1960 3670 2034">
    <p class='ocr_par' dir='ltr' id='par_1_78' title="bbox 2024 1960 3670 2034">
     <span class='ocr_line' id='line_1_78' title="bbox 2024 1960 3670 2034; baseline 0.004 -18"><span class='ocrx_word' id='word_1_564' title='bbox 2024 1960 2172 2016; x_wconf 86' lang='lat' dir='ltr'>siam</span> <span class='ocrx_word' id='word_1_565' title='bbox 2205 1960 2404 2032; x_wconf 91' lang='lat' dir='ltr'>ibique</span> <span class='ocrx_word' id='word_1_566' title='bbox 2434 1960 2779 2033; x_wconf 87' lang='lat' dir='ltr'>aliquandiu</span> <span class='ocrx_word' id='word_1_567' title='bbox 2813 1967 3140 2034; x_wconf 89' lang='lat' dir='ltr'>prostratus</span> <span class='ocrx_word' id='word_1_568' title='bbox 3172 1967 3286 2020; x_wconf 91' lang='lat' dir='ltr'>Deo</span> <span class='ocrx_word' id='word_1_569' title='bbox 3325 1965 3552 2022; x_wconf 90' lang='lat' dir='ltr'>debitas</span> <span class='ocrx_word' id='word_1_570' title='bbox 3583 1983 3670 2022; x_wconf 91' lang='lat' dir='ltr'>re-</span> 
     </span>
    </p>
   </div>
   <div class='ocr_carea' id='block_1_79' title="bbox 2023 2049 2430 2122">
    <p class='ocr_par' dir='ltr' id='par_1_79' title="bbox 2023 2049 2430 2122">
     <span class='ocr_line' id='line_1_79' title="bbox 2023 2049 2430 2122; baseline 0.007 -18"><span class='ocrx_word' id='word_1_571' title='bbox 2023 2049 2156 2105; x_wconf 91' lang='lat' dir='ltr'>tulit</span> <span class='ocrx_word' id='word_1_572' title='bbox 2190 2051 2430 2122; x_wconf 88' lang='lat' dir='ltr'>gratias.</span> 
     </span>
    </p>
   </div>
   <div class='ocr_carea' id='block_1_80' title="bbox 2098 2139 3672 2217">
    <p class='ocr_par' dir='ltr' id='par_1_80' title="bbox 2098 2139 3672 2217">
     <span class='ocr_line' id='line_1_80' title="bbox 2098 2139 3672 2217; baseline 0.007 -24"><span class='ocrx_word' id='word_1_573' title='bbox 2098 2140 2324 2195; x_wconf 90' lang='lat' dir='ltr'>Interea</span> <span class='ocrx_word' id='word_1_574' title='bbox 2345 2139 2509 2211; x_wconf 88' lang='lat' dir='ltr'>plebs</span> <span class='ocrx_word' id='word_1_575' title='bbox 2537 2141 2749 2211; x_wconf 90' lang='lat' dir='ltr'>omnis,</span> <span class='ocrx_word' id='word_1_576' title='bbox 2775 2159 2901 2214; x_wconf 85' lang='lat' dir='ltr'>quae</span> <span class='ocrx_word' id='word_1_577' title='bbox 2925 2146 3058 2198; x_wconf 91' lang='lat' dir='ltr'>ante</span> <span class='ocrx_word' id='word_1_578' title='bbox 3079 2143 3325 2216; x_wconf 85' lang='lat' dir='ltr'>fugerat,</span> <span class='ocrx_word' id='word_1_579' title='bbox 3349 2161 3672 2217; x_wconf 87' lang='lat' dir='ltr'>agnoscens</span> 
     </span>
    </p>
   </div>
   <div class='ocr_carea' id='block_1_81' title="bbox 2023 2229 3673 2304">
    <p class='ocr_par' dir='ltr' id='par_1_81' title="bbox 2023 2229 3673 2304">
     <span class='ocr_line' id='line_1_81' title="bbox 2023 2229 3673 2304; baseline 0.005 -22"><span class='ocrx_word' id='word_1_580' title='bbox 2023 2244 2153 2283; x_wconf 91' lang='lat' dir='ltr'>vere</span> <span class='ocrx_word' id='word_1_581' title='bbox 2204 2243 2329 2300; x_wconf 83' lang='lat' dir='ltr'>quae</span> <span class='ocrx_word' id='word_1_582' title='bbox 2383 2229 2456 2283; x_wconf 88' lang='lat' dir='ltr'>ab</span> <span class='ocrx_word' id='word_1_583' title='bbox 2504 2229 2740 2285; x_wconf 91' lang='lat' dir='ltr'>homine</span> <span class='ocrx_word' id='word_1_584' title='bbox 2789 2231 2940 2285; x_wconf 90' lang='lat' dir='ltr'>facta</span> <span class='ocrx_word' id='word_1_585' title='bbox 2988 2233 3148 2303; x_wconf 88' lang='lat' dir='ltr'>sunt,</span> <span class='ocrx_word' id='word_1_586' title='bbox 3179 2234 3330 2304; x_wconf 91' lang='lat' dir='ltr'>quod</span> <span class='ocrx_word' id='word_1_587' title='bbox 3367 2234 3586 2292; x_wconf 90' lang='lat' dir='ltr'>scilicet</span> <span class='ocrx_word' id='word_1_588' title='bbox 3616 2240 3673 2292; x_wconf 93' lang='lat' dir='ltr'>et</span> 
     </span>
    </p>
   </div>
   <div class='ocr_carea' id='block_1_82' title="bbox 2025 2316 3670 2397">
    <p class='ocr_par' dir='ltr' id='par_1_82' title="bbox 2025 2316 3670 2397">
     <span class='ocr_line' id='line_1_82' title="bbox 2025 2316 3670 2397; baseline 0.006 -26"><span class='ocrx_word' id='word_1_589' title='bbox 2025 2317 2132 2372; x_wconf 89' lang='lat' dir='ltr'>rite</span> <span class='ocrx_word' id='word_1_590' title='bbox 2154 2316 2490 2388; x_wconf 89' lang='lat' dir='ltr'>loqueretur</span> <span class='ocrx_word' id='word_1_591' title='bbox 2513 2319 2583 2373; x_wconf 91' lang='lat' dir='ltr'>ad</span> <span class='ocrx_word' id='word_1_592' title='bbox 2608 2320 2917 2391; x_wconf 89' lang='lat' dir='ltr'>conjugem</span> <span class='ocrx_word' id='word_1_593' title='bbox 2941 2324 2996 2375; x_wconf 91' lang='lat' dir='ltr'>et</span> <span class='ocrx_word' id='word_1_594' title='bbox 3025 2322 3096 2375; x_wconf 91' lang='lat' dir='ltr'>ad</span> <span class='ocrx_word' id='word_1_595' title='bbox 3128 2322 3431 2378; x_wconf 89' lang='lat' dir='ltr'>ecclesiam</span> <span class='ocrx_word' id='word_1_596' title='bbox 3465 2341 3670 2397; x_wconf 90' lang='lat' dir='ltr'>prope-</span> 
     </span>
    </p>
   </div>
   <div class='ocr_carea' id='block_1_83' title="bbox 2025 2408 3670 2479">
    <p class='ocr_par' dir='ltr' id='par_1_83' title="bbox 2025 2408 3670 2479">
     <span class='ocr_line' id='line_1_83' title="bbox 2025 2408 3670 2479; baseline 0.005 -19"><span class='ocrx_word' id='word_1_597' title='bbox 2025 2411 2233 2472; x_wconf 90' lang='lat' dir='ltr'>rasset,</span> <span class='ocrx_word' id='word_1_598' title='bbox 2269 2408 2536 2463; x_wconf 89' lang='lat' dir='ltr'>convenit</span> <span class='ocrx_word' id='word_1_599' title='bbox 2564 2408 2783 2479; x_wconf 88' lang='lat' dir='ltr'>pariter</span> <span class='ocrx_word' id='word_1_600' title='bbox 2811 2408 2971 2475; x_wconf 90' lang='lat' dir='ltr'>illuc,</span> <span class='ocrx_word' id='word_1_601' title='bbox 3003 2411 3308 2466; x_wconf 90' lang='lat' dir='ltr'>sciscitans</span> <span class='ocrx_word' id='word_1_602' title='bbox 3350 2411 3421 2466; x_wconf 91' lang='lat' dir='ltr'>ab</span> <span class='ocrx_word' id='word_1_603' title='bbox 3466 2413 3670 2470; x_wconf 89' lang='lat' dir='ltr'>eodem</span> 
     </span>
    </p>
   </div>
   <div class='ocr_carea' id='block_1_84' title="bbox 2024 2494 3673 2570">
    <p class='ocr_par' dir='ltr' id='par_1_84' title="bbox 2024 2494 3673 2570">
     <span class='ocr_line' id='line_1_84' title="bbox 2024 2494 3673 2570; baseline 0.004 -20"><span class='ocrx_word' id='word_1_604' title='bbox 2024 2494 2276 2566; x_wconf 90' lang='lat' dir='ltr'>qualiter</span> <span class='ocrx_word' id='word_1_605' title='bbox 2323 2495 2383 2549; x_wconf 90' lang='lat' dir='ltr'>in</span> <span class='ocrx_word' id='word_1_606' title='bbox 2434 2499 2595 2551; x_wconf 88' lang='lat' dir='ltr'>tanto</span> <span class='ocrx_word' id='word_1_607' title='bbox 2641 2500 2901 2567; x_wconf 86' lang='lat' dir='ltr'>tempore</span> <span class='ocrx_word' id='word_1_608' title='bbox 2951 2515 3279 2570; x_wconf 89' lang='lat' dir='ltr'>suspensus</span> <span class='ocrx_word' id='word_1_609' title='bbox 3307 2499 3564 2556; x_wconf 87' lang='lat' dir='ltr'>vixisset.</span> <span class='ocrx_word' id='word_1_610' title='bbox 3597 2506 3673 2557; x_wconf 82' lang='lat' dir='ltr'>At</span> 
     </span>
    </p>
   </div>
   <div class='ocr_carea' id='block_1_85' title="bbox 2023 2583 3674 2662">
    <p class='ocr_par' dir='ltr' id='par_1_85' title="bbox 2023 2583 3674 2662">
     <span class='ocr_line' id='line_1_85' title="bbox 2023 2583 3674 2662; baseline 0.005 -25"><span class='ocrx_word' id='word_1_611' title='bbox 2023 2583 2120 2638; x_wconf 92' lang='lat' dir='ltr'>ille</span> <span class='ocrx_word' id='word_1_612' title='bbox 2152 2584 2452 2655; x_wconf 81' lang='lat' dir='ltr'>respondit</span> <span class='ocrx_word' id='word_1_613' title='bbox 2482 2585 2718 2641; x_wconf 90' lang='lat' dir='ltr'>dicens:</span> <span class='ocrx_word' id='word_1_614' title='bbox 2748 2585 2895 2640; x_wconf 90' lang='lat' dir='ltr'>Mira</span> <span class='ocrx_word' id='word_1_615' title='bbox 2925 2587 3340 2658; x_wconf 87' lang='lat' dir='ltr'>omnipotentis</span> <span class='ocrx_word' id='word_1_616' title='bbox 3362 2589 3462 2645; x_wconf 89' lang='lat' dir='ltr'>Dei</span> <span class='ocrx_word' id='word_1_617' title='bbox 3483 2591 3674 2662; x_wconf 89' lang='lat' dir='ltr'>gratia</span> 
     </span>
    </p>
   </div>
   <div class='ocr_carea' id='block_1_86' title="bbox 2022 2673 3671 2751">
    <p class='ocr_par' dir='ltr' id='par_1_86' title="bbox 2022 2673 3671 2751">
     <span class='ocr_line' id='line_1_86' title="bbox 2022 2673 3671 2751; baseline 0.003 -22"><span class='ocrx_word' id='word_1_618' title='bbox 2022 2673 2156 2729; x_wconf 79' lang='lat' dir='ltr'>vixi.</span> <span class='ocrx_word' id='word_1_619' title='bbox 2191 2674 2336 2740; x_wconf 84' lang='lat' dir='ltr'>Quia</span> <span class='ocrx_word' id='word_1_620' title='bbox 2361 2674 2516 2728; x_wconf 90' lang='lat' dir='ltr'>enim</span> <span class='ocrx_word' id='word_1_621' title='bbox 2547 2678 2674 2729; x_wconf 93' lang='lat' dir='ltr'>octo</span> <span class='ocrx_word' id='word_1_622' title='bbox 2706 2674 2958 2731; x_wconf 87' lang='lat' dir='ltr'>infantes</span> <span class='ocrx_word' id='word_1_623' title='bbox 3003 2676 3072 2731; x_wconf 91' lang='lat' dir='ltr'>dc</span> <span class='ocrx_word' id='word_1_624' title='bbox 3115 2676 3407 2748; x_wconf 89' lang='lat' dir='ltr'>baptismo</span> <span class='ocrx_word' id='word_1_625' title='bbox 3438 2679 3671 2751; x_wconf 90' lang='lat' dir='ltr'>suscepi</span> 
     </span>
    </p>
   </div>
   <div class='ocr_carea' id='block_1_87' title="bbox 2022 2763 3669 2840">
    <p class='ocr_par' dir='ltr' id='par_1_87' title="bbox 2022 2763 3669 2840">
     <span class='ocr_line' id='line_1_87' title="bbox 2022 2763 3669 2840; baseline 0.002 -21"><span class='ocrx_word' id='word_1_626' title='bbox 2022 2763 2224 2834; x_wconf 90' lang='lat' dir='ltr'>eisque</span> <span class='ocrx_word' id='word_1_627' title='bbox 2245 2763 2521 2819; x_wconf 89' lang='lat' dir='ltr'>omnibus</span> <span class='ocrx_word' id='word_1_628' title='bbox 2543 2763 2937 2819; x_wconf 89' lang='lat' dir='ltr'>catechizandi</span> <span class='ocrx_word' id='word_1_629' title='bbox 2959 2765 3030 2820; x_wconf 94' lang='lat' dir='ltr'>ad</span> <span class='ocrx_word' id='word_1_630' title='bbox 3056 2765 3229 2821; x_wconf 85' lang='lat' dir='ltr'>fidem</span> <span class='ocrx_word' id='word_1_631' title='bbox 3263 2783 3490 2822; x_wconf 85' lang='lat' dir='ltr'>sacram</span> <span class='ocrx_word' id='word_1_632' title='bbox 3523 2784 3669 2840; x_wconf 65' lang='lat' dir='ltr'>prae-</span> 
     </span>
    </p>
   </div>
   <div class='ocr_carea' id='block_1_88' title="bbox 2021 2853 3668 2928">
    <p class='ocr_par' dir='ltr' id='par_1_88' title="bbox 2021 2853 3668 2928">
     <span class='ocr_line' id='line_1_88' title="bbox 2021 2853 3668 2928; baseline 0.002 -21"><span class='ocrx_word' id='word_1_633' title='bbox 2021 2853 2160 2920; x_wconf 89' lang='lat' dir='ltr'>mia,</span> <span class='ocrx_word' id='word_1_634' title='bbox 2191 2857 2428 2924; x_wconf 84' lang='lat' dir='ltr'>excepto</span> <span class='ocrx_word' id='word_1_635' title='bbox 2481 2870 2616 2922; x_wconf 92' lang='lat' dir='ltr'>uno,</span> <span class='ocrx_word' id='word_1_636' title='bbox 2662 2853 2904 2925; x_wconf 62' lang='lat' dir='ltr'>prabui,</span> <span class='ocrx_word' id='word_1_637' title='bbox 2951 2854 3260 2910; x_wconf 83' lang='lat' dir='ltr'>videbatur</span> <span class='ocrx_word' id='word_1_638' title='bbox 3313 2856 3458 2910; x_wconf 91' lang='lat' dir='ltr'>mihi</span> <span class='ocrx_word' id='word_1_639' title='bbox 3511 2857 3668 2928; x_wconf 93' lang='lat' dir='ltr'>quod</span> 
     </span>
    </p>
   </div>
   <div class='ocr_carea' id='block_1_89' title="bbox 2023 2943 3668 3016">
    <p class='ocr_par' dir='ltr' id='par_1_89' title="bbox 2023 2943 3668 3016">
     <span class='ocr_line' id='line_1_89' title="bbox 2023 2943 3668 3016; baseline 0.004 -21"><span class='ocrx_word' id='word_1_640' title='bbox 2023 2943 2434 3013; x_wconf 90' lang='lat' dir='ltr'>unusquisque</span> <span class='ocrx_word' id='word_1_641' title='bbox 2465 2959 2667 2997; x_wconf 90' lang='lat' dir='ltr'>eorum</span> <span class='ocrx_word' id='word_1_642' title='bbox 2700 2959 2847 3014; x_wconf 92' lang='lat' dir='ltr'>quos</span> <span class='ocrx_word' id='word_1_643' title='bbox 2877 2943 2950 2998; x_wconf 91' lang='lat' dir='ltr'>ad</span> <span class='ocrx_word' id='word_1_644' title='bbox 2991 2943 3168 2999; x_wconf 83' lang='lat' dir='ltr'>fidem</span> <span class='ocrx_word' id='word_1_645' title='bbox 3199 2945 3471 3012; x_wconf 83' lang='lat' dir='ltr'>conduxi,</span> <span class='ocrx_word' id='word_1_646' title='bbox 3497 2946 3668 3016; x_wconf 85' lang='lat' dir='ltr'>juxta</span> 
     </span>
    </p>
   </div>
   <div class='ocr_carea' id='block_1_90' title="bbox 2021 3030 3669 3105">
    <p class='ocr_par' dir='ltr' id='par_1_90' title="bbox 2021 3030 3669 3105">
     <span class='ocr_line' id='line_1_90' title="bbox 2021 3030 3669 3105; baseline 0.004 -21"><span class='ocrx_word' id='word_1_647' title='bbox 2021 3031 2286 3086; x_wconf 91' lang='lat' dir='ltr'>ordinem</span> <span class='ocrx_word' id='word_1_648' title='bbox 2319 3030 2567 3105; x_wconf 83' lang='lat' dir='ltr'>singulis</span> <span class='ocrx_word' id='word_1_649' title='bbox 2595 3031 2803 3088; x_wconf 90' lang='lat' dir='ltr'>diebus</span> <span class='ocrx_word' id='word_1_650' title='bbox 2842 3036 3027 3095; x_wconf 79' lang='lat' dir='ltr'>semet</span> <span class='ocrx_word' id='word_1_651' title='bbox 3068 3033 3314 3104; x_wconf 91' lang='lat' dir='ltr'>pedibus</span> <span class='ocrx_word' id='word_1_652' title='bbox 3346 3034 3494 3090; x_wconf 90' lang='lat' dir='ltr'>meis</span> <span class='ocrx_word' id='word_1_653' title='bbox 3525 3036 3669 3090; x_wconf 88' lang='lat' dir='ltr'>sub-</span> 
     </span>
    </p>
   </div>
   <div class='ocr_carea' id='block_1_91' title="bbox 2021 3111 3665 3193">
    <p class='ocr_par' dir='ltr' id='par_1_91' title="bbox 2021 3111 3665 3193">
     <span class='ocr_line' id='line_1_91' title="bbox 2021 3111 3665 3193; baseline 0.003 -21"><span class='ocrx_word' id='word_1_654' title='bbox 2021 3135 2264 3189; x_wconf 90' lang='lat' dir='ltr'>ponens,</span> <span class='ocrx_word' id='word_1_655' title='bbox 2296 3111 2367 3174; x_wconf 85' lang='lat' dir='ltr'>ab</span> <span class='ocrx_word' id='word_1_656' title='bbox 2417 3120 2577 3174; x_wconf 91' lang='lat' dir='ltr'>omni</span> <span class='ocrx_word' id='word_1_657' title='bbox 2626 3119 2892 3176; x_wconf 88' lang='lat' dir='ltr'>molestia</span> <span class='ocrx_word' id='word_1_658' title='bbox 2920 3121 3210 3193; x_wconf 90' lang='lat' dir='ltr'>pendendi</span> <span class='ocrx_word' id='word_1_659' title='bbox 3244 3137 3336 3178; x_wconf 90' lang='lat' dir='ltr'>me</span> <span class='ocrx_word' id='word_1_660' title='bbox 3368 3122 3665 3179; x_wconf 87' lang='lat' dir='ltr'>relevaret.</span> 
     </span>
    </p>
   </div>
   <div class='ocr_carea' id='block_1_92' title="bbox 2019 3209 3668 3282">
    <p class='ocr_par' dir='ltr' id='par_1_92' title="bbox 2019 3209 3668 3282">
     <span class='ocr_line' id='line_1_92' title="bbox 2019 3209 3668 3282; baseline 0.002 -19"><span class='ocrx_word' id='word_1_661' title='bbox 2019 3214 2280 3279; x_wconf 86' lang='lat' dir='ltr'>Cumque</span> <span class='ocrx_word' id='word_1_662' title='bbox 2302 3209 2411 3263; x_wconf 90' lang='lat' dir='ltr'>hoc</span> <span class='ocrx_word' id='word_1_663' title='bbox 2436 3225 2537 3280; x_wconf 91' lang='lat' dir='ltr'>per</span> <span class='ocrx_word' id='word_1_664' title='bbox 2555 3213 2777 3280; x_wconf 88' lang='lat' dir='ltr'>septem</span> <span class='ocrx_word' id='word_1_665' title='bbox 2802 3209 2927 3264; x_wconf 91' lang='lat' dir='ltr'>dies</span> <span class='ocrx_word' id='word_1_666' title='bbox 2948 3210 3256 3265; x_wconf 89' lang='lat' dir='ltr'>continuos</span> <span class='ocrx_word' id='word_1_667' title='bbox 3277 3211 3538 3266; x_wconf 90' lang='lat' dir='ltr'>levamen</span> <span class='ocrx_word' id='word_1_668' title='bbox 3564 3213 3668 3282; x_wconf 86' lang='lat' dir='ltr'>ju-</span> 
     </span>
    </p>
   </div>
   <div class='ocr_carea' id='block_1_93' title="bbox 2021 3297 3668 3371">
    <p class='ocr_par' dir='ltr' id='par_1_93' title="bbox 2021 3297 3668 3371">
     <span class='ocr_line' id='line_1_93' title="bbox 2021 3297 3668 3371; baseline 0.001 -19"><span class='ocrx_word' id='word_1_669' title='bbox 2021 3297 2172 3371; x_wconf 88' lang='lat' dir='ltr'>giter</span> <span class='ocrx_word' id='word_1_670' title='bbox 2202 3298 2542 3366; x_wconf 90' lang='lat' dir='ltr'>sensissem,</span> <span class='ocrx_word' id='word_1_671' title='bbox 2585 3298 2643 3351; x_wconf 92' lang='lat' dir='ltr'>in</span> <span class='ocrx_word' id='word_1_672' title='bbox 2675 3302 2873 3352; x_wconf 90' lang='lat' dir='ltr'>octava</span> <span class='ocrx_word' id='word_1_673' title='bbox 2903 3297 2995 3351; x_wconf 88' lang='lat' dir='ltr'>die</span> <span class='ocrx_word' id='word_1_674' title='bbox 3027 3313 3302 3368; x_wconf 90' lang='lat' dir='ltr'>magnam</span> <span class='ocrx_word' id='word_1_675' title='bbox 3335 3299 3668 3353; x_wconf 91' lang='lat' dir='ltr'>molestiam</span> 
     </span>
    </p>
   </div>
   <div class='ocr_carea' id='block_1_94' title="bbox 2014 3384 3672 3458">
    <p class='ocr_par' dir='ltr' id='par_1_94' title="bbox 2014 3384 3672 3458">
     <span class='ocr_line' id='line_1_94' title="bbox 2014 3384 3672 3458; baseline 0 -16"><span class='ocrx_word' id='word_1_676' title='bbox 2014 3388 2274 3458; x_wconf 89' lang='lat' dir='ltr'>pendens</span> <span class='ocrx_word' id='word_1_677' title='bbox 2307 3385 2540 3457; x_wconf 90' lang='lat' dir='ltr'>pertuli,</span> <span class='ocrx_word' id='word_1_678' title='bbox 2568 3386 2706 3456; x_wconf 87' lang='lat' dir='ltr'>quia</span> <span class='ocrx_word' id='word_1_679' title='bbox 2725 3389 2864 3440; x_wconf 90' lang='lat' dir='ltr'>tunc</span> <span class='ocrx_word' id='word_1_680' title='bbox 2894 3402 2928 3440; x_wconf 89' lang='lat' dir='ltr'>a</span> <span class='ocrx_word' id='word_1_681' title='bbox 2958 3384 3120 3440; x_wconf 91' lang='lat' dir='ltr'>nullo</span> <span class='ocrx_word' id='word_1_682' title='bbox 3143 3387 3537 3442; x_wconf 89' lang='lat' dir='ltr'>sustentabar.</span> <span class='ocrx_word' id='word_1_683' title='bbox 3567 3386 3672 3442; x_wconf 91' lang='lat' dir='ltr'>Illa</span> 
     </span>
    </p>
   </div>
   <div class='ocr_carea' id='block_1_95' title="bbox 2015 3471 3667 3545">
    <p class='ocr_par' dir='ltr' id='par_1_95' title="bbox 2015 3471 3667 3545">
     <span class='ocr_line' id='line_1_95' title="bbox 2015 3471 3667 3545; baseline -0.002 -14"><span class='ocrx_word' id='word_1_684' title='bbox 2015 3491 2269 3545; x_wconf 89' lang='lat' dir='ltr'>namque</span> <span class='ocrx_word' id='word_1_685' title='bbox 2299 3474 2394 3528; x_wconf 91' lang='lat' dir='ltr'>die</span> <span class='ocrx_word' id='word_1_686' title='bbox 2425 3490 2671 3545; x_wconf 88' lang='lat' dir='ltr'>puerum</span> <span class='ocrx_word' id='word_1_687' title='bbox 2705 3478 2995 3540; x_wconf 86' lang='lat' dir='ltr'>octavum,</span> <span class='ocrx_word' id='word_1_688' title='bbox 3021 3472 3114 3527; x_wconf 90' lang='lat' dir='ltr'>cui</span> <span class='ocrx_word' id='word_1_689' title='bbox 3143 3471 3306 3528; x_wconf 90' lang='lat' dir='ltr'>nulla</span> <span class='ocrx_word' id='word_1_690' title='bbox 3332 3473 3486 3528; x_wconf 89' lang='lat' dir='ltr'>dona</span> <span class='ocrx_word' id='word_1_691' title='bbox 3511 3473 3667 3540; x_wconf 88' lang='lat' dir='ltr'>dedi,</span> 
     </span>
    </p>
   </div>
   <div class='ocr_carea' id='block_1_96' title="bbox 2015 3562 3666 3634">
    <p class='ocr_par' dir='ltr' id='par_1_96' title="bbox 2015 3562 3666 3634">
     <span class='ocr_line' id='line_1_96' title="bbox 2015 3562 3666 3634; baseline 0 -15"><span class='ocrx_word' id='word_1_692' title='bbox 2015 3565 2480 3619; x_wconf 87' lang='lat' dir='ltr'>circumeuntem</span> <span class='ocrx_word' id='word_1_693' title='bbox 2499 3563 2735 3634; x_wconf 88' lang='lat' dir='ltr'>quidem</span> <span class='ocrx_word' id='word_1_694' title='bbox 2759 3579 2938 3634; x_wconf 85' lang='lat' dir='ltr'>prOpe</span> <span class='ocrx_word' id='word_1_695' title='bbox 2959 3562 3290 3633; x_wconf 90' lang='lat' dir='ltr'>patibulum</span> <span class='ocrx_word' id='word_1_696' title='bbox 3311 3562 3452 3630; x_wconf 92' lang='lat' dir='ltr'>vidi,</span> <span class='ocrx_word' id='word_1_697' title='bbox 3470 3564 3572 3618; x_wconf 88' lang='lat' dir='ltr'>sed</span> <span class='ocrx_word' id='word_1_698' title='bbox 3594 3563 3666 3619; x_wconf 90' lang='lat' dir='ltr'>ab</span> 
     </span>
    </p>
   </div>
   <div class='ocr_carea' id='block_1_97' title="bbox 2014 3651 3664 3724">
    <p class='ocr_par' dir='ltr' id='par_1_97' title="bbox 2014 3651 3664 3724">
     <span class='ocr_line' id='line_1_97' title="bbox 2014 3651 3664 3724; baseline -0.001 -15"><span class='ocrx_word' id='word_1_699' title='bbox 2014 3671 2080 3709; x_wconf 93' lang='lat' dir='ltr'>eo</span> <span class='ocrx_word' id='word_1_700' title='bbox 2113 3652 2191 3707; x_wconf 92' lang='lat' dir='ltr'>nil</span> <span class='ocrx_word' id='word_1_701' title='bbox 2223 3652 2379 3708; x_wconf 90' lang='lat' dir='ltr'>soliti</span> <span class='ocrx_word' id='word_1_702' title='bbox 2418 3651 2724 3707; x_wconf 89' lang='lat' dir='ltr'>levaminis</span> <span class='ocrx_word' id='word_1_703' title='bbox 2754 3652 3005 3723; x_wconf 89' lang='lat' dir='ltr'>percepi.</span> <span class='ocrx_word' id='word_1_704' title='bbox 3036 3652 3320 3708; x_wconf 62' lang='lat' dir='ltr'>Praeterea</span> <span class='ocrx_word' id='word_1_705' title='bbox 3349 3652 3664 3724; x_wconf 90' lang='lat' dir='ltr'>quemdam</span> 
     </span>
    </p>
   </div>
   <div class='ocr_carea' id='block_1_98' title="bbox 2014 3739 3666 3813">
    <p class='ocr_par' dir='ltr' id='par_1_98' title="bbox 2014 3739 3666 3813">
     <span class='ocr_line' id='line_1_98' title="bbox 2014 3739 3666 3813; baseline -0.001 -15"><span class='ocrx_word' id='word_1_706' title='bbox 2014 3747 2189 3798; x_wconf 58' lang='lat' dir='ltr'>tanta:</span> <span class='ocrx_word' id='word_1_707' title='bbox 2215 3742 2521 3797; x_wconf 88' lang='lat' dir='ltr'>suavitatis</span> <span class='ocrx_word' id='word_1_708' title='bbox 2549 3757 2817 3813; x_wconf 87' lang='lat' dir='ltr'>saporem</span> <span class='ocrx_word' id='word_1_709' title='bbox 2839 3739 2900 3794; x_wconf 92' lang='lat' dir='ltr'>in</span> <span class='ocrx_word' id='word_1_710' title='bbox 2927 3757 3024 3796; x_wconf 92' lang='lat' dir='ltr'>ore</span> <span class='ocrx_word' id='word_1_711' title='bbox 3051 3757 3179 3796; x_wconf 91' lang='lat' dir='ltr'>meo</span> <span class='ocrx_word' id='word_1_712' title='bbox 3205 3757 3440 3813; x_wconf 89' lang='lat' dir='ltr'>semper</span> <span class='ocrx_word' id='word_1_713' title='bbox 3459 3742 3666 3798; x_wconf 83' lang='lat' dir='ltr'>adesse</span> 
     </span>
    </p>
   </div>
   <div class='ocr_carea' id='block_1_99' title="bbox 2014 3828 3661 3896">
    <p class='ocr_par' dir='ltr' id='par_1_99' title="bbox 2014 3828 3661 3896">
     <span class='ocr_line' id='line_1_99' title="bbox 2014 3828 3661 3896; baseline -0.001 -9"><span class='ocrx_word' id='word_1_714' title='bbox 2014 3832 2359 3896; x_wconf 87' lang='lat' dir='ltr'>sentiebam,</span> <span class='ocrx_word' id='word_1_715' title='bbox 2386 3834 2450 3885; x_wconf 91' lang='lat' dir='ltr'>ut</span> <span class='ocrx_word' id='word_1_716' title='bbox 2478 3834 2535 3884; x_wconf 92' lang='lat' dir='ltr'>et</span> <span class='ocrx_word' id='word_1_717' title='bbox 2565 3844 2799 3883; x_wconf 91' lang='lat' dir='ltr'>omnem</span> <span class='ocrx_word' id='word_1_718' title='bbox 2831 3828 3096 3884; x_wconf 90' lang='lat' dir='ltr'>ciborum</span> <span class='ocrx_word' id='word_1_719' title='bbox 3127 3829 3521 3885; x_wconf 89' lang='lat' dir='ltr'>humanorum</span> <span class='ocrx_word' id='word_1_720' title='bbox 3544 3830 3661 3885; x_wconf 83' lang='lat' dir='ltr'>fra-</span> 
     </span>
    </p>
   </div>
   <div class='ocr_carea' id='block_1_100' title="bbox 2014 3917 3660 3993">
    <p class='ocr_par' dir='ltr' id='par_1_100' title="bbox 2014 3917 3660 3993">
     <span class='ocr_line' id='line_1_100' title="bbox 2014 3917 3660 3993; baseline -0.001 -19"><span class='ocrx_word' id='word_1_721' title='bbox 2014 3920 2306 3993; x_wconf 88' lang='lat' dir='ltr'>grantiam</span> <span class='ocrx_word' id='word_1_722' title='bbox 2334 3917 2638 3974; x_wconf 83' lang='lat' dir='ltr'>excelleret</span> <span class='ocrx_word' id='word_1_723' title='bbox 2658 3920 2714 3972; x_wconf 89' lang='lat' dir='ltr'>et</span> <span class='ocrx_word' id='word_1_724' title='bbox 2734 3934 3039 3989; x_wconf 90' lang='lat' dir='ltr'>nunquam</span> <span class='ocrx_word' id='word_1_725' title='bbox 3065 3919 3286 3973; x_wconf 89' lang='lat' dir='ltr'>esurire</span> <span class='ocrx_word' id='word_1_726' title='bbox 3308 3934 3401 3974; x_wconf 90' lang='lat' dir='ltr'>me</span> <span class='ocrx_word' id='word_1_727' title='bbox 3424 3918 3660 3990; x_wconf 90' lang='lat' dir='ltr'>permit-</span> 
     </span>
    </p>
   </div>
   <div class='ocr_carea' id='block_1_101' title="bbox 2013 4007 3659 4080">
    <p class='ocr_par' dir='ltr' id='par_1_101' title="bbox 2013 4007 3659 4080">
     <span class='ocr_line' id='line_1_101' title="bbox 2013 4007 3659 4080; baseline -0.001 -15"><span class='ocrx_word' id='word_1_728' title='bbox 2013 4013 2178 4065; x_wconf 86' lang='lat' dir='ltr'>teret.</span> <span class='ocrx_word' id='word_1_729' title='bbox 2213 4010 2378 4064; x_wconf 89' lang='lat' dir='ltr'>Nunc</span> <span class='ocrx_word' id='word_1_730' title='bbox 2411 4024 2567 4080; x_wconf 86' lang='lat' dir='ltr'>ergo,</span> <span class='ocrx_word' id='word_1_731' title='bbox 2603 4007 2740 4077; x_wconf 88' lang='lat' dir='ltr'>quia</span> <span class='ocrx_word' id='word_1_732' title='bbox 2771 4007 2919 4061; x_wconf 90' lang='lat' dir='ltr'>miro</span> <span class='ocrx_word' id='word_1_733' title='bbox 2949 4007 3348 4063; x_wconf 88' lang='lat' dir='ltr'>sustentaculo</span> <span class='ocrx_word' id='word_1_734' title='bbox 3393 4007 3659 4078; x_wconf 87' lang='lat' dir='ltr'>miroque</span> 
     </span>
    </p>
   </div>
   <div class='ocr_carea' id='block_1_102' title="bbox 2013 4095 3667 4170">
    <p class='ocr_par' dir='ltr' id='par_1_102' title="bbox 2013 4095 3667 4170">
     <span class='ocr_line' id='line_1_102' title="bbox 2013 4095 3667 4170; baseline 0 -18"><span class='ocrx_word' id='word_1_735' title='bbox 2013 4099 2232 4154; x_wconf 89' lang='lat' dir='ltr'>ferculo</span> <span class='ocrx_word' id='word_1_736' title='bbox 2255 4115 2356 4169; x_wconf 90' lang='lat' dir='ltr'>per</span> <span class='ocrx_word' id='word_1_737' title='bbox 2376 4096 2624 4170; x_wconf 87' lang='lat' dir='ltr'>gratiam</span> <span class='ocrx_word' id='word_1_738' title='bbox 2649 4095 2748 4151; x_wconf 90' lang='lat' dir='ltr'>Dei</span> <span class='ocrx_word' id='word_1_739' title='bbox 2775 4096 2893 4151; x_wconf 88' lang='lat' dir='ltr'>vita</span> <span class='ocrx_word' id='word_1_740' title='bbox 2924 4095 3068 4150; x_wconf 90' lang='lat' dir='ltr'>mihi</span> <span class='ocrx_word' id='word_1_741' title='bbox 3101 4113 3356 4168; x_wconf 71' lang='lat' dir='ltr'>praesens</span> <span class='ocrx_word' id='word_1_742' title='bbox 3384 4113 3667 4152; x_wconf 89' lang='lat' dir='ltr'>concessa</span> 
     </span>
    </p>
   </div>
   <div class='ocr_carea' id='block_1_103' title="bbox 2015 4185 3666 4257">
    <p class='ocr_par' dir='ltr' id='par_1_103' title="bbox 2015 4185 3666 4257">
     <span class='ocr_line' id='line_1_103' title="bbox 2015 4185 3666 4257; baseline -0.001 -15"><span class='ocrx_word' id='word_1_743' title='bbox 2015 4192 2125 4255; x_wconf 90' lang='lat' dir='ltr'>est,</span> <span class='ocrx_word' id='word_1_744' title='bbox 2149 4186 2298 4240; x_wconf 91' lang='lat' dir='ltr'>nihil</span> <span class='ocrx_word' id='word_1_745' title='bbox 2320 4186 2479 4240; x_wconf 92' lang='lat' dir='ltr'>aliud</span> <span class='ocrx_word' id='word_1_746' title='bbox 2502 4187 2712 4243; x_wconf 89' lang='lat' dir='ltr'>amodo</span> <span class='ocrx_word' id='word_1_747' title='bbox 2738 4186 3029 4257; x_wconf 86' lang='lat' dir='ltr'>agendum</span> <span class='ocrx_word' id='word_1_748' title='bbox 3055 4185 3201 4240; x_wconf 89' lang='lat' dir='ltr'>mihi</span> <span class='ocrx_word' id='word_1_749' title='bbox 3227 4190 3426 4253; x_wconf 89' lang='lat' dir='ltr'>restat,</span> <span class='ocrx_word' id='word_1_750' title='bbox 3449 4185 3566 4241; x_wconf 93' lang='lat' dir='ltr'>nisi</span> <span class='ocrx_word' id='word_1_751' title='bbox 3597 4188 3666 4240; x_wconf 91' lang='lat' dir='ltr'>ut</span> 
     </span>
    </p>
   </div>
   <div class='ocr_carea' id='block_1_104' title="bbox 2015 4274 3667 4348">
    <p class='ocr_par' dir='ltr' id='par_1_104' title="bbox 2015 4274 3667 4348">
     <span class='ocr_line' id='line_1_104' title="bbox 2015 4274 3667 4348; baseline -0.001 -16"><span class='ocrx_word' id='word_1_752' title='bbox 2015 4275 2211 4348; x_wconf 90' lang='lat' dir='ltr'>aliquo</span> <span class='ocrx_word' id='word_1_753' title='bbox 2237 4276 2331 4331; x_wconf 92' lang='lat' dir='ltr'>Dei</span> <span class='ocrx_word' id='word_1_754' title='bbox 2353 4274 2586 4331; x_wconf 87' lang='lat' dir='ltr'>servitio</span> <span class='ocrx_word' id='word_1_755' title='bbox 2615 4292 2708 4330; x_wconf 92' lang='lat' dir='ltr'>me</span> <span class='ocrx_word' id='word_1_756' title='bbox 2730 4275 3065 4346; x_wconf 89' lang='lat' dir='ltr'>mancipare</span> <span class='ocrx_word' id='word_1_757' title='bbox 3086 4275 3394 4343; x_wconf 87' lang='lat' dir='ltr'>studeam;</span> <span class='ocrx_word' id='word_1_758' title='bbox 3419 4275 3667 4343; x_wconf 87' lang='lat' dir='ltr'>ideoque</span> 
     </span>
    </p>
   </div>
   <div class='ocr_carea' id='block_1_105' title="bbox 2015 4363 3670 4438">
    <p class='ocr_par' dir='ltr' id='par_1_105' title="bbox 2015 4363 3670 4438">
     <span class='ocr_line' id='line_1_105' title="bbox 2015 4363 3670 4438; baseline -0.002 -17"><span class='ocrx_word' id='word_1_759' title='bbox 2015 4382 2220 4438; x_wconf 87' lang='lat' dir='ltr'>precor</span> <span class='ocrx_word' id='word_1_760' title='bbox 2250 4371 2314 4419; x_wconf 90' lang='lat' dir='ltr'>ut</span> <span class='ocrx_word' id='word_1_761' title='bbox 2343 4381 2477 4419; x_wconf 91' lang='lat' dir='ltr'>cum</span> <span class='ocrx_word' id='word_1_762' title='bbox 2506 4364 2771 4418; x_wconf 91' lang='lat' dir='ltr'>omnium</span> <span class='ocrx_word' id='word_1_763' title='bbox 2797 4368 3057 4419; x_wconf 86' lang='lat' dir='ltr'>vestrum</span> <span class='ocrx_word' id='word_1_764' title='bbox 3082 4363 3372 4434; x_wconf 90' lang='lat' dir='ltr'>adjutorio</span> <span class='ocrx_word' id='word_1_765' title='bbox 3403 4364 3463 4418; x_wconf 87' lang='lat' dir='ltr'>in</span> <span class='ocrx_word' id='word_1_766' title='bbox 3491 4363 3670 4418; x_wconf 85' lang='lat' dir='ltr'>eccle-</span> 
     </span>
    </p>
   </div>
   <div class='ocr_carea' id='block_1_106' title="bbox 2015 4451 3668 4524">
    <p class='ocr_par' dir='ltr' id='par_1_106' title="bbox 2015 4451 3668 4524">
     <span class='ocr_line' id='line_1_106' title="bbox 2015 4451 3668 4524; baseline -0.004 -14"><span class='ocrx_word' id='word_1_767' title='bbox 2015 4456 2105 4511; x_wconf 89' lang='lat' dir='ltr'>sia</span> <span class='ocrx_word' id='word_1_768' title='bbox 2133 4452 2513 4508; x_wconf 89' lang='lat' dir='ltr'>mansionarii</span> <span class='ocrx_word' id='word_1_769' title='bbox 2547 4469 2771 4508; x_wconf 89' lang='lat' dir='ltr'>merear</span> <span class='ocrx_word' id='word_1_770' title='bbox 2796 4453 2959 4524; x_wconf 87' lang='lat' dir='ltr'>fungi</span> <span class='ocrx_word' id='word_1_771' title='bbox 2983 4452 3194 4508; x_wconf 85' lang='lat' dir='ltr'>officio.</span> <span class='ocrx_word' id='word_1_772' title='bbox 3219 4454 3402 4516; x_wconf 87' lang='lat' dir='ltr'>Quam</span> <span class='ocrx_word' id='word_1_773' title='bbox 3438 4451 3668 4522; x_wconf 88' lang='lat' dir='ltr'>petitio-</span> 
     </span>
    </p>
   </div>
   <div class='ocr_carea' id='block_1_107' title="bbox 2016 4538 3670 4614">
    <p class='ocr_par' dir='ltr' id='par_1_107' title="bbox 2016 4538 3670 4614">
     <span class='ocr_line' id='line_1_107' title="bbox 2016 4538 3670 4614; baseline -0.004 -15"><span class='ocrx_word' id='word_1_774' title='bbox 2016 4561 2171 4610; x_wconf 89' lang='lat' dir='ltr'>nem,</span> <span class='ocrx_word' id='word_1_775' title='bbox 2195 4543 2332 4614; x_wconf 91' lang='lat' dir='ltr'>quia</span> <span class='ocrx_word' id='word_1_776' title='bbox 2359 4543 2634 4597; x_wconf 90' lang='lat' dir='ltr'>omnibus</span> <span class='ocrx_word' id='word_1_777' title='bbox 2658 4540 2896 4612; x_wconf 88' lang='lat' dir='ltr'>placuit,</span> <span class='ocrx_word' id='word_1_778' title='bbox 2917 4541 3092 4594; x_wconf 89' lang='lat' dir='ltr'>citius</span> <span class='ocrx_word' id='word_1_779' title='bbox 3118 4539 3450 4612; x_wconf 88' lang='lat' dir='ltr'>impetravit</span> <span class='ocrx_word' id='word_1_780' title='bbox 3470 4538 3670 4610; x_wconf 89' lang='lat' dir='ltr'>ibique</span> 
     </span>
    </p>
   </div>
   <div class='ocr_carea' id='block_1_108' title="bbox 1935 4629 3667 4716">
    <p class='ocr_par' dir='ltr' id='par_1_108' title="bbox 1935 4629 3667 4716">
     <span class='ocr_line' id='line_1_108' title="bbox 1935 4629 3667 4716; baseline -0.003 -28"><span class='ocrx_word' id='word_1_781' title='bbox 1935 4651 1982 4716; x_wconf 74' lang='grc' dir='ltr'>Ι)</span> <span class='ocrx_word' id='word_1_782' title='bbox 2015 4637 2218 4705; x_wconf 84' lang='lat' dir='ltr'>postea</span> <span class='ocrx_word' id='word_1_783' title='bbox 2250 4648 2353 4701; x_wconf 89' lang='lat' dir='ltr'>per</span> <span class='ocrx_word' id='word_1_784' title='bbox 2382 4647 2566 4686; x_wconf 90' lang='lat' dir='ltr'>annos</span> <span class='ocrx_word' id='word_1_785' title='bbox 2599 4629 2795 4701; x_wconf 89' lang='lat' dir='ltr'>plures</span> <span class='ocrx_word' id='word_1_786' title='bbox 2828 4629 3055 4700; x_wconf 87' lang='lat' dir='ltr'>positus</span> <span class='ocrx_word' id='word_1_787' title='bbox 3086 4629 3145 4682; x_wconf 92' lang='lat' dir='ltr'>in</span> <span class='ocrx_word' id='word_1_788' title='bbox 3177 4629 3330 4683; x_wconf 90' lang='lat' dir='ltr'>bona</span> <span class='ocrx_word' id='word_1_789' title='bbox 3359 4643 3667 4684; x_wconf 84' lang='lat' dir='ltr'>conversa-</span> 
     </span>
    </p>
   </div>
   <div class='ocr_carea' id='block_1_109' title="bbox 2018 4715 3671 4790">
    <p class='ocr_par' dir='ltr' id='par_1_109' title="bbox 2018 4715 3671 4790">
     <span class='ocr_line' id='line_1_109' title="bbox 2018 4715 3671 4790; baseline -0.004 -13"><span class='ocrx_word' id='word_1_790' title='bbox 2018 4723 2176 4777; x_wconf 91' lang='lat' dir='ltr'>tione</span> <span class='ocrx_word' id='word_1_791' title='bbox 2224 4721 2402 4774; x_wconf 89' lang='lat' dir='ltr'>vitam</span> <span class='ocrx_word' id='word_1_792' title='bbox 2457 4722 2801 4790; x_wconf 71' lang='lat' dir='ltr'>praasentem</span> <span class='ocrx_word' id='word_1_793' title='bbox 2852 4717 3054 4772; x_wconf 86' lang='lat' dir='ltr'>finivit.</span> <span class='ocrx_word' id='word_1_794' title='bbox 3092 4715 3444 4785; x_wconf 87' lang='lat' dir='ltr'>Hujusmodi</span> <span class='ocrx_word' id='word_1_795' title='bbox 3473 4715 3671 4786; x_wconf 88' lang='lat' dir='ltr'>itaque</span> 
     </span>
    </p>
   </div>
   <div class='ocr_carea' id='block_1_110' title="bbox 2022 4804 3666 4878">
    <p class='ocr_par' dir='ltr' id='par_1_110' title="bbox 2022 4804 3666 4878">
     <span class='ocr_line' id='line_1_110' title="bbox 2022 4804 3666 4878; baseline -0.003 -13"><span class='ocrx_word' id='word_1_796' title='bbox 2022 4809 2304 4865; x_wconf 85' lang='lat' dir='ltr'>miracula</span> <span class='ocrx_word' id='word_1_797' title='bbox 2335 4827 2368 4863; x_wconf 92' lang='lat' dir='ltr'>a</span> <span class='ocrx_word' id='word_1_798' title='bbox 2398 4808 2651 4878; x_wconf 85' lang='lat' dir='ltr'>quodam</span> <span class='ocrx_word' id='word_1_799' title='bbox 2677 4805 2831 4862; x_wconf 84' lang='lat' dir='ltr'>ﬁdeli</span> <span class='ocrx_word' id='word_1_800' title='bbox 2857 4807 3034 4860; x_wconf 89' lang='lat' dir='ltr'>fratre</span> <span class='ocrx_word' id='word_1_801' title='bbox 3063 4804 3209 4859; x_wconf 90' lang='lat' dir='ltr'>mihi</span> <span class='ocrx_word' id='word_1_802' title='bbox 3232 4820 3349 4859; x_wconf 86' lang='lat' dir='ltr'>una</span> <span class='ocrx_word' id='word_1_803' title='bbox 3370 4820 3504 4859; x_wconf 92' lang='lat' dir='ltr'>cum</span> <span class='ocrx_word' id='word_1_804' title='bbox 3535 4804 3666 4860; x_wconf 79' lang='lat' dir='ltr'>aliis</span> 
     </span>
    </p>
   </div>
   <div class='ocr_carea' id='block_1_111' title="bbox 2022 4893 3662 4967">
    <p class='ocr_par' dir='ltr' id='par_1_111' title="bbox 2022 4893 3662 4967">
     <span class='ocr_line' id='line_1_111' title="bbox 2022 4893 3662 4967; baseline -0.004 -12"><span class='ocrx_word' id='word_1_805' title='bbox 2022 4905 2160 4956; x_wconf 91' lang='lat' dir='ltr'>sunt</span> <span class='ocrx_word' id='word_1_806' title='bbox 2184 4899 2394 4963; x_wconf 85' lang='lat' dir='ltr'>relata;</span> <span class='ocrx_word' id='word_1_807' title='bbox 2421 4898 2540 4951; x_wconf 69' lang='lat' dir='ltr'>haec</span> <span class='ocrx_word' id='word_1_808' title='bbox 2562 4896 2738 4951; x_wconf 91' lang='lat' dir='ltr'>etiam</span> <span class='ocrx_word' id='word_1_809' title='bbox 2766 4911 2894 4967; x_wconf 89' lang='lat' dir='ltr'>ego,</span> <span class='ocrx_word' id='word_1_810' title='bbox 2918 4893 3049 4949; x_wconf 90' lang='lat' dir='ltr'>aliis</span> <span class='ocrx_word' id='word_1_811' title='bbox 3075 4894 3380 4966; x_wconf 84' lang='lat' dir='ltr'>profutura</span> <span class='ocrx_word' id='word_1_812' title='bbox 3400 4893 3662 4960; x_wconf 89' lang='lat' dir='ltr'>credens,</span> 
     </span>
    </p>
   </div>
   <div class='ocr_carea' id='block_1_112' title="bbox 2020 4983 3492 5045">
    <p class='ocr_par' dir='ltr' id='par_1_112' title="bbox 2020 4983 3492 5045">
     <span class='ocr_line' id='line_1_112' title="bbox 2020 4983 3492 5045; baseline -0.006 0"><span class='ocrx_word' id='word_1_813' title='bbox 2020 4991 2090 5045; x_wconf 91' lang='lat' dir='ltr'>ad</span> <span class='ocrx_word' id='word_1_814' title='bbox 2122 5005 2325 5044; x_wconf 91' lang='lat' dir='ltr'>eorum</span> <span class='ocrx_word' id='word_1_815' title='bbox 2357 4985 2625 5041; x_wconf 89' lang='lat' dir='ltr'>notitiam</span> <span class='ocrx_word' id='word_1_816' title='bbox 2658 4984 2868 5040; x_wconf 91' lang='lat' dir='ltr'>litteris</span> <span class='ocrx_word' id='word_1_817' title='bbox 2898 4985 3215 5040; x_wconf 86' lang='lat' dir='ltr'>transferre</span> <span class='ocrx_word' id='word_1_818' title='bbox 3245 4983 3492 5038; x_wconf 90' lang='lat' dir='ltr'>decrevi.</span> 
     </span>
    </p>
   </div>
   <div class='ocr_carea' id='block_1_113' title="bbox 2090 5072 3662 5146">
    <p class='ocr_par' dir='ltr' id='par_1_113' title="bbox 2090 5072 3662 5146">
     <span class='ocr_line' id='line_1_113' title="bbox 2090 5072 3662 5146; baseline -0.004 -13"><span class='ocrx_word' id='word_1_819' title='bbox 2090 5078 2309 5133; x_wconf 89' lang='lat' dir='ltr'>Deinde</span> <span class='ocrx_word' id='word_1_820' title='bbox 2338 5093 2492 5146; x_wconf 86' lang='lat' dir='ltr'>vero,</span> <span class='ocrx_word' id='word_1_821' title='bbox 2525 5074 2663 5146; x_wconf 90' lang='lat' dir='ltr'>quia</span> <span class='ocrx_word' id='word_1_822' title='bbox 2694 5073 2917 5129; x_wconf 91' lang='lat' dir='ltr'>nullam</span> <span class='ocrx_word' id='word_1_823' title='bbox 2971 5073 3148 5129; x_wconf 89' lang='lat' dir='ltr'>aliam</span> <span class='ocrx_word' id='word_1_824' title='bbox 3199 5072 3504 5140; x_wconf 88' lang='lat' dir='ltr'>visionem,</span> <span class='ocrx_word' id='word_1_825' title='bbox 3536 5089 3662 5143; x_wconf 67' lang='lat' dir='ltr'>quas</span> 
     </span>
    </p>
   </div>
   <div class='ocr_carea' id='block_1_114' title="bbox 2019 5161 3660 5239">
    <p class='ocr_par' dir='ltr' id='par_1_114' title="bbox 2019 5161 3660 5239">
     <span class='ocr_line' id='line_1_114' title="bbox 2019 5161 3660 5239; baseline -0.004 -17"><span class='ocrx_word' id='word_1_826' title='bbox 2019 5167 2384 5239; x_wconf 88' lang='lat' dir='ltr'>temporibus</span> <span class='ocrx_word' id='word_1_827' title='bbox 2436 5164 2652 5220; x_wconf 89' lang='lat' dir='ltr'>nostris</span> <span class='ocrx_word' id='word_1_828' title='bbox 2709 5163 3002 5230; x_wconf 88' lang='lat' dir='ltr'>acciderit,</span> <span class='ocrx_word' id='word_1_829' title='bbox 3054 5163 3460 5234; x_wconf 86' lang='lat' dir='ltr'>proferendam</span> <span class='ocrx_word' id='word_1_830' title='bbox 3519 5161 3660 5231; x_wconf 90' lang='lat' dir='ltr'>scio,</span> 
     </span>
    </p>
   </div>
   <div class='ocr_carea' id='block_1_115' title="bbox 2021 5248 3664 5330">
    <p class='ocr_par' dir='ltr' id='par_1_115' title="bbox 2021 5248 3664 5330">
     <span class='ocr_line' id='line_1_115' title="bbox 2021 5248 3664 5330; baseline -0.005 -18"><span class='ocrx_word' id='word_1_831' title='bbox 2021 5258 2306 5330; x_wconf 91' lang='lat' dir='ltr'>quasdam</span> <span class='ocrx_word' id='word_1_832' title='bbox 2329 5258 2463 5311; x_wconf 89' lang='lat' dir='ltr'>ante</span> <span class='ocrx_word' id='word_1_833' title='bbox 2483 5258 2749 5325; x_wconf 83' lang='lat' dir='ltr'>tempora</span> <span class='ocrx_word' id='word_1_834' title='bbox 2769 5253 2955 5314; x_wconf 89' lang='lat' dir='ltr'>multa</span> <span class='ocrx_word' id='word_1_835' title='bbox 2976 5251 3252 5323; x_wconf 91' lang='lat' dir='ltr'>prolatas,</span> <span class='ocrx_word' id='word_1_836' title='bbox 3268 5251 3368 5305; x_wconf 90' lang='lat' dir='ltr'>sed</span> <span class='ocrx_word' id='word_1_837' title='bbox 3389 5248 3664 5321; x_wconf 90' lang='lat' dir='ltr'>plurimis</span> 
     </span>
    </p>
   </div>
   <div class='ocr_carea' id='block_1_116' title="bbox 2017 5339 3662 5416">
    <p class='ocr_par' dir='ltr' id='par_1_116' title="bbox 2017 5339 3662 5416">
     <span class='ocr_line' id='line_1_116' title="bbox 2017 5339 3662 5416; baseline -0.004 -16"><span class='ocrx_word' id='word_1_838' title='bbox 2017 5347 2147 5402; x_wconf 85' lang='lat' dir='ltr'>ideo</span> <span class='ocrx_word' id='word_1_839' title='bbox 2181 5344 2529 5416; x_wconf 89' lang='lat' dir='ltr'>incognitas,</span> <span class='ocrx_word' id='word_1_840' title='bbox 2564 5343 2703 5414; x_wconf 91' lang='lat' dir='ltr'>quia</span> <span class='ocrx_word' id='word_1_841' title='bbox 2732 5341 2886 5409; x_wconf 89' lang='lat' dir='ltr'>libri,</span> <span class='ocrx_word' id='word_1_842' title='bbox 2919 5342 2978 5395; x_wconf 90' lang='lat' dir='ltr'>in</span> <span class='ocrx_word' id='word_1_843' title='bbox 3023 5341 3238 5412; x_wconf 89' lang='lat' dir='ltr'>quibus</span> <span class='ocrx_word' id='word_1_844' title='bbox 3269 5339 3662 5408; x_wconf 89' lang='lat' dir='ltr'>continentur,</span> 
     </span>
    </p>
   </div>
   <div class='ocr_carea' id='block_1_117' title="bbox 2020 5427 3668 5506">
    <p class='ocr_par' dir='ltr' id='par_1_117' title="bbox 2020 5427 3668 5506">
     <span class='ocr_line' id='line_1_117' title="bbox 2020 5427 3668 5506; baseline -0.005 -15"><span class='ocrx_word' id='word_1_845' title='bbox 2020 5435 2173 5506; x_wconf 88' lang='lat' dir='ltr'>apud</span> <span class='ocrx_word' id='word_1_846' title='bbox 2226 5451 2440 5505; x_wconf 91' lang='lat' dir='ltr'>paucos</span> <span class='ocrx_word' id='word_1_847' title='bbox 2491 5431 2890 5497; x_wconf 87' lang='lat' dir='ltr'>inveniuntur,</span> <span class='ocrx_word' id='word_1_848' title='bbox 2921 5430 3013 5484; x_wconf 89' lang='lat' dir='ltr'>hic</span> <span class='ocrx_word' id='word_1_849' title='bbox 3067 5429 3372 5484; x_wconf 85' lang='lat' dir='ltr'>adnectere</span> <span class='ocrx_word' id='word_1_850' title='bbox 3416 5427 3566 5499; x_wconf 89' lang='lat' dir='ltr'>volo,</span> <span class='ocrx_word' id='word_1_851' title='bbox 3600 5432 3668 5483; x_wconf 88' lang='lat' dir='ltr'>ut</span> 
     </span>
    </p>
   </div>
   <div class='ocr_carea' id='block_1_118' title="bbox 2018 5515 3665 5592">
    <p class='ocr_par' dir='ltr' id='par_1_118' title="bbox 2018 5515 3665 5592">
     <span class='ocr_line' id='line_1_118' title="bbox 2018 5515 3665 5592; baseline -0.005 -14"><span class='ocrx_word' id='word_1_852' title='bbox 2018 5527 2179 5578; x_wconf 88' lang='lat' dir='ltr'>tanto</span> <span class='ocrx_word' id='word_1_853' title='bbox 2194 5521 2458 5577; x_wconf 85' lang='lat' dir='ltr'>devotius</span> <span class='ocrx_word' id='word_1_854' title='bbox 2477 5520 2732 5592; x_wconf 87' lang='lat' dir='ltr'>legentes</span> <span class='ocrx_word' id='word_1_855' title='bbox 2747 5519 2817 5572; x_wconf 91' lang='lat' dir='ltr'>ad</span> <span class='ocrx_word' id='word_1_856' title='bbox 2838 5515 3305 5572; x_wconf 88' lang='lat' dir='ltr'>emendationem</span> <span class='ocrx_word' id='word_1_857' title='bbox 3319 5515 3665 5581; x_wconf 82' lang='lat' dir='ltr'>excitentur,</span> 
     </span>
    </p>
   </div>
   <div class='ocr_carea' id='block_1_119' title="bbox 2021 5606 3666 5684">
    <p class='ocr_par' dir='ltr' id='par_1_119' title="bbox 2021 5606 3666 5684">
     <span class='ocr_line' id='line_1_119' title="bbox 2021 5606 3666 5684; baseline -0.005 -17"><span class='ocrx_word' id='word_1_858' title='bbox 2021 5615 2240 5684; x_wconf 86' lang='lat' dir='ltr'>quanto</span> <span class='ocrx_word' id='word_1_859' title='bbox 2273 5611 2404 5684; x_wconf 89' lang='lat' dir='ltr'>plus</span> <span class='ocrx_word' id='word_1_860' title='bbox 2435 5611 2518 5666; x_wconf 91' lang='lat' dir='ltr'>eis</span> <span class='ocrx_word' id='word_1_861' title='bbox 2549 5627 2662 5665; x_wconf 88' lang='lat' dir='ltr'>non</span> <span class='ocrx_word' id='word_1_862' title='bbox 2698 5612 2853 5674; x_wconf 88' lang='lat' dir='ltr'>nota,</span> <span class='ocrx_word' id='word_1_863' title='bbox 2881 5607 2980 5662; x_wconf 90' lang='lat' dir='ltr'>sed</span> <span class='ocrx_word' id='word_1_864' title='bbox 3013 5607 3342 5679; x_wconf 88' lang='lat' dir='ltr'>incognata,</span> <span class='ocrx_word' id='word_1_865' title='bbox 3371 5606 3666 5661; x_wconf 84' lang='lat' dir='ltr'>undecun-</span> 
     </span>
    </p>
   </div>
   <div class='ocr_carea' id='block_1_120' title="bbox 2021 5694 3662 5774">
    <p class='ocr_par' dir='ltr' id='par_1_120' title="bbox 2021 5694 3662 5774">
     <span class='ocr_line' id='line_1_120' title="bbox 2021 5694 3662 5774; baseline -0.007 -16"><span class='ocrx_word' id='word_1_866' title='bbox 2021 5719 2132 5774; x_wconf 90' lang='lat' dir='ltr'>que</span> <span class='ocrx_word' id='word_1_867' title='bbox 2164 5701 2346 5773; x_wconf 91' lang='lat' dir='ltr'>potui,</span> <span class='ocrx_word' id='word_1_868' title='bbox 2370 5700 2642 5772; x_wconf 87' lang='lat' dir='ltr'>colligere</span> <span class='ocrx_word' id='word_1_869' title='bbox 2663 5697 2887 5755; x_wconf 91' lang='lat' dir='ltr'>studui.</span> <span class='ocrx_word' id='word_1_870' title='bbox 2913 5697 3020 5752; x_wconf 81' lang='lat' dir='ltr'>Sed</span> <span class='ocrx_word' id='word_1_871' title='bbox 3054 5696 3112 5754; x_wconf 91' lang='lat' dir='ltr'>in</span> <span class='ocrx_word' id='word_1_872' title='bbox 3144 5695 3351 5770; x_wconf 90' lang='lat' dir='ltr'>primis</span> <span class='ocrx_word' id='word_1_873' title='bbox 3379 5694 3662 5753; x_wconf 88' lang='lat' dir='ltr'>visionem</span> 
     </span>
    </p>
   </div>
  </div>
