4030 6186
362 370 479 431 375
1376 368 1717 430 OTHLONI
1764 367 2115 428 MONACHI
2162 367 2224 428 S.
2274 362 2769 426 EMMERAMMI
3649 356 3766 423 3'76

364 503 681 575 quamdam
724 516 793 557 ex
840 500 1026 556 sancti
1058 498 1337 556 Bonifacii
1370 500 1635 573 epistolis
1684 504 2009 573 exceptam,
2040 510 2094 572 Α
2124 498 2430 555 relevando
2457 500 2511 553 et
2540 497 2868 553 excusando
2896 513 2907 563 ;
2940 498 2997 551 et
3026 496 3287 568 seipsum
3311 492 3509 550 omnia
3531 493 3765 551 audisse

364 604 542 664 Quam
576 592 699 662 ipse
722 589 957 646 cuidam
980 594 1257 645 matronas
1282 591 1546 646 scribens
1569 590 1749 662 misit,
1773 592 1901 662 conj
1912 607 2012 645 un-
2124 588 2475 659 ﬂagitiorum
2511 602 2752 642 suorum
2785 586 3019 657 propria
3048 585 3404 657 peccamina,
3428 602 3556 657 quas
3576 584 3714 641 fecit
3734 602 3767 641 a

367 697 503 755 gere
534 680 725 753 cupio.
762 679 974 736 Scribit
1004 684 1198 735 autem
1230 679 1339 735 hoc
1370 680 1542 735 modo
1571 696 1582 733 :
2116 680 2425 750 juventute
2457 693 2583 743 sua,
2618 681 2675 731 et
2716 677 2785 730 ad
2820 675 3218 731 confitendum
3251 678 3352 730 aut
3382 674 3636 748 neglexit
3668 679 3769 730 aut

813 787 1005 842 VISIO
1045 788 1317 843 DECIMA
1355 788 1571 843 NONA.
2126 766 2395 822 oblivioni
2430 765 2691 833 tradidit,
2725 764 2812 820 vel
2858 766 2930 820 ad
2980 768 3281 836 peccatum
3325 764 3612 836 pertinere
3643 780 3767 819 om-

420 878 474 933 S.
509 877 788 947 Boni/acii
817 878 1064 948 episcopi
1092 885 1140 932 et
1167 881 1430 949 martyris
1460 878 1688 949 epistola
1718 878 1781 933 de
1809 877 1965 933 (lictis
2126 856 2263 949 Πίξλο
2297 855 2594 911 Πθεοίθδᾶῖ
2615 855 2801 949 ἱρείη-8
2824 855 3059 949 Propria
3086 871 3221 910 νοεθ
3243 859 3444 949 contm-
3464 852 3769 949 illalflffla‘

649 941 697 1004 et
724 941 858 1003 visis
887 941 1173 1020 rujzisdam
1202 941 1455 1005 monachi
1484 941 1736 1005 i'edz'vivi.
2128 946 2369 1000 mitasse
2398 949 2455 999 et
2480 960 2615 999 eum
2647 944 2961 999 durissima
2993 960 3321 1014 accusasse,
3356 948 3413 998 et
3441 941 3775 1015 specialiter

442 1040 708 1110 Rogabas
763 1054 878 1105 me,
911 1055 1077 1093 soror
1126 1038 1494 1106 charissima,
1531 1043 1593 1093 ut
1641 1039 2016 1094 admirandas
2128 1036 2591 1105 unumquodque
2642 1033 2870 1100 vitium,
2905 1034 3071 1104 quasi
3128 1050 3195 1089 ex
3249 1050 3355 1088 sua
3408 1048 3679 1103 persona,
3713 1032 3772 1086 in

364 1129 621 1185 visiones
651 1128 720 1182 de
750 1125 849 1182 illo
883 1127 1159 1195 redivivo,
1194 1128 1291 1199 qui
1325 1144 1509 1199 nuper
1556 1128 1615 1181 in
1666 1128 2015 1183 monasterio
2128 1124 2387 1179 medium
2421 1140 2483 1179 se
2514 1123 2799 1179 obtulisse
2825 1123 3092 1191 dicendo,
3117 1124 3412 1195 quoddam
3441 1139 3453 1177 :
3488 1123 3605 1194 Ego
3639 1139 3771 1178 sum

370 1217 671 1289 Milburgas
704 1216 1010 1271 abbatissa
1044 1222 1312 1273 mortuus
1352 1222 1441 1272 est
1470 1222 1526 1272 et
1555 1216 1776 1285 revixit,
1810 1233 1935 1287 quae
1967 1218 2017 1272 ei
2129 1213 2417 1285 cupiditas
2447 1218 2568 1283 tua,
2596 1229 2724 1283 qua?
2746 1212 2946 1267 illicita
2971 1213 3442 1284 frequentissime
3464 1216 3521 1267 et
3542 1216 3779 1267 contra-

372 1310 621 1363 ostensaa
651 1308 809 1370 sunt,
843 1305 1153 1360 scribendo
1198 1305 1471 1360 intimare
1519 1311 1575 1360 et
1624 1306 2020 1362 transmittere
2130 1304 2216 1357 ria
2246 1301 2549 1373 praeceptis
2576 1302 2677 1357 Dei
2709 1302 3075 1373 concupisti;
3108 1302 3403 1373 quoddam
3435 1317 3569 1357 vero
3603 1317 3615 1355 :
3659 1302 3779 1371 Ego

374 1411 640 1451 curarem
678 1395 1178 1465 quemadmodum
1210 1394 1342 1461 ista,
1377 1396 1691 1450 reverenda
1720 1394 2021 1449 abbatissa
2133 1407 2264 1445 sum
2295 1408 2445 1446 vana
2474 1390 2682 1462 gloria,
2714 1408 2830 1463 qua
2870 1397 2927 1447 te
2973 1392 3127 1463 apud
3177 1391 3446 1447 homines
3486 1392 3785 1462 jactanter

376 1484 666 1541 Hildelida
696 1484 1001 1554 referente,
1033 1484 1229 1539 didici.
1261 1485 1426 1539 Modo
1474 1484 1763 1556 siquidem
1803 1483 2021 1555 gratias
2134 1479 2438 1546 exaltasti;
2494 1479 2696 1534 aliud:
2750 1484 2864 1552 Ego
2914 1497 3045 1535 sum
3104 1480 3498 1551 mendacium,
3550 1480 3608 1534 in
3664 1495 3782 1550 quo

377 1573 761 1645 omnipotenti
785 1577 897 1628 Deo
929 1574 1132 1642 refero,
1165 1573 1302 1644 quia
1333 1573 1391 1627 in
1424 1574 1533 1628 hoc
1556 1573 1882 1629 dilectionis
1911 1577 2023 1628 tuas
2136 1569 2469 1625 mentiendo
2501 1570 2792 1641 peccasti:
2827 1568 2983 1623 aliud
3011 1587 3025 1625 :
3058 1571 3175 1641 Ego
3208 1586 3340 1626 sum
3373 1573 3623 1625 otiosum
3658 1584 3785 1623 ver-

374 1662 732 1718 voluntatem
766 1662 996 1733 plenius
1024 1660 1445 1733 liquidiusque,
1480 1663 1594 1717 Deo
1636 1662 2025 1733 patrocinium
2138 1659 2299 1725 bum,
2322 1660 2475 1729 quod
2498 1658 2749 1714 inaniter
2768 1658 3000 1713 locutus
3023 1658 3183 1713 fuisti
3207 1677 3219 1724 ;
3244 1658 3403 1713 aliud
3426 1676 3438 1714 :
3462 1658 3582 1730 Ego
3598 1657 3785 1727 visus,

377 1754 706 1823 praestante,
730 1750 972 1821 implere
1001 1750 1184 1816 valeo,
1208 1751 1347 1820 quia
1379 1751 1503 1822 ipse
1526 1766 1659 1805 cum
1692 1751 2025 1823 supradicto
2138 1748 2293 1818 quod
2316 1748 2563 1803 videndo
2586 1747 2789 1803 illicita
2811 1748 3060 1819 peccasti
3084 1772 3097 1817 ;
3122 1747 3313 1803 aliud:
3342 1748 3459 1819 Ego
3488 1751 3790 1802 contuma-

377 1840 554 1897 fratre
572 1839 1007 1906 redivivo,dum
1032 1854 1218 1908 nuper
1237 1840 1306 1893 de
1326 1839 1740 1894 transmarinis
1763 1839 2028 1911 partibus
2060 1882 2106 1946 Β
2138 1837 2225 1892 cia
2246 1836 2737 1904 etinobedientia,
2763 1854 2879 1909 qua
2899 1838 3228 1893 senioribus
3258 1836 3627 1909 spiritalibus
3659 1837 3789 1892 ino-

380 1929 451 1984 ad
473 1928 618 1983 istas
645 1927 908 1998 pervenit
932 1927 1199 1998 regiones
1231 1926 1461 1984 locutus
1493 1944 1648 1993 sum,
1673 1933 1729 1983 et
1762 1928 1858 1983 ille
1884 1928 2030 1983 mihi
2061 1926 2106 1946 υ
2140 1926 2380 1982 bediens
2402 1927 2563 1982 fuisti
2593 1945 2605 1994 ;
2644 1927 2800 1982 aliud
2828 1943 2839 1982 :
2874 1928 2992 1999 Ego
3022 1931 3222 1999 torpor
3242 1932 3299 1982 et
3318 1926 3542 1983 desidia
3567 1926 3625 1980 in
3650 1942 3791 1982 san-

380 2017 701 2089 stupendas
726 2015 999 2086 visiones,
1025 2033 1172 2086 quas
1203 2022 1363 2072 extra
1383 2034 1593 2088 corpus
1626 2034 1800 2073 suum
1827 2022 2029 2090 raptus
2140 2020 2365 2070 ctorum
2398 2015 2725 2071 studiorum
2757 2015 3022 2088 neglectu
3049 2035 3061 2085 ;
3097 2016 3254 2072 aliud
3282 2034 3295 2072 :
3328 2017 3447 2088 Ego
3466 2032 3609 2089 vaga
3631 2016 3794 2087 cogi-

382 2107 442 2161 in
476 2105 687 2177 spiritu
719 2104 883 2173 vidit,
916 2105 1151 2177 proprio
1182 2106 1451 2178 exposuit
1495 2124 1780 2163 sermone.
2141 2106 2284 2161 tatio
2316 2110 2372 2160 et
2403 2105 2627 2160 inutilis
2659 2123 2817 2172 cura,
2851 2123 2969 2177 qua
3006 2111 3061 2162 te
3092 2123 3266 2178 supra
3300 2106 3542 2161 modum
3574 2106 3698 2161 sive
3732 2104 3792 2159 in

456 2194 691 2251 Dicebat
707 2198 902 2250 autem
922 2212 983 2250 se
1001 2194 1384 2267 perviolentis
1399 2196 1760 2268 aegritudinis
1774 2198 2031 2254 dolorem
2142 2195 2386 2252 ecclesia
2408 2195 2527 2251 sive
2550 2198 2711 2250 extra
2732 2195 3035 2251 ecclesiam
3059 2195 3387 2267 occupabas
3410 2220 3423 2264 ;
3449 2195 3607 2250 aliud
3635 2211 3646 2248 :
3670 2196 3795 2266 Ego

385 2284 642 2357 corporis
674 2285 987 2356 gravedine
1018 2285 1214 2339 subito
1248 2290 1487 2341 exutum
1521 2286 1702 2342 fuisse
1742 2292 1797 2342 et
1840 2288 2033 2343 simil-
2143 2283 2551 2352 somnolentia,
2586 2302 2703 2356 qua
2733 2302 3052 2356 oppressus
3083 2286 3247 2340 tarde
3277 2284 3349 2339 ad
3391 2284 3795 2340 confitendum

385 2374 596 2431 limum
619 2389 745 2429 esse
768 2372 1096 2443 collatione,
1116 2374 1293 2431 veluti
1317 2374 1367 2429 si
1387 2374 1637 2431 videntis
1659 2380 1715 2431 et
1739 2375 2034 2448 vigilantis
2146 2376 2257 2430 Deo
2282 2373 2618 2440 surrexisti;
2645 2373 2803 2429 aliud
2832 2389 2844 2429 :
2875 2374 2988 2446 Ego
3010 2374 3119 2430 iter
3141 2374 3393 2429 otiosum
3418 2391 3430 2441 ;
3456 2373 3648 2429 aliud:
3674 2373 3797 2446 Ego

387 2462 647 2519 hominis
666 2461 1017 2517 densissimo
1037 2463 1465 2535 oculitegminc
1480 2464 1751 2533 velenter,
1770 2472 1825 2521 et
1842 2466 2035 2521 subito
2145 2479 2276 2518 sum
2310 2462 2661 2534 negligentia
2690 2467 2746 2518 et
2776 2464 3020 2529 incuria,
3055 2480 3173 2534 qua
3202 2464 3471 2519 detentus
3501 2478 3640 2535 erga
3671 2467 3801 2518 stu-

390 2550 689 2608 auferatur
715 2549 999 2621 velamen,
1031 2556 1087 2606 et
1133 2556 1273 2607 tunc
1322 2552 1631 2623 perspicua
1670 2554 1788 2609 sint
1817 2555 2034 2624 omnia,
2147 2552 2310 2607 dium
2343 2551 2547 2606 divinae
2577 2551 2844 2607 lectionis
2878 2552 3210 2607 incuriosus
3247 2551 3448 2620 fuisti;
3482 2558 3539 2607 et
3587 2557 3803 2608 caetera

392 2657 524 2712 quae
553 2642 689 2694 ante
721 2655 838 2694 non
868 2639 1011 2709 visa,
1045 2644 1100 2695 et
1126 2641 1312 2696 velata
1344 2645 1399 2696 et
1439 2642 1636 2713 ignota
1666 2642 1880 2697 fuerint
1908 2662 1920 2710 ;
1955 2643 2039 2699 sic
2146 2641 2239 2696 his
2264 2641 2477 2696 similia
2500 2642 2714 2710 omnia,
2740 2658 2866 2713 quae
2897 2642 2957 2696 in
2990 2642 3195 2697 diebus
3225 2642 3350 2697 vitae
3382 2659 3499 2697 sua:
3532 2641 3587 2697 in
3623 2657 3802 2696 carne

395 2729 507 2785 sibi
522 2729 747 2799 abjecto
760 2733 1001 2784 terrenas
1016 2730 1505 2786 carnisvelamine
1519 2736 1650 2787 ante
1664 2738 2039 2805 conspectum
2150 2735 2523 2785 conversatus
2546 2731 2764 2803 peregit
2786 2735 2843 2786 et
2864 2731 3125 2786 confiteri
3154 2730 3426 2803 neglexit.
3452 2729 3637 2786 Multa
3659 2746 3804 2801 quo.

397 2818 737 2874 universum
768 2817 1073 2873 collectum
1106 2819 1287 2874 fuisse
1320 2821 1608 2875 mundum
1642 2824 1706 2875 ut
1752 2826 2036 2876 terrarum
2151 2836 2283 2890 que,
2309 2836 2434 2890 quas
2458 2820 2529 2874 ad
2558 2825 2861 2891 peccatum
2884 2820 3173 2891 pertinere
3198 2820 3437 2875 omnino
3465 2820 3801 2892 ignorabat,

400 2912 617 2979 partes,
651 2910 708 2962 et
737 2907 983 2979 populos
1030 2911 1087 2962 et
1129 2909 1315 2963 maria
1343 2911 1451 2964 sub
1484 2926 1600 2964 uno
1631 2913 1868 2980 aspectu
1900 2927 2040 2965 con-
2153 2913 2355 2963 contra
2370 2925 2502 2964 eum
2524 2914 2731 2965 cuncta
2746 2910 3084 2965 terribiliter
3103 2909 3807 2966 vociferabant.Similiter

399 3000 680 3065 tueretur,
705 3000 762 3050 et
785 3000 905 3050 tam
940 3011 1165 3068 magnas
1196 2997 1475 3053 claritatis
1502 3003 1557 3053 et
1587 2999 1914 3071 splendoris
1940 3017 2040 3055 an-
2152 3002 2209 3052 et
2238 2986 2478 3069 maligni
2514 2998 2775 3070 spiritus,
2813 2998 2870 3053 in
2903 2999 3180 3055 omnibus
3224 3004 3613 3054 consonantes
3641 2997 3807 3054 vitiis

400 3086 562 3159 gelos
584 3102 718 3141 eum
741 3102 1043 3157 egressum
1066 3090 1138 3143 de
1160 3104 1396 3159 corpore
1422 3089 1750 3160 suscepisse
1779 3093 1841 3144 ut
1861 3089 2044 3145 nulla-
2154 3087 2480 3143 accusando
2507 3091 2563 3142 et
2586 3087 2810 3143 duriter
2828 3087 3218 3156 testificando,
3235 3092 3292 3143 et
3313 3087 3438 3143 loca
3460 3092 3516 3143 et
3536 3092 3809 3159 tempora

398 3178 572 3230 tenus
592 3191 707 3246 prae
726 3175 907 3230 nimio
929 3175 1236 3247 splendore
1258 3176 1314 3231 in
1333 3193 1432 3233 eos
1455 3178 1713 3249 aspicere
1735 3179 2040 3249 potuisset,
2156 3177 2537 3231 nefandorum
2567 3182 2803 3232 actuum
2834 3182 3248 3245 memorantes,
3274 3178 3497 3245 eadem,
3521 3192 3649 3247 qua
3672 3192 3807 3248 pec-

397 3263 795 3333 Quijocundis
816 3269 873 3319 et
893 3264 1164 3321 consonis
1184 3266 1425 3322 vocibus
1448 3268 1766 3322 canebant:
1798 3270 2042 3335 Domi-ne,
2073 3253 2115 3320 C
2155 3270 2283 3321 cata
2314 3266 2601 3333 dixerunt,
2636 3266 3069 3323 conclamantes
3100 3268 3445 3339 probabant.

394 3368 465 3407 ne
493 3354 555 3408 in
586 3354 674 3407 ira
704 3356 798 3408 tua
826 3370 1028 3425 arguas
1055 3372 1162 3425 me,
1195 3372 1368 3427 neque
1397 3356 1453 3410 in
1492 3360 1681 3427 furore
1727 3360 1818 3413 tuo
1864 3359 2040 3413 corri-
2221 3354 2378 3410 Vidit
2423 3372 2653 3427 quoque
2704 3355 2783 3411 ibi
2832 3356 3131 3412 hominem
3164 3355 3500 3428 quemdam,
3537 3354 3631 3410 cui
3670 3356 3804 3426 jam

388 3443 512 3514 pias
558 3456 649 3497 me
697 3442 865 3513 (Ρδαι.
897 3460 974 3511 v1,
1011 3445 1082 3514 1).
1117 3445 1185 3499 Et
1225 3444 1609 3501 sublevabant
1657 3447 1717 3500 in
1770 3463 1919 3517 aere,
1954 3447 2042 3501 di-
2152 3444 2212 3498 in
2262 3443 2524 3499 saeculari
2577 3444 2780 3500 habitu
2830 3445 3047 3517 degens
3090 3445 3307 3501 vulnus
3356 3444 3588 3513 inﬂixit,
3624 3459 3804 3515 quem

392 3530 495 3599 xit,
548 3547 827 3599 sursum;
881 3536 937 3587 et
983 3532 1042 3586 in
1098 3534 1343 3589 circuitu
1384 3535 1562 3590 totius
1611 3536 1817 3591 mundi
1848 3536 2041 3608 ignem
2153 3532 2343 3588 adhuc
2396 3533 2454 3588 in
2502 3533 2611 3589 hac
2657 3536 2773 3589 vita
2821 3551 3129 3607 superesse
3179 3534 3462 3589 referebat
3509 3531 3580 3588 ad
3631 3532 3808 3589 testi-

395 3620 693 3675 ardentem
718 3621 1011 3689 videbam,
1030 3625 1088 3677 et
1110 3622 1409 3678 ﬂammam
1433 3623 1733 3678 immensae
1756 3626 2047 3696 magnitu-
2154 3621 2417 3677 monium
2449 3623 2738 3678 malorum
2765 3640 3008 3679 suorum
3036 3624 3378 3688 adductum,
3403 3622 3571 3692 cujus
3598 3637 3810 3678 cruen-

397 3708 553 3763 dinis
575 3708 945 3764 anhelantem
970 3714 1026 3764 et
1048 3710 1388 3765 terribiliter
1414 3713 1484 3766 ad
1510 3713 1812 3783 superiora
1842 3731 2042 3769 ascen-
2154 3717 2339 3767 tatum
2399 3716 2455 3767 et
2520 3717 2725 3783 patens
2791 3712 3003 3768 vulnus
3069 3716 3126 3767 et
3184 3711 3426 3784 sanguis
3480 3711 3606 3783 ipse
3667 3728 3809 3783 pro-

398 3796 632 3852 dentem
664 3814 779 3852 non
812 3797 979 3852 aliter
1021 3813 1167 3867 pene
1211 3814 1388 3869 quam
1441 3804 1507 3854 ut
1556 3801 1664 3855 sub
1710 3818 1825 3857 uno
1874 3800 2045 3874 globo
2155 3801 2283 3872 pria
2312 3818 2449 3856 voce
2478 3800 2740 3857 clamans
2788 3802 3221 3873 imprOperabat
3269 3806 3325 3857 et
3372 3800 3711 3872 imputabat
3758 3800 3811 3856 ei

399 3886 582 3941 totius
612 3886 817 3941 mundi
852 3886 1186 3941 machinam
1220 3888 1719 3959 complectentem,
1754 3892 1867 3947 nisi
1918 3910 2044 3948 eam
2155 3889 2389 3945 crudele
2448 3890 2614 3946 effusi
2664 3891 2968 3963 sanguinis
3020 3892 3279 3958 crimen;
3340 3895 3397 3945 et
3452 3889 3537 3944 sic
3597 3906 3813 3945 cumu-

399 3974 2046 4049 sanctusangelusimpressosignosanctaacrucisChristi
2156 3979 2291 4035 latis
2366 3984 2422 4035 et
2488 3980 2839 4051 computatis
2915 3979 3233 4036 sceleribus
3310 3978 3538 4050 antiqui
3605 3978 3816 4035 hostes

402 4063 1251 4132 compesceret.Quandoenim
1281 4065 1340 4121 in
1367 4068 1597 4123 obviam
1621 4070 1864 4127 minacis
1887 4073 2048 4128 ﬂam-
2156 4068 2530 4124 afﬁrmabant
2585 4086 2719 4124 eum
2781 4086 2946 4125 reum
3004 4073 3177 4140 atque
3234 4073 3595 4140 peccatorem
3648 4067 3819 4137 juris

402 4166 509 4205 mae
534 4149 770 4221 signum
789 4152 980 4207 crucis
1001 4160 1382 4224 expresserat,
1401 4161 1539 4212 tunc
1562 4175 1775 4231 magna
1797 4178 1865 4216 ex
1886 4164 2047 4233 parte
2156 4174 2357 4213 eorum
2407 4162 2463 4212 et
2511 4158 2861 4214 conditionis
2892 4159 3294 4214 indubitanter
3323 4158 3526 4213 fuisse.
3559 4156 3821 4212 Econtra

400 4240 742 4295 decrescens
764 4241 2048 4310 resedit,etistiusﬂamm&terribilisardore
2157 4255 2376 4319 autem,
2428 4247 2592 4315 dixit,
2644 4253 2988 4304 excusantes
3048 4264 3141 4303 me
3191 4246 3573 4302 clamitabant
3620 4261 3819 4317 parva:

399 4327 750 4383 intolerabili
778 4332 1115 4404 torquebar,
1139 4333 1323 4390 oculis
1352 4336 1605 4393 maxime
1627 4340 1967 4396 ardentibus
1994 4345 2050 4396 et
2155 4338 2401 4393 virtutes
2431 4338 2661 4405 animae,
2699 4355 2845 4409 quas
2875 4354 2979 4410 ego
3010 4337 3192 4392 miser
3218 4336 3458 4407 indigne
3491 4339 3547 4390 et
3589 4334 3819 4406 imper-

399 4416 710 4490 splendore
727 4419 1077 4493 fulgentium
1102 4423 1412 4494 spirituum
1437 4426 1948 4485 vehementissime
1967 4448 2049 4485 re-
2157 4429 2301 4482 fecte
2333 4427 2547 4499 peregi.
2575 4427 2846 4490 Quaedam
2871 4427 3077 4481 dicunt
3105 4443 3117 4480 :
3153 4426 3267 4498 Ego
3296 4442 3428 4480 sum
3451 4423 3816 4495 obedientia,

400 4508 947 4578 verberatus,donec
974 4511 1291 4583 splendidae
1307 4514 1547 4569 visionis
1571 4517 1813 4587 angelus
1838 4537 2047 4575 manus
2160 4533 2337 4587 quam
2369 4515 2700 4571 senioribus
2732 4514 3138 4587 spiritualibus
3167 4513 3462 4589 exhibuit;
3497 4512 3819 4584 quaedam:

401 4614 519 4653 suae
542 4597 915 4669 impositione
941 4608 1115 4671 caput
1147 4617 1341 4657 meum
1373 4604 1541 4674 quasi
1576 4611 1887 4679 protegens
1918 4612 2045 4663 tan-
2080 4626 2126 4689 D
2159 4608 2275 4679 Ego
2302 4606 2620 4678 jejunium,
2645 4622 2756 4674 quo
2780 4622 2991 4676 corpus
3024 4621 3197 4660 suum
3222 4607 3423 4659 contra
3447 4601 3819 4658 desiderium

402 4686 575 4759 gebat
605 4692 661 4743 et
690 4704 782 4743 me
812 4706 845 4743 a
872 4688 1107 4745 laesione
1140 4692 1511 4748 ﬂammarum
1542 4698 1738 4751 tutum
1772 4698 2044 4753 reddidit.
2080 4686 2112 4689 ﬁ
2160 4695 2350 4751 carnis
2382 4711 2652 4767 pugnans
2683 4694 3024 4766 castigavit;
3060 4694 3174 4750 alia
3207 4712 3221 4749 :
3273 4695 3388 4766 Ego
3421 4691 3605 4748 oratio
3638 4708 3818 4763 pura,

470 4776 752 4832 Praeterea
783 4780 1070 4835 referebat
1115 4781 1212 4836 illo
1264 4782 1320 4835 in
1373 4784 1656 4855 temporis
1690 4787 1897 4857 spatio,
1933 4804 2047 4859 quo
2160 4803 2335 4858 quam
2370 4786 2660 4840 effudebat
2707 4784 2765 4838 in
2817 4789 3127 4856 conspectu
3160 4783 3433 4848 Domini;
3477 4780 3635 4835 alia:
3692 4779 3823 4852 Ego

402 4869 563 4920 extra
594 4882 806 4936 corpus
829 4867 956 4934 fuit,
984 4873 1102 4923 tam
1128 4886 1399 4941 magnam
1426 4873 1756 4929 animarum
1790 4877 2046 4949 migran-
2159 4893 2289 4930 sum
2314 4876 2662 4946 obsequium
2688 4874 3081 4944 infirmorum,
3108 4873 3261 4945 quod
3286 4871 3603 4927 clementer
3622 4886 3826 4942 aegro-

400 4953 549 5007 tium
584 4955 653 5008 de
687 4971 929 5025 corpore
960 4958 1419 5027 multitudinem,
1444 4962 1604 5034 illuc,
1631 4966 1727 5019 ubi
1760 4966 1884 5037 ipse
1916 4967 2044 5034 fuit,
2158 4965 2419 5020 tantibus
2451 4963 2751 5031 exhibuit;
2786 4963 3055 5035 quaedam
3092 4979 3105 5017 :
3161 4963 3279 5034 Ego
3331 4976 3465 5017 sum
3518 4958 3823 5030 psalmus,

399 5042 762 5115 convenisse,
780 5050 1056 5116 quantam
1078 5049 1259 5104 totius
1282 5050 1525 5106 humani
1548 5055 1777 5124 generis
1797 5056 1854 5109 in
1878 5056 2049 5111 terris
2159 5071 2331 5126 quem
2366 5071 2467 5125 pro
2499 5053 2697 5108 odioso
2729 5069 2998 5108 sermone
3029 5050 3398 5107 satisfaciens
3427 5050 3545 5105 Deo
3578 5047 3825 5119 cecinit,

400 5148 517 5187 non
550 5132 733 5189 fuisse
764 5138 935 5190 antea
967 5137 1345 5193 existimaret.
1378 5144 1871 5200 Innumerabilem
1904 5163 2046 5219 quo-
2158 5148 2210 5197 ct
2262 5142 2345 5197 sic
2396 5158 2761 5212 unaquaeque
2807 5142 2993 5196 virtus
3043 5145 3241 5196 contra
3297 5137 3574 5195 aemulum
3632 5148 3826 5193 suum

400 5237 512 5291 que
535 5221 928 5295 malignorum
960 5225 1276 5296 spirituum
1304 5228 1690 5297 turbam,nec
1716 5250 1826 5287 non
1854 5240 1909 5289 et
1931 5234 2046 5290 cla-
2160 5236 2461 5303 peccatum
2513 5232 2843 5286 excusando
2895 5247 2986 5285 me
3035 5230 3391 5286 clamitabat.
3442 5230 3511 5283 Et
3561 5226 3669 5282 has
3731 5226 3828 5281 illi

404 5310 704 5367 rissimum
740 5313 980 5369 chorum
1016 5316 1383 5387 superiorum
1417 5319 1755 5390 angelorum
1790 5325 2048 5379 adfuisse
2158 5322 2458 5375 immensm
2491 5320 2771 5375 claritatis
2803 5319 3050 5392 angelici
3082 5318 3327 5391 spiritus
3375 5315 3827 5389 magniﬁcando

400 5401 674 5467 narravit,
700 5408 756 5457 et
786 5404 1102 5461 maximam
1139 5406 1289 5460 intra
1324 5424 1384 5461 se
1412 5407 1770 5467 miserrimos
1803 5414 2047 5484 spiritus
2159 5410 2533 5464 deicndenles
2568 5426 2657 5464 mc
2690 5410 3085 5475 affirmabant,
3118 5414 3174 5464 et
3219 5410 3341 5463 ista:
3372 5406 3618 5462 virtutes
3669 5405 3829 5460 uni-

402 5492 458 5543 et
490 5494 721 5545 sanctus
754 5493 992 5564 angelos
1042 5494 1113 5548 (lo
1168 5495 1476 5551 animabus
1516 5500 1946 5570 egredientibus
1977 5503 2047 5556 de
2158 5518 2333 5556 versa)
2367 5500 2529 5555 valde
2562 5504 2783 5565 mactm,
2818 5504 2874 5554 et
2907 5499 3087 5554 multo
3121 5500 3373 5569 majores
3417 5500 3474 5553 et
3520 5493 3827 5552 excellen-

400 5594 639 5649 corpore
694 5581 1150 5652 disputationem
1206 5582 1500 5657 habuisse,
1535 5589 1826 5646 dzamones
1878 5609 2046 5647 accu-
2156 5589 2333 5644 tiores
2364 5605 2490 5644 esse
2520 5589 2665 5644 mihi
2697 5588 3045 5644 videbantur
3074 5604 3250 5658 quam
3283 5603 3549 5659 unquam
3577 5584 3830 5641 viribus

395 5667 578 5724 sando
596 5671 653 5724 et
674 5674 1043 5741 peccatorum
1068 5674 1297 5743 pondus
1321 5678 1635 5748 gravando,
1654 5680 1891 5752 angelos
1912 5698 2044 5737 vero
2159 5678 2303 5734 meis
2334 5680 2509 5750 digne
2541 5682 2883 5751 perpetratae
2912 5677 3182 5735 fuissent.
