4044 6164
250 395 368 456 377

1621 407 1850 470 LVBEB
1894 407 2303 475 VISIONUM.

3546 401 3664 478 37‘s

321 527 549 620 Interea
575 529 862 588 referebat
891 549 952 590 se
983 533 1154 607 quasi
1185 534 1244 592 in
1275 535 1653 598 inferioribus
1692 541 1750 598 in
1796 543 1905 600 hoc
1933 543 1987 611 Α
2017 544 2207 600 ofﬁcio
2225 544 2534 602 defunctus
2555 549 2796 618 est,quae
2820 547 3084 620 speciosa
3114 544 3292 603 nimis
3321 547 3379 602 et
3407 546 3664 603 formosa

252 618 472 674 mundo
498 619 721 677 vidisse
740 621 945 694 igneos
965 629 1171 697 puteos
1194 625 1546 685 horrendam
1571 637 1904 689 eructantes

251 709 554 764 ﬂammam
595 709 882 782 plurimos
931 717 988 768 et
1033 723 1377 788 erumpente
1426 723 1576 776 tetra
1627 722 1907 778 terribilis

252 798 494 854 ﬂamma
549 799 705 872 ignis
753 799 1048 870 volitasse,
1097 809 1152 860 et
1195 807 1546 864 miserorum
1597 811 1904 868 hominum

250 887 516 958 Spiritus,
549 888 611 943 in
636 889 1021 948 similitudine
1044 893 1347 967 nigrarum
1380 898 1573 955 avium
1605 917 1706 971 per
1734 901 1900 956 ﬂam-

251 992 407 1031 mam
435 976 756 1047 plorantes,
789 984 847 1035 et
892 981 1206 1050 ululantes,
1240 990 1294 1040 et
1334 987 1526 1043 verbis
1548 993 1604 1044 et
1627 1006 1763 1045 voce
1793 990 1900 1045 hu-

251 1081 427 1121 mana
458 1066 861 1135 stridentes,et
882 1069 1148 1142 lugentes
1180 1076 1416 1147 propria
1447 1079 1656 1134 merita
1686 1084 1743 1134 et
1765 1098 1903 1152 prae-

249 1170 387 1210 sens
417 1155 802 1228 supplicium,
826 1161 1162 1217 consedisse
1194 1164 1497 1235 paululum
1529 1167 1812 1226 haerentes
1842 1170 1900 1226 in

250 1244 622 1316 marginibus
653 1252 987 1320 puteorum,
1003 1255 1059 1306 et
1081 1251 1293 1308 iterum
1314 1255 1600 1326 ejulantes
1623 1259 1904 1315 cecidisse

246 1333 305 1388 in
337 1337 571 1405 puteos.
597 1333 666 1390 Et
687 1351 842 1392 unus
866 1353 932 1393 ex
956 1340 1181 1413 angelis
1204 1343 1349 1398 dixit
1373 1362 1384 1399 :
1409 1344 1760 1403 Parvissima
1784 1348 1903 1404 haec

247 1423 483 1494 requies
510 1423 734 1480 indicat
753 1425 892 1496 quia
913 1429 1286 1501 omnipotens
1324 1433 1478 1489 Deus
1510 1434 1568 1490 in
1603 1437 1696 1492 die
1723 1437 1903 1494 futuri

242 1511 449 1582 judicii
466 1511 561 1568 his
577 1513 886 1571 animabus
904 1517 1271 1591 refrigerium
1289 1522 1559 1595 supplicii
1575 1526 1904 1598 etrequiem

247 1603 594 1672 perpetuam
629 1603 999 1674 prmstiturus
1041 1612 1150 1663 est.
1183 1609 1302 1665 Sub
1335 1609 1453 1667 illis
1485 1617 1679 1668 autem
1713 1616 1904 1686 puteis

247 1689 440 1745 adhuc
471 1690 532 1745 in
567 1691 946 1750 inferioribus
976 1700 1033 1752 et
1063 1697 1121 1752 in
1152 1697 1272 1754 imo
1302 1700 1614 1770 profundo,
1648 1703 1816 1774 quasi
1842 1704 1901 1759 in

245 1779 475 1836 inferno
497 1779 758 1838 inferiori
784 1783 1403 1858 audivithorrendum,
1437 1794 1494 1845 et
1530 1793 1902 1848 tremendum

2013 650 2143 689 esse
2173 633 2298 690 visa
2326 639 2432 703 est,
2467 653 2644 708 quam
2676 635 2916 709 maligni
2941 637 3184 709 spiritus
3209 637 3500 709 rapientes
3523 654 3659 693 con-

2013 723 2515 780 tendebantsortis
2533 742 2731 780 eorum
2755 731 2810 781 et
2827 725 3174 782 conditionis
3198 726 3664 801 fuisse.Respon-

2015 812 2098 868 dit
2113 830 2248 886 ergo
2270 831 2424 870 unus
2442 831 2510 870 ex
2526 815 2701 870 choro
2733 815 3073 888 angelorum
3097 816 3324 872 dicens:
3343 817 3659 874 Ostendam

2014 902 2180 958 vobis
2202 904 2338 970 cito,
2361 903 2678 960 miserrimi
2701 904 3110 976 spiritus,quia
3130 909 3331 962 vestrae
3353 907 3660 977 potestatis

2016 991 2214 1046 anima
2245 991 2346 1047 illa
2377 993 2658 1064 probatur
2687 1010 2801 1048 non
2834 1009 2982 1049 esse.
3012 994 3079 1048 Et
3100 993 3190 1049 his
3221 995 3392 1050 dictis
3423 1000 3661 1066 repente

2015 1081 2327 1137 intervenit
2369 1099 2582 1154 magna
2628 1081 2837 1138 cohors
2889 1083 3270 1138 candidarum
3303 1082 3658 1151 animarum,

2016 1188 2141 1242 qua
2173 1171 2446 1226 dicebant
2479 1189 2491 1227 :
2525 1171 2732 1228 Senior
2761 1176 2817 1228 et
2848 1172 3050 1228 doctor
3079 1176 3276 1229 noster
3303 1173 3412 1227 fuit
3441 1172 3572 1238 iste,
3602 1177 3661 1228 et

2015 1277 2120 1316 nos
2147 1277 2349 1316 omnes
2383 1278 2488 1316 suo
2520 1261 2854 1333 magisterio
2886 1261 3148 1317 lucratus
3179 1266 3268 1317 est
3299 1261 3436 1327 Deo,
3465 1264 3521 1316 et
3550 1261 3658 1317 hoc

2012 1349 2195 1422 pretio
2228 1351 2566 1421 redemptus
2596 1355 2685 1406 est
2715 1355 2772 1406 et
2801 1351 2974 1406 vestri
2993 1351 3144 1423 juris
3167 1367 3282 1406 non
3305 1367 3432 1406 esse
3457 1351 3660 1424 digno-

2012 1439 2215 1494 scitur.
2240 1440 2309 1493 Et
2340 1439 2509 1510 quasi
2542 1457 2675 1495 cum
2709 1439 2931 1512 angelis
2971 1444 3174 1496 contra
3222 1441 3516 1496 daemones
3547 1458 3654 1512 pu-

2012 1544 2188 1599 gnam
2220 1527 2457 1593 inirent.
2487 1532 2543 1584 et
2574 1529 2929 1585 adminiculo
2959 1529 3298 1602 angelorum
3344 1529 3658 1602 eripientes

2012 1615 2176 1673 illam
2207 1619 2466 1674 animam
2498 1619 2569 1675 de
2599 1623 2884 1691 potestate
2916 1618 3306 1692 malignorum
3338 1619 3657 1692 spirituum

2009 1705 2496 1763 liberaverunt.Et
2526 1712 2667 1764 tunc
2711 1709 3018 1781 increpans
3069 1708 3314 1782 angelus
3365 1708 3658 1764 daemones

2012 1794 2154 1850 dixit
2205 1813 2216 1851 :
2268 1797 2480 1852 Scitote
2529 1797 2703 1852 modo
2760 1800 2817 1853 et
2861 1796 3171 1869 intelligite
3210 1796 3364 1869 quod
3397 1797 3656 1854 animam

247 1872 305 1923 et
323 1867 488 1924 dictu
517 1869 815 1927 difﬁcilem
839 1874 1102 1945 genitum
1130 1880 1185 1932 et
1208 1879 1408 1933 ﬂetum
1431 1879 1755 1952 lugentium
1777 1882 1901 1937 ani-
1933 1919 1983 1986 B
2013 1883 2188 1940 istam
2222 1886 2346 1941 sine
2368 1887 2505 1958 jure
2533 1886 2836 1959 rapuistis,
2886 1891 2943 1942 et
2990 1867 3290 1957 discedite,
3342 1886 3657 1942 miserrimi

247 1971 477 1986 Μη--ς-νι
511 1959 578 1986 D1
612 1960 750 1986 ,ιε-ει
779 1960 822 1986 ,ἕ
859 1964 1099 1986 __._-‘l___
1127 1983 1137 1986 _
1165 1967 1217 1986 Il
1267 1985 1365 1986 ,,,,,,
1462 1970 1496 1986 ,n
1534 1969 1562 1986 η
1610 1974 1619 1986 ι
2088 1973 2101 1985 σ
2143 1973 2174 1986 ..
2311 1974 2322 1986 ι
2400 1975 2411 1986 ο
2678 1980 2685 1986 .
2955 1976 2988 1986 ιι.
3286 1975 3300 1986 ι
3433 1975 3472 1986 ..
3521 1975 3531 1986 ο
3641 1977 3651 1986 ι

246 1959 582 2014 marum.Et
610 1960 756 2016 dixit
775 1960 826 2017 ei
858 1964 1100 2035 angelus
1126 1983 1138 2020 :
1165 1967 1430 2023 Murmur
1450 1970 1505 2024 et
1531 1969 1902 2043 ﬂetus,quem

244 2046 306 2102 in
335 2046 721 2106 inferioribus
767 2051 956 2116 audis,
1011 2052 1248 2110 illarum
1301 2060 1388 2112 est
1436 2058 1788 2128 animarum,
1831 2062 1902 2116 ad

246 2153 398 2208 quas
428 2153 734 2210 nunquam
766 2140 864 2212 pia
896 2142 1195 2200 miseratio
1227 2145 1453 2201 Domini
1480 2149 1902 2220 perveniet,sed

245 2231 464 2282 aeterna
495 2226 626 2283 illas
660 2228 900 2286 ﬂamma
931 2231 1058 2287 sine
1089 2233 1204 2288 line
1238 2235 1544 2292 cruciabit.

314 2314 480 2371 Vidit
531 2331 763 2389 quoque
808 2319 966 2374 mirae
1015 2323 1369 2380 amcenitatis
1417 2325 1632 2394 locum,
1678 2327 1738 2382 in
1788 2345 1904 2401 quo

243 2403 784 2478 pulcherrimorum
806 2407 1115 2466 hominum
1138 2411 1394 2484 gloriosa
1416 2415 1733 2474 multitudo
1756 2417 1903 2474 miro

241 2489 561 2549 laetabatur
588 2495 826 2566 gaudio,
853 2498 953 2570 qui
985 2515 1120 2555 eum
1151 2500 1475 2558 invitabant
1506 2509 1570 2560 ut
1600 2506 1670 2560 ad
1703 2523 1904 2563 eorum

245 2582 547 2653 gaudia,si
579 2584 632 2639 ei
651 2583 880 2641 licitum
904 2587 1130 2658 fuisset,
1161 2607 1294 2646 cum
1318 2593 1402 2648 eis
1422 2593 1733 2665 gavisurus
1752 2595 1907 2652 veni-

243 2673 352 2726 ret.
386 2671 457 2726 Et
487 2672 626 2727 inde
671 2673 833 2729 mirae
884 2675 1210 2734 dulcedinis
1262 2680 1571 2753 ﬂagrantia
1615 2685 1902 2752 veniebat,

245 2772 374 2830 quae
407 2761 719 2818 beatorum
750 2763 984 2820 habitus
1016 2765 1144 2838 fuit,
1171 2768 1249 2823 ibi
1273 2771 1768 2842 congaudentium
1791 2774 1905 2846 spi-

242 2849 493 2917 rituum,
559 2867 732 2922 quem
780 2852 974 2910 locum
1034 2857 1224 2912 sancti
1285 2859 1476 2931 angeli
1531 2861 1906 2919 affirmabant

243 2937 541 2995 famosum
580 2955 708 2997 esse
742 2942 843 2998 Dei
864 2945 1225 3016 paradisum.
1269 2947 1385 3005 Nec
1416 2967 1531 3005 non
1563 2955 1620 3006 et
1663 2953 1902 3024 igneum

243 3026 597 3102 piceumque
631 3031 874 3099 ﬂumen,
906 3034 1159 3091 bulliens
1191 3040 1247 3092 et
1278 3038 1679 3109 ardens,mirae
1703 3042 1901 3097 formi-

241 3117 402 3173 dinis
434 3123 491 3174 et
520 3121 814 3176 teterrinaz
865 3123 1108 3180 visionis
1160 3127 1493 3191 cernebam,
1527 3145 1704 3201 super
1747 3129 1901 3202 quod

241 3204 502 3279 lignum,
531 3210 728 3280 pontis
750 3209 893 3279 vice,
927 3213 1182 3286 positum
1218 3219 1362 3281 erat,
1395 3217 1467 3272 ad
1500 3217 1656 3288 quod
1688 3224 1902 3275 sanctas

2013 1973 2279 2046 spiritus,
2309 1974 2366 2029 in
2398 1975 2592 2047 ignem
2625 1980 2926 2032 aeternum.
2950 1976 3091 2032 Cum
3122 1992 3254 2030 vero
3286 1975 3394 2032 hoc
3417 1975 3660 2030 dixisset

2014 2062 2277 2135 angelus,
2312 2063 2464 2119 illico
2488 2063 2730 2138 maligni
2753 2065 2994 2137 spiritus
3014 2065 3353 2121 levaverunt
3373 2065 3572 2121 ﬂetum
3604 2069 3661 2120 et

2013 2151 2307 2208 ululatum
2353 2170 2632 2226 magnum
2662 2155 2721 2208 in
2754 2157 3070 2225 momento,
3117 2158 3174 2209 et
3215 2154 3382 2226 quasi
3432 2154 3491 2208 in
3538 2153 3657 2209 ictu

2014 2241 2167 2298 oculi
2201 2242 2416 2312 pernici
2455 2241 2648 2298 volatu
2674 2243 2983 2315 jactabant
3029 2259 3091 2299 se
3139 2243 3197 2297 in
3249 2259 3429 2315 supra
3471 2243 3658 2300 dictos

2013 2335 2221 2402 puteos
2248 2331 2403 2403 ignis
2425 2332 2704 2387 ardentis.
2727 2333 2792 2387 Et
2818 2336 2949 2404 post
2969 2333 3266 2388 modicum
3287 2331 3657 2388 intervallum

2013 2420 2225 2476 emersi
2259 2425 2547 2477 certantes
2578 2422 2636 2476 in
2671 2421 2768 2477 illo
2800 2426 3081 2477 conventu
3104 2421 3317 2477 iterum
3349 2422 3418 2477 de
3441 2421 3662 2477 anima-

2014 2527 2146 2564 rum
2179 2509 2404 2566 meritis
2436 2511 2844 2583 disputabant;
2869 2515 2926 2566 et
2945 2511 3305 2567 diversorum
3329 2511 3536 2566 merita
3555 2510 3660 2565 ho-

2015 2597 2243 2654 minum
2268 2598 2328 2653 in
2358 2597 2467 2655 hac
2484 2601 2604 2655 vita
2633 2598 3122 2655 commorantium
3144 2598 3374 2655 dicebat
3393 2615 3456 2654 se
3475 2597 3574 2654 illo
3599 2599 3660 2656 in

2014 2691 2276 2760 tempore
2306 2688 2593 2760 speculari
2624 2688 2886 2760 potuisse
2915 2693 2971 2744 et
2999 2687 3152 2754 illos,
3195 2687 3295 2759 qui
3341 2686 3660 2744 sceleribus

2015 2775 2248 2838 obnoxii
2280 2794 2395 2832 non
2429 2777 2665 2833 fuerunt
2693 2784 2751 2833 et
2777 2776 2898 2848 qui,
2919 2775 3136 2832 sanctis
3166 2776 3482 2833 virtutibus
3505 2777 3659 2848 freti,

2013 2864 2333 2937 propitium
2353 2865 2808 2937 omnipotentem
2835 2865 3147 2921 Dominum
3169 2863 3446 2921 habuisse
3467 2882 3664 2922 nosce-

2013 2951 2248 3018 bantur,
2281 2953 2505 3026 angelis
2536 2971 2768 3026 semper
2817 2959 2975 3011 tutos
3028 2972 3094 3010 ac
3143 2954 3432 3023 defensos,
3473 2959 3530 3010 et
3576 2955 3660 3010 eis

2015 3040 2297 3097 charitate
2327 3047 2383 3098 et
2414 3043 2851 3116 propinquitate
2897 3045 3236 3115 conjunctos
3283 3043 3494 3110 fuisse;
3542 3041 3660 3100 illis

2013 3130 2273 3201 vero,qui
2305 3132 2574 3188 nefandis
2606 3132 2953 3190 criminibus
2983 3138 3040 3189 et
3063 3132 3364 3189 maculata
3384 3133 3513 3188 vitae
3536 3150 3659 3188 sor-

1969 3277 1981 3292 ._
2015 3218 2188 3274 dibus
2211 3219 2415 3290 polluti
2439 3221 3100 3291 fuerunt,adversarium
3133 3222 3401 3292 spiritum
3425 3221 3663 3278 assidue

245 3295 633 3370 glorioszeque
657 3300 865 3356 animae
889 3302 961 3356 ab
982 3301 1082 3358 illo
1101 3304 1435 3360 secedentes
1458 3313 1742 3363 conventu
1769 3326 1905 3380 pro-
1937 3289 1982 3362 α
2020 3289 2306 3364 sociatum
2339 3311 2395 3362 et
2423 3324 2656 3380 semper
2672 3289 2741 3363 ad
2767 3309 2984 3365 scelera
3005 3310 3345 3364 suadentem
3371 3308 3571 3376 fuisse,
3605 3303 3664 3363 et

245 3386 854 3458 perabant,desiderio
877 3390 1118 3448 alterius
1140 3393 1184 3447 ri
1195 3411 1278 3465 pa:
1302 3394 1549 3451 transire
1576 3397 1900 3468 cupientes.

243 3473 318 3530 Et
349 3477 621 3547 quaedam
654 3494 769 3534 non
800 3479 1124 3537 titubantes
1157 3487 1492 3540 constanter
1533 3486 1902 3557 transibant;

245 3565 520 3635 quaedam
548 3581 684 3622 vero
712 3567 1012 3626 labefacta:
1045 3571 1117 3626 de
1144 3570 1304 3643 ligno
1326 3573 1615 3629 cadebant
1645 3575 1704 3629 in
1733 3578 1908 3632 tarta-

246 3659 418 3709 reum
451 3655 702 3724 ﬂumen;
736 3661 792 3712 et
825 3657 948 3714 aliae
979 3661 1358 3732 tingebantur
1390 3679 1537 3734 pene
1584 3663 1753 3736 quasi
1786 3667 1905 3721 toto

248 3759 492 3815 corpore
523 3762 729 3802 mersae
755 3772 768 3815 ;
802 3747 926 3804 aliae
949 3754 1145 3806 autem
1169 3767 1236 3806 ex
1259 3755 1421 3822 parte
1444 3753 1697 3824 quadam
1727 3753 1904 3810 veluti

248 3849 445 3903 usque
501 3835 574 3889 ad
627 3852 866 3908 genua;.
901 3838 1166 3909 quaedam
1220 3857 1406 3912 usque
1464 3841 1534 3895 ad
1595 3841 1904 3911 medium;

244 3922 520 3993 quaedam
545 3940 678 3980 vero
700 3931 885 3997 usque
906 3928 976 3982 ad
1000 3928 1305 3997 ascellam;
1331 3934 1388 3984 et
1411 3934 1607 3986 tamen
1633 3949 1904 4004 unaque-

243 4027 360 4083 que
385 4013 724 4070 cadentium
757 4013 942 4072 multo
973 4016 1182 4074 clarior
1230 4018 1663 4091 speciosiorque
1693 4021 1764 4076 de
1795 4022 1906 4077 ﬂu-

243 4101 407 4156 I‘nine
437 4100 496 4156 in
529 4101 769 4159 alteram
801 4105 1191 4162 descendebat
1220 4109 1406 4179 ripam
1441 4125 1619 4180 quam
1651 4110 1814 4182 prius
1844 4111 1905 4166 in

240 4189 481 4263 picEum
502 4189 760 4249 bulliens
784 4195 1092 4251 cecidisset
1114 4198 1431 4253 ﬂumen.Et
1455 4215 1609 4254 unus
1630 4215 1697 4254 ex
1717 4200 1905 4256 beatis

241 4278 475 4352 angelis
501 4281 572 4336 de
597 4279 716 4338 illis
738 4283 1085 4340 cadentibus
1108 4285 1423 4343 animabus
1440 4287 1584 4342 dixit
1610 4303 1622 4342 ε
1649 4285 1743 4342 Hae
1767 4293 1907 4344 sunt

239 4369 483 4436 animae,
514 4387 641 4442 qua!
673 4377 806 4443 post
837 4374 1058 4429 exitum
1092 4375 1360 4431 mortalis
1389 4375 1517 4430 vitae
1548 4377 1904 4448 quibusdam

239 4453 477 4514 levibus
506 4458 667 4516 vitiis
697 4465 815 4516 nOn
848 4463 1088 4518 omnino
1112 4465 1180 4518 ad
1205 4480 1418 4535 purum
1451 4463 1686 4521 abolitis
1709 4465 1906 4537 aliqua

237 4545 347 4618 pia
375 4545 710 4606 miserantis
745 4551 843 4606 Dei
885 4551 1269 4625 castigatione
1298 4552 1656 4625 indigebant,
1693 4559 1759 4610 ut
1788 4555 1904 4611 Deo

2015 3397 2484 3467 quandocunque
2529 3397 2702 3452 verbo
2747 3396 2834 3452 vel
2894 3397 3043 3454 facto
3103 3401 3503 3468 peccaverunt,
3553 3397 3663 3452 hoc

2011 3485 2232 3557 iugiter
2262 3484 2428 3557 quasi
2459 3485 2529 3540 ad
2554 3484 2813 3540 laetitiam
2839 3488 2895 3540 et
2914 3485 3192 3557 gaudium
3217 3484 3348 3540 aliis
3369 3484 3660 3555 nequissi-

2016 3575 2128 3629 mis
2152 3572 2458 3647 spiritibus
2480 3574 2539 3629 in
2566 3574 2825 3630 medium
2850 3575 3150 3646 proferens
3173 3571 3664 3630 manifestavit.Et

2015 3663 2248 3734 quando
2280 3663 2455 3718 homo
2487 3663 2765 3735 peccavit,
2801 3679 3174 3734 nequaquam
3215 3661 3511 3736 malignus
3541 3661 3660 3734 spi-

2015 3753 2166 3808 ritus
2196 3751 2498 3821 sustinuit,
2534 3769 2757 3807 moram
2789 3751 3008 3808 faciens
3038 3751 3446 3824 exspectando,
3479 3751 3663 3807 donec

2014 3841 2226 3898 iterum
2270 3845 2554 3913 peccaret,
2587 3843 2689 3898 sed
2721 3841 3064 3914 singillatim
3097 3841 3556 3913 unumquodque
3585 3841 3665 3895 vi-

2015 3931 2165 3986 tium
2197 3931 2269 3986 ad
2302 3930 2571 3986 notitiam
2609 3930 2858 3986 aliorum
2903 3929 3216 4002 Spirituum
3266 3929 3570 3997 offerebat;
3605 3931 3664 3984 et

2015 4020 2210 4076 subito
2241 4020 2394 4092 apud
2428 4019 2726 4075 hominem
2759 4024 2994 4091 peccata
3023 4017 3209 4075 suasit
3234 4021 3290 4074 et
3322 4017 3474 4074 illico
3505 4017 3661 4089 apud

2015 4110 2309 4164 damones
2335 4113 2665 4181 perpetrata
2685 4109 3128 4166 demonstravit.

2089 4200 2313 4254 Interea
2339 4199 2596 4254 narravit
2627 4215 2687 4254 se
2717 4199 2932 4254 vidisse
2966 4197 3219 4270 puellam
3253 4195 3569 4269 quamdam
3603 4196 3663 4252 in

2014 4286 2122 4342 hac
2153 4291 2384 4343 terrena
2412 4287 2528 4342 vita
2559 4287 2876 4345 molantem
2907 4288 2966 4342 in
2999 4287 3304 4359 mola,quae
3337 4287 3481 4341 vidit
3494 4286 3665 4358 juxta

2015 4392 2076 4432 se
2108 4375 2348 4432 alterius
2380 4393 2587 4432 novam
2629 4377 2838 4443 colam,
2889 4375 3194 4449 sculptura
3242 4375 3558 4444 variatam;
3609 4380 3667 4431 et

2015 4464 2261 4538 pulchra
2291 4466 2341 4521 ei
2372 4466 2496 4522 visa
2526 4466 2663 4532 fuit;
2697 4470 2754 4521 et
2786 4467 2978 4521 furata
3005 4469 3095 4522 est
3125 4465 3473 4520 illam.Tunc
3495 4465 3661 4534 quasi

2015 4552 2237 4626 ingenti
2271 4555 2485 4626 gaudio
2533 4553 2734 4627 repleti
2784 4555 3045 4626 quinque
3077 4553 3361 4609 teterrimi
3393 4553 3658 4625 spiritus,

238 4632 425 4706 digne
457 4635 871 4695 offeranturEt
890 4639 1044 4696 circa
1073 4639 1215 4695 illud
1251 4640 1470 4696 ﬂumen
1495 4642 1906 4714 speculabatur
1935 4663 1982 4728 D
2015 4643 2125 4700 hoc
2157 4643 2378 4699 furtum
2411 4643 2542 4699 aliis
2570 4643 2629 4698 in
2662 4642 2761 4699 illo
2792 4642 3120 4700 referebant
3139 4641 3657 4728 conventu,testiﬁ-

239 4733 454 4779 muros
485 4724 798 4797 fulgentes,
831 4727 1146 4784 clarissimi
1197 4729 1550 4802 splendoris,
1600 4733 1904 4804 stupendae

236 4803 635 4885 tangitudinis
665 4819 722 4872 et
751 4815 1078 4874 altitudinis
1109 4819 1432 4881 immensae.
1458 4824 1514 4875 et
1543 4803 1776 4878 sanctos
1799 4840 1902 4878 an-

235 4899 410 4978 gelos
441 4903 660 4960 diiiss‘e
693 4921 706 4960 :
738 4907 872 4961 Haec
902 4909 992 4962 est
1020 4907 1174 4962 enim
1225 4906 1328 4963 illa
1369 4913 1574 4965 sancta
1603 4915 1659 4964 et
1688 4910 1904 4984 inclyta

235 4988 451 5048 civitas
475 4992 729 5050 caelestis
748 4994 1201 5067 Hierusalem,in
1220 4998 1471 5070 quaistze
1490 5001 1906 5071 perpetualiter

231 5084 459 5137 sanctae
505 5080 849 5156 gaudebunt
893 5085 1120 5142 animae.
1158 5085 1293 5143 Illas
1341 5088 1541 5161 itaque
1579 5091 1806 5146 animas
1846 5094 1904 5146 et

229 5169 422 5226 istius
450 5170 718 5242 gloriosa:
750 5173 1000 5230 civitatis
1032 5177 1330 5244 muros,ad
1359 5191 1535 5248 quam
1559 5183 1692 5251 post
1710 5182 1903 5235 trans-

231 5257 394 5315 itum
427 5257 695 5318 ﬂUminis
721 5261 1098 5331 festinabant,
1122 5268 1242 5320 tam
1276 5282 1490 5338 magna
1518 5268 1793 5325 immensi
1813 5269 1902 5324 lu-

238 5347 432 5404 minis
465 5347 731 5408 claritate
761 5356 818 5407 et
847 5351 1069 5426 fulgore
1091 5353 1466 5426 splendentes
1497 5371 1624 5412 esse
1652 5357 1816 5426 dixit,
1840 5361 1904 5413 ut

236 5439 639 5496 reverberatis
688 5441 993 5498 oculorum
1026 5444 1262 5516 pupillis
1285 5461 1402 5516 prae
1427 5445 1608 5501 nimio
1631 5447 1900 5518 splendo-

231 5537 302 5584 re
339 5526 399 5583 in
429 5537 530 5586 eos
560 5527 902 5589 nullatenus
934 5533 1190 5606 aspicere
1223 5534 1528 5606 potuisset.

311 5616 589 5676 Narravit
617 5635 854 5695 quoque
885 5623 958 5678 ad
988 5621 1156 5679 illum
1191 5627 1542 5680 conventum
1574 5622 1726 5678 inter
1756 5622 1901 5680 alias

227 5706 480 5766 veniisse
499 5703 821 5782 cujusdam
851 5709 1108 5772 hominis
1135 5713 1416 5784 animam,
1450 5711 1551 5784 qui
1582 5712 1641 5768 in
1673 5711 1900 5770 abbatis

2017 4736 2214 4789 cantes
2237 4733 2399 4788 illam
2423 4733 2562 4787 furti
2590 4749 2746 4788 ream
2769 4738 2826 4788 et
2844 4730 3225 4804 peccatricem
3249 4727 3663 4785 fuisse.Intulit

2014 4839 2246 4894 quoque
2277 4825 2334 4876 et
2364 4821 2486 4876 haec
2520 4838 2533 4875 :
2568 4821 2783 4876 Fratris
2815 4821 3146 4892 cujusdam,
3180 4819 3280 4891 qui
3306 4817 3480 4891 paulo
3503 4823 3664 4875 ante

2014 4911 2324 4967 defunctus
2345 4910 2717 4978 est,animam
2735 4911 2962 4966 tristem
2986 4909 3065 4965 ibi
3085 4908 3470 4972 videbam,cui
3493 4909 3664 4964 antea

2012 5000 2137 5072 ipse
2167 4999 2226 5054 in
2261 4999 2603 5055 inﬁrmitate
2636 4999 2822 5056 exitus
2847 4999 2938 5055 sui
2961 4998 3285 5056 ministravi
3310 5002 3368 5053 et
3388 4997 3662 5070 exsequia

2013 5090 2256 5162 przebui.
2290 5089 2398 5155 Qui
2432 5088 2577 5143 mihi
2608 5089 2864 5144 moriens
2897 5088 3170 5162 praecepit
3200 5092 3266 5142 ut
3293 5087 3456 5142 fratri
3503 5086 3662 5142 illius

2013 5195 2292 5252 germano
2321 5178 2514 5233 verbis
2547 5176 2707 5234 illius
2738 5178 3060 5234 testiﬁcans
3107 5177 3546 5244 demandarem,
3597 5175 3664 5230 ut

2013 5267 2285 5324 ancillam
2312 5268 2838 5339 quamdam,quam
2870 5268 2926 5322 in
2960 5270 3244 5338 potestate
3271 5264 3664 5321 communiter

2012 5357 2413 5430 possederant,
2465 5374 2568 5429 pro
2616 5357 2815 5412 anima
2865 5359 2992 5427 ejus
3041 5355 3501 5411 manumitteret.
3547 5354 3659 5410 Sed

2011 5462 2328 5518 germanus
2349 5445 2750 5516 ejus,avaritia
2774 5443 3496 5516 impediente,petitionem
3530 5444 3660 5515 ejus

2011 5553 2126 5590 non
2158 5533 2452 5606 implevit;
2486 5540 2544 5590 et
2575 5535 2644 5591 de
2677 5534 2784 5590 hoc
2816 5551 2994 5605 supra
3016 5533 3171 5588 dicta
3201 5533 3398 5590 anima
3421 5549 3522 5605 per
3543 5533 3659 5589 alta

2010 5624 2269 5696 suspiria
2298 5639 2584 5680 accusans
2616 5626 2852 5679 fratrem
2899 5621 3194 5678 inﬁdelem
3245 5627 3302 5678 et
3349 5622 3656 5694 increpans

2011 5712 2261 5786 graviter
2307 5715 2678 5787 querebatur.
2724 5713 2792 5770 Et
2837 5711 3112 5770 similiter
3156 5715 3410 5770 testatus
3451 5713 3538 5766 est
3585 5709 3656 5767 de
