4030 6186
162 351 280 416 381

1537 352 1767 419 LIBER
1812 353 2215 420 VISIONUM.

3461 362 3582 424 382

163 487 323 562 quod
347 486 442 543 hic
473 486 723 544 fortasse
742 490 896 546 esset
917 488 1202 561 infernus,
1227 491 1298 547 de
1321 491 1491 564 cujus
1511 491 1821 547 tormentis
1849 492 1906 559 Α
1935 491 2119 547 cebat.
2154 493 2261 559 Qui
2308 510 2442 550 mox
2485 511 2798 552 conversus
2829 495 2901 552 ad
2931 497 3198 553 dextrum
3249 495 3360 552 iter
3412 497 3582 570 quasi

163 576 643 634 intolerabilibus
704 578 927 634 narrari
978 580 1191 652 sapius
1243 580 1455 636 audivi.
1505 581 1825 653 Respondit

165 667 512 740 cogitationi
564 684 705 722 meae
756 669 983 734 ductor,
1008 669 1108 742 qui
1151 686 1243 725 me
1294 671 1673 742 praecedebat,
1708 688 1824 726 non

165 757 275 812 hoc
308 756 612 827 inquiens,
667 756 1014 829 suspiceris;
1047 776 1161 814 non
1213 759 1368 814 enim
1420 759 1512 815 hic
1562 760 1825 816 infernus

166 850 256 900 est
286 845 386 900 ille
419 862 595 917 quem
633 851 826 918 putas.
1543 917 1554 931 Ι

239 939 316 990 At
340 951 478 989 cum
503 950 596 989 me
618 934 727 990 hoc
751 936 1084 1008 spectaculo
1109 943 1230 994 tam
1252 939 1542 996 horrendo
1565 940 1830 1012 perterri-

166 1029 294 1079 tum
329 1023 619 1095 paulatim
664 1024 719 1078 in
767 1025 1046 1082 ulteriora
1077 1030 1438 1100 perduceret,
1469 1030 1587 1084 vidi
1636 1031 1829 1085 subito

169 1118 304 1169 ante
339 1131 450 1170 nos
483 1115 784 1169 obscurari
816 1115 1072 1188 incipere
1105 1116 1231 1173 loca
1261 1123 1316 1173 ct
1347 1120 1603 1175 tenebris
1635 1119 1833 1174 omnia

169 1201 578 1275 repleri.Quas
602 1219 735 1258 cum
758 1204 1167 1270 intrassemus,
1191 1207 1249 1261 in
1277 1212 1506 1263 tantum
1536 1208 1834 1280 paulisper

171 1293 548 1348 condensatae
580 1296 741 1363 sunt,
773 1297 837 1348 ut
863 1294 1026 1348 nihil
1061 1299 1269 1367 praeter
1297 1296 1456 1368 ipsas
1487 1298 1831 1369 aspicerem,

171 1385 416 1454 excepta
449 1382 737 1437 duntaxat
765 1383 957 1454 specie
988 1388 1045 1438 et
1073 1389 1233 1440 veste
1255 1387 1381 1456 ejus
1412 1387 1513 1458 qui
1543 1403 1635 1442 me
1665 1387 1836 1442 duce-

169 1471 376 1526 bat.Et
400 1486 538 1526 cum
561 1473 1049 1542 progrederemur
1068 1473 1191 1528 sola
1223 1476 1332 1529 sub
1369 1479 1536 1530 nocte
1571 1492 1673 1546 per
1703 1491 1834 1530 um-

168 1563 330 1626 bras,
351 1576 487 1616 ecce
514 1560 712 1616 subito
734 1567 1020 1633 apparent
1047 1563 1217 1619 nobis
1242 1564 1430 1620 crebri
1458 1565 1832 1620 ﬂammarum

170 1654 460 1706 tetrarum
490 1649 650 1722 globi
690 1651 1070 1707 ascendentes
1101 1653 1270 1724 quasi
1301 1653 1370 1709 de
1416 1658 1590 1725 puteo
1621 1669 1834 1726 magno

172 1755 501 1810 rursusque
531 1739 868 1795 decidentes
897 1740 958 1796 in
990 1742 1284 1798 eumdem.
1311 1742 1433 1806 Quo
1465 1759 1598 1799 cum
1621 1743 1835 1814 perdu-

169 1833 298 1884 ctus
330 1843 552 1899 essem,
585 1833 824 1900 repente
867 1830 1076 1886 ductor
1106 1847 1272 1887 meus
1321 1831 1615 1901 disparuit
1645 1848 1710 1886 ac
1743 1849 1835 1887 me

169 1918 361 1975 solum
395 1917 459 1972 in
492 1917 685 1973 medio
729 1919 1104 1975 tenebrarum
1153 1926 1210 1975 et
1254 1921 1557 1976 horrcndee
1589 1921 1831 1977 visionis

170 2006 477 2078 relinquit.
514 2012 595 2060 Ac
627 2024 760 2062 cum
800 2007 881 2062 ibi
914 2008 1069 2080 globi
1114 2008 1342 2081 ignium
1394 2009 1836 2066 intermissione

170 2097 347 2151 modo
380 2095 502 2151 alta
535 2099 814 2167 peterent,
849 2097 1022 2151 modo
1051 2096 1171 2153 ima
1197 2098 1457 2154 barathri
1485 2103 1834 2170 repeterent,

174 2203 346 2241 cerno
397 2185 618 2248 omnia,
659 2201 786 2256 quae
835 2187 1251 2255 ascendebant,
1286 2187 1518 2260 fastigia
1566 2189 1834 2244 ﬂamma-

177 2291 309 2330 rum
341 2274 522 2346 plena
553 2289 683 2329 esse
714 2273 1024 2346 spiritibus
1055 2275 1500 2348 hominum,qui
1533 2276 1722 2332 instar
1751 2278 1835 2332 fa-

174 2363 450 2419 villarum
479 2380 615 2419 cum
650 2364 812 2418 fumo
844 2365 1314 2433 ascendentium,
1349 2382 1505 2421 nunc
1545 2367 1617 2422 ad
1649 2367 1833 2422 subli-

175 2453 365 2508 miora
399 2452 841 2525 projicerentur,
873 2469 1029 2508 nunc
1061 2455 1329 2510 retractis
1359 2455 1587 2527 ignium
1617 2455 1840 2527 vapori-

175 2544 288 2598 bus
322 2541 730 2597 relaberentur
759 2542 817 2596 in
849 2544 1168 2613 profunda;
1214 2544 1314 2599 sed
1346 2549 1403 2598 et
1434 2544 1580 2599 fetor
1609 2545 1837 2600 incom-

177 2631 466 2705 parabilis
507 2647 642 2686 cum
691 2631 910 2688 eisdem
940 2632 1256 2703 vaporibus
1304 2632 1593 2689 ebulliens
1641 2634 1840 2690 omnia

175 2720 277 2776 illa
309 2720 692 2776 tenebrarum
739 2721 867 2776 loca
905 2719 1184 2792 replebat.
1217 2722 1287 2776 Et
1315 2738 1448 2777 cum
1499 2722 1723 2778 diutius
1755 2723 1836 2778 ibi

176 2810 428 2883 pavidus
450 2808 858 2876 consisterem,
881 2813 1082 2882 utpote
1111 2809 1373 2867 incertus
1405 2811 1546 2882 quid
1578 2828 1837 2883 agerem,

176 2917 295 2972 quo
315 2903 605 2955 verterem
627 2914 919 2970 gressum,
945 2900 1046 2971 qui
1068 2900 1204 2955 ﬁnis
1235 2917 1327 2956 me
1359 2906 1644 2966 maneret,
1663 2901 1837 2956 audio

175 2988 445 3044 subitum
466 2991 603 3060 post
632 2992 795 3060 terga
823 2989 1085 3044 sonitum
1115 2988 1533 3045 immanissimi
1566 2990 1737 3045 ﬂetus
1773 3007 1838 3045 ac

173 3078 524 3144 miserrimi,
557 3077 738 3133 simul
769 3081 826 3132 et
865 3077 1218 3132 cachinnum
1250 3077 1633 3149 crepitantem
1669 3079 1837 3150 quasi

172 3167 340 3239 vulgi
371 3167 595 3222 indocti
627 3165 816 3238 captis
844 3165 1114 3222 hostibus
1145 3166 1505 3222 insultantis.

1935 586 2136 638 contra
2175 587 2364 638 ortum
2420 583 2559 640 solis
2609 586 2932 642 brumalem
2982 589 3193 643 ducere
3240 588 3433 660 coepit.
3466 587 3583 644 Nec

1936 687 2127 738 mora;
2161 678 2495 745 exemptum
2517 675 2771 730 tenebris
2798 677 2858 730 in
2880 693 3053 731 auras
3077 693 3167 732 me
3196 693 3410 734 serenae
3432 677 3583 734 lucis

1934 761 2150 816 eduxit.

2009 852 2270 922 Cumque
2302 868 2395 907 me
2425 852 2482 907 in
2515 853 2645 908 luce
2666 859 2866 924 aperta
2895 855 3148 922 duceret,
3168 855 3288 909 vidi
3314 861 3446 911 ante
3476 873 3583 912 nos

1940 956 2176 994 murum
2198 943 2649 1012 permaximum,
2669 944 2840 1013 cujus
2858 960 3044 1014 neque
3069 943 3420 1015 longitudini
3452 945 3587 1000 hinc

1938 1029 2025 1084 vel
2058 1030 2212 1094 inde,
2235 1047 2421 1102 neque
2453 1031 2747 1086 altitudini
2770 1031 2926 1086 ullus
2957 1048 3084 1087 esse
3114 1034 3400 1087 terminus
3430 1033 3586 1088 vide-

1942 1122 2120 1174 retur.
2155 1120 2308 1191 Coepi
2343 1125 2537 1176 autem
2571 1121 2770 1176 mirari
2804 1122 3096 1192 quomodo
3130 1123 3199 1176 ad
3227 1138 3462 1177 murum
3495 1139 3589 1178 ac-

1942 1208 2300 1275 cederemus,
2317 1226 2448 1264 cum
2471 1210 2527 1264 in
2547 1227 2612 1266 eo
2634 1210 2854 1266 nullam
2870 1210 3236 1281 januam,vel
3256 1212 3588 1279 fenestram,

1943 1297 2030 1352 vel
2060 1314 2368 1353 ascensum
2402 1298 2615 1354 alicubi
2637 1301 3211 1371 conspicerem.Cum
3238 1316 3374 1372 ergo
3396 1316 3594 1372 perve-

1944 1386 2240 1442 nissemus
2271 1388 2342 1442 ad
2382 1405 2640 1453 murum,
2665 1389 2870 1444 statim
2893 1389 3088 1444 nescio
3113 1406 3226 1461 quo
3252 1389 3450 1444 ordine
3485 1390 3596 1446 fui-

1945 1491 2078 1530 mus
2107 1475 2167 1530 in
2191 1477 2532 1532 summitate
2553 1478 2704 1548 ejus.
2728 1478 2795 1532 Et
2820 1494 2951 1532 ecce
2980 1477 3061 1532 ibi
3093 1494 3338 1549 campus
3365 1482 3487 1532 erat
3511 1477 3593 1533 la-

1943 1563 2232 1634 tissimus,
2259 1569 2313 1620 et
2344 1565 2683 1622 latissimus
2713 1570 2992 1638 tantaque
3014 1567 3335 1638 fragrantia
3353 1583 3597 1622 vernan-

1944 1653 2093 1707 tium
2127 1653 2503 1709 ﬂosculorum
2527 1654 2736 1726 plenus
2760 1659 2824 1709 ut
2851 1672 3056 1711 omnes
3078 1672 3212 1710 mox
3233 1656 3473 1710 fetorem
3506 1661 3595 1712 te-

1945 1742 2178 1797 nebrosi
2201 1742 2472 1810 fornacis,
2493 1743 2592 1813 qui
2617 1760 2709 1798 me
2731 1748 3082 1815 pervaserat,
3106 1745 3390 1815 effugaret
3410 1745 3597 1800 admi-

1946 1831 2111 1885 randi
2134 1831 2314 1902 hujus
2336 1832 2591 1887 suavitas
2615 1832 2830 1888 odoris.
2849 1837 3032 1888 Tanta
3049 1836 3244 1888 autem
3267 1833 3368 1888 lux
3389 1839 3599 1890 cuncta

1945 1935 2010 1974 ea
2037 1920 2161 1976 loca
2197 1920 2549 1992 perfuderat,
2569 1925 2634 1975 ut
2656 1923 2815 1976 omni
2848 1921 3157 1992 splendore
3178 1921 3291 1977 diei
3315 1922 3435 1977 sive
3456 1922 3598 1978 solis

1946 2009 2253 2064 meridiani
2279 2010 2459 2065 radiis
2483 2010 2776 2066 videretur
2793 2028 2921 2066 esse
2943 2010 3291 2082 przeclarior.
3308 2012 3602 2083 Erantque

1948 2098 2005 2152 in
2037 2097 2144 2153 hoc
2176 2115 2382 2170 campo
2415 2099 2728 2155 innumera
2757 2100 3065 2155 hominum
3098 2100 3427 2156 albatorum
3461 2118 3602 2156 con-

1944 2186 2240 2242 venticula
2269 2188 2554 2260 sedesque
2603 2189 2867 2260 plurimae
2913 2189 3214 2262 agminum
3248 2189 3598 2246 laetantium.

1947 2276 2208 2347 Cumque
2229 2275 2380 2332 inter
2398 2277 2604 2332 choros
2631 2277 2887 2333 felicium
2910 2276 3236 2332 incolarum
3259 2278 3482 2333 medios
3505 2295 3599 2334 me

1947 2366 2205 2435 duceret,
2230 2366 2483 2438 cogitare
2535 2367 2679 2438 coepi
2709 2367 2864 2438 quod
2897 2367 3005 2422 hoc
3049 2367 3295 2422 fortasse
3325 2371 3480 2422 esset
3509 2385 3597 2423 re-

1946 2469 2128 2525 gnum
2162 2454 2462 2520 etelorum,
2498 2455 2568 2509 de
2617 2472 2730 2526 quo
2763 2455 3064 2526 praedicari
3117 2455 3334 2526 saepius
3380 2455 3594 2512 audivi.

1947 2543 2271 2614 Respondit
2299 2543 2397 2598 ille
2423 2544 2697 2614 cogitatui
2728 2562 2877 2610 meo,
2902 2562 3039 2611 non,
3063 2544 3358 2616 inquiens,
3382 2545 3492 2600 hoc
3513 2548 3602 2600 est

1947 2648 2193 2703 regnum
2218 2631 2492 2688 eielorum
2517 2633 2670 2703 quod
2691 2642 2988 2689 autumas.
3006 2633 3266 2704 Cumque
3289 2633 3600 2705 proceden-

1947 2724 2035 2776 tes
2052 2721 2474 2776 transissemus
2492 2727 2548 2776 et
2563 2722 2670 2776 has
2690 2723 2990 2778 beatorum
3013 2722 3328 2793 spirituum
3349 2723 3604 2778 mansio-

1948 2825 2074 2878 nes,
2107 2810 2324 2881 aspicio
2355 2815 2489 2866 ante
2519 2828 2624 2866 nos
2657 2809 2841 2866 multo
2882 2811 3164 2881 majorem
3197 2810 3438 2866 luminis
3467 2829 3600 2883 gra-

1947 2899 2090 2953 tiam
2123 2916 2301 2970 quam
2334 2899 2519 2970 prius.
2553 2901 2616 2954 ln
2650 2916 2764 2971 qua
2793 2900 2969 2955 etiam
3001 2916 3200 2955 vocem
3234 2900 3598 2956 cantantium

1948 2986 2356 3043 dulcissimam
2384 2987 2602 3043 audivi.
2625 2989 2737 3043 Sed
2764 2992 2820 3043 et
2842 2987 3038 3043 odoris
3061 2988 3440 3061 fragrantiam
3467 2988 3600 3043 miri

1947 3080 2113 3131 tanta
2133 3077 2203 3131 de
2233 3075 2358 3131 loco
2381 3078 2811 3148 effundebatur,
2835 3081 2900 3132 ut
2931 3077 3001 3145 is,
3026 3094 3200 3150 quem
3222 3081 3356 3134 ante
3387 3078 3598 3150 degus-

1949 3168 2082 3219 tans
2113 3165 2281 3236 quasi
2315 3166 2636 3221 maximum
2682 3167 3017 3236 rebar,jam
3051 3167 3426 3238 permodicus
3457 3167 3601 3222 mihi

247 3234 324 3312 U't
354 3261 555 3311 autem
585 3234 817 3311 sonitus
863 3255 1018 3310 idem
1064 3254 1274 3311 clarior
1306 3255 1571 3312 redditus
1621 3259 1692 3312 ad
1746 3273 1840 3313 me
1872 3234 1914 3300 C
1953 3254 2095 3309 odor
2121 3234 2438 3323 videretur,
2472 3255 2626 3310 sicut
2653 3254 2827 3309 etiam
2858 3234 2960 3309 lux
2989 3234 3089 3309 illa
3118 3256 3310 3326 campi
3342 3255 3604 3310 ﬂorentis

174 3362 374 3417 usque
403 3345 692 3416 pervenit,
718 3345 1023 3400 considero
1050 3345 1286 3400 turbam
1311 3345 1704 3417 malignorum
1729 3346 1846 3418 spi-

172 3435 438 3500 rituum,
468 3450 595 3504 quaa
642 3434 895 3506 quinque
934 3433 1162 3490 animas
1193 3434 1502 3490 hominum
1552 3440 1843 3491 merentes

172 3523 599 3597 ejulantesque
628 3523 751 3595 ipsa
783 3523 1038 3579 multum
1069 3523 1366 3580 exsultans
1398 3528 1454 3580 et
1482 3524 1841 3579 cachinnans

173 3612 414 3669 medias
436 3611 570 3667 illas
593 3613 858 3668 trahebat
878 3613 937 3668 in
961 3613 1252 3668 tenebras.
1273 3617 1314 3666 E
1339 3612 1556 3684 quibus
1577 3612 1844 3668 videlicet

175 3701 554 3768 hominibus,
577 3705 643 3756 ut
661 3702 1003 3775 dignoscere
1033 3703 1216 3774 potui,
1238 3702 1478 3773 quidam
1502 3706 1626 3758 erat
1657 3706 1843 3757 atton-

178 3808 286 3846 sus
328 3795 393 3845 ut
447 3790 716 3860 clericus,
748 3792 990 3862 quidam
1041 3791 1248 3858 laicus,
1282 3793 1549 3864 quaedam
1603 3791 1838 3847 femina.

179 3879 512 3936 Trahentes
543 3885 739 3936 autem
762 3896 861 3937 eos
883 3880 1124 3952 maligni
1150 3881 1393 3953 spiritus
1416 3882 1845 3937 descenderunt

179 3970 244 4025 in
276 3970 541 4024 medium
573 3969 832 4024 barathri
864 3969 1027 4026 illius
1058 3971 1339 4026 ardentis.
1368 3974 1725 4043 Factumque
1755 3975 1846 4026 est

180 4063 270 4126 ut,
309 4075 465 4128 cum,
517 4058 755 4132 longius
812 4059 1202 4115 subeuntibus
1247 4059 1351 4130 eis,
1399 4061 1601 4116 ﬂetum
1649 4059 1841 4114 homi-

179 4164 332 4202 num
363 4153 423 4203 et
452 4147 642 4203 risum
664 4149 1088 4204 demoniorum
1111 4149 1264 4204 clare
1287 4149 1616 4204 discernere
1647 4148 1847 4220 nequi-

180 4253 342 4306 rem,
373 4253 588 4292 sonum
617 4239 814 4293 tamen
863 4238 1056 4293 adhuc
1093 4237 1445 4309 permistum
1493 4238 1552 4292 in
1601 4238 1846 4293 auribus

182 4325 492 4381 haberem.
527 4326 757 4382 Interea
804 4326 1194 4382 ascenderunt
1240 4326 1479 4398 quidam
1528 4327 1844 4399 spirituum

178 4415 580 4472 obscurorum
617 4416 689 4470 de
738 4415 948 4487 abysso
977 4415 1078 4470 illa
1109 4415 1525 4482 ﬂammivoma,
1559 4419 1616 4471 et
1645 4432 1844 4470 accur-

177 4508 390 4561 rentes
415 4504 931 4561 circumdederunt
952 4520 1046 4561 me
1067 4509 1261 4576 atque,
1285 4504 1471 4560 oculis
1493 4505 1846 4560 ﬂammanti-

1953 3343 2186 3409 eximia,
2222 3342 2281 3396 in
2313 3343 2750 3414 comparatione
2776 3345 2906 3414 ejus
2941 3359 3072 3413 quae
3118 3359 3276 3398 nunc
3307 3343 3600 3414 apparuit,

1951 3431 2101 3487 lucis
2134 3430 2482 3486 tenuissima
2509 3448 2748 3502 prorsus
2773 3431 3082 3485 videbatur
3110 3435 3168 3486 et
3194 3447 3390 3502 parva.
3416 3431 3480 3485 In
3503 3448 3604 3486 cu-

1944 3521 2046 3591 jus
2081 3521 2474 3576 amoenitatem
2506 3519 2615 3576 loci
2640 3537 2774 3575 cum
2797 3536 2903 3574 nos
2929 3519 3251 3574 intraturos
3283 3535 3601 3591 sperarem,

1952 3613 2190 3681 repente
2217 3610 2425 3664 ductor
2463 3609 2752 3665 subsistit.
2785 3609 2900 3664 Nec
2949 3625 3140 3677 mora;
3192 3625 3461 3681 gressum
3512 3625 3602 3664 re-

1950 3702 2232 3770 torquens
2260 3700 2388 3771 ipsa
2419 3716 2511 3754 me
2543 3715 2659 3770 qua
2680 3699 2950 3754 venimus
2979 3699 3072 3753 via
3101 3699 3349 3754 reduxit.

2021 3795 2281 3860 Cumque
2302 3789 2512 3845 reversi
2533 3788 3006 3861 pervenissemus
3023 3789 3094 3843 ad
3115 3788 3451 3844 mansiones
3472 3786 3604 3844 illas

1949 3878 2114 3934 latas
2138 3878 2449 3950 spirituum
2477 3879 2944 3943 candidatorum,
2963 3878 3105 3933 dicit
3125 3877 3269 3933 mihi
3289 3894 3302 3932 :
3329 3879 3455 3934 Scis
3477 3895 3603 3950 quae

1954 3968 2072 4023 sint
2103 3967 2217 4024 ista
2237 3967 2437 4024 omnia
2459 3985 2586 4039 quae
2616 3967 2853 4023 vidisti?
2880 3967 3172 4039 Respondi
3205 3984 3345 4040 ego:
3369 3967 3608 4022 Nom-Et

1953 4057 2068 4112 ait:
2094 4056 2277 4112 Vallis
2299 4057 2431 4127 ista,
2451 4074 2627 4128 quam
2661 4057 2940 4129 aspexisti
2964 4056 3218 4112 ﬂammis
3249 4057 3606 4112 ferventibus

1953 4151 2010 4202 et
2040 4146 2354 4219 frigoribus
2387 4146 2679 4202 horrenda
2701 4146 2930 4218 rigidis,
2952 4147 3078 4218 ipse
3101 4150 3189 4201 est
3213 4145 3376 4201 locus
3407 4145 3465 4199 in
3489 4161 3604 4216 quo

1954 4234 2354 4291 examinanda:
2375 4239 2432 4290 et
2456 4235 2807 4308 castiganda:
2830 4240 2970 4292 sunt
2990 4235 3198 4291 animae
3222 4234 3456 4290 illorum
3480 4234 3602 4304 qui,

1955 4325 2288 4380 differentes
2317 4325 2578 4380 confiteri
2610 4329 2666 4380 ct
2702 4326 3014 4380 emendare
3043 4324 3264 4380 scelera
3293 4341 3419 4396 quae
3450 4324 3604 4379 fece-

1956 4418 2112 4480 runt,
2143 4412 2203 4468 in
2232 4413 2360 4484 ipso
2389 4415 2627 4469 tandem
2683 4414 2890 4469 mortis
2939 4413 3183 4469 articulo
3215 4414 3286 4468 ad
3318 4413 3603 4485 pmniten-

1955 4503 2099 4558 tiam
2135 4502 2482 4573 confugiunt
2515 4506 2572 4557 et
2603 4501 2685 4557 sic
2734 4503 2806 4556 de
2853 4517 3093 4573 corpore
3122 4505 3353 4556 exeunt.
3378 4499 3485 4564 Qui
3513 4505 3605 4555 ta-

179 4596 328 4661 bus,
360 4599 416 4649 et
448 4595 519 4650 de
549 4610 650 4650 ore
680 4612 746 4650 ac
776 4593 1020 4649 naribus
1055 4594 1252 4667 ignem
1284 4594 1555 4666 putidum
1587 4595 1850 4650 efﬂantes
1880 4605 1927 4669 D
1958 4591 2272 4663 men,quia
2288 4592 2713 4646 confessionem
2732 4596 2790 4645 et
2809 4590 3210 4662 paenitentiam
3230 4589 3319 4644 vel
3340 4590 3397 4643 in
3424 4593 3610 4644 morte

176 4683 510 4756 angebant.
539 4683 884 4756 Forcipibus
904 4699 1139 4754 quoque
1168 4683 1378 4757 igneis,
1404 4699 1552 4754 quos
1574 4684 1853 4739 tenebant

177 4774 246 4829 in
282 4773 583 4845 manibus,
617 4773 1048 4829 minitabantur
1078 4789 1170 4828 me
1200 4771 1714 4844 comprehendere,
1743 4788 1848 4827 nec

173 4867 387 4919 tamen
434 4879 529 4920 me
576 4862 874 4919 ullatenus
930 4861 1288 4934 contingere,
1331 4861 1565 4917 tametsi
1609 4866 1848 4929 terrere,

169 4953 649 5026 praesumebant.
669 4952 930 5017 Quicum
953 4952 1216 5024 undique
1235 4952 1506 5006 hostibus
1523 4953 1580 5006 et
1595 4952 1850 5006 caecitate

168 5043 568 5100 tenebrarum
601 5041 915 5098 conclusus
946 5041 1062 5097 huc
1091 5040 1346 5112 illucque
1368 5038 1568 5096 oculos
1598 5040 1850 5094 circum-

165 5133 423 5200 ferrem,
449 5132 500 5188 si
534 5132 684 5188 forte
715 5131 984 5187 alicunde
1008 5130 1148 5203 quid
1179 5129 1404 5201 auxilii,
1426 5146 1539 5201 quo
1573 5129 1849 5195 salvarer,

162 5222 509 5293 adveniret,
535 5220 809 5294 apparuit
856 5224 1009 5276 retro
1055 5219 1167 5292 via,
1191 5236 1309 5290 qua
1352 5235 1644 5290 veneram,
1679 5219 1849 5290 quasi

157 5311 380 5385 fulgor
410 5311 590 5369 stellae
614 5309 888 5367 micantis
911 5311 1062 5366 inter
1093 5309 1385 5377 tenebras,
1412 5325 1537 5381 quae
1563 5308 1849 5380 paulatim

155 5416 461 5458 crescens
491 5405 548 5456 et
579 5401 653 5456 ad
679 5416 772 5455 me
793 5401 955 5456 ocius
986 5399 1271 5456 festinans
1292 5399 1391 5454 ubi
1423 5397 1853 5471 appropinqua-

153 5492 288 5561 vit,
305 5489 558 5564 dispersi
593 5493 734 5546 sunt
757 5493 814 5545 et
835 5489 1189 5563 aufugerunt
1211 5504 1416 5544 omnes
1442 5488 1540 5560 qui
1565 5505 1657 5543 me
1679 5487 1849 5542 forci-

152 5583 366 5657 pibus
397 5596 605 5654 rapere
637 5580 978 5653 quaerebant
999 5578 1243 5652 spiritus
1268 5576 1487 5633 infesti.
1522 5576 1622 5632 Ille
1653 5580 1848 5632 autem

149 5672 292 5748 qui
320 5671 644 5730 adveniens
673 5688 773 5729 eos
804 5671 1028 5744 fugavit
1055 5672 1178 5726 erat
1205 5668 1332 5742 ipse
1353 5667 1453 5740 qui
1475 5683 1569 5724 me
1589 5671 1724 5722 ante
1747 5667 1851 5722 du-

1961 4685 2227 4755 egerunt,
2252 4698 2456 4736 omnes
2488 4681 2548 4735 in
2579 4681 2673 4735 die
2708 4679 2916 4750 judicii
2948 4680 3018 4733 ad
3051 4694 3298 4750 regnum
3328 4677 3607 4732 caelorum

1959 4772 2325 4843 perveniunt.
2350 4768 2564 4826 Multos
2595 4773 2790 4824 autem
2823 4785 2890 4822 ex
2920 4767 3004 4822 eis
3035 4783 3232 4838 preces
3262 4766 3605 4832 viventium,

1959 4865 2016 4915 et
2038 4859 2502 4930 eleemosynze,et
2518 4857 2829 4930 jejunia,et
2851 4856 3103 4911 maxime
3126 4855 3441 4910 celebratio
3473 4854 3609 4909 mis-

1960 4966 2183 5017 sarum,
2206 4954 2268 5003 ut
2295 4948 2468 5003 etiam
2501 4950 2634 5003 ante
2655 4946 2806 5002 diem
2840 4945 3043 5016 iudicii
3071 4945 3412 5013 liberentur,
3435 4945 3607 5015 adju-

1958 5043 2116 5094 vant.
2151 5039 2324 5093 Porro
2384 5040 2596 5109 putens
2640 5035 2735 5091 ille
2775 5035 3208 5091 ﬂammivomus
3251 5051 3316 5090 ac
3364 5034 3606 5106 putidus

1961 5144 2136 5200 quem
2157 5126 2353 5182 vidisti
2383 5125 2579 5199 ipsum
2601 5129 2690 5181 est
2719 5142 2782 5180 os
2808 5125 3107 5198 gehennae,
3131 5124 3191 5178 in
3223 5140 3338 5194 quo
3361 5123 3612 5194 quicun-

1961 5234 2072 5290 que
2104 5216 2283 5272 semel
2316 5215 2604 5280 inciderit,
2626 5231 2930 5286 nunquam
2955 5212 3474 5269 indeliberabitur.
3501 5212 3607 5268 L0-

1960 5323 2063 5362 cus
2092 5322 2223 5361 vero
2254 5303 2363 5360 iste
2397 5303 2612 5359 ﬂorifer
2641 5303 2700 5358 in
2724 5320 2839 5374 quo
2862 5301 3609 5374 pulcherrimamjuventu-

1960 5401 2077 5452 tem
2103 5393 2413 5466 jocundari
2447 5409 2512 5448 ac
2544 5393 2763 5465 fulgere
2795 5390 3107 5462 conspicis,
3132 5389 3256 5461 ipse
3283 5393 3373 5445 est
3403 5389 3461 5445 in
3492 5407 3606 5462 quo

1960 5483 2314 5556 recipientur
2341 5483 2548 5538 animae
2570 5499 2768 5538 eorum
2795 5481 2891 5553 qui
2926 5481 2983 5535 in
3016 5479 3185 5535 bonis
3206 5479 3445 5551 quidem
3469 5497 3603 5552 ope-

1960 5575 2124 5630 ribus
2158 5574 2228 5629 de
2259 5589 2497 5645 corpore
2543 5575 2784 5638 exeunt;
2838 5587 2951 5626 non
3006 5574 3199 5625 tamen
3245 5575 3386 5626 sunt
3429 5573 3604 5625 tantae

1960 5663 2349 5738 perfectionis,
2365 5668 2428 5720 ut
2445 5663 2502 5722 in
2525 5677 2770 5736 regnum
2790 5660 3068 5719 caelorum
3092 5660 3289 5718 statim
3313 5660 3582 5718 introduc
