4044 6164
468 370 586 445 383

1492 391 1837 454 OTHLONI
1877 384 2235 457 MONACHI
2279 393 2345 455 S.
2394 391 2882 455 EMMERAMMI

3766 393 3881 457 384

471 514 717 595 possint.
739 516 845 581 Qui
874 519 1072 573 tamen
1095 535 1298 577 omnes
1319 519 1376 576 in
1399 521 1713 595 diejudicii
1738 526 1806 580 ad
1830 526 2115 582 visionem
2146 528 2201 595 Î‘
2232 524 2525 582 clamabat
2558 526 2757 581 statim
2805 523 3125 581 miserabili
3156 540 3295 581 voce
3327 540 3339 579 :
3374 523 3519 588 Quid
3551 524 3639 581 vis
3669 527 3885 583 modo?

471 604 681 661 ChriSti
722 609 777 660 et
821 608 1035 678 gaudia
1087 610 1243 681 regni
1304 611 1554 669 coalestis
1611 614 1935 671 intrabunt.
1970 617 2114 671 Nam

474 694 808 766 quicunque
843 696 902 751 in
936 698 1093 753 omni
1134 701 1326 769 verbo,
1360 707 1416 757 et
1449 720 1619 775 opere
1669 708 1724 759 et
1770 705 2119 776 cogitatione

471 784 709 855 perfecti
742 790 898 857 sunt,
930 804 1062 842 mox
1093 789 1163 843 de
1214 807 1452 861 corpore
1484 794 1700 865 egressi
1749 795 1818 848 ad
1870 812 2116 866 regnum

472 871 701 929 cceleste
734 875 1095 949 perveniunt,
1120 880 1190 933 ad
1238 882 1408 951 cujus
1438 882 1650 937 vicinia
1679 883 1929 954 pertinet
1956 883 2120 940 locus

471 961 588 1027 ille,
613 963 708 1017 ubi
753 981 963 1020 sonum
996 968 1298 1023 cantilenae
1332 971 1518 1026 dulcis
1550 989 1684 1027 cum
1719 974 1890 1029 odore
1922 974 2119 1029 suavi-

470 1052 611 1107 tatis
643 1070 707 1107 ac
738 1053 1045 1125 splendore
1072 1056 1219 1113 lucis
1252 1060 1488 1115 audisti.

544 1142 628 1196 Tu
665 1147 857 1199 autem
884 1146 1019 1215 quia
1048 1165 1202 1203 nunc
1226 1150 1296 1203 ad
1321 1167 1531 1223 corpus
1562 1153 1863 1221 reverti,et
1884 1170 2119 1208 rursum

471 1229 625 1285 inter
655 1231 921 1289 homines
942 1235 1133 1291 vivere
1170 1237 1368 1303 debes,
1394 1240 1439 1294 si
1474 1244 1636 1295 actus
1667 1246 1798 1296 tuos
1831 1242 2120 1297 curiosius

473 1318 762 1375 discutere
785 1326 840 1376 et
874 1340 1063 1379 mores
1088 1342 1503 1399 sermonesque
1529 1333 1660 1385 tuos
1691 1329 1748 1385 in
1778 1331 2122 1386 rectitudine

473 1424 538 1462 ac
568 1409 941 1481 simplicitate
989 1430 1216 1469 scrvare
1246 1418 1562 1488 studueris,
1597 1419 1845 1491 accipies
1893 1424 1949 1475 et
1998 1422 2121 1492 ipse

472 1502 604 1568 post
635 1504 882 1555 mortem
914 1501 1107 1558 locum
1141 1505 1465 1562 mansionis
1498 1508 1651 1564 inter
1680 1508 1822 1577 haec,
1848 1527 1975 1581 quae
1998 1527 2120 1566 cer-

473 1586 589 1654 nis,
622 1590 860 1660 agmina
891 1591 1223 1649 lzetabunda
1256 1595 1569 1667 spirituum
1602 1599 1928 1654 beatorum.
1952 1600 2123 1655 Nam-

473 1692 586 1747 que
617 1695 744 1751 ego,
764 1695 899 1735 cum
932 1683 1001 1736 ad
1035 1686 1270 1755 tempus
1301 1684 1717 1743 abscessissem
1747 1706 1779 1742 a
1809 1693 1884 1756 te,
1908 1688 1979 1743 ad
2013 1688 2123 1743 hoc

472 1763 600 1834 feci,
627 1770 691 1821 ut
724 1768 863 1839 quid
897 1770 966 1825 de
992 1774 1046 1826 te
1079 1773 1201 1826 fieri
1235 1774 1469 1829 deberet
1500 1792 1896 1847 agnoscerem.

706 1873 839 1966 cqm
872 1858 1015 1913 mihi
1059 1860 1321 1933 dixisset,
1347 1863 1597 1918 multum
1639 1866 1958 1922 detestatus
1988 1884 2119 1923 sum
2151 1898 2198 1966 B

473 1944 679 1998 reverti
712 1945 782 1999 ad
815 1963 1049 2018 corpus,
1074 1949 1393 2007 delectatus
1428 1951 1707 2009 nimirum
1740 1955 2024 2011 suavitate
2055 1974 2118 2011 ac

473 2031 679 2087 decore
709 2032 819 2089 loci
843 2034 1001 2091 illius
1025 2054 1195 2108 quem
1228 2039 1514 2111 intuebar,
1540 2044 1715 2099 simul
1743 2049 1799 2099 et
1829 2045 2118 2101 consortio

473 2136 673 2175 eorum
698 2140 842 2193 quos
872 2124 932 2179 in
966 2125 1064 2181 illo
1086 2128 1376 2198 videbam,
1401 2148 1505 2186 nec
1536 2135 1732 2189 tamen
1764 2134 1982 2205 aliquid
2011 2136 2118 2188 du-

473 2212 690 2266 ctorem
723 2229 919 2269 meum
952 2232 1155 2288 rogare
1182 2220 1489 2276 audebam.
1519 2223 1629 2277 Sed
1660 2222 1813 2279 inter
1842 2226 1985 2291 haec,
2020 2242 2118 2282 ne-

471 2300 591 2356 scio
624 2318 739 2372 quo
771 2303 995 2370 ordine,
1027 2311 1261 2377 repente
1313 2326 1406 2365 me
1452 2311 1606 2366 inter
1635 2312 1903 2368 homines
1930 2316 2119 2370 vivere

474 2405 667 2444 cerno.
701 2390 831 2446 Haec
869 2397 927 2448 et
975 2393 1110 2460 alia,
1145 2412 1270 2467 qua
1301 2398 1524 2454 viderat
1556 2401 1709 2455 idem
1752 2403 1840 2456 vir
1888 2402 2121 2459 Domini

474 2494 589 2533 non
615 2479 890 2535 omnibus
913 2483 1134 2553 passim
1159 2486 1471 2544 desidiosis
1494 2506 1557 2544 ac
1580 2489 1708 2545 vitae
1732 2509 1851 2546 suae
1872 2492 2122 2548 incurio-

473 2564 557 2621 sis
601 2567 814 2622 referre
860 2568 1106 2642 volebat,
1139 2574 1241 2628 sed
1285 2574 1403 2631 illis
1456 2578 1826 2635 solummodo
1877 2581 2002 2651 qui,
2034 2582 2119 2636 vel

472 2657 899 2712 tormentorum
950 2665 1108 2715 metu
1157 2664 1447 2733 perterriti
1480 2667 1567 2722 vel
1620 2684 1722 2739 spe
1771 2670 2119 2741 gaudiorum

476 2744 821 2814 perennium
846 2747 1475 2822 delectati,profectum
1501 2755 1732 2827 pietatis
1753 2774 1821 2811 ex
1842 2758 1968 2828 ejus
1997 2776 2119 2814 ver-

475 2831 569 2887 bis
590 2831 824 2890 haurire
841 2836 1237 2911 volebant,qui
1262 2859 1446 2913 usque
1469 2846 1541 2898 ad
1565 2846 1717 2900 diem
1743 2863 1860 2901 suae
1876 2848 2123 2902 vocatio-

478 2920 570 2976 nis
593 2919 939 2995 infatigabili
957 2926 1277 2985 ccelestium
1303 2930 1589 2988 bonorum
1608 2934 1895 2991 desiderio
1912 2952 2122 3008 corpus

479 3010 663 3066 senile
694 3011 845 3068 inter
876 3016 1217 3085 quotidiana
1239 3020 1466 3090 jejunia
1495 3023 1772 3079 domabat
1802 3025 2124 3098 multisque

481 3102 537 3154 et
566 3099 739 3156 verbo
779 3106 835 3157 et
886 3107 1321 3164 conversatione
1370 3110 1545 3166 saluti
1594 3113 1722 3168 fuit.
1751 3114 1855 3168 Cui
1903 3114 2125 3171 scilicet

480 3188 687 3244 visioni
720 3206 854 3247 mox
901 3194 1217 3264 subjuncta
1265 3203 1354 3253 est
1399 3198 1514 3254 alia
1544 3218 1577 3256 a
1606 3202 1879 3273 przedicto
1910 3204 2034 3261 viro
2062 3203 2120 3259 in

476 3276 634 3333 hunc
665 3281 903 3336 modum
938 3281 1156 3355 scripta
1185 3303 1196 3339 :

868 3390 1059 3447 VISIO
1097 3392 1437 3451 VICESIMA
1484 3397 1730 3454 PRIMA.

552 3476 787 3543 Quidam
809 3476 875 3534 ob
892 3479 1395 3557 _dilatampnimium
1421 3490 1797 3557 paenitentiam
1825 3492 2055 3546 aiernis

884 3550 1168 3609 tormentis
1195 3550 1459 3611 addictus.
1494 3560 1577 3613 Ex
1605 3560 1720 3613 eod.

550 3638 621 3691 At
650 3641 851 3693 contra
883 3639 991 3694 fuit
1034 3642 1269 3712 quidam
1324 3645 1381 3699 in
1431 3648 1726 3715 provincia
1755 3648 2121 3720 Merciorum,

481 3726 651 3796 cujus
679 3726 933 3783 visiones
956 3746 1022 3784 ac
1044 3731 1237 3799 verba,
1261 3750 1374 3788 non
1405 3738 1597 3789 autem
1622 3738 1980 3793 conversatio
2003 3738 2126 3810 plu-

480 3814 669 3881 rimis,
689 3817 789 3871 sed
823 3833 927 3871 nec
952 3817 1303 3892 sibimetipsi
1335 3823 1573 3893 profuit.
1600 3825 1729 3879 Fuit
1759 3831 1954 3881 autem
1985 3831 2127 3882 tem-

480 3903 721 3976 poribus
742 3906 1040 3976 Coenredi,
1064 3908 1163 3979 qui
1195 3914 1325 3980 post
1355 3912 1692 3968 Edilredum
1726 3915 2007 3987 regnavit,
2039 3916 2126 3971 vir

482 3993 541 4046 in
560 3991 706 4048 laico
727 3993 934 4049 habitu
954 3998 1127 4067 atque
1152 3998 1342 4055 officio
1362 4000 1603 4057 militari
1622 4004 1836 4073 potius,
1852 4005 1950 4059 sed
1966 4022 2122 4077 quan

458 4083 605 4161 tum
624 4098 728 4153 pro
750 4083 1043 4139 industria
1062 4087 1326 4143 exteriori
1349 4090 1470 4161 regi
1495 4090 1751 4162 placens,
1768 4097 1997 4149 tantum
2023 4112 2125 4166 pro

481 4168 711 4224 interna
741 4172 959 4227 suimet
1004 4175 1357 4248 negligentia
1400 4178 1733 4251 displicens.
1757 4183 2129 4239 Admonebat

479 4274 616 4329 ergo
647 4257 816 4314 illum
849 4260 1071 4330 sedulo,
1097 4267 1162 4319 ut
1191 4266 1582 4337 confiteretur,
1607 4274 1665 4324 et
1695 4272 2031 4326 emendaret
2062 4288 2126 4327 ac

482 4345 834 4420 relinqueret
850 4350 1069 4407 scelera
1086 4370 1213 4420 sua,
1234 4355 1576 4429 priusquam
1597 4359 1790 4415 subito
1810 4360 2014 4417 mortis
2032 4362 2129 4417 ad-

482 4441 657 4492 ventu
680 4441 912 4511 tempus
936 4457 1106 4498 omne
1128 4444 1448 4515 pmnitendi
1474 4451 1529 4501 et
1550 4449 1899 4503 emendandi
1931 4451 2128 4521 perde-

482 4530 589 4583 ret.
604 4526 819 4583 Verum
843 4528 939 4585 ille
957 4530 1290 4604 frequenter
1310 4533 1442 4591 licet
1463 4537 1797 4593 admonitus
1820 4540 2130 4610 spernebat

2152 3269 2195 3337 C

2229 616 2367 688 quid
2400 614 2513 669 huc
2544 614 2943 670 venisti?â€˜Non
2977 614 3133 669 enim
3170 613 3316 669 mihi
3348 614 3568 685 aliquid
3604 615 3883 672 utilitatis

2229 709 2329 760 aut
2356 703 2563 760 salutis
2596 710 2757 775 potes
2786 702 2940 759 ultra
2962 705 3243 760 conferre.
3270 706 3341 758 At
3366 702 3481 769 ille,
3506 703 3646 772 noli,
3670 703 3880 777 inquit,

2228 794 2310 849 ita
2338 794 2521 866 loqui,
2554 794 2681 849 vide
2714 799 2777 848 ut
2808 810 3018 848 sanum
3062 794 3277 865 sapias.
3304 793 3448 860 Non,
3484 792 3694 864 inquit,
3719 795 3881 850 insa-

2229 884 2347 950 nio,
2382 884 2481 939 sed
2529 882 2847 953 pessimam
2891 882 3035 937 mihi
3068 882 3487 937 conscientiam
3518 887 3711 937 certus
3764 901 3881 955 prae

2230 972 2414 1027 oculis
2446 972 2649 1027 habeo.
2682 972 2749 1025 Et
2779 971 2940 1042 quid,
2975 971 3187 1043 inquit,
3218 971 3326 1027 hoc
3358 971 3484 1027 est?
3514 971 3691 1027 Paulo
3722 978 3879 1041 ante,

2230 1062 2442 1133 inquit,
2476 1060 2841 1115 intraverunt
2873 1059 3113 1115 domum
3160 1060 3309 1115 hanc
3342 1060 3455 1115 duo
3501 1060 3882 1131 pulcherrimi

2222 1151 2467 1222 juvenes
2490 1154 2546 1205 et
2569 1150 2846 1205 sederunt
2868 1149 3021 1204 circa
3040 1165 3151 1218 me,
3172 1165 3322 1204 unus
3345 1150 3416 1204 ad
3439 1155 3633 1221 caput,
3650 1155 3706 1205 et
3726 1168 3883 1207 unus

2232 1240 2301 1294 ad
2337 1240 2530 1311 pedes.
2557 1239 2627 1293 Et
2658 1237 2899 1310 protulit
2930 1256 3084 1293 unus
3114 1237 3378 1293 libellum
3410 1238 3751 1310 pulchrum,
3778 1241 3883 1295 sed

2232 1328 2601 1384 vehementer
2617 1328 2936 1397 modicum,
2953 1344 3016 1383 ac
3036 1327 3180 1382 mihi
3200 1328 3270 1382 ad
3290 1327 3602 1399 legendum
3621 1329 3798 1384 dedit.
3822 1331 3885 1384 In

2234 1434 2348 1489 quo
2370 1417 2718 1488 omnia,quaa
2740 1434 3002 1488 unquam
3029 1417 3182 1472 bona
3198 1417 3468 1482 feceram,
3487 1417 3724 1473 intuens
3747 1419 3901 1473 scri-â€˜

2232 1512 2333 1580 pta
2364 1506 2569 1577 reperi.
2604 1507 2669 1561 Et
2694 1506 2812 1561 haec
2844 1510 3008 1561 erant
3040 1506 3290 1561 nimium
3326 1522 3511 1578 pauca
3541 1510 3599 1561 et
3628 1507 3883 1562 modica.

2232 1596 2597 1668 Receperunt
2615 1595 2894 1663 codicem,
2908 1612 3012 1649 nec
3030 1593 3251 1666 aliquid
3270 1594 3415 1649 mihi
3433 1594 3885 1650 dicebant.Tum

2232 1685 2425 1741 subito
2459 1685 2793 1756 supervenit
2812 1684 3098 1739 exercitus
3123 1683 3515 1755 malignorum
3536 1689 3596 1739 et
3624 1683 3887 1740 horrido-

2232 1791 2363 1829 rum
2394 1774 2558 1828 vultu
2592 1773 2927 1846 spirituum,
2960 1774 3320 1844 domumque
3350 1773 3502 1828 hanc
3533 1777 3589 1828 et
3628 1773 3884 1829 exterius

2232 1863 2479 1928 obsedit,
2497 1866 2553 1918 et
2574 1864 2731 1918 intus
2756 1862 3011 1918 maxima
3032 1879 3099 1918 ex
3125 1867 3285 1934 parte
3308 1863 3571 1918 residens
3592 1861 3880 1933 implevit.

2229 1953 2391 2007 Tunc
2426 1951 2522 2007 ille
2546 1952 2643 2024 qui
2667 1957 2724 2007 et
2753 1951 3110 2007 obscuritate
3135 1952 3453 2007 tenebrosa;
3476 1951 3640 2007 faciei
3668 1956 3727 2006 et
3758 1952 3883 2022 pri-

2230 2045 2392 2096 matu
2426 2042 2581 2096 sedis
2610 2042 2798 2112 major
2827 2058 2954 2097 esse
2984 2040 3291 2097 videbatur
3319 2057 3543 2107 eorum,
3578 2040 3882 2112 proferens

2229 2130 2487 2185 codicem
2511 2130 2811 2185 horrendae
2832 2129 3077 2185 visionis
3100 2135 3157 2185 et
3178 2129 3599 2202 magnitudinis
3622 2129 3883 2185 enormis

2229 2228 2283 2275 et
2307 2220 2578 2290 ponderis
2602 2235 2745 2291 pene
2769 2218 3180 2290 importabilis,
3196 2220 3381 2290 jussit
3403 2235 3587 2274 unum
3611 2235 3681 2273 ex
3702 2217 3880 2274 satel-

2229 2308 2433 2364 litibus
2463 2308 2586 2364 suis
2611 2307 2753 2363 mihi
2782 2309 2848 2363 ad
2884 2306 3196 2380 legendum
3221 2309 3615 2372 deferre.Qua:
3640 2314 3772 2363 enm
3806 2307 3885 2363 le-

2230 2397 2470 2470 gissem,
2495 2396 2688 2452 inveni
2712 2397 2910 2452 omnia
2930 2396 3167 2465 scelera,
3194 2414 3309 2451 non
3337 2396 3528 2451 solum
3552 2413 3677 2468 quae
3708 2412 3884 2469 opere

2228 2485 2318 2542 vel
2342 2487 2645 2554 verbo,sed
2669 2486 2844 2540 etiam
2864 2503 2989 2557 qua:
3010 2485 3362 2542 tenuissima
3383 2485 3733 2558 cogitatione
3756 2502 3887 2557 pec-

2231 2575 2376 2647 cavi,
2397 2574 2875 2630 manifestissime
2898 2575 2955 2629 in
2978 2592 3043 2630 eo
3066 2574 3229 2631 tetris
3256 2592 3384 2631 esse
3408 2573 3702 2646 descripta
3722 2573 3885 2629 litte-

2231 2665 2331 2719 ris.
2366 2663 2719 2735 Dicebatque
2753 2664 2823 2718 ad
2856 2662 3007 2734 illus,
3033 2664 3131 2735 qui
3167 2662 3312 2719 mihi
3345 2663 3702 2730 assederant,
3728 2662 3887 2718 viros

2232 2750 2396 2808 albos
2424 2757 2480 2807 et
2512 2751 2821 2823 praeclaros
2855 2770 2867 2808 :
2901 2753 3048 2817 Quid
3083 2753 3178 2808 hic
3208 2752 3443 2823 sedetis,
3477 2751 3728 2807 scientes
3760 2768 3887 2807 cer-

2230 2841 2458 2897 tissiine
2481 2841 2619 2913 quia
2640 2845 2839 2897 noster
2865 2846 2953 2897 est
2974 2842 3126 2897 iste?
3154 2842 3603 2914 Responderunt
3627 2858 3640 2896 :
3665 2840 3888 2896 Verum

2233 2929 2448 2985 dicitis.
2471 2930 2727 3002 Accipite
2759 2934 2815 2985 et
2844 2931 2901 2985 in
2934 2931 3237 2986 cumulum
3265 2930 3659 2986 damnationis
3681 2936 3889 2986 vestra:
3960 3000 3971 3007 Î½

2232 3018 2576 3087 ducite.Quo
2597 3019 2767 3087 facto,
2787 3020 2984 3075 statim
3003 3019 3892 3093 disparuerunt.Surgentesque

2233 3109 2347 3164 duo
2379 3109 2729 3181 nequissimi
2760 3109 3005 3181 spiritus
3035 3109 3317 3166 habentes
3360 3108 3421 3166 in
3452 3109 3728 3165 manibus
3761 3106 3892 3164 cul-

2234 3201 2389 3253 trum
2422 3203 2840 3270 percusserunt
2883 3216 2975 3255 me
3008 3216 3161 3255 unus
3209 3200 3271 3254 in
3302 3197 3488 3272 capite
3536 3204 3593 3254 et
3640 3197 3796 3254 alius
3830 3198 3893 3252 in

2234 3287 2410 3359 pede;
2438 3287 2535 3359 qui
2555 3286 2825 3343 videlicet
2846 3289 3017 3344 modo
3038 3305 3169 3344 cum
3194 3304 3408 3360 magno
3430 3292 3722 3344 tormento
3750 3288 3897 3342 irre-

2233 3379 2381 3447 punt
2410 3375 2469 3431 in
2501 3375 2777 3431 interiora
2798 3377 3059 3448 corporis
3086 3377 3221 3445 mei,
3248 3393 3497 3449 moxque
3527 3381 3593 3432 ut
3612 3377 3683 3432 ad
3709 3390 3774 3431 se
3795 3375 3892 3431 in-

2232 3464 2419 3520 vicem
2460 3466 2823 3537 perveniunt,
2848 3465 3064 3521 moriar
3092 3471 3149 3521 et
3178 3465 3397 3538 paratis
3428 3467 3499 3521 ad
3534 3465 3894 3537 rapiendum

2235 3570 2327 3609 me
2344 3554 2710 3610 daemonibus
2732 3553 2790 3609 in
2816 3554 3025 3611 inferni
3049 3553 3305 3610 claustra
3330 3553 3897 3628 pertrahar.Sicque

2232 3642 2584 3714 loquebatur
2614 3644 2793 3699 miser
2821 3644 3161 3716 desperans,
3187 3649 3243 3700 et
3275 3662 3389 3700 non
3418 3643 3601 3700 multo
3629 3650 3765 3715 post
3796 3647 3901 3701 de-

2235 3732 2473 3787 functus
2504 3732 2927 3804 paenitentiam,
2953 3750 3129 3806 quam
3173 3733 3242 3789 ad
3276 3734 3445 3790 breve
3476 3738 3711 3805 tempus
3745 3752 3893 3790 cum

2234 3821 2427 3875 fructu
2475 3821 2654 3876 veniae
2709 3820 2895 3877 facere
2945 3823 3296 3894 supersedit,
3324 3823 3383 3878 in
3426 3827 3709 3879 aeternum
3764 3824 3903 3880 sine

2238 3910 2427 3965 fructu
2462 3910 2648 3982 poenis
2692 3912 2965 3968 subditus
3016 3912 3175 3967 facit.
3207 3913 3288 3968 De
3318 3929 3434 3984 quo
3465 3916 3717 3980 constat,
3752 3914 3907 3985 quia

2236 3998 2387 4053 sicut
2408 4002 2648 4053 sanctus
2680 4016 2829 4070 papa
2851 3999 3164 4071 Gregorius
3186 4000 3257 4054 de
3279 3998 3633 4071 quibusdam
3658 3999 3907 4066 scribit,

2237 4088 2351 4141 non
2382 4104 2486 4158 pro
2519 4103 2580 4141 se
2611 4087 2851 4152 ista,cui
2877 4104 2991 4142 non
3015 4087 3420 4160 profuere,sed
3454 4104 3557 4158 pro
3580 4085 3714 4142 aliis
3737 4080 3908 4144 vide-

2237 4175 2311 4230 rit
2333 4176 2433 4248 qui
2454 4176 2582 4246 ejus
2614 4176 2915 4231 interitum
2945 4170 3623 4249 cognoscentes,ditferre
3646 4180 3907 4250 tempus

2237 4265 2613 4337 poenitentia},
2656 4266 2795 4320 dum
2853 4270 3039 4333 vocat,
3091 4265 3386 4335 timerent,
3438 4281 3513 4321 ne
3567 4263 3909 4337 improviso

2238 4354 2447 4410 mortis
2478 4354 2723 4410 articulo
2756 4350 3029 4427 praeventi
3059 4353 3491 4427 impaanitentes
3520 4352 3814 4426 perirent.

2583 4443 2774 4499 VISIO
2812 4443 3154 4500 VICESIMA
3194 4442 3421 4499 SECUN
3425 4442 3539 4498 DA.

2239 4534 2483 4589 Scelesta:
2512 4535 2643 4589 vita?
2670 4534 2966 4588 monachus
3003 4541 3276 4589 aeternum
3309 4532 3627 4589 damnatus.
3653 4532 3745 4587 Ea:
3776 4528 3914 4588 eod.

480 4616 655 4673 verba
685 4616 891 4674 salutis
922 4636 1100 4693 seque
1125 4626 1385 4695 tempore
1411 4630 1689 4696 sequente
1722 4626 2125 4697 pmnitentiam
2158 4641 2205 4707 Î™)
2308 4625 2446 4677 Post
2473 4621 2593 4677 haec
2626 4638 2858 4694 quoque
2882 4622 3166 4677 viSionem
3188 4621 3422 4677 tertiam
3453 4620 3780 4694 praedictus
3814 4640 3921 4678 V8-

487 4709 757 4763 acturum
784 4725 912 4765 esse
942 4711 1337 4782 promittebat.
1363 4714 1464 4770 Hic
1487 4714 1717 4771 interim
1750 4718 1939 4772 factus
1966 4717 2129 4772 infir-

484 4796 684 4852 mitate
714 4798 928 4854 decidit
976 4799 1034 4853 in
1085 4800 1298 4857 lectum
1344 4807 1516 4875 atque
1545 4806 1663 4860 acri
1713 4806 1884 4877 cmpit
1934 4805 2130 4862 dolore

482 4885 875 4956 torqueri.Ad
917 4904 1089 4958 quem
1139 4890 1441 4963 ingressus
1499 4909 1595 4949 rex
1646 4893 1947 4966 (diligebat
1995 4912 2128 4951 eum

483 4973 761 5039 multum)
780 4973 1125 5031 hortabatur
1150 4982 1213 5033 ut
1232 4979 1318 5034 vel
1352 4984 1513 5048 tunc,
1538 4986 1853 5054 antequam
1887 5001 2133 5041 morere-

486 5062 602 5129 tur,
637 5062 1036 5133 pmnitentiam
1072 5072 1265 5137 ageret
1308 5071 1779 5128 commissorum.
1812 5077 1887 5127 At
1916 5072 2012 5129 ille
2044 5091 2129 5129 re-

492 5149 728 5221 spondit
757 5167 870 5205 non
905 5167 966 5207 se
996 5155 1133 5207 tunc
1154 5155 1298 5210 velle
1323 5159 1583 5212 conï¬teri
1616 5164 1849 5229 peccata
1882 5178 2007 5232 sua,
2031 5164 2130 5218 sed

488 5256 621 5294 cum
646 5239 716 5294 ab
748 5239 1087 5297 inï¬rmitate
1110 5250 1458 5316 resurgeret,
1486 5262 1556 5301 ne
1585 5250 2000 5320 exprobrarent
2022 5251 2131 5305 sibi

485 5326 717 5383 sodales
748 5328 902 5399 quod
943 5330 1151 5387 timore
1195 5333 1401 5389 mortis
1434 5335 1645 5391 faceret
1675 5353 1742 5392 ea
1772 5355 1898 5410 quae
1932 5357 2133 5412 sospes

482 5416 674 5470 facere
705 5416 990 5486 noluerat,
1024 5420 1247 5476 fortiter
1277 5421 1536 5492 quidem,
1565 5429 1630 5479 ut
1662 5426 1771 5481 sibi
1804 5428 2130 5497 videbatur,

485 5502 735 5573 locutus,
764 5505 860 5560 sed
892 5508 1322 5578 miserabiliter,
1342 5514 1407 5565 ut
1429 5516 1559 5583 post
1580 5514 1790 5585 patuit,
1813 5517 2133 5574 daemonica

486 5592 689 5649 fraude
719 5593 1016 5652 seductus.
1040 5597 1304 5671 Cumque
1335 5600 1538 5656 morbo
1578 5601 2011 5675 ingravescente
2034 5607 2130 5663 de-

483 5698 600 5741 nuo
631 5683 701 5739 ad
734 5698 868 5741 eum
898 5684 1255 5745 vis1tandum
1279 5705 1344 5745 ac
1375 5687 1702 5748 docendum
1736 5709 1833 5749 rex
1864 5692 2126 5764 intraret,

2240 4710 2515 4766 nerabilis
2533 4711 2686 4766 Beda
2708 4709 3033 4782 subjungit.
3054 4710 3194 4766 Novi
3217 4714 3433 4779 autem,
3452 4709 3757 4782 inquiens,
3775 4711 3923 4783 ipse

2239 4800 2499 4869 fratrem,
2529 4816 2701 4871 quem
2751 4800 2976 4855 utinam
3028 4818 3143 4855 non
3187 4798 3449 4856 nosseml
3478 4800 3657 4870 Cujus
3708 4801 3915 4858 etiam

2241 4904 2473 4959 nomen,
2498 4888 2546 4943 si
2571 4888 2677 4943 hoc
2701 4887 2923 4961 aliquid
2956 4889 3211 4960 prodest,
3236 4888 3425 4946 dicere
3447 4905 3704 4962 possem,
3735 4892 3923 4962 posi-

2239 4981 2364 5032 tum
2398 4977 2458 5032 in
2492 4978 2845 5034 monasterio
2869 4976 3071 5047 nobili,
3095 4978 3197 5034 sed
3227 4978 3424 5051 ipsum
3454 4978 3817 5053 ignobiliter
3836 4979 3929 5037 vi-

2238 5070 2487 5122 ventem.
2504 5067 2933 5140 Corripiebatur
2956 5064 3190 5138 quidem
3219 5067 3421 5124 sedulo
3452 5084 3487 5124 a
3514 5066 3824 5125 fratribus
3848 5086 3927 5125 ac

2242 5156 2563 5228 majoribus
2594 5155 2726 5223 loci,
2758 5161 2934 5229 atque
2964 5155 3037 5211 ad
3070 5156 3504 5230 castigatiorem
3533 5156 3718 5213 vitam
3756 5175 3932 5216 con-

2238 5246 2382 5301 verti
2407 5246 2846 5303 admonebatur.
2861 5248 2931 5303 Et
2951 5247 3219 5319 quamvis
3241 5264 3339 5305 eos
3357 5248 3558 5304 audire
3575 5245 3932 5320 noluisset,

2238 5335 2596 5391 tolerabatur
2620 5340 2818 5393 tamen
2842 5337 2913 5393 ab
2935 5336 3017 5393 eis
3049 5335 3463 5410 longanimiter
3480 5336 3551 5393 ob
3572 5339 3938 5396 necessita-

2240 5427 2357 5480 tem
2390 5441 2631 5497 operum
2676 5425 2863 5497 ipsius
2900 5425 3280 5495 exteriorum;
3312 5428 3438 5481 erat
3481 5426 3636 5481 enim
3689 5423 3936 5485 fabrili

2242 5518 2363 5571 arte
2380 5514 2717 5588 singularis.
2738 5515 3033 5571 Serviebat
3053 5518 3245 5571 autem
3270 5513 3524 5571 multum
3545 5514 3847 5572 ebrietati
3874 5524 3947 5575 et

2241 5604 2464 5660 caeteris
2512 5604 2639 5659 vita;
2700 5603 3053 5661 remissioris
3100 5604 3417 5677 illecebris;
3471 5603 3805 5679 magisque
3866 5608 3945 5665 in

2241 5693 2473 5751 ofï¬cina
2493 5711 2601 5751 sua
2630 5692 2722 5751 die
2739 5698 3029 5766 noctuque
3060 5693 3314 5753 residere
3339 5710 3517 5768 quam
3539 5694 3613 5753 ad
3638 5694 3947 5767 psallen-
