4044 6164
182 274 299 339 385

1555 267 1786 336 LIBER
1828 274 2232 352 VISIONUM.

3475 286 3596 367 385

187 409 328 465 dum
346 411 521 480 atque
546 407 836 464 orandum
857 405 918 461 in
939 405 1184 462 ecclesia
1202 406 1678 478 audiendumque
1699 423 1834 462 cum
1863 408 1920 486 Α
1949 412 2227 482 cupatum
2259 427 2292 465 a
2322 426 2436 482 quo
2468 412 2668 469 odium
2727 415 3036 490 omnisque
3075 415 3300 473 malitia
3345 420 3503 476 venit
3533 397 3592 478 in

184 497 466 552 fratribus
485 495 729 552 verbum
749 495 878 549 vita:
898 510 1242 550 concurrere
1267 496 1837 551 consueverat.Unde

187 585 398 644 accidit
417 584 500 640 illi
525 584 681 656 quod
707 582 897 640 solent
917 583 1106 640 dicere
1133 583 1375 655 quidam
1395 601 1407 638 :
1430 584 1576 648 Quia
1596 583 1695 657 qui
1718 601 1834 639 non

187 675 306 732 vult
329 672 593 730 ecclesia
607 675 854 744 januam
876 677 1083 745 sponte
1110 671 1455 729 humiliatus
1476 673 1727 746 ingredi,
1744 689 1837 728 ne-

188 781 343 821 cesse
364 763 799 835 habetjanuam
820 761 1033 818 inferni
1057 779 1172 818 non
1191 767 1399 835 sponte
1419 763 1732 818 damnatus
1753 763 1837 817 in-

187 852 436 910 troduci.
462 853 780 909 Percussus
821 851 979 906 enim
998 850 1279 924 languore
1299 855 1473 922 atque
1495 853 1565 908 ad
1580 857 1839 908 extrema

186 943 504 1017 perductus
525 941 751 996 vocavit
783 943 1076 1011 fratres,et
1096 939 1357 996 multum
1377 941 1564 998 tristis
1585 959 1650 997 ac
1672 942 1836 996 dam-

190 1037 322 1089 nato
345 1030 566 1088 similis
586 1030 760 1103 cmpit
780 1045 1016 1085 narrare
1038 1029 1179 1102 quia
1198 1029 1417 1086 videret
1436 1030 1652 1087 inferos
1673 1047 1838 1103 aper-

187 1126 274 1178 tos
304 1126 362 1178 et
392 1121 673 1180 Satanam
712 1121 1046 1175 demersum
1068 1118 1127 1174 in
1151 1119 1458 1190 profundis
1487 1121 1688 1176 tartari
1712 1119 1839 1176 Cai-

188 1211 486 1284 phamque
508 1225 644 1264 cum
668 1207 1018 1280 cateris,qui
1038 1207 1375 1264 occiderunt
1392 1209 1842 1282 Christum,jux-

189 1306 246 1356 ta
277 1316 417 1356 cum
450 1298 710 1355 ﬂammis
741 1296 1050 1353 ultricibus
1077 1298 1558 1366 contraditum,in
1585 1316 1840 1371 quorum

185 1389 417 1454 vicinia,
473 1387 689 1460 inquit,
744 1386 859 1442 heu
907 1386 1126 1443 misero
1183 1386 1328 1443 mihi
1377 1387 1570 1445 locum
1621 1389 1840 1462 aspicio

189 1483 413 1534 eterna
466 1475 813 1549 perditionis
859 1491 988 1531 esse
1035 1476 1474 1548 praeparatum!
1525 1479 1841 1535 Audientes

188 1568 305 1624 haec
348 1569 562 1624 fratres
601 1568 903 1638 cmperunt
950 1564 1262 1638 diligenter
1308 1566 1601 1622 exhortari
1651 1573 1716 1623 ut
1750 1568 1842 1623 vel

190 1662 324 1714 tunc
366 1656 603 1728 positus
634 1654 828 1710 adhuc
858 1654 918 1708 in
951 1670 1192 1725 corpore
1240 1656 1643 1726 paenitentiam
1693 1657 1842 1713 face-

191 1751 274 1802 ret
326 1744 724 1817 respondebat
782 1742 882 1798 ille
941 1743 1261 1816 desperans
1310 1761 1324 1799 :

196 1836 365 1892 modo
395 1838 634 1906 tempus
662 1832 1097 1902 mutandi,cum
1127 1832 1255 1905 ipse
1283 1833 1528 1889 viderim
1552 1835 1847 1906 judicium

195 1941 390 1981 meum
407 1924 536 1995 jam
560 1940 690 1980 esse
702 1921 1252 1995 completum.Talia
1273 1922 1471 1978 dicens
1494 1924 1620 1978 sine
1642 1924 1850 1982 viatico

194 2013 401 2070 salutis
424 2012 575 2068 obiit
595 2017 651 2068 et
663 2028 875 2087 corpus
897 2012 1027 2082 ejus
1053 2011 1113 2065 in
1136 2010 1365 2068 ultimis
1381 2017 1471 2068 est
1489 2011 1633 2069 locis
1653 2031 1852 2072 mona-

201 2103 364 2160 sterii
391 2102 728 2157 humatum.
744 2101 942 2172 Neque
965 2099 1179 2171 aliquis
1205 2117 1308 2172 pro
1331 2117 1396 2156 eo
1418 2101 1504 2157 vel
1528 2103 1742 2159 missas
1767 2105 1851 2159 fa-

204 2209 349 2262 cere,
381 2190 473 2246 vel
501 2189 760 2262 psalmos
805 2187 1152 2258 cantare,vel
1199 2188 1410 2245 saltem
1442 2206 1606 2247 orare
1633 2209 1852 2264 praesu-

206 2282 420 2336 mebat.
446 2278 492 2334 0
523 2295 701 2350 quam
723 2279 932 2350 grandi
956 2277 1236 2334 distantia
1256 2278 1455 2334 divisit
1482 2279 1636 2336 Deus
1660 2280 1852 2337 lucem

209 2375 265 2426 et
281 2369 555 2425 tenebras
571 2367 584 2422 l
603 2368 816 2424 Beatus
834 2370 1194 2439 protomatyr
1213 2368 1546 2440 Stephanus
1559 2387 1852 2442 passurus

209 2464 456 2516 mortem
489 2475 592 2530 pro
611 2458 854 2513 veritate
881 2456 1025 2512 vidit
1054 2455 1228 2513 ccelos
1271 2463 1523 2530 apertos,
1551 2459 1700 2514 vidit
1729 2459 1853 2532 glo-

207 2549 350 2604 riam
383 2547 489 2603 Dei
518 2550 577 2604 et
596 2546 803 2602 Jesum
828 2548 1084 2601 stantem
1107 2562 1140 2600 a
1160 2546 1379 2602 dextris
1402 2547 1589 2615 Dei,et
1609 2548 1709 2603 ubi
1731 2553 1857 2604 erat

203 2642 488 2694 venturus
520 2635 646 2709 ipse
677 2639 812 2708 post
840 2635 1218 2703 mortem,ubi
1250 2635 1449 2690 oculos
1482 2638 1698 2693 mentis
1720 2643 1856 2694 ante

209 2731 482 2792 mortem,
514 2742 630 2796 quo
661 2724 846 2781 laetior
874 2724 1267 2792 occumberet,
1286 2724 1449 2780 misit
1466 2726 1708 2794 (Act.vu,
1738 2729 1852 2796 55).

204 2821 281 2870 At
307 2821 518 2872 contra
545 2816 660 2870 iste
687 2813 1008 2869 tenebrosae
1053 2811 1266 2868 mentis
1295 2817 1352 2868 et
1380 2814 1624 2870 actionis
1656 2816 1857 2872 immi-

203 2911 376 2962 nente
406 2909 598 2960 morte
619 2902 762 2958 vidit
778 2906 980 2974 aperta
1003 2901 1391 2968 tartara,vidit
1419 2903 1856 2960 damnationem

205 2993 418 3049 diaboli
450 2998 513 3049 et
544 2990 888 3064 sequacium
917 2992 1068 3062 ejus,
1115 2989 1260 3045 vidit
1301 2991 1477 3047 etiam
1509 2993 1855 3062 suum,infe—

207 3082 285 3138 lix
331 3083 489 3138 inter
533 3081 683 3138 tales
734 3096 1047 3148 carcerem,
1103 3095 1219 3150 quo
1268 3079 1664 3137 miserabilius
1731 3082 1858 3154 ipse

1381 1745 1506 1844 Non
1555 1750 1682 1849 est“
1701 1746 1846 1845 mihi
1877 1784 1924 1849 B

1949 499 2259 554 mundum.

2015 587 2430 645 Verumtamen
2453 606 2557 647 nec
2568 591 2796 648 Vollare
2818 611 2922 650 nec
2943 596 3070 667 ejus
3084 597 3352 655 comittes
3375 615 3476 672 por
3497 616 3595 658 nos

1946 677 2316 749 minishujus
2330 679 2612 735 indicium
2627 683 3001 739 attendebant
3015 701 3187 758 quem
3200 688 3591 746 conviatorem

1947 766 2248 822 haberent.
2272 767 2400 823 Sole
2436 774 2630 828 autem
2656 771 2727 825 ad
2769 788 3041 828 occasum
3083 777 3594 850 appropinquante

1948 859 2246 927 coeperunt
2261 860 2506 913 tractare
2525 858 2622 913 ubi
2646 865 2811 915 nocte
2826 861 2925 916 illa
2937 863 3308 934 potissimum
3332 867 3592 928 valerent.

1948 961 2203 1000 manere.
2235 946 2397 1001 Tunc
2427 947 2716 1014 diabolus,
2751 950 2820 1020 si,
2854 949 3066 1022 inquit,
3099 969 3328 1008 mecum
3362 957 3590 1026 prolici-

1949 1033 2032 1088 sci
2063 1033 2540 1102 volueritis,dabo
2563 1042 2772 1093 cuncta
2793 1041 3124 1096 necessaria
3152 1043 3414 1098 vobis.Et
3434 1045 3588 1100 enim

1947 1122 2222 1196 contigua
2242 1125 2452 1180 domus
2473 1130 2529 1180 et
2549 1125 2832 1182 habitatio
2847 1130 3112 1185 mea.Sed
3137 1131 3191 1184 in
3215 1131 3324 1186 hoc
3346 1132 3595 1192 sollicite

1956 1229 2058 1270 vos
2090 1213 2310 1270 debetis
2341 1214 2908 1287 observare,ut,quia
2939 1234 3133 1274 servos
3166 1223 3222 1274 et
3253 1219 3468 1278 milites
3491 1239 3590 1279 ne-

1949 1301 2268 1374 quissimos
2299 1302 2483 1358 habeo
2516 1303 2574 1358 in
2607 1305 2778 1360 domo
2812 1322 2960 1375 mea,
3017 1307 3213 1362 nullus
3242 1314 3502 1373 vestrum
3535 1311 3595 1366 in

1951 1391 2144 1463 aliquo
2169 1391 2398 1465 negotio
2411 1391 2497 1447 vel
2522 1392 2808 1466 colloquio
2831 1412 2892 1450 se
2905 1395 3596 1465 commisceatillis,Hanc

1953 1481 2133 1553 igitur
2158 1481 2606 1552 promissionem
2638 1486 2694 1536 et
2723 1484 3181 1540 admonitionem
3201 1487 3451 1544 ﬁdeliter
3477 1489 3594 1549 fac-2

1952 1573 2072 1625 tam
2091 1571 2394 1625 credentes
2415 1570 2661 1626 libenter
2677 1573 2988 1629 audierunt
3005 1579 3061 1629 et
3081 1591 3280 1631 secum
3304 1577 3594 1648 proficisci

1953 1674 2302 1729 quocunque
2327 1659 2449 1730 ipse
2472 1659 2638 1714 vellet
2660 1660 3308 1736 decreveruntMoxque
3330 1665 3454 1737 ipse
3472 1667 3594 1737 dia-

1953 1747 2124 1814 bolus
2156 1747 2325 1818 quasi
2368 1748 2483 1802 dux
2525 1748 2746 1805 itineris
2772 1751 3066 1821 praecessit
3085 1757 3143 1808 et
3178 1733 3275 1808 eos
3298 1733 3371 1808 in
3391 1733 3595 1817 vallem

1960 1836 2278 1908 quamdam
2311 1853 2534 1909 magnae
2565 1836 2952 1910 longitudinis
2985 1839 3242 1895 deduxit.

2030 1925 2246 1982 Deinde
2275 1942 2430 1992 vero,
2459 1942 2593 1980 cum
2617 1928 2739 1998 jam
2772 1927 2959 2000 magis
2982 1945 3047 1984 ac
3075 1931 3264 2002 magis
3287 1947 3420 1987 mox
3440 1936 3600 1988 tene-

1961 2015 2134 2071 brosa
2160 2014 2831 2084 immineret,duxitillos
2858 2016 2917 2071 in
2940 2017 3145 2073 silvam
3164 2019 3601 2094 densissimam,

1960 2104 2020 2158 in
2048 2120 2165 2175 qua
2185 2103 2526 2175 aliquandiu
2553 2105 2790 2176 profecti
2813 2105 3006 2161 subito
3027 2107 3299 2162 viderunt
3319 2108 3605 2180 plurimos

1963 2192 2074 2246 sibi
2105 2209 2239 2247 cum
2273 2192 2643 2265 lampadibus
2685 2199 2741 2249 et
2789 2195 3016 2250 facibus
3059 2195 3374 2266 honoriﬁce
3405 2214 3605 2254 occur-

1964 2285 2177 2337 rentes.
2213 2285 2370 2336 Inter
2399 2297 2545 2352 quos
2589 2283 2767 2338 etiam
2808 2283 3096 2350 nonnulli,
3130 2286 3229 2357 qui
3262 2287 3609 2344 videbantur

1965 2370 2290 2442 splendidis
2320 2371 2706 2444 pretiosisque
2737 2372 2994 2428 vestibus
3024 2370 3235 2441 induti,
3271 2392 3611 2449 prorumpe-

1965 2460 2106 2514 bant
2130 2463 2418 2514 certantes
2440 2459 2572 2530 quis
2599 2476 2800 2514 eorum
2821 2460 2984 2532 prius
3001 2463 3301 2533 equoslvel
3329 2464 3490 2536 ipsos
3510 2482 3610 2521 su-

1964 2549 2212 2621 sciperet
2233 2553 2288 2604 et
2309 2548 2380 2602 ad
2403 2547 2658 2620 hospitia
2681 2549 3012 2621 omnigenis
3034 2553 3378 2616 necessariis
3399 2555 3618 2624 referta,

1964 2639 2294 2694 deduceret.
2328 2637 2647 2709 Postquam
2676 2655 2810 2694 vero
2850 2641 3066 2708 omnia,
3119 2658 3242 2712 qua:
3275 2643 3610 2714 hospitibus

1965 2733 2130 2801 grata
2162 2732 2217 2783 et
2247 2727 2575 2783 necessaria
2604 2745 2733 2784 esse
2764 2729 2970 2796 solent,
3003 2735 3124 2786 tam
3156 2731 3214 2786 in
3247 2749 3308 2788 se
3341 2749 3518 2806 quam
3550 2733 3611 2788 in

1965 2817 2133 2888 equis
2153 2816 2462 2888 pascendis
2480 2816 2884 2887 copiosissime
2897 2817 3155 2874 exhibita
3175 2824 3614 2888 sunt,convoca—

1967 2907 2182 2961 bantur
2201 2905 2271 2959 ad
2297 2903 2574 2977 principis
2596 2905 2860 2960 domum.
2882 2906 2988 2971 Qui
3018 2906 3216 2961 statim
3242 2908 3615 2964 advenientes

1960 2995 2116 3066 jussi
2150 2998 2290 3049 sunt
2321 2993 2641 3048 considere.
2667 2994 2887 3049 Deinde
2919 3011 3124 3051 mensa
3148 3001 3470 3070 praeparata
3499 2997 3619 3053 itur

1969 3082 2041 3138 ad
2073 3098 2319 3150 cmnam,
2345 3081 2401 3134 in
2433 3098 2550 3152 qua
2583 3082 2787 3153 optimi
2818 3084 3047 3156 generis
3079 3084 3297 3140 fercula
3323 3090 3381 3141 et
3409 3086 3618 3158 pocula

210 3171 520 3244 desperata
550 3168 740 3226 salute
780 3169 1014 3242 periret,
1066 3169 1167 3224 sed
1216 3169 1566 3239 viventibus,
1608 3170 1708 3241 qui
1739 3153 1860 3226 haec
1890 3153 1932 3226 (ἶ
1975 3188 2090 3226 non
2121 3170 2233 3225 nisi
2265 3170 2458 3224 aureis
2485 3170 2574 3224 vel
2603 3153 2895 3242 argenteis
2925 3173 3080 3229 vasis
3111 3173 3305 3229 afferri
3337 3153 3617 3248 videbam?

207 3261 642 3332 cognovissent,
671 3275 911 3315 causam
942 3257 1150 3314 salutis
1180 3274 1290 3313 sua
1327 3259 1651 3330 perditione
1682 3259 1855 3316 relin-

209 3353 436 3421 queret.
691 3397 694 3404 ,

583 3437 774 3494 VISIO
810 3436 1153 3493 VICESIMA
1195 3437 1480 3493 TERTIA.

206 3529 603 3590 Ecclesiasticis
633 3527 786 3584 bouis
817 3528 873 3584 vi
901 3527 983 3582 vel
1011 3526 1209 3596 fraude
1239 3525 1466 3598 direptis
1495 3526 1705 3584 dwmon
1724 3528 1862 3584 dita-

772 3603 865 3654 tur
891 3602 946 3654 et
976 3598 1297 3662 delectatur.

273 3707 489 3763 Mirum
523 3706 822 3778 quoddam
879 3719 1065 3777 nuper
1094 3704 1310 3773 audivi,
1356 3705 1511 3776 quod
1543 3704 1678 3761 licet
1716 3707 1867 3762 inter

207 3796 466 3852 visiones
499 3794 928 3866 suprascriptas
986 3798 1236 3865 nequeat
1265 3794 1610 3865 computari,
1646 3800 1863 3864 tamen,

210 3886 348 3955 quia
378 3883 829 3940 aediﬁcationem
857 3898 1133 3954 magnam
1165 3883 1423 3937 conferre
1453 3887 1642 3954 potest
1673 3886 1866 3940 omni-

211 3974 322 4029 bus
355 3972 461 4045 qui
496 3971 829 4028 delusiones
856 3970 1178 4026 diabolicae
1201 3971 1447 4042 cupiunt
1475 3973 1868 4042 evadere,volo

204 4061 299 4118 hic
332 4062 620 4117 scribere.

275 4151 520 4207 Dictum
545 4165 801 4222 namque
832 4149 974 4204 mihi
1006 4152 1196 4218 est,ut
1225 4149 1434 4218 recolo,
1459 4150 1618 4222 quia,
1643 4167 1778 4208 cum
1810 4153 1868 4208 in

205 4240 462 4297 Saxonia
476 4239 698 4311 nuptia
714 4239 1020 4310 cujusdam
1035 4238 1412 4310 praepotentis
1426 4244 1622 4295 essent
1633 4242 1869 4312 agendae

203 4333 256 4386 et
270 4330 344 4385 ad
359 4329 471 4384 bas
485 4327 804 4384 histriones
817 4326 982 4382 multi
993 4328 1170 4395 ,sicut
1183 4326 1348 4397 vulgo
1363 4326 1570 4393 solent,
1592 4345 1872 4400 propera-

204 4423 332 4474 rent
350 4417 576 4486 venire,
602 4417 844 4489 quidam
879 4416 1086 4472 histrio
1109 4419 1165 4471 et
1186 4415 1341 4471 fama
1361 4421 1418 4471 et
1451 4416 1736 4489 dignitate
1766 4434 1870 4472 cae-

1969 3266 2084 3316 tur.
2117 3259 2230 3314 Sed
2262 3263 2319 3313 et
2348 3258 2536 3329 ipsius
2567 3259 2780 3313 domus
2816 3260 3067 3330 parietes
3099 3267 3274 3333 atque
3319 3261 3619 3332 laquearia

1969 3349 2164 3424 palliis
2194 3347 2554 3418 cortinisque
2583 3347 3030 3418 pretiosissimis
3062 3349 3424 3406 circumdata
3449 3366 3615 3406 mon-

1972 3440 2334 3496 strabantur.

2041 3530 2118 3581 At
2145 3524 2371 3581 Vollare
2401 3525 2646 3596 ejusque
2671 3524 2935 3595 comites,
2957 3524 3094 3581 licet
3116 3526 3187 3582 dc
3219 3525 3310 3582 his
3341 3528 3617 3586 omnibus

1973 3616 2328 3671 mirarentur
2383 3620 2439 3670 et
2462 3614 2520 3668 in
2549 3613 2787 3669 veritate
2819 3615 2972 3670 facta
3000 3615 3442 3683 arbitrarentur,
3499 3635 3620 3686 me-

1980 3722 2172 3762 mores
2202 3708 2398 3760 tamen
2430 3703 2714 3775 praedictae
2745 3703 3323 3780 admonitionis,qum
3347 3706 3534 3780 magis
3555 3723 3627 3774 ex,

1975 3794 2165 3868 gratia
2197 3793 2392 3847 divina
2439 3809 2617 3863 quam
2656 3792 2984 3864 provisione
3029 3792 3319 3849 diabolica
3363 3794 3628 3852 evenisse.

1977 3883 2269 3940 credenda
2325 3885 2433 3951 est,
2493 3881 2603 3936 sub
2654 3882 2815 3936 omni
2872 3881 3184 3954 disciplina
3241 3899 3369 3939 sese
3435 3883 3626 3939 conti-

1985 3975 2262 4028 nuerunt.
2293 3970 2556 4040 Cumque
2580 3985 2745 4026 coena
2767 3974 3001 4041 peracta
3043 3971 3437 4041 videretur,ad
3469 3971 3630 4028 cubi-
3729 3985 3732 3988 ‘

1978 4067 2108 4116 tum
2130 4059 2383 4130 irejussi
2405 4063 2544 4114 sunt
2564 4059 2848 4130 equisque
2867 4059 2992 4115 suis
3015 4061 3322 4116 abundans
3345 4061 3627 4132 pabulum

1980 4148 2222 4223 prznheri
2237 4147 2777 4219 jubebatur.Altera
2800 4157 2992 4204 autem
3017 4148 3111 4204 die
3136 4154 3362 4205 mature
3387 4166 3630 4223 surgen-

1980 4245 2066 4294 tes
2098 4242 2156 4294 et
2185 4237 2255 4291 ad
2280 4235 2603 4308 principem
2635 4235 2932 4292 venientes
2965 4238 3260 4308 petierunt
3289 4243 3353 4293 ut
3382 4239 3453 4294 ad
3485 4255 3629 4311 prae-

1979 4327 2269 4383 destinata
2300 4324 2426 4379 loca
2455 4324 2537 4378 ire
2568 4326 3063 4396 permitterentur.
3098 4328 3172 4381 At
3202 4326 3300 4382 ille
3335 4343 3350 4381 :
3381 4327 3625 4398 Non,in-

1981 4416 2130 4488 quit,
2162 4414 2356 4482 hodie,
2379 4415 2481 4468 scd
2512 4429 2640 4467 cras
2666 4430 2766 4468 vos
2797 4413 3083 4485 proficisci
3115 4415 3472 4486 permitto,et
3489 4419 3630 4471 tunc

203 4509 351 4564 teris
376 4506 1017 4578 praestantiormomine
1035 4503 1288 4573 Vollare,
1318 4504 1494 4560 simul
1517 4508 1864 4578 properavit.
1900 4523 1946 4588 D
1979 4521 2114 4562 cum
2146 4501 2317 4558 donis
2346 4500 2562 4556 talibus
2592 4517 2719 4572 quae
2739 4507 2795 4556 et
2815 4517 2908 4557 me
2939 4502 3103 4557 decet
3122 4503 3260 4557 dare
3280 4507 3337 4557 et
3365 4519 3467 4558 vos
3499 4519 3629 4558 sus-

206 4597 318 4652 Sed
349 4610 429 4650 ne
457 4599 636 4651 tanta
658 4594 964 4667 dignitatis
988 4592 1075 4649 vir
1095 4593 1260 4649 solus
1291 4610 1527 4667 pergere
1549 4595 1866 4668 videretur,

208 4684 531 4757 acquisivit
560 4684 672 4739 sibi
705 4682 849 4738 alios
893 4682 1157 4753 ejusdem
1205 4681 1346 4736 artis
1394 4699 1609 4753 gnaros
1657 4689 1784 4740 octo
1818 4690 1874 4740 et

209 4788 348 4828 cum
385 4772 473 4828 eis
505 4773 676 4844 quasi
707 4770 997 4827 militibus
1027 4770 1281 4842 stipatus
1313 4771 1383 4826 ad
1417 4773 1652 4844 nuptias
1684 4775 1873 4846 profe-

210 4867 341 4918 ctus
374 4866 489 4917 est.
523 4865 788 4933 Cumque
819 4858 995 4916 simul
1019 4861 1350 4931 equitantes
1380 4867 1702 4933 pergerent,
1738 4880 1872 4920 con-

205 4951 342 5023 tigit
401 4955 470 5006 ut
500 4955 558 5006 et
595 4949 866 5006 diabolus
913 4949 974 5003 in
1026 4949 1414 5005 similitudine
1457 4950 1700 5007 celebris
1745 4970 1874 5025 per-

207 5056 372 5095 Bona
395 5055 460 5108 se
483 5039 865 5110 conjungeret
886 5035 1346 5109 equitando,illis
1367 5037 1447 5092 nil
1471 5039 1668 5094 minus
1695 5056 1872 5112 quam

202 5125 437 5184 factum
468 5127 579 5183 hoc
613 5126 1057 5182 arbitrantibus.
1083 5124 1244 5181 Unde
1274 5130 1330 5181 et
1359 5125 1537 5181 simul
1568 5133 1871 5200 pergentes

206 5218 434 5287 omnia,
468 5216 691 5290 quibus
740 5215 861 5270 noti
891 5220 948 5271 et
985 5213 1305 5270 familiares
1345 5215 1426 5269 uti
1459 5215 1666 5286 solent,
1700 5217 1877 5274 verba

205 5306 618 5363 conferebant.
637 5305 744 5362 Sed
776 5309 832 5360 et
860 5304 969 5360 hoc
1001 5303 1384 5375 exquirebant
1414 5305 1484 5359 ab
1515 5321 1580 5360 eo
1612 5307 1766 5377 quod
1786 5308 1874 5362 illi

207 5410 432 5450 nomen
454 5394 653 5452 esset?
673 5398 749 5449 At
767 5393 1035 5449 diabolus
1058 5392 1358 5464 respondit
1378 5391 1579 5450 dicens
1604 5413 1616 5450 :
1642 5395 1876 5454 Nithart

205 5499 419 5551 vocor;
443 5484 604 5556 quod
635 5483 844 5540 Latina
862 5481 1064 5555 lingua
1084 5481 1297 5538 odiosus
1313 5481 1403 5537 vel
1424 5483 1581 5540 valde
1601 5486 1875 5555 malignus

207 5571 334 5632 dici
367 5577 581 5652 potest.
605 5572 677 5630 Et
705 5571 915 5640 merito
937 5570 1040 5630 tali
1062 5571 1302 5630 nomine
1321 5587 1450 5629 sese
1478 5571 1710 5632 dicebat
1729 5590 1876 5633 nun-

1979 4595 2189 4666 cipere.
2209 4591 2396 4646 .Hodie
2416 4590 2572 4646 enim
2594 4589 2722 4644 volo
2750 4590 2920 4645 nobis
2943 4591 3019 4646 sit
3043 4589 3376 4645 communis
3405 4590 3628 4658 laetitia,

1983 4695 2292 4738 commune
2321 4678 2668 4744 convivium,
2696 4683 2759 4732 ut
2790 4677 3167 4749 postmodum
3201 4677 3328 4732 aliis
3361 4695 3633 4734 enarrare

1983 4770 2224 4827 valeatis
2251 4784 2377 4838 quae
2397 4767 2473 4821 sit
2493 4771 2549 4821 et
2577 4766 2760 4838 gloria
2782 4783 2912 4822 mea
2931 4771 2986 4821 et
3007 4783 3133 4838 qua
3161 4766 3350 4839 gratia
3366 4766 3528 4822 vobis
3551 4766 3626 4821 sit

1985 4878 2019 4915 a
2049 4876 2141 4915 me
2170 4854 2554 4913 exhibilallis
2588 4855 2802 4910 auditis
2825 4854 2905 4909 nil
2937 4856 3329 4911 contradicere
3352 4871 3631 4928 praesum-

1985 4951 2250 5020 pserunt,
2300 4946 2400 4999 sed
2451 4943 2550 5010 ita,
2585 4948 2649 4998 ut
2684 4944 2839 5014 jussi
2873 4949 3032 5014 sunt,
3065 4944 3346 5012 fecerunt,
3380 4944 3629 5000 necdum

1985 5037 2302 5094 sentientes
2345 5033 2644 5088 diabolica
2675 5034 2997 5090 delusionis
3037 5035 3379 5106 potentiam.

2055 5130 2174 5180 Aut
2190 5123 2287 5179 ubi
2311 5121 2539 5194 prandii
2555 5127 2787 5194 tempus
2804 5125 3008 5180 adesse
3031 5123 3336 5179 videbatur
3354 5127 3411 5178 et
3429 5138 3634 5179 mensa

1985 5215 2327 5288 ponebatur,
2355 5216 2516 5266 tanta
2548 5210 2864 5267 multitudo
2893 5210 3292 5283 servientium,
3316 5211 3447 5267 talis
3477 5211 3634 5266 cibo-

1987 5321 2118 5360 rum
2143 5304 2650 5374 apparatus,tanta
2673 5317 2948 5356 vasorum
2971 5301 3293 5373 insignium
3319 5299 3483 5372 copia
3508 5303 3632 5356 erat

1987 5400 2050 5450 ut
2069 5393 2163 5448 vix
2185 5391 2336 5462 apud
2359 5405 2524 5462 reges
2545 5389 2870 5446 ditissimos
2883 5390 3019 5445 huic
3041 5389 3233 5445 simile
3254 5389 3630 5448 inveniretur.

1985 5486 2249 5553 Cumque
2273 5478 2503 5534 Vollare
2533 5494 2636 5534 esu
2662 5483 2917 5550 potuque
2935 5478 3077 5535 satis
3101 5483 3368 5551 percepto
3391 5477 3634 5535 hilarior

1986 5573 2225 5630 etractus
2245 5568 2358 5628 sibi
2379 5567 2674 5626 videretur
2693 5569 2854 5646 (nam
2876 5568 3076 5627 omnia
3096 5568 3219 5628 visa
3240 5568 3438 5644 potius
3451 5584 3630 5646 quam
