4044 6164
202 287 303 349 389

1460 278 1649 342 VITA
1692 280 1757 341 S.
1804 278 2299 342 WOLFKANGI.

3464 277 3581 341 390

204 420 407 494 propter
455 412 808 489 pradicandi
866 412 1136 484 qratiam,
1168 411 1506 485 ibidemque
1538 412 1819 485 martyrio
1847 416 1902 483 Α
1931 412 2133 468 vincies
2162 428 2267 484 per
2296 429 2357 468 se
2388 411 2658 468 valebant
2687 426 2983 485 superare.
3015 411 3279 483 Cumque
3309 426 3413 483 per
3439 413 3582 467 Om-

203 509 491 567 coronatus
518 502 875 575 comperitur
904 504 962 557 et
1001 500 1354 557 tumulatus.
1388 500 1491 556 Hic
1522 500 1678 557 idem
1711 503 1821 558 sub

202 602 433 668 tempore
470 594 598 666 jam
628 591 901 664 contiguo
949 590 1086 646 inde
1130 590 1454 646 translatus
1482 594 1573 646 est
1620 590 1826 647 Norico

202 688 252 743 in
272 681 678 743 Emmerammi
703 681 860 738 beati
889 679 1219 736 coenobium
1250 680 1396 736 satis
1422 679 1645 736 celebre
1676 684 1733 736 et
1750 680 1831 736 fa-

203 791 428 833 mosum.
468 773 581 829 Sed
609 771 722 827 hoc
754 768 914 843 quali
944 773 1343 842 perpetratum
1376 773 1604 825 constet
1632 770 1827 841 modo,

142 898 151 903 -
201 864 341 921 vobis
369 861 623 919 breviter
652 858 1282 931 nuntiabo.lmperator
1310 857 1419 913 fuit
1448 857 1690 929 quidam
1717 857 1830 914 exi-

208 953 364 1020 mius,
392 950 631 1007 nomine
676 948 853 1004 etiam
901 946 1201 1011 Arnolfus,
1232 964 1300 1003 ex
1345 946 1506 1002 illius
1560 947 1830 1019 prosapia

186 1040 415 1113 lgloriosi
474 1037 766 1111 pontiﬁcis
824 1037 1120 1108 quondam
1168 1035 1410 1101 Arnolﬁ,
1442 1034 1831 1091 clarissimam

203 1138 383 1188 tenens
412 1128 609 1185 carnis
638 1126 924 1200 originem
955 1126 1341 1198 ejusdemque
1367 1141 1621 1197 sequens
1650 1124 1834 1180 virtu-

203 1225 321 1277 tem.
350 1218 452 1275 Ille
482 1233 622 1292 ergo
651 1216 930 1273 invitatus
961 1214 1215 1272 conﬁnia
1258 1214 1425 1287 petiit
1455 1213 1837 1270 occidentalia

205 1308 611 1367 commissurus
622 1305 841 1364 bellum
855 1308 1058 1362 contra
1070 1304 1356 1377 quasdam
1371 1304 1601 1377 gentesj
1610 1302 1838 1359 amGal-

204 1398 300 1455 lica
323 1414 503 1471 regna
548 1400 901 1470 prementes,
936 1411 1084 1467 quas
1112 1392 1313 1450 incolae
1344 1409 1460 1449 non
1509 1391 1672 1449 illius
1701 1409 1836 1465 pro-

1936 501 2251 574 nipotentis
2283 500 2566 557 auxilium
2596 503 2680 557 ita
2706 502 2825 557 vim
2855 501 3071 558 deleret
3106 499 3390 565 hostium,
3419 502 3486 555 ut
3513 499 3587 554 de

1937 590 2187 647 exercitu
2237 608 2438 646 eorum
2500 591 2787 647 immenso
2841 608 2957 647 non
3005 593 3250 647 restaret
3298 587 3382 644 vel
3430 603 3587 644 unus

1938 680 2134 745 homo,
2168 698 2301 737 cum
2358 681 2505 736 tanti
2550 680 2835 752 triumphi
2880 680 3066 753 gloria
3114 696 3380 735 reversus
3428 676 3588 732 venit

1939 770 2010 824 ad
2043 770 2245 825 urbem
2279 769 2691 833 Parisius.Qua
2720 770 2860 824 dum
2892 786 2995 841 per
3026 768 3148 823 dies
3177 768 3406 840 aliquos
3437 782 3586 823 rese-

1940 858 2126 915 disset
2154 863 2212 913 et
2240 859 2310 913 de
2353 857 2598 914 diversis
2630 857 3019 927 tractavisset,
3052 858 3227 928 coepit
3276 856 3385 912 hoc
3414 856 3591 911 etiam

1940 950 2161 1003 secreto
2216 951 2466 1002 tractare
2496 946 2969 1018 omnimodisque
3017 945 3314 1018 explorare
3346 944 3595 1016 qualiter

1943 1035 2158 1092 valeret
2177 1052 2391 1109 corpus
2421 1036 2779 1091 sanctissimi
2804 1035 3065 1091 obtinere
3087 1033 3449 1105 Dionysii.Ad
3473 1031 3597 1086 haec

1944 1124 2116 1180 multi
2148 1125 2566 1198 respondentes
2588 1141 2820 1197 quoque
2846 1124 3032 1180 multa
3054 1122 3212 1178 varia
3232 1122 3450 1177 dabant
3467 1134 3602 1175 con-

1944 1213 2095 1269 silia.
2128 1214 2239 1269 Sed
2290 1218 2589 1286 postremo
2639 1214 2951 1285 quidam...
3002 1216 3227 1269 Desunt
3274 1214 3480 1266 caetera
3526 1208 3600 1264 ob

1945 1302 2138 1359 excisa
2168 1301 2405 1374 aliquod
2436 1319 2466 1358 e
2495 1302 2694 1359 codice
2720 1301 2874 1358 folia.

736 1758 1148 1883 VITA
1279 1756 1879 1881 SANGTI
1999 1755 3048 1881 WOLFKANGI

1432 2003 1757 2062 EPISCOPI
1804 2003 2357 2062 BATISBONENSIS

1171 2185 1589 2278 Auctore
1669 2184 2078 2279 Othlono
2152 2188 2649 2279 monacho.

744 2416 936 2488 (Apud
967 2419 1121 2489 Petz,
1153 2417 1501 2472 Monumenta
1530 2415 1842 2474 Germaniae
1870 2415 2153 2488 historica,
2185 2415 2398 2488 Script.
2431 2419 2575 2472 tom.
2610 2418 2702 2474 IV.
2737 2434 2871 2490 pag.
2902 2420 3055 2491 524.)

1528 2696 2290 2785 MONITUM.

281 2902 559 2974 Othlonus,
582 2919 618 2958 a
644 2901 912 2975 fratribus
937 2902 1260 2957 monasterii
1286 2907 1528 2972 rogatus,
1546 2902 1712 2956 etiam
1743 2901 1849 2954 Vi-
1877 2903 1925 2968 B
1961 2898 2275 2971 Wol/kango
2330 2916 2570 2956 scaevum
2626 2902 2913 2960 ostendunt
2966 2904 3079 2977 (38)
3136 2917 3194 2964 et
3246 2909 3608 2982 familiarem,

220 2995 319 3047 tam
347 2992 399 3048 S.
455 2991 766 3063 Wolfkangi
810 2992 1050 3062 episcopi
1091 2991 1522 3061 Ratisbonensis,
1554 3005 1700 3046 anno
1745 2990 1851 3044 994

215 3079 864 3153 mortui,componendam
893 3079 1521 3151 suscepit(36),quamvis
1539 3079 1662 3150 jam
1693 3081 1855 3134 antea

216 3171 289 3226 bis
314 3179 366 3226 et
390 3172 612 3243 praprio
660 3185 818 3241 opere
846 3173 895 3224 et
922 3170 985 3223 in
1028 3168 1257 3224 Arnoldi
1311 3168 1450 3224 libro
1478 3167 1544 3224 de
1588 3170 1856 3224 memoria

212 3260 262 3314 S.
301 3260 695 3315 Emmerammi
739 3257 886 3315 edita
917 3260 1074 3313 esset.
1108 3256 1211 3312 Sed
1252 3272 1379 3328 quae
1423 3259 1485 3312 in
1512 3258 1596 3337 his
1645 3257 1859 3313 tradita

211 3357 363 3405 eram
388 3348 615 3404 nonnisi
642 3348 917 3418 corrigere
944 3351 995 3402 et
1019 3369 1048 3397 ‹‹
1077 3346 1288 3417 γεραιῶν
1313 3348 1695 3418 grammaticae
1721 3347 1861 3401 artis

212 3438 497 3511 subjugare
522 3456 552 3489 n
586 3437 760 3493 voluit
806 3436 966 3509 (36‘),
1018 3434 1077 3492 id
1116 3435 1254 3507 quod
1298 3439 1417 3492 tam
1447 3436 1689 3507 ﬁdeliter
1732 3451 1862 3490 eum

214 3529 418 3598 fecisse,
466 3526 705 3583 Arnoldi
750 3526 954 3582 collato
1021 3524 1160 3581 libro
1208 3532 1452 3597 apparet,
1505 3529 1566 3579 ut
1612 3525 1860 3597 plerum-

219 3633 314 3686 que
344 3616 453 3688 (3’7)
483 3617 607 3688 ipsa
634 3614 801 3685 hujus
840 3615 1073 3670 retineat
1100 3612 1287 3680 verba,
1320 3616 1589 3684 quaedam,
1618 3613 1712 3669 sed
1739 3628 1866 3685 quae

224 3703 431 3760 nullius
457 3708 592 3760 sunt
620 3704 901 3770 momenti,
927 3702 1489 3774 omittat,plerumqae
1516 3703 1614 3757 vix
1640 3703 1866 3759 verbum

228 3793 285 3848 de
306 3810 402 3849 suo
429 3793 596 3850 addat
624 3792 785 3864 (37").
818 3791 938 3847 Ideo
967 3791 1065 3845 ubi
1092 3790 1460 3862 antiquiorem
1488 3792 1646 3847 illam
1684 3792 1864 3863 sequi-

189 3872 195 3878 ’
234 3890 312 3936 tur
333 3884 519 3951 vitam,
550 3898 719 3955 quam
756 3896 826 3936 ex
853 3881 1080 3935 Francis
1125 3880 1479 3935 Ratisbonam
1508 3881 1752 3936 allatam
1779 3880 1866 3935 di-

235 3972 318 4037 cit,
339 3972 457 4042 jam
483 3986 619 4027 vero
646 3968 984 4041 deperditam
1010 3967 1275 4035 dolemus,
1304 3968 1546 4025 eamdem
1588 3968 1867 4041 putandus

238 4066 307 4113 est
332 4061 639 4116 observasse
687 4058 960 4129 regulam.
995 4058 1108 4126 Quo
1136 4059 1350 4128 factum
1379 4073 1494 4113 esse
1542 4058 1775 4129 videtur,
1808 4065 1869 4113 ut

240 4147 308 4202 bis
345 4158 485 4205 terve
531 4152 658 4220 ipsa
701 4149 987 4220 scriptoris
1029 4148 1197 4204 verba
1240 4148 1517 4220 retineret,
1549 4162 1675 4218 qum
1723 4148 1870 4202 hunc

1961 2988 2201 3046 Othlono
2253 3005 2376 3045 vero
2422 2990 2589 3046 nulla
2631 2992 2789 3047 modo
2833 2996 3183 3063 conveniunt,
3233 2998 3331 3068 qui
3369 2999 3608 3069 quadra-

1962 3076 2120 3148 ginta
2147 3079 2261 3147 fere
2287 3082 2405 3148 post
2436 3081 2673 3150 episcopi
2698 3089 2927 3138 mortem
2953 3084 3158 3140 exactis
3175 3087 3339 3141 annis
3367 3089 3615 3146 Ratisbo-

1962 3182 2095 3221 nam
2135 3167 2285 3221 venit
2313 3176 2364 3222 et
2408 3169 2504 3222 vix
2532 3184 2860 3240 quemquam
2906 3171 3059 3226 illius
3104 3176 3293 3229 atatis
3339 3150 3616 3233 hominem

1966 3256 2237 3311 invenisse
2282 3255 2517 3311 videtur.
2550 3258 2685 3312 Nam
2718 3260 2815 3328 qui
2840 3260 2898 3313 ei
2933 3260 3003 3314 de
3029 3265 3217 3316 sancto
3244 3261 3364 3317 viro
3405 3266 3613 3334 refere-

1968 3345 2117 3411 bant,
2150 3343 2294 3399 hunc
2340 3346 2448 3414 ipsi
2474 3346 2706 3400 minime
2733 3346 3006 3417 viderant,
3036 3349 3131 3404 sed
3173 3353 3405 3406 nonnisi
3433 3360 3619 3423 patres

1969 3434 2040 3490 de
2069 3450 2128 3489 eo
2158 3434 2359 3490 locutos
2388 3433 2681 3489 audierant
2709 3435 2873 3507 (38').
2908 3435 3171 3493 Othlonus
3196 3440 3373 3499 etiam
3396 3440 3535 3495 alibi
3561 3456 3620 3496 se

1972 3523 2149 3579 Vitam
2195 3523 2493 3590 posteriori
2534 3526 2771 3595 tempore
2816 3526 3097 3597 scripsisse
3143 3527 3351 3583 indicat
3398 3528 3533 3600 (39),
3564 3535 3622 3585 et

1970 3629 2093 3668 cum
2122 3612 2352 3667 Arnoldi
2379 3613 2583 3667 librum
2600 3614 2723 3685 jam
2748 3615 2815 3669 ab
2844 3617 2960 3686 ipso
2987 3617 3239 3673 secundis
3263 3620 3414 3675 curis
3441 3635 3623 3675 emen-

1972 3702 2160 3757 datum
2189 3701 2259 3756 ad
2286 3717 2493 3757 manus
2523 3703 2757 3759 haberet
2777 3703 3061 3776 (39"),ossa
3091 3722 3217 3763 vero
3245 3707 3627 3781 S.Wolfkangi

1973 3809 2007 3846 a
2045 3793 2219 3847 Leone
2262 3792 2330 3845 1X
2370 3807 2517 3862 papa
2563 3792 2774 3848 elevata
2824 3810 2937 3850 esse
2982 3796 3227 3852 nondum
3273 3799 3436 3853 sciret
3489 3798 3626 3869 (40),

1974 3881 2120 3936 inter
2148 3895 2319 3935 annos
2350 3880 2659 3935 1037-1052
2686 3887 2831 3938 hunc
2871 3887 3162 3955 susceperit
3191 3886 3441 3943 laborem
3469 3902 3627 3959 opor-

1973 3971 2092 4035 tet;
2123 3984 2285 4039 quem
2312 3971 2390 4024 ita
2417 3973 2709 4025 exsecutus
2738 3976 2835 4038 est,
2854 3980 2915 4028 ut
2939 3972 3150 4029 librum
3178 3976 3427 4047 quamvis
3453 3992 3630 4049 neque

1974 4056 2136 4112 rebus
2176 4072 2353 4128 neque
2379 4059 2627 4115 oratione
2672 4060 2832 4117 valde
2858 4064 3226 4136 conspicuum,
3259 4067 3399 4122 satis
3448 4074 3630 4122 tamen

1975 4150 2167 4218 aptum
2195 4147 2494 4218 utilemque
2519 4150 2817 4205 exhiberet.

302 4291 407 4360 (36)
435 4291 506 4347 De
700 4307 760 4362 p.
794 4289 897 4344 118
923 4306 935 4345 :
968 4290 1340 4367 E._a:_petitione
1358 4305 1602 4367 namque
1628 4291 1868 4367 fratrum
1900 4272 1944 4340 C
1981 4286 2848 4367 tuordecimjbidemmonasteria
2867 4297 3292 4367 construxerunt
3309 4296 3632 4367 (Erhardus

243 4370 533 4418 nostrorum
564 4360 741 4419 Vitam
762 4393 827 4402 —
847 4363 1027 4417 sancti
1061 4360 1368 4432 Wolfgangi
1393 4360 1714 4431 emendans,
1734 4363 1876 4417 sicut

246 4434 298 4487 in
323 4464 385 4473 -—
416 4436 559 4490 Vitae
575 4433 807 4559 lprologo
835 4434 1153 4500 intimatur,
1184 4433 1383 4503 scripsi
1405 4452 1426 4500 ;
1458 4433 1529 4487 cf.
1562 4434 1784 4506 prolog.

310 4504 437 4559 (36')
465 4505 571 4559 Pro
598 4521 691 4559 ορ.

392 4508 437 4561 Ἴ
465 4508 691 4561 Prolog.

310 4504 437 4647 ἓ3ϐ⁶)
465 4504 691 4577 Prolog.
1574 4504 1579 4505 ⁷
1736 4504 1755 4506 ⁷

328 4576 410 4648 37)
440 4578 573 4642 Quae
620 4593 691 4632 ex
720 4574 973 4648 Arnoldo
1026 4575 1282 4648 sumpsit
1308 4574 1431 4630 haec
1472 4578 1613 4648 sunt
1646 4591 1658 4630 :
1694 4591 1743 4648 c.
1781 4576 1874 4648 12-

310 4590 410 4648 {31)
440 4590 573 4642 uua:
620 4593 691 4632 ex
720 4590 973 4631 Arnomo
1026 4590 1282 4700 sumpsn
1309 4590 1431 4630 meo
1472 4590 1612 4631 sunt
1646 4591 1658 4630 :
1694 4591 1743 4630 c.
1781 4590 1874 4630 12.-

250 4646 327 4720 115,
354 4649 537 4720 major
582 4665 631 4704 c.
668 4648 753 4720 15,
780 4646 1038 4702 maxima
1082 4663 1131 4702 c.
1199 4647 1249 4720 6_
1280 4663 1444 4720 pars,
1470 4645 1735 4720 0:19-21,
1785 4646 1874 4713 38,

247 4716 326 4784 39,
358 4716 538 4774 43315.
587 4716 837 4788 Reliqua
864 4721 967 4773 aut
1016 4734 1084 4773 ex
1132 4716 1449 4788 antiquiori
1494 4717 1627 4773 Vita
1666 4720 1767 4773 aut
1810 4733 1879 4773 ex

250 4790 653 4847 monachorum
684 4788 1067 4845 relationibus
1097 4788 1316 4844 hausit.

310 4861 441 4931 (37')
469 4862 659 4918 Etiam
688 4861 881 4916 Vitam
914 4861 973 4916 S.
1006 4859 1248 4915 Erhardi
1280 4878 1313 4915 a
1342 4858 1521 4915 Paulo
1550 4860 1669 4916 sive
1708 4858 1881 4915 Paul-

242 4929 353 5005 lulo
375 4929 627 5005 quodam
650 4932 1042 5005 conscriptam
1064 4930 1341 5005 habuisse
1361 4931 1590 5005 videtur
1611 4949 1624 5005 ;
1646 4931 1776 5005 cile.
1794 4931 1877 5005 ίῖ.

239 5000 425 5076 Neque
453 5006 609 5061 enim
638 5003 822 5076 illam
865 5000 999 5059 cum
1042 5002 1343 5076 Bollando_
1369 5007 1519 5076 (det.
1551 5004 1644 5058 SS.
1676 5004 1799 5076 Jan.
1834 5001 1878 5070 Ι,

238 5090 292 5145 ρ.
481 5074 695 5133 saecula
724 5092 783 5130 x1
808 5078 1227 5156 exeunte‘pos‘t
1257 5073 1882 5156 0thlonum,scriptam

234 5145 658 5217 putarim,cum
691 5151 894 5203 auctor
922 5147 1045 5213 11,1,
1067 5145 1255 5217 dicat:
1290 5145 1598 5200 Secundum
1626 5146 1690 5201 de
1709 5146 1884 5215 signis

233 5216 303 5259 4-
333 5216 532 5275 librum
578 5234 898 5283 exoramus,
929 5222 1088 5273 testes
1131 5216 1390 5271 habentes
1421 5224 1514 5272 aut
1545 5219 1642 5287 qui
1669 5218 1782 5287 ipsi
1810 5217 1886 5270 vi-

227 5289 424 5363 derunt
469 5299 565 5346 aut
591 5291 791 5363 quibus
838 5289 1072 5363 videntes
1115 5288 1451 5363 detulerunt,
1481 5303 1581 5344 nec
1606 5304 1642 5342 a
1677 5296 1886 5363 vetusto

225 5361 484 5419 collectus
531 5357 793 5434 tempore,
822 5362 917 5417 sed
945 5360 1123 5416 adhuc
1152 5361 1386 5414 viventes
1415 5364 1502 5434 in;
1525 5374 1776 5434 corpore,
1799 5357 1886 5434 lo-

223 5451 337 5491 cus
362 5451 497 5491 vero
528 5452 567 5501 ι,
598 5429 680 5489 2’;
711 5434 866 5488 Sicut
892 5434 1154 5489 Romanae
1181 5434 1416 5487 testatur
1443 5429 1673 5487 historia
1703 5430 1891 5485 biblio-

222 5507 430 5587 thecae,
464 5509 689 5587 audere
716 5504 938 5587 quidem
961 5506 1158 5560 sancto
1194 5506 1563 5587 papa_Leone,
1590 5504 1688 5587 qui
1716 5518 1890 5557 nonus

215 5580 321 5668 sui
346 5574 592 5663 nominis
620 5574 870 5636 sanctam
895 5577 1200 5636 Romanam
1224 5576 1373 5634 rexit
1407 5574 1723 5647 Ecclesium,
1756 5589 1892 5650 qua-

1984 4364 2041 4414 et
2067 4357 2406 4432 Hildulfus),
2442 4362 2520 4416 sit
2550 4363 2837 4419 obscurus
2868 4368 2925 4419 et
2954 4362 3200 4421 fortasse
3229 4357 3559 4440 corruptus.

2055 4448 2172 4528 (38)
2325 4450 2601 4528 30,n34‘et
2629 4468 2679 4528 (ξς
2711 4453 2747 4505 5
2780 4468 2792 4506 :
2824 4452 2964 4528 sicut
3010 4454 3128 4528 ipse
3175 4454 3441 4528 (Wolfk.)
3478 4457 3634 4528 ifate-

1986 4519 2182 4609 batur.
2206 4519 2373 4609 ‘Q‘ap.
2522 4522 2603 4609 (et
2631 4522 2686 4609 9)
2731 4523 2905 4609 verba
2930 4519 3129 4605 .codex
3171 4519 3327 4581 unus
3377 4519 3555 4609 (infra
3580 4528 3638 4597 2)

1985 4592 2068 4669 ita
2091 4595 2327 4669 mutata
2347 4592 2694 4669 exhibettut
2724 4594 3123 4669 auctoris_s.x1
3163 4592 3468 4669 convenire
3500 4592 3637 4669 pos-:-

1987 4664 2140 4740 sint;
2176 4663 2578 4740 quod__tam_en
2608 4663 3008 4737 interpolatori
3059 4667 3254 4739 potius
3298 4683 3476 4739 quam
3500 4663 3639 4740 'ipsi

1988 4733 2237 4789 Othlono
2271 4734 2602 4791 tribuerim.

2059 4823 2197 4895 (38‘)
2222 4822 2456 4898 pProlog.
2491 4824 2651 4898 Quod
2682 4824 2824 4880 dicit
2854 4842 2903 4881 c.
2935 4827 2968 4879 7
3002 4845 3015 4883 :
3047 4826 3333 4898 discipulis
3360 4829 3648 4884 narranti-

1991 4895 2087 4949 bus
2117 4895 2436 4951 audivimus
2467 4896 2669 4951 eodem
2702 4897 2873 4953 modo
2905 4895 3408 4955 interpretandum
3442 4904 3545 4955 aut
3573 4915 3646 4955 ex

1991 4965 2477 5041 antiquioreVita
2507 4966 2868 5041 descriptum
2900 4973 3007 5025 est.
3040 4965 3124 5025 Cf.
3149 4987 3200 5026 c.
3234 4971 3303 5025 40
3337 4987 3349 5025 :
3384 4970 3647 5039 Quaedam

1991 5038 2261 5094 oblivione
2305 5039 2550 5164 fittciente
2577 5040 2648 5095 ad
2693 5038 3067 5112 cognitionem
3116 5050 3369 5098 nostram
3406 5038 3648 5105 minime

1991 5126 2333 5164 pervenerim
2363 5151 2376 5164 .

1989 5126 2376 5181 pervenerunt.

2088 5199 2176 5269 39)
2208 5198 2270 5253 α.
2304 5200 2393 5264 17,
2426 5200 2514 5266 4ο,
2549 5201 2636 5255 41.

2088 5269 2428 5346 39')_Yerba
2456 5271 2516 5346 in
2548 5273 2913 5346 autographo
2944 5274 3413 5346 secundamanu
3451 5272 3651 5331 addita

1999 5340 2182 5409 11,12,
2213 5342 2303 5395 23.
2336 5340 2627 5398 Othlonus
2657 5340 2829 5411 0:21.,
2863 5346 2954 5413 39,
2981 5344 3268 5417 repetivit.

2068 5430 2181 5501 (40)
2212 5430 2399 5501 Hujus
2449 5431 2530 5486 rei
2558 5449 2609 5487 a.
2647 5431 2785 5487 1052
2835 5433 2996 5489 factae
3028 5433 3296 5490 notitiam
3328 5451 3398 5491 ex
3447 5436 3552 5491 cod
3586 5436 3643 5492 S.

1999 5502 2419 5577 Emmerammi
2466 5520 2545 5577 ns
2573 5504 2699 5571 515,
2750 5520 2880 5577 saec.
2928 5522 3021 5577 xv,
3063 5505 3223 5563 dedit
3270 5507 3312 5563 Ι.
3346 5507 3408 5566 B.
3463 5507 3649 5567 Kraus

2001 5574 2062 5632 in
2094 5574 2169 5631 [ιιι
2196 5574 2334 5633 edit.
2368 5573 2594 5635 Ratisb.
2627 5576 2959 5649 monastic,
2992 5573 3050 5653 p.
3080 5577 3206 5639 258.
