4030 6186
462 253 575 335 391

1480 243 1823 309 OTHLONI
1867 243 2227 325 nomen;
2268 245 2334 306 s.
2382 243 2873 321 EMMERAMMI

3753 249 3854 319 392

536 385 705 442 Medio
733 398 851 443 aevo
892 388 1095 455 praeter
1127 379 1415 450 scriptores
1445 378 1859 435 Ratisbonenses
1896 376 2034 450 (40*)
2060 382 2111 435 et
2135 384 2191 453 Α
2291 378 2344 446 4)
2403 379 2468 434 0.
2537 378 2958 436 Vindobonensis
3020 396 3078 435 n.
3134 375 3276 443 3377
3349 379 3650 452 (Lunaglac.
3720 380 3857 455 233),

373 498 379 504 θ
465 475 810 533 Adelbertum
848 470 1301 539 Bambergensem
1338 466 1471 540 (41),
1503 468 1702 540 quibus
1729 468 1829 523 vix
1873 464 2109 522 Annali-

462 575 607 622 stam
645 562 915 619 Saxonem
956 557 1158 614 addere
1186 558 1308 613 licet
1353 556 1488 629 (42),
1518 572 1699 622 nemo,
1730 555 1871 628 quod
1915 557 2108 626 sciam,

464 654 573 710 hac
606 654 731 709 Vita
780 664 910 705 usus
937 656 1014 705 est
1044 648 1178 720 (43).
1213 645 1429 703 Codices
1475 661 1597 702 vero
1647 647 1862 702 exstant
1903 645 2110 714 plures,

461 744 613 816 iique
657 755 845 797 omnes
892 739 953 792 in
999 738 1258 793 Bavarix
1300 740 1351 791 et
1393 735 1634 793 Austriae
1679 732 2033 805 bibliothecis,
2063 734 2113 789 si

461 848 633 887 unum
661 828 908 900 excipias

440 962 445 965 -
534 920 588 992 1)
641 918 698 974 C.
749 916 1149 972 Einsidlensem
1191 931 1251 968 n.
1297 912 1422 981 322,
1484 913 1655 983 mbr.,
1704 926 1832 969 saec.
1881 929 1960 978 x1,
2013 912 2110 983 4m,

461 1010 561 1065 ubi
588 1014 706 1080 post
751 1004 966 1061 Boethii
996 1003 1201 1058 librum
1238 1002 1313 1057 De
1341 1000 1710 1057 consolatione
1752 999 2115 1072 philosophiae

462 1099 579 1155 alia
606 1112 779 1153 manu
821 1095 1089 1165 scriptum
1134 1091 1253 1149 haec
1285 1090 1536 1162 sequitur
1584 1091 1718 1147 Vita.
1750 1090 1837 1145 Ex
1881 1088 1979 1145 hoc
2006 1105 2109 1145 ms.

464 1188 692 1259 optimo,
723 1184 825 1241 sed
864 1182 1200 1255 praefatione
1236 1180 1513 1245 destituto,
1543 1178 1810 1234 Mabillon
1857 1181 1978 1250 post
2006 1178 2113 1235 Su-

463 1279 617 1333 rium
646 1275 728 1347 (V.
760 1291 815 1346 p.
855 1273 979 1340 991,
1011 1269 1096 1327 ed.
1142 1274 1197 1341 2,
1224 1286 1281 1341 p.
1316 1268 1498 1340 1095),
1529 1270 1649 1339 qui-
1669 1284 1768 1324 suo
1795 1283 1947 1324 more
1992 1272 2112 1340 sty-

467 1368 585 1422 lum
628 1363 882 1432 mutavit,
909 1362 1125 1433 primus
1153 1361 1457 1429 genuinum
1485 1357 1661 1414 edidit
1707 1360 1918 1413 textum
1949 1357 2116 1429 (Acta

460 1472 519 1528 p.
550 1454 698 1525 812),
727 1452 823 1508 sed
867 1466 1041 1522 neque
1070 1446 1368 1504 0thlonum
1395 1455 1678 1503 auctorem
1724 1447 1949 1516 agnovit
1975 1447 2112 1514 (44),

463 1558 639 1615 neque
683 1555 866 1597 omnes
910 1553 1125 1595 errores
1171 1536 1445 1602 devitavit,
1479 1551 1609 1607 quos
1633 1552 1673 1591 a
1726 1539 1790 1591 V.
1821 1536 1904 1592 Cl.
1962 1534 2116 1591 Gallo

464 1631 651 1689 Morell
677 1628 1089 1685 bibliothecario
1117 1624 1457 1681 Einsidlensi
1486 1624 1754 1680 indicatos
1773 1625 1897 1695 jam
1924 1624 2115 1680 sustol-

465 1723 576 1778 lere
600 1720 774 1792 potui.
803 1718 1075 1772 Prxterea
1104 1714 1341 1770 adhibui

534 1810 592 1882 2)
624 1808 682 1865 ϐ.
715 1807 1089 1863 Monaeensem
1132 1805 1283 1859 inter
1312 1803 1481 1859 libros
1524 1819 1656 1859 mss.
1686 1803 1836 1859 civit.
1867 1801 2114 1859 Ratisbo-

463 1914 623 1955 nens.
673 1897 805 1970 (45).
841 1895 898 1951 ϐ.
948 1898 998 1949 Ι.
1029 1894 1328 1964 signatum,
1379 1892 1475 1963 qui
1518 1892 1699 1948 variis
1740 1906 1869 1949 saec.
1914 1908 2117 1947 xu-xw

466 1986 722 2044 manibus
768 1986 1053 2049 exaratus,
1086 1981 1248 2038 Beda:
1295 1981 1694 2052 expositionem
1718 1982 1781 2035 in
1808 1981 1943 2039 Acta
1986 1995 2116 2053 apo-

467 2076 754 2144 stolorum,
787 2073 1043 2129 Aribonis
1095 2072 1273 2127 Vitam
1302 2069 1359 2124 S.
1395 2069 1746 2137 Corbi‘niani,
1781 2070 2116 2125 Translatio-

466 2181 595 2222 nem
623 2164 679 2219 S.
712 2161 1027 2218 Alexandri
1066 2163 1119 2215 et
1143 2158 1348 2215 Justini
1374 2160 1707 2230 Frisingam,
1738 2160 1944 2229 fragm.
1984 2160 2119 2215 Vitae

468 2255 524 2312 S.
554 2253 716 2322 Galli,
755 2253 940 2310 Vitam
980 2249 1038 2305 S.
1071 2248 1317 2305 Erhardi
1344 2255 1563 2304 auctore
1606 2247 1896 2313 Paulluto,
1932 2254 2120 2319 Augu-

466 2346 677 2401 stinum
726 2341 791 2397 de
817 2356 948 2397 vera
973 2339 1260 2410 religione,
1288 2336 1673 2392 Bernhardum
1700 2337 1766 2392 de
1808 2340 2119 2408 contemptu

364 2423 375 2436 ’
467 2431 664 2489 mundi
712 2439 764 2487 et
810 2427 1151 2499 particulam
1202 2428 1338 2485 Vitae
1385 2425 1440 2482 S.
1488 2424 1802 2483 Erminoldi
1859 2426 2116 2485 continet.

473 2523 591 2580 Vita
614 2524 675 2578 S.
715 2518 1039 2589 Wolfkangi,
1073 2530 1197 2587 quae
1228 2517 1372 2570 inter
1402 2515 1518 2570 haec
1542 2516 1589 2586 f.
1624 2515 1857 2569 111-131
1894 2515 2120 2583 legitur,

471 2626 591 2666 saec.
620 2625 701 2664 χιι
740 2610 880 2662 satis
908 2608 1161 2662 accurate
1204 2604 1408 2675 scripta
1434 2611 1535 2671 est,
1583 2603 1677 2659 sed
1706 2610 1915 2658 textum
1963 2602 2122 2658 habet

473 2699 606 2754 hinc
632 2696 762 2752 inde
810 2696 1000 2751 leviter
1026 2699 1293 2749 mutatum
1316 2709 1337 2757 ;
1366 2692 1507 2763 quod
1535 2709 1607 2747 an
1636 2691 1702 2747 ab
1729 2693 1845 2764 ipso
1897 2691 2124 2748 0thlono

469 2789 680 2859 factum
706 2786 780 2841 sit
807 2785 1133 2840 dubitarim.
1155 2780 1309 2838 Certe
1330 2781 1428 2836 ubi
1456 2782 1546 2837 hic
1569 2780 1798 2836 Arnoldi
1824 2780 1961 2836 libro
1990 2797 2121 2836 usus

471 2885 571 2944 est,
614 2874 731 2931 eod.
782 2871 1143 2929 Einsidlensis
1187 2887 1310 2926 cum
1352 2884 1411 2926 eo
1457 2869 1527 2924 ad
1582 2869 1805 2924 verbum
1848 2872 2118 2938 convenit,

2144 1759 2193 1823 B

2217 466 2421 535 ehart.,
2451 483 2578 525 saec.
2628 485 2742 535 xxv,
2776 469 2872 541 qui
2898 467 3037 541 folio
3063 468 3154 540 33,
3186 469 3364 525 verbis
3392 486 3441 525 e.
3475 469 3538 524 41
3575 494 3589 528 :
3623 468 3855 550 ulterius

2220 556 2425 612 circuli
2455 573 2556 613 cru
2586 558 2811 624 desinit,
2839 566 2896 613 et

2289 645 2345 718 5)
2377 645 2434 702 6.
2489 646 2909 703 Vindobonensis
2953 663 3011 704 n.
3042 647 3149 703 818
3199 647 3383 719 (3329,
3436 648 3716 721 Lunaelac.
3759 648 3855 722 81),

2219 734 2418 803 chart.,
2463 750 2590 795 sese.
2621 753 2710 803 xv,
2742 737 2786 807 f.
2826 736 3086 806 107-116,
3122 738 3219 793 ubi
3263 730 3440 795 verbis
3468 755 3516 794 e.
3553 738 3618 795 19
3652 756 3666 795 :
3701 755 3857 799 sexus

2219 823 2532 897 utriusque
2559 825 2735 880 turba
2762 825 3053 883 conﬂuere
3082 826 3306 885 solebat
3333 829 3627 899 ﬁnitum—1
3653 827 3736 887 Ad
3761 829 3857 884 Ra-

2218 913 2593 969 tisbonensem
2623 930 2743 969 vero
2768 930 2939 988 prope
2967 916 3176 971 accedit

2290 1002 2346 1075 6)
2405 1001 2461 1057 C.
2520 1002 2852 1060 Monacensis
2930 1006 3078 1060 inter
3131 1005 3549 1079 Tegernseenses
3624 1024 3685 1064 n.
3742 1007 3857 1073 660,

2219 1089 2417 1162 chart.,
2457 1105 2583 1148 saec.
2613 1108 2703 1161 xv,
2736 1093 2834 1164 qui
2875 1093 2978 1165 fol.
3029 1093 3137 1149 235
3181 1103 3455 1165 constans,
3487 1096 3634 1153 inter
3678 1097 3860 1155 varias

2219 1184 2534 1236 saneton
2579 1179 2828 1253 legendas
2856 1184 2899 1254 f.
2934 1181 3174 1238 136-153
3223 1186 3398 1241 Vitam
3445 1186 3504 1240 S.
3561 1184 3862 1259 Wolﬂcangi

2220 1269 2483 1326 continet.

2290 1358 2345 1429 7)
2379 1357 2436 1414 6.
2483 1361 2853 1428 Monacensis,
2887 1362 3088 1432 Bavar,
3114 1380 3173 1417 n.
3206 1362 3335 1431 843,
3364 1362 3571 1435 ehart.,
3617 1378 3742 1433 saec.
3773 1382 3859 1434 xv,

2222 1448 2282 1502 in
2312 1448 2381 1503 48
2410 1449 2564 1519 foliis
2609 1458 2890 1518 exoratus,
2918 1451 3017 1521 fol.
3052 1452 3204 1519 1-38,
3240 1452 3473 1509 0thloni
3510 1451 3739 1522 librum,
3769 1455 3860 1526 fol.

2221 1536 2411 1592 38-42.
2450 1537 2622 1599 Vitam
2673 1539 2992 1611 Wolf/tangi
3035 1542 3320 1598 metricam
3367 1542 3480 1614 (48)
3511 1543 3647 1615 (Ρη
3698 1542 3861 1611 Thes,

2222 1625 2322 1697 III,
2354 1642 2395 1679 11
2436 1643 2495 1697 p,
2526 1627 2803 1699 615-622),
2847 1628 2945 1698 fol.
2999 1629 3188 1685 42-43.
3240 1630 3560 1687 Orationem
3586 1631 3651 1687 de
3687 1637 3862 1689 sancto

2230 1713 2544 1785 Wolfkango
2592 1716 2722 1786 (PEZ
2752 1716 2790 1769 ι.
2824 1715 2886 1784 l.,
2917 1731 2976 1786 p.
3024 1717 3152 1789 622)
3180 1718 3280 1789 fol.
3329 1719 3416 1791 46,
3449 1720 3538 1776 47.
3590 1720 3865 1778 Germani-

2223 1818 2344 1858 cam
2383 1804 2654 1861 oratioms
2702 1805 3143 1879 translationem,
3175 1809 3272 1880 fol.
3321 1809 3411 1866 48.
3441 1810 3602 1866 varia
3627 1811 3698 1867 de
3740 1811 3866 1869 reli-

2222 1893 2372 1963 quiis
2399 1893 2639 1964 aliisque
2665 1895 2825 1948 rebus
2858 1893 3349 1965 Salnburgensibus
3378 1902 3568 1955 notata
3616 1901 3865 1958 continet.

2223 1978 2423 2045 Eadem
2450 1980 2747 2036 exstabant
2776 1983 2837 2037 in

2295 2070 2351 2140 8)
2385 2068 2441 2123 C.
2474 2068 2776 2126 Mellieensi
2818 2072 3035 2143 signato
3067 2074 3130 2146 Η,
3169 2074 3224 2145 9,
3255 2091 3325 2131 ex
3370 2093 3476 2149 quo
3506 2078 3614 2134 Pen
3656 2080 3870 2151 primus

2228 2157 2449 2217 0thloni
2492 2160 2881 2231 praefationem
2927 2162 2991 2233 (l.
3043 2160 3082 2218 ι.
3131 2180 3188 2236 p.
3240 2164 3369 2234 613)
3416 2164 3640 2239 aliaque
3686 2168 3866 2225 edidit.

2227 2248 2375 2303 Idem
2401 2247 2564 2320 affert

2297 2336 2354 2407 9)
2387 2336 2445 2391 ϐ.
2485 2336 2978 2408 Windbergensem,
3006 2354 3137 2398 saec.
3167 2358 3271 2399 xu.
3301 2344 3574 2399 Prxterea
3600 2360 3728 2402 vero

2301 2426 2390 2497 10)
2424 2426 2482 2482 C.
2513 2425 2893 2483 Admontensis
2920 2446 2978 2484 η.
3013 2430 3136 2498 400,
3166 2431 3334 2504 mbr.,
3358 2446 3486 2491 saec.
3518 2450 3619 2505 xu,
3650 2439 3702 2491 et

2302 2515 2389 2584 11)
2423 2514 2480 2569 ϐ.
2516 2515 2948 2590 Cremifanensis
2974 2516 3140 2584 mbr.,
3170 2534 3297 2577 saec.
3325 2538 3440 2590 XIV,
3472 2523 3699 2595 ulerque
3724 2539 3869 2596 pre-

2226 2606 2433 2675 fatione
2459 2603 2771 2676 destitutus,
2802 2606 3125 2664 indicantur
3155 2608 3285 2681 (49),
3314 2611 3551 2683 denique

2300 2692 2389 2765 12)
2440 2692 2497 2748 C.
2551 2692 2730 2751 Clarae
2782 2695 2948 2751 Valiis
3018 2697 3408 2771 (Zwettlensis)
3453 2718 3512 2756 η.
3566 2702 3652 2769 14,
3709 2702 3869 2773 mbr.,

2224 2796 2352 2851 saec.
2382 2798 2507 2853 xm,
2538 2783 2634 2854 qui
2661 2783 2731 2838 ad
2759 2800 3020 2854 magnam
3053 2788 3300 2843 Vitarum
3331 2790 3723 2861 collectionem,
3742 2807 3873 2863 qua—

2231 2870 2341 2926 lem
2369 2872 2432 2924 in
2455 2870 2733 2943 plerisque
2759 2874 3113 2929 monasteriis
3144 2876 3475 2943 invenimus,
3504 2876 3760 2948 pertinet,
3790 2895 3874 2935 cu-

473 2963 888 3023 Ratisbonensis
934 2976 1059 3017 vero
1104 2974 1216 3015 non
1262 2958 1430 3015 semel
1497 2958 1710 3030 longius
1756 2959 1824 3014 ab
1867 2975 1929 3015 eo
1971 2976 2121 3016 reee-
2216 2961 2322 3030 jus
2366 2960 2625 3014 notitiam
2658 2959 2715 3015 V.
2750 2959 2836 3016 Cl.
2884 2964 3089 3019 Joanni
3123 2963 3189 3019 de
3236 2965 3414 3036 Frast,
3470 2966 3874 3026 bibliothecario

471 3055 554 3112 dit
582 3054 718 3128 (46).
766 3052 1042 3108 Lectiones
1074 3066 1109 3104 a
1141 3050 1198 3104 V.
1231 3047 1311 3103 Cl.
1358 3048 1632 3117 Foringer
1657 3049 1961 3118 exscriptos
2006 3064 2122 3103 om-

457 3161 569 3208 etes
595 3145 657 3199 in
685 3146 844 3200 notas
871 3140 1042 3197 retuli

542 3234 597 3306 3)
630 3232 688 3288 ϐ.
728 3229 1156 3299 Vindobonensis
1190 3245 1250 3282 η.
1294 3227 1432 3281 2217
1465 3226 1647 3299 (3330.
1678 3226 1954 3283 Lunaelac.
2006 3226 2118 3298 (47)

468 3322 582 3396 88).
634 3321 800 3387 mbr.,
830 3333 956 3376 swe.
1008 3334 1117 3385 xw,
1148 3319 1192 3388 f.
1218 3316 1413 3383 71-84,
1460 3332 1533 3371 ex
1578 3332 1686 3387 quo
1732 3314 2119 3390 praefationem

468 3409 880 3468 describendam
948 3408 1166 3464 curavit
1220 3406 1483 3479 nobisque
1545 3406 1858 3461 transmisit
1918 3405 1973 3462 V.
2031 3403 2116 3461 Cl.

470 3501 674 3557 Chmel.
704 3499 847 3567 Cum
875 3497 973 3567 hoc
999 3496 1332 3553 conveniunt
1360 3510 1380 3552 .-

2231 3046 2554 3115 Zwettlensi,
2584 3047 2839 3106 debemus
2868 3050 3001 3123 (50).

2148 3126 2191 3194 C
2299 3137 2509 3198 Praeter
2543 3138 2719 3194 Vitam
2750 3139 2963 3197 brevem
2990 3141 3267 3213 rhythmis
3303 3144 3686 3221 conscriptam,
3717 3156 3873 3223 quas:

2228 3226 2288 3281 in
2317 3224 2470 3285 codd.
2502 3227 2537 3279 7
2561 3228 2611 3280 et
2639 3228 2674 3281 8
2702 3230 2920 3284 exstare
2946 3229 3060 3297 iam
3091 3229 3413 3301 dixi,aliam
3438 3233 3682 3290 versibus
3706 3233 3871 3291 hexa-

2225 3316 2419 3371 metris
2447 3316 2801 3387 eompositam
2830 3318 2891 3372 in
2939 3317 3261 3385 bibliotheca
3289 3320 3346 3376 S.
3384 3320 3629 3393 Udalrici
3654 3327 3703 3383 et
3731 3325 3869 3397 Afra

2226 3404 2544 3477 Augustana
2570 3405 2761 3476 fuisse,
2791 3407 2982 3465 Braun
3007 3416 3190 3481 monet
3219 3408 3352 3482 (51).

3322 3497 3382 3556 C.
3428 3499 3661 3557 WAITZ.

1122 3663 1414 3724 INCIPIT
1455 3661 1867 3724 PROLOGUS
1910 3664 1991 3724 ΙΝ
2034 3663 2278 3726 VITAM
2322 3664 2603 3726 SANCTI
2645 3664 3124 3729 WOLFKANGI
3170 3666 3218 3728 ¹.

538 3824 806 3878 Fratrum
848 3814 1238 3890 quorumdam
1264 3814 1599 3869 nostrorum
1648 3810 1883 3868 hortatu
1911 3811 2114 3869 sedulo
2226 3813 2558 3873 censoribus
2579 3814 2796 3871 nostris
2825 3814 2886 3881 in
2914 3814 3179 3872 liberulis
3199 3817 3222 3852 ⁴
3244 3817 3474 3874 duobus
3496 3817 3765 3876 dissimili
3786 3819 3872 3874 in-

465 3910 711 3967 infimus
736 3922 843 3979 ego
872 3905 937 3962 Ο.
968 3905 990 3938 ²
1018 3900 1444 3959 oceuobitarum
1473 3898 1669 3955 Sancti
1699 3899 2115 3957 Emmerammi
2223 3902 2459 3958 terdum
2477 3902 2812 3976 etimpolita
2826 3904 3553 3978 materie5descriptam,in
3567 3925 3749 3964 unum
3764 3907 3867 3964 col-

467 3995 811 4069 compulsus
841 4008 996 4061 sum,
1026 3990 1182 4048 beati
1208 3987 1550 4061 Wolfkangi
1576 3989 1600 4023 ³
1626 3987 1830 4059 vitam,
1861 3990 1932 4045 ab
1959 3994 2116 4046 ante-

2222 3989 2405 4064 ligere
2434 3996 2611 4064 atque
2641 3991 3010 4065 aliquantum
3032 3994 3363 4051 sublimiori
3388 3995 3524 4053 stilo
3568 3996 3863 4072 corrigere.

1823 4113 2064 4171 VARI/E
2100 4115 2515 4174 LECTIONES.
2790 4176 2793 4179 .
3060 4142 3067 4145 ‘

540 4218 557 4253 ί
587 4213 1000 4297 Wolfcangi}.
1031 4228 1102 4270 ex
1129 4227 1233 4285 quo
1261 4212 1373 4267 have
1395 4210 1589 4268 rabra.
1665 4212 1687 4246 ²
1716 4213 1794 4269 ita
1820 4211 1873 4268 2.
1900 4213 1955 4268 3.
1986 4213 2124 4269 4-7.
2157 4212 2369 4271 Othloh
2397 4216 2453 4274 9.
2482 4215 2551 4271 R.
2580 4230 2721 4271 corr.
2754 4220 2817 4271 B.
2849 4217 2905 4271 6.
2980 4218 3003 4252 ³
3029 4216 3352 4291 wolfgangi
3388 4219 3444 4274 3.
3475 4219 3532 4275 8.
3608 4220 3632 4254 ⁴
3651 4214 3864 4275 tibialis

464 4291 520 4344 2.
598 4288 620 4323 ³
651 4286 898 4345 materia
924 4286 979 4340 6.

2055 4382 2292 4440 NOTZE.

535 4484 675 4558 (40*)
722 4482 936 4539 Chron.
978 4497 1110 4566 opu.
1162 4479 1464 4536 Ratisbon.
1515 4494 1610 4552 ap.
1662 4479 1898 4536 Eccard.
1950 4480 2114 4606 II,
2145 4485 2194 4550 Β

535 4558 622 4607 54.
673 4556 934 4607 Andreas
967 4553 1272 4607 Ratisbon.
1324 4551 1535 4607 Chron.
1570 4566 1702 4607 aen.
1755 4568 1849 4607 an.
1884 4552 2043 4607 PezI
2100 4593 2115 4607 .

459 4551 622 4614 2254.
657 4551 934 4633 Andreas
964 4551 1272 4633 Batisbon.
1324 4551 1702 4633 Chromgen.
1755 4552 1989 4633 ap._Pez

464 4647 552 4695 nx,
584 4628 774 4702 p.473.
796 4626 1121 4683 Aventinus
1150 4639 1385 4697 quoque
1411 4639 1546 4679 cum
1579 4623 1730 4679 inter
1760 4623 1949 4680 iantes
1976 4640 2117 4681 suos

460 4704 745 4758 recenset.

533 4772 646 4845 (41)
677 4771 822 4826 Vitae
852 4768 1105 4827 Heinrici
1153 4768 1202 4823 ΙΙ
1233 4783 1283 4822 c.
1317 4769 1354 4820 2
1383 4780 1452 4822 ex
1481 4764 1714 4822 0thloni
1746 4781 1797 4822 ο.
1831 4765 1895 4821 41
1951 4782 2114 4823 sum-

463 4847 648 4985 ma?)
663 4846 960 4985 eamdem
991 4912 1118 4985 fere,
1137 4909 1290 4985 deAS.
1326 4906 1614 4985 Heinricq
1630 4907 1994 4985 imperatore
2010 4908 2113 4966 ha-

465 4979 565 5039 bet
592 4979 986 5038 narrationem
1020 4999 1073 5037 a.
1099 4980 1260 5050 1002,
1293 4980 1484 5050 p.383,
1517 4979 1618 5035 sed
1645 4979 1737 5036 vii
1766 4996 1836 5036 ex
1864 4980 2113 5038 Othlono

466 5054 762 5111 haustam.
796 5051 961 5108 Certe
991 5052 1063 5108 de
1092 5049 1703 5122 Wolt’kangihistoria
1733 5050 1880 5107 nihil
1913 5052 2109 5109 tradit.

538 5126 651 5203 (43)
682 5125 872 5203 Etiam
904 5124 1093 5203 magis
1122 5122 1323 5203 miror,
1346 5119 1407 5175 in
1438 5119 1606 5203 libris
1638 5122 1710 5178 de
1738 5122 2116 5181 SS.ecclesia—

466 5192 643 5255 stibis
662 5196 885 5252 nullam
917 5192 1152 5250 0thloni
1183 5192 1307 5247 ﬁeri
1338 5192 1719 5248 mentionem.

536 5270 651 5344 (44)
683 5271 807 5325 Imo
837 5283 971 5344 cum
1003 5265 1184 5344 hujus
1216 5262 1430 5344 librum
1459 5262 1540 5318 De
1568 5267 1754 5344 tentet
1784 5264 2028 5344 haberet
2057 5269 2116 5323 et

466 5334 726 5397 ne'huno
777 5339 1013 5412 quidem
1044 5334 1293 5394 O'thlono
1321 5334 1580 5390 tribuere
1628 5336 1884 5393 auderet.
1916 5337 2113 5395 Vitam

466 5411 547 5466 ibi
594 5416 979 5469 memoratam
1024 5409 1097 5465 ab
1143 5407 1302 5463 edita
1342 5404 1445 5461 illa
1491 5405 1780 5464 diversam
1830 5410 2053 5469 nutavit
2096 5426 2111 5469 ;

464 5426 547 5466 1m
594 5426 979 5471 memoratam
1024 5426 1097 5465 an
1143 5426 1302 5463 emta
1342 5426 1445 5461 ma
1491 5426 1780 5464 diversam
1829 5426 2053 5483 putavit
2096 5426 2111 5479 ;

466 5498 642 5560 quem
672 5498 927 5560 errorem
958 5480 1507 5560 aliipropagarunt.
1546 5547 1587 5560 ﬁ
1951 5552 1961 5560 _
1999 5552 2034 5560 _

536 5554 649 5634 (45)
681 5553 895 5613 Mirum
941 5557 1032 5614 est
1056 5547 1217 5612 inter'
1238 5547 1408 5611 codd.
1454 5548 1514 5607 S.
1546 5547 1967 5613 Emmerammi
1997 5552 2111 5612 Ra-

2224 4481 2441 4539 tisbon.
2470 4481 2705 4539 0thloni
2731 4481 2949 4539 librum
2979 4483 3138 4541 haud
3166 4483 3437 4542 inveniri.

2297 4553 2410 4626 (46)
2441 4553 2527 4610 Cf.
2559 4554 2870 4626 presertim
2902 4572 2953 4612 c.
2987 4556 3074 4612 14.

2297 4643 2410 4712 (47)
2441 4643 2864 4707 Monasterium
2893 4644 3304 4705 Lunaelacense
3332 4644 3409 4703 ad
3435 4645 3495 4703 Β.
3521 4645 3865 4703 Emmeran—

2225 4730 2390 4770 mum
2422 4715 2722 4786 pertinuit.

2292 4803 2407 4875 (48)
2433 4807 2497 4858 In
2545 4803 2830 4878 ﬁne__haac
2879 4802 3197 4876 leguntur:
3234 4804 3466 4873 Sanctus
3519 4806 3865 4878 Wolfgangw

2222 4890 2365 4951 anno
2390 4874 2626 4951 gemini
2650 4874 2753 4951 977
2785 4878 2847 4931 in
2874 4874 3185 4950 episcopum
3211 4880 3289 4934 est
3317 4878 3536 4951 electus,
3569 4874 3711 4934 anno
3739 4874 3865 4932 vero

2221 4947 2374 5002 Dom.
2400 4947 2507 5002 999
2534 4955 2614 5003 est
2639 4946 2946 5019 defunctus.

2283 5034 2363 5101 ξξῑι
2393 5038 2513 5085 tuos
2540 5034 2611 5101 ad
2636 5036 2830 5094 iussos,
2866 5050 2898 5087 ο
2927 5041 3098 5101 pater,
3130 5037 3271 5088 ferre
3302 5037 3545 5101 laborem

2286 5097 2615 5164 {tuncvolui
2648 5097 2945 5164 promptus
2959 5101 3126 5150 sancti
3157 5101 3386 5164 preeulis
3414 5100 3484 5151 ad
3512 5099 3793 5152 honorem.

2285 5159 2339 5226 ξί
2366 5159 2856 5226 scriptoris—cupitis
2885 5159 3205 5226 cognoscei-e
3236 5176 3450 5221 nomen,

2284 5222 2531 5274 Georium
2560 5223 2726 5274 noris.
2740 5222 2898 5277 ‘Deus
2923 5222 3069 5277 hunc
3096 5226 3367 5291 suscipiat,
3400 5226 3594 5277 Amen.

2317 5302 2406 5377 49)
2435 5302 2798 5377 A_rchiv._VI,
2831 5320 2887 5377 p.
2923 5305 3045 5377 177,
3080 5306 3201 5361 196.

2313 5373 2405 5447 50)
2463 5373 2548 5430 Cf.
2606 5374 2778 5431 Jahn.
2831 5373 3083 5435 'Archi'v.
3158 5379 3254 5434 filr
3326 5376 3582 5452 philogie
3651 5373 3754 5446 VI,
3807 5375 3890 5433 ad

2221 5478 2279 5536 p.
2312 5464 2439 5525 445.
3810 5504 3815 5507 _

2292 5553 2404 5633 (51)
2436 5552 2655 5613 Notitia
2682 5554 2821 5615 hist.
2855 5554 3036 5616 litter.
3069 5557 3140 5630 II,
3172 5574 3231 5635 p.
3269 5538 3362 5618 59.
