4044 6164
208 316 324 378 393

1494 316 1677 378 VlTA
1723 319 1786 378 S.
1834 316 2336 378 WOLFKANGI.

3496 319 3612 377 394

215 448 432 514 Quibus
466 447 678 518 saepius
698 447 1022 513 renitendo,
1049 465 1117 504 ex
1147 448 1438 520 imperitia
1471 450 1659 522 magis
1681 467 1856 522 quam
1886 454 1940 518 Α
1972 466 2129 505 cram
2181 450 2354 504 ﬁdem
2411 450 2764 506 convertisse
2812 466 3036 506 necnon
3082 449 3428 522 buptizasse,
3470 466 3613 507 non-

208 536 456 607 malicia,
480 543 595 592 tam
622 537 789 592 ardui
818 537 1008 608 operis
1032 539 1310 611 denegavi
1335 539 1592 610 negocia.
1610 541 1720 595 Sed
1744 540 1850 608 illi,

204 626 354 698 quod
371 626 514 680 mihi
529 626 690 680 difﬁc
707 625 975 680 Ilimum‘
997 626 1299 681 videbatur
1315 644 1383 682 ex
1397 628 1852 699 proprio,divino

208 713 499 786 adjutorio
529 713 866 787 levigantes,
901 731 933 770 a
963 716 1234 786 precibus
1268 716 1519 788 inceptis
1553 734 1665 772 non
1700 717 1851 772 desi-

207 804 460 866 stebant,
486 803 667 858 donec
703 820 794 858 me
827 804 974 858 votis
1007 804 1130 858 suis
1163 821 1364 876 parere
1393 805 1481 860 vel
1509 809 1852 877 attemptare

205 892 640 964 promittebam,
665 893 908 948 credens
942 891 1159 964 utique,
1193 895 1331 964 quia
1363 911 1477 949 non
1511 895 1733 966 absque
1759 913 1853 950 su-

206 999 378 1055 perno
412 986 558 1037 nutu
607 982 948 1052 bujusmodi
998 983 1142 1038 foret
1172 984 1414 1054 exactio,
1443 984 1669 1039 dicente
1699 985 1850 1039 Scri-

205 1076 369 1144 ptura
399 1088 568 1126 sacra
593 1087 606 1127 :
637 1071 805 1130 Nihil
830 1073 887 1126 in
919 1075 1080 1128 terris
1103 1075 1163 1144 ﬁt
1193 1076 1312 1128 sine
1333 1091 1501 1129 causa
1530 1075 1666 1144 (Job.
1696 1092 1750 1139 v,
1773 1078 1848 1143 (ὅ).

205 1162 328 1226 Quae
361 1161 441 1216 sit
467 1164 663 1216 autem
698 1177 886 1216 caussa
911 1160 1274 1217 rationabilis
1296 1168 1352 1217 et
1383 1162 1582 1244 aliqua
1604 1163 1853 1218 utilitate

205 1249 575 1306 subsistentis
588 1249 1400 1322 difﬁnitio,sanctiAugnstini
1414 1252 1686 1308 docemur
1701 1253 1853 1307 rudi-

208 1343 391 1394 mento
413 1356 425 1393 :
453 1340 712 1394 Voluntas
731 1339 1254 1411 Det,inquit,prtma
1274 1345 1327 1395 et
1345 1357 1567 1396 summa
1588 1359 1753 1396 causa
1775 1345 1849 1396 est

202 1429 438 1484 omnium
468 1428 834 1500 corporalium
857 1437 907 1484 et
923 1430 1307 1499 spiritualium
1327 1431 1346 1463 ⁷
1377 1434 1707 1486 motionum.
1725 1431 1850 1486 Haec

210 1518 371 1590 igitur
403 1518 517 1574 ﬁde
548 1524 721 1590 atque
754 1535 854 1591 spe
890 1518 1184 1589 incitatus,
1214 1520 1496 1575 fraternos
1529 1519 1849 1592 adimplere

211 1607 390 1664 curavi
411 1612 703 1680 precatus.
733 1609 792 1663 In
809 1625 922 1679 quo
946 1608 1168 1664 scilicet
1185 1608 1465 1681 opusculo
1487 1609 1594 1664 hoc
1617 1611 1850 1666 studere

219 1715 294 1752 me
313 1697 624 1765 denuncio,
642 1701 706 1754 ut
728 1714 795 1753 ea
817 1716 942 1770 qua:
965 1697 1142 1754 simili
1168 1699 1406 1770 quidem
1432 1717 1607 1756 sensu
1627 1699 1850 1772 prolata

217 1787 303 1842 sed
344 1788 716 1844 inemendato
764 1787 1099 1859 rusticoque
1129 1787 1264 1845 stilo
1297 1789 1648 1844 videbantur
1677 1805 1846 1862 vaga-

219 1876 418 1945 bunda,
436 1876 648 1949 regulae
669 1877 1101 1949 aliquantulum
1120 1878 1520 1950 grammaticae
1544 1877 1688 1934 artis
1711 1880 1849 1934 sub-

217 1950 462 2038 jugarem
495 1971 553 2022 et
583 1967 656 2022 ad
706 1965 1076 2023 litteratorios
1124 1985 1268 2023 usus
1298 1967 1706 2039 exemplarem.
1742 1967 1849 2023 Ubi

223 2071 335 2110 vero
381 2054 689 2111 dissimilis
744 2056 1067 2112 habebatur
1117 2057 1427 2126 sententia,
1460 2061 1524 2113 ut
1565 2061 1654 2114 est
1705 2057 1850 2114 illud

227 2145 359 2213 Quod
391 2145 603 2200 dicitur
633 2161 829 2217 regem
859 2150 1209 2218 gentemque
1240 2145 1628 2218 Ungariorum
1657 2147 1729 2203 ad
1764 2164 1852 2202 sa-

1881 1832 1928 1896 B

1964 539 2244 611 nullaque
2295 538 2408 593 alia
2453 540 2728 610 quoniam
2781 556 2892 595 ncn
2943 539 3136 595 solum
3183 538 3329 595 alter
3356 537 3612 608 libellus,

1963 629 2177 683 Arnolﬁ
2235 629 2454 682 scilicet
2508 629 2773 683 monachi
2821 628 3101 700 dyalogus
3150 633 3293 700 aput
3322 646 3428 685 nos
3479 628 3614 685 scri-

1962 723 2120 789 ptus,
2155 718 2254 772 sed
2279 717 2453 772 etiam
2487 717 2772 782 omnium,
2797 717 2894 788 qui
2920 717 3110 772 adhuc
3146 717 3452 774 nobiscum
3475 735 3612 774 con-

1963 813 2272 861 versantur
2300 813 2355 860 et
2391 823 2452 860 se
2498 805 2776 861 relatione
2803 810 3038 877 patrum
3071 806 3227 862 ﬁdeli
3259 808 3612 873 comperisse

1962 896 2150 952 sancti
2177 895 2512 967 Wollkangi
2541 899 2706 967 gesta
2730 900 3042 964 testantur,
3061 897 3236 952 verba
3257 897 3609 969 discrepant,

1961 986 2152 1041 visum
2178 990 2267 1040 est
2289 985 2433 1040 mibi
2468 986 2655 1057 magis
2678 985 2887 1040 debere
2911 985 3074 1057 sequi
3105 985 3258 1040 dicta
3277 986 3611 1057 scriptaque

1963 1080 2316 1143 nostratum,
2373 1074 2526 1129 inter
2556 1075 2575 1108 °
2606 1091 2752 1144 quos
2802 1079 2858 1129 et
2889 1075 3140 1130 maxime
3189 1074 3496 1146 praedictus
3526 1075 3613 1130 vir

1962 1165 2058 1218 Dei
2083 1163 2140 1218 in
2161 1164 2268 1219 hac
2290 1163 2404 1219 vita
2427 1164 2641 1235 degens
2663 1163 2892 1232 claruit,
2916 1181 3095 1234 quam
3117 1168 3524 1219 extraneorum
3546 1164 3609 1218 ¹⁰.

1962 1254 2106 1308 Nam
2137 1253 2281 1308 alter
2331 1253 2589 1319 libellus,
2619 1253 2677 1308 in
2729 1270 2841 1324 quo
2873 1253 3122 1308 varietas
3173 1253 3424 1308 habetur
3452 1252 3608 1324 talis,

1961 1342 2191 1397 delatus
2240 1347 2331 1398 est
2361 1359 2429 1397 ex
2478 1341 2736 1397 Francis.
2772 1342 2957 1397 Multa
2986 1342 3159 1398 etiam
3212 1359 3339 1413 quae
3372 1342 3430 1397 in
3461 1341 3609 1397 libro

1961 1437 2163 1487 neutro
2195 1431 2639 1486 inveniebantur
2662 1431 2922 1486 ﬁdelium
2956 1432 3347 1502 quorumdam
3371 1435 3608 1488 attesta-

1963 1521 2116 1575 tione
2149 1526 2443 1592 comperta
2474 1521 2684 1576 addere
2718 1521 2940 1587 studui,
2975 1520 3174 1592 sicque
3207 1521 3473 1592 quaedam
3506 1521 3608 1576 ad-

1963 1611 2172 1677 dendo,
2222 1610 2490 1682 quaedam
2540 1627 2672 1666 vero
2722 1609 3023 1666 fastidiose
3069 1610 3158 1666 vel
3213 1611 3406 1682 inepte
3455 1610 3611 1666 dicta

1963 1699 2342 1770 excerpendo,
2376 1699 2658 1771 pluraque
2689 1700 2863 1755 etiam
2897 1701 3258 1771 corrigendo,
3289 1701 3388 1755 sed
3422 1703 3478 1755 et
3510 1716 3608 1755 ca—

1961 1788 2234 1861 pitularia
2267 1792 2304 1823 ¹¹
2343 1790 2751 1860 przeponendo,
2781 1790 2967 1856 vobis,
2999 1807 3030 1844 ο
3063 1789 3271 1846 fratres
3301 1789 3416 1845 mei
3445 1805 3610 1846 exac-

1961 1883 2116 1934 tores
2148 1878 2324 1948 bujus
2373 1878 2476 1944 rei,
2509 1884 2680 1950 prout
2722 1877 2999 1950 ingenioli
3031 1879 3145 1934 mei
3195 1878 3448 1950 parvitas
3480 1893 3610 1950 per-

1963 1967 2141 2038 misit,
2195 1968 2441 2024 obedivi.
2475 1968 2626 2035 Jam,
2661 1984 2821 2040 rogo,
2877 1971 3099 2024 cessate
3145 1967 3276 2039 plus
3324 1967 3439 2024 tale
3468 1967 3610 2039 quid

1961 2057 2186 2130 exigere
2217 2075 2250 2114 a
2280 2075 2391 2114 me.

1678 2405 2028 2462 GAPITULA
2070 2407 2132 2463 ¹².

234 2561 272 2610 1.
302 2559 510 2623 Quibus
533 2560 574 2594 ⁸³
603 2557 945 2631 parentibus
975 2563 1213 2615 sanctus
1241 2558 1625 2630 Wolfkangus
1658 2559 1734 2613 sit
1755 2575 1857 2614 na-
1891 2561 1932 2626 Ο
1975 2560 2062 2613 12.
2099 2558 2198 2613 Ubi
2236 2559 2353 2614 viro
2385 2558 2485 2614 Dei
2518 2563 2755 2615 sanctus
2788 2545 3062 2616 Otmarus
3094 2575 3194 2632 per
3215 2559 3406 2615 visum
3435 2574 3610 2631 appa-

351 2653 440 2704 tus
473 2653 529 2703 et
559 2648 717 2720 quali
751 2648 1187 2704 conversatione
1219 2648 1292 2702 ab
1325 2647 1573 2702 infantia
1603 2646 1852 2712 fulserit,

350 2737 602 2808 quidque
632 2735 804 2791 matri
833 2753 952 2792 suae
983 2737 1054 2790 de
1085 2753 1150 2791 eo
1181 2737 1374 2792 visum
1408 2735 1601 2791 fuerit.

231 2826 274 2878 2.
307 2825 514 2882 Relatio
545 2826 617 2880 de
648 2825 907 2880 nominis
957 2825 1084 2895 ejus
1117 2825 1420 2890 memoria,
1455 2824 1594 2896 quia
1625 2823 1853 2879 indilfe-

347 2919 533 2970 renter
561 2915 746 2986 accipi
773 2918 1020 2987 possunt
1050 2913 1390 2984 hujusmodi
1421 2914 1724 2970 vocabula.

223 3001 267 3056 3.
294 3002 511 3065 Quanta
556 3003 831 3058 aviditate
860 3003 1033 3058 scolis
1085 3004 1333 3058 traditus
1382 3001 1777 3058 litteraturam
1813 3003 1856 3037 ¹⁴

345 3094 557 3165 ceperit
586 3094 650 3147 ¹⁶.

219 3182 264 3234 4.
293 3182 431 3248 Quia
479 3198 613 3236 cum
646 3182 902 3253 quodam
947 3181 1215 3237 Heinrico
1249 3182 1360 3237 sibi
1393 3181 1852 3237 familiarissime

341 3271 601 3326 discendi
628 3287 808 3326 causa
838 3271 909 3326 ad
941 3271 1278 3343 Wirciburg
1312 3273 1354 3305 ¹⁶
1387 3271 1792 3326 convolaverit.

217 3362 264 3414 6.
297 3361 592 3425 Quomodo
639 3360 714 3416 ob
762 3360 1030 3431 quaedam
1081 3361 1331 3415 obscura
1381 3361 1437 3414 in
1495 3360 1779 3414 Martiano
1812 3361 1852 3394 ¹⁷

342 3449 494 3505 dicta
525 3449 966 3506 conscolasticis
997 3467 1030 3504 a
1081 3466 1142 3505 se
1171 3450 1478 3505 enucleate
1509 3466 1543 3504 a
1575 3449 1854 3521 magistro

339 3538 804 3610 Wirciburgensi
837 3539 875 3572 ¹⁸
908 3538 984 3593 sit
1016 3537 1309 3610 repulsus.

211 3629 261 3681 ὃ.
291 3629 445 3692 Quod
476 3628 564 3683 vir
589 3628 683 3683 Dei
718 3627 1057 3682 renunciare
1089 3627 1300 3683 saeculo
1336 3628 1377 3661 ‘9
1407 3626 1724 3682 decreverit
1753 3627 1852 3681 sed

348 3718 514 3773 amici
548 3717 641 3773 sui
675 3716 928 3772 Heinrici
962 3716 1233 3788 precibus
1265 3715 1580 3771 distulerit.

222 3805 269 3857 7.
298 3808 586 3872 Quomodo
638 3806 944 3861 Heinricus
991 3805 1360 3861 Treverensis
1410 3806 1722 3878 episcopus
1771 3806 1853 3860 fa-

351 3902 494 3966 ctus,
529 3901 804 3951 sanctum
833 3893 1254 3967 Wolfkangum
1288 3910 1483 3949 secum
1515 3894 1596 3949 ire
1627 3894 1856 3966 petierit
1889 3936 1932 4000 Β

351 3986 477 4040 etei
530 4001 767 4040 omnem
817 3989 950 4056 post
978 3999 1040 4038 se
1090 3984 1463 4054 episcopatus
1513 3982 1855 4053 dignitatem

354 4075 596 4129 subdere
626 4073 896 4140 voiuerit,
918 4074 1020 4129 sed
1055 4072 1150 4128 illo
1183 4072 1302 4127 hac
1327 4087 1578 4127 renuens
1609 4071 1702 4126 vix
1723 4086 1856 4142 pue-

356 4162 430 4216 ris
458 4161 738 4217 docendis
771 4178 1018 4233 praeesse
1050 4160 1427 4217 consenserit.

238 4247 282 4299 8.
313 4254 379 4304 De
407 4267 469 4306 eo
501 4251 656 4323 quod
679 4249 988 4322 episcopus
1012 4249 1314 4304 lleinricus
1336 4249 1539 4304 audita
1563 4265 1861 4304 conversa-

359 4340 508 4396 tione
540 4341 728 4395 sancti
771 4339 878 4393 viri
911 4339 1241 4395 coenobium
1284 4335 1520 4408 aliquod
1555 4337 1665 4393 sibi
1697 4354 1858 4392 com-

363 4430 589 4486 mittere
621 4429 930 4484 studuerit.

244 4516 286 4570 9.
316 4518 600 4581 Quomodo
650 4518 918 4574 Heinrico
965 4515 1206 4589 praesule
1252 4516 1308 4570 in
1358 4517 1541 4572 Itoma
1590 4517 1861 4572 defuncto

362 4614 626 4664 sanctum
660 4607 1079 4679 Wolfkangum
1112 4606 1182 4662 ad
1216 4622 1278 4661 se
1316 4607 1712 4661 convocaverit
1740 4606 1864 4678 epi-

365 4713 571 4769 scopus
603 4697 966 4753 Coloniensis
997 4697 1210 4751 Bruno.

250 4786 320 4839 10.
351 4787 846 4852 Quemadmodum
874 4787 964 4841 vir
984 4785 1084 4841 Dei
1117 4803 1150 4840 a
1180 4786 1449 4840 Brunone
1475 4783 1746 4856 episcopo
1777 4783 1863 4838 di-

367 4877 579 4932 missus
612 4876 861 4947 patriam
896 4874 1238 4930 reviseritet
1270 4874 1340 4928 ad
1375 4872 1756 4928 monasticam
1791 4873 1868 4926 vi-

367 4971 480 5020 tam
512 4963 844 5020 tetenderit.

245 5051 319 5105 11.
350 5053 599 5120 Qualiter
628 5059 870 5110 sanctus
901 5052 1294 5125 Wolfkangus
1343 5068 1376 5108 a
1405 5052 1571 5107 beato
1603 5049 1868 5106 Udalrico

369 5145 671 5217 presbyter
697 5143 776 5200 sit
805 5143 1132 5199 ordinatus.

2111 2663 2265 2716 rens,
2300 2648 2452 2719 quod
2487 2649 2834 2720 praesulatus
2877 2649 3133 2720 regimen
3162 2651 3316 2704 esset
3345 2651 3612 2719 acceptu-

2112 2754 2232 2804 rus,
2267 2737 2622 2809 quantisque
2673 2737 2728 2791 id
2780 2738 2950 2792 annis
2999 2738 3146 2794 foret
3191 2736 3612 2809 disposituras,

2112 2826 2460 2897 praedixerit.

1968 2914 2054 2968 13.
2091 2916 2390 2981 Quomodo
2412 2931 2480 2969 ex
2506 2915 2854 2971 revelatione
2886 2915 3082 2970 divina
3106 2915 3381 2970 incitatus
3413 2912 3617 2986 praedi-

2107 3004 2277 3058 candi
2328 3020 2504 3060 causa
2557 3003 2864 3060 Pannoniae
2916 3003 3147 3076 petierit
3195 3003 3467 3070 conﬁnia,
3511 3002 3612 3058 sed

2108 3110 2140 3146 a
2188 3093 2488 3164 Piligrimo
2547 3094 2884 3150 Pataviense
2931 3094 3201 3166 episcopo
3253 3093 3331 3148 sit
3378 3109 3614 3182 revoca:

2107 3186 2224 3236 tus.

1968 3272 2054 3326 14.
2085 3271 2384 3334 Quomodo
2415 3272 2679 3340 ejusdem
2708 3271 2962 3343 episcopi
2995 3271 3201 3326 eii‘ectu
3233 3271 3612 3342 Ratisponen-

2109 3360 2190 3414 sis
2223 3359 2490 3414 Ecclesiae
2522 3359 2900 3431 praesulatum
2934 3360 3272 3431 susceperit.

1968 3449 2054 3503 15.
2087 3447 2348 3513 Qualiter
2374 3447 2431 3501 in
2466 3447 2606 3502 urbe
2638 3447 2911 3518 praedicta
2935 3446 3269 3502 monasticae
3299 3445 3426 3501 vitae
3452 3445 3611 3500 incu-

2107 3535 2253 3589 riam
2305 3534 2664 3606 prospiciens
2712 3533 2981 3602 doluerit,
3014 3537 3071 3590 et
3117 3551 3219 3605 pro
3269 3534 3611 3604 hujusmodi

2108 3623 2514 3679 emendatione
2539 3623 2927 3679 Ramuoldum
2959 3624 3016 3677 in
3035 3624 3230 3678 Sancti
3252 3623 3613 3679 Emmeram-

2111 3714 2188 3766 mi
2223 3712 2484 3767 coenobio
2516 3712 2785 3767 abbatem
2813 3711 3200 3767 constituerit.

1968 3804 2049 3858 16.
2090 3807 2163 3856 De
2194 3817 2260 3857 eo
2293 3801 2447 3872 quod
2482 3801 2722 3873 quidam
2754 3802 2994 3874 indigne
3015 3800 3445 3872 ferebant,quia
3467 3817 3614 3872 prae-

2107 3891 2260 3945 dicto
2292 3891 2552 3946 etenobio
2584 3891 2852 3946 abbatem
2886 3891 3223 3962 praefecerit.

1971 3980 2056 4033 17.
2091 3978 2349 4042 Qualiter
2377 3978 2552 4034 etiam
2600 3978 3136 4034 sanctimonialium
3167 3977 3526 4035 monasteria
3553 3977 3613 4033 in

2110 4068 2382 4140 praedicta
2432 4069 2575 4124 urbe
2623 4068 2938 4125 constituta
2981 4070 3051 4124 ad
3104 4068 3438 4125 monasticae
3487 4067 3616 4123 vitae

2113 4157 2372 4228 regulam
2407 4159 2760 4229 perduxerit.

1975 4248 2060 4301 18.
2120 4249 2420 4311 Quomodo
2479 4248 2892 4304 canonicorum
2949 4249 3079 4317 iura
3136 4249 3436 4321 providere
3493 4249 3615 4303 stu-

2113 4336 2322 4390 duerit.

1974 4427 2058 4479 19.
2092 4425 2319 4487 Quanta
2342 4427 2386 4459 ²⁰
2416 4425 2843 4497 przedicationis
2873 4428 3062 4497 gratia
3090 4426 3402 4482 refulserit.

1971 4515 2059 4569 20.
2096 4515 2256 4578 Quod
2289 4515 2409 4569 viro
2458 4515 2558 4570 Dei
2588 4515 2938 4588 praedicante
2988 4514 3276 4571 diabolica
3304 4516 3465 4570 fraus
3495 4514 3624 4569 dis-

2118 4620 2351 4659 currere
2383 4604 2664 4676 populum
2697 4604 2913 4660 fecerit.

1972 4694 2062 4748 21.
2096 4691 2354 4756 Qualiter
2371 4693 2524 4747 enim
2550 4692 2798 4748 stolidus
2825 4693 3063 4765 quidam
3085 4693 3256 4748 tacite
3274 4691 3623 4763 despiciens,

2119 4798 2251 4837 mox
2274 4785 2490 4836 terrore
2514 4798 2578 4836 ac
2601 4781 2942 4837 infirmitate
2972 4782 3145 4838 fuerit
3175 4786 3498 4854 correptus,
3522 4779 3622 4836 sed

2121 4874 2322 4942 postea
2352 4870 2588 4926 sanitati
2622 4871 2954 4927 restitutus.

1976 4961 2062 5014 22.
2097 4959 2175 5014 De
2202 4959 2494 5014 cotidiana
2522 4959 2678 5015 illius
2709 4963 3164 5018 conversatione.

1977 5050 2066 5104 23.
2097 5049 2396 5114 Quomodo
2446 5050 2774 5108 sacerdotes
2807 5066 3092 5124 pagenses
3137 5049 3526 5115 admonuerit,
3563 5053 3627 5104 ut

2125 5154 2187 5194 se
2218 5139 2611 5195 observarent.

1584 5265 1822 5321 VARIzE
1862 5263 2278 5320 LECTIONES.

293 5370 312 5402 ⁶
349 5369 744 5442 difﬁcilimum
775 5371 829 5424 3.
859 5369 942 5442 4.7
975 5366 1491 5442 spiritualiumque
1523 5367 1575 5442 3.
1603 5366 1661 5442 _4.
1739 5365 1757 5397 ⁸
1787 5364 2104 5434 waptizare
2129 5364 2178 5442 4.
2237 5365 2279 5442 ’9
2309 5364 2461 5442 intra
2488 5367 2619 5442 3.4.
2700 5370 2741 5442 Ψ
2771 5374 3142 5424 extranorum
3175 5368 3228 5421 3.
3260 5370 3636 5442 externorum

232 5437 282 5496 3.
360 5442 397 5476 ¹¹
431 5439 787 5565 cappellaria
811 5442 849 5521 .3
879 5441 931 5495 4.
1009 5435 1054 5475 ῖ²
1083 5435 1471 5510 ϐαρίἰηιοηὶηι
1517 5435 1683 5490 index
1715 5452 1992 5516 unaocum
2018 5437 2518 5518 praefationeﬂeest
2549 5440 2570 5492 1
2608 5455 2620 5492 :
2655 5441 2754 5495 ubi
2783 5449 2965 5495 tamen
3013 5441 3392 5510 inscriptiones
3437 5437 3642 5495 eaedem

232 5515 345 5567 fere
372 5515 536 5567 sinon
566 5515 613 5567 is
645 5512 918 5567 capitibus
948 5512 1239 5567 praemissa
1269 5514 1412 5564 sunt.
1494 5509 1535 5542 ¹³
1564 5506 1859 5567 Wolfanm
1891 5510 2078 5567 patria
2108 5511 2166 5561 et
2198 5513 2468 5563 nativitas
2503 5511 2551 5563 1.
2630 5512 2671 5544 “
2703 5511 3094 5567 litterularum
3123 5513 3177 5566 2.
3205 5511 3258 5566 6.
3341 5511 3381 5546 ¹⁵
3410 5509 3553 5567 deest
3582 5510 3638 5567 6.

226 5515 345 5579 fere
372 5515 536 5581 singu

589 5530 613 5565 ,ς
645 5512 918 5581 capitibus
946 5505 1239 5582 praemissa
1269 5514 1412 5564 sunt.
1494 5509 1535 5542 ¹³
1563 5505 1859 5582 Wolfangi
1891 5505 2078 5582 patria
2101 5505 2166 5582 et
2198 5508 2468 5582 nativitas
2503 5511 2551 5563 1.
2630 5512 2671 5544 ¹⁴
2703 5511 3094 5568 litterularum
3123 5505 3258 5566 2C6.
3341 5511 3381 5546 ¹⁵
3410 5509 3553 5567 deest
3582 5510 3638 5568 6.

225 5578 274 5638 7.
359 5585 402 5620 ιδ
433 5578 760 5654 \i'irziburg
786 5584 841 5638 2.
923 5578 961 5618 ¹⁵¹
995 5583 1257 5654 matiano
1279 5584 1332 5635 2.
1414 5582 1454 5654 “3
1485 5578 2016 5654 uvirzbugnensig.
2096 5579 2139 5612 ‘9
2169 5580 2320 5635 deest
2348 5583 2403 5635 2.
2435 5581 2492 5635 6.
2528 5583 2746 5638 mundo
2777 5585 2830 5639 7.

288 5658 336 5692 ’°
365 5658 494 5714 Hec
521 5651 810 5716 desunt—2.
842 5656 895 5709 6.
929 5655 983 5710 7.
1009 5673 1022 5724 ;
1056 5654 1150 5712 sed
1183 5655 1206 5709 1
1241 5653 1384 5708 hanc
1415 5651 1570 5708 habet
1601 5651 1825 5706 rubrum
1856 5667 1901 5708 ε.
1937 5651 2023 5706 19.

504 5785 774 5847 Ρλτιιοι..
824 5781 1078 5850 CXLVI.

3290 5787 3361 5853 13
