4030 6186
494 314 609 375 395
762 314 769 315 ί
1507 310 1849 373 OTHLONI
1894 310 2249 373 MONACHI
2296 310 2361 369 S.
2408 309 2900 373 EMMERAMMI
3780 315 3889 375 396

492 449 581 506 24.
614 450 842 515 Quanta
889 445 1282 503 sollicitudine
1327 444 1739 517 emendaverit,
1774 462 1908 501 cum
1962 461 2137 516 quos-
2168 446 2222 512 Α
2252 444 2342 498 34.
2381 444 2456 499 De
2488 443 2728 500 muliere
2758 444 3101 505 demoniaca
3132 448 3355 500 curata.

636 539 772 593 dam
802 536 875 592 ob
903 534 1021 591 vini
1051 534 1357 609 penuriam
1389 534 1605 591 missas
1636 551 1770 590 cum
1802 551 1959 606 aqua
1988 533 2135 589 cele-
2249 533 2339 588 35.
2374 534 2516 588 Item
2549 534 2619 589 de
2650 532 2764 589 alia
2795 533 3038 590 muliere
3069 535 3415 590 demoniaca
3443 539 3666 591 curata.

634 627 835 682 brasse
866 624 1113 682 audiret.
2250 623 2338 677 36.
2372 622 2633 689 Qualiter
2660 622 3090 679 vicedominum
3140 640 3316 679 suum
3348 624 3672 680 tonitruum
3704 625 3887 699 fulgu-

489 718 580 773 25.
615 716 777 783 Quod
808 715 891 771 ita
918 714 1124 771 alienis
1172 713 1323 770 sicut
1355 710 1467 770 sibi
1500 712 1758 771 subditis
1814 712 2139 769 misericor-
2394 729 2643 785 rumque
2685 717 2903 769 terrore
2947 713 3367 770 moribundum
3420 714 3653 770 sanitati
3710 717 3890 773 reddi-

633 804 791 861 diam
823 804 1170 861 exhibuerit.
2394 801 2563 857 derit.

488 894 579 949 26.
612 895 840 961 Quanta
868 892 1163 949 industria
1192 891 1410 949 multos
1444 890 1617 948 famis
1650 895 1908 964 tempore
1941 907 2142 963 procu-
2250 891 2339 945 37.
2372 890 2452 945 De
2481 894 2736 963 quodam
2771 892 3174 949 Rubilocensis
3194 893 3237 927 ²¹
3272 892 3528 949 ecclesias
3558 902 3771 967 aegroto
3798 912 3890 969 per

633 983 867 1041 raverit.
2393 980 2521 1050 ejus
2552 981 3016 1037 benedictionem
3051 986 3276 1038 sanato.

487 1075 577 1130 27.
618 1078 698 1129 De
745 1088 1020 1145 paupere,
1071 1088 1245 1144 quem
1295 1088 1397 1144 pro
1449 1072 1601 1127 furto
1651 1070 2140 1143 comprehensum
2250 1070 2339 1124 38.
2372 1070 2671 1133 Quomodo
2704 1088 2805 1143 per
2833 1071 3082 1125 Danubii
3116 1072 3428 1128 decursum
3460 1072 3518 1127 in
3552 1073 3887 1130 orientalem

632 1162 931 1219 excusavit
960 1162 1131 1235 eique
1158 1161 1507 1217 vestimenta
1536 1160 1807 1216 exhibere
1830 1159 2029 1231 jussit.
2392 1159 2681 1231 Pagoarize
2716 1159 2945 1233 plagam
2979 1160 3272 1232 profectus
3304 1161 3682 1235 corporisque
3714 1164 3886 1221 mole-

488 1254 579 1309 28.
613 1252 914 1319 Quomodo
937 1250 1258 1307 hereticum
1280 1251 1459 1307 verba
1489 1251 1756 1322 quaedam
1784 1248 1996 1306 erroris
2019 1252 2140 1304 arte
2390 1249 2502 1304 stia
2529 1254 2853 1321 praeventus
2882 1249 2961 1304 ibi
2994 1249 3222 1306 oblerit.

630 1341 934 1398 dialectica
990 1345 1412 1414 proponentem
1466 1339 1667 1396 eadem
1718 1343 1838 1395 arte
1897 1337 2141 1393 mirifice
2248 1337 2337 1392 39.
2371 1336 2632 1401 Qualiter
2679 1342 2812 1410 post
2851 1339 3040 1394 sancti
3093 1339 3199 1393 viri
3249 1340 3473 1396 obitum
3506 1357 3643 1397 mox
3691 1343 3892 1415 pracsul

630 1429 1032 1487 confutaverit.
2396 1426 2724 1483 Hartwicus
2773 1431 2829 1483 et
2879 1427 3053 1483 Aribo
3104 1444 3300 1485 comes
3349 1429 3754 1500 advenientes,
3788 1449 3891 1488 una

485 1523 576 1577 29.
610 1519 867 1586 Qualiter
895 1537 929 1576 a
976 1534 1190 1575 caesare
1219 1519 1427 1575 Ottone
1457 1521 1694 1592 rogatus
1725 1516 2047 1583 consensit,
2078 1516 2137 1571 in
2391 1534 2524 1571 cum
2559 1516 2780 1588 reliqua
2809 1515 2975 1588 plebe
3020 1534 3231 1590 corpus
3260 1518 3390 1589 ejus
3420 1519 3491 1574 ad
3526 1520 3891 1592 Batisponam

630 1608 865 1665 Poemia
928 1608 1340 1681 Ratisponensi
1392 1607 1643 1663 ecclesia:
1713 1605 1952 1663 subdita
2014 1605 2137 1660 ﬁeri
2392 1606 2597 1661 urbem
2622 1605 3212 1679 divexerint’9ibique
3245 1608 3303 1663 in
3326 1608 3525 1663 Sancti
3549 1609 3893 1667 Emmeramc

628 1699 1049 1771 episcopatum.
2394 1694 2475 1749 mi
2508 1693 2755 1750 ecclesia
2784 1693 3138 1766 sepelierint.

490 1789 580 1844 30.
609 1788 756 1853 Quia
785 1786 1100 1859 prophetiaa
1132 1786 1344 1858 spiritu
1376 1785 1672 1841 claruerit.
2168 1827 2216 1892 B
2248 1784 2337 1838 40.
2372 1783 2452 1839 De
2482 1783 2979 1855 demoniaco,qui,
3010 1801 3043 1839 a
3073 1785 3444 1843 cementariis
3478 1788 3551 1843 ad
3584 1787 3784 1844 locum
3807 1789 3893 1844 ubi

445 1945 454 1954 ξ
485 1878 575 1932 31.
610 1876 910 1943 Quomodo
959 1875 1188 1948 legatus
1238 1873 1426 1931 sancti
1470 1873 1762 1946 praesulis,
1795 1874 1895 1945 qui
1947 1871 2139 1929 ablato
2168 1871 2216 1892 "
2390 1876 2631 1927 sanctus
2662 1872 3052 1946 Woltkangus
3102 1874 3249 1930 obiit
3301 1875 3612 1948 deductus,
3645 1894 3787 1933 mox
3813 1894 3892 1933 sa-

630 1980 780 2035 equo
810 1965 945 2035 ejus
985 1965 1159 2035 jussa
1207 1962 1563 2018 ambulando
1616 1962 1859 2035 implere
1891 1962 2136 2031 studuit,
2395 1978 2505 2017 nus
2536 1961 2726 2017 factus
2758 1966 2864 2017 est.
2970 2011 2977 2020 .

630 2054 826 2111 subito
854 2070 1074 2125 equum
1107 2052 1381 2109 sellatum
1413 2051 1716 2108 invenerit.
2249 2052 2335 2105 41.
2370 2050 2448 2106 De
2480 2067 2545 2106 co
2578 2051 2677 2122 qui
2709 2051 2859 2107 ferro
2881 2052 3234 2109 constrictus
3266 2055 3336 2109 ad
3367 2055 3495 2126 ejus
3521 2055 3891 2129 sepulchrum

488 2146 577 2201 32.
609 2143 719 2201 Ubi
752 2144 813 2200 in
862 2143 1094 2201 caesaris
1125 2142 1356 2199 Ottonis
1408 2141 1798 2214 expeditione,
1834 2140 2039 2196 multis
2071 2156 2140 2196 ex
2390 2140 2567 2206 venit,
2599 2142 2699 2197 sed
2732 2140 3035 2197 absolutus
3070 2143 3262 2199 rediit.

631 2233 791 2290 fluvii
846 2234 1159 2306 cujusdam
1207 2231 1592 2288 inundatione
1652 2230 2135 2302 periclitantibus,
2248 2230 2336 2286 42.
2372 2230 2670 2295 Quomodo
2694 2230 2813 2302 regi
2830 2230 3097 2287 Heinrico
3121 2232 3180 2286 in
3211 2232 3434 2289 visione
3464 2251 3778 2308 apparens,
3800 2251 3889 2308 per

629 2324 755 2397 ipse
786 2340 1033 2381 securus
1064 2323 1309 2378 ﬂuvium
1333 2321 1567 2377 transiit
1597 2319 1861 2393 aliosque
1890 2319 2139 2376 transire
2391 2318 2606 2374 senarii
2630 2320 2857 2375 numeri
2881 2320 3332 2401 descriptionem
3355 2322 3725 2397 imperialem
3757 2324 3891 2381 desi-

635 2413 792 2470 fecit.
2392 2408 2590 2480 gnavit
2623 2408 2968 2480 dignitatem
2998 2410 3062 2464 ²³.

493 2503 581 2558 33.
616 2506 693 2558 De
723 2501 953 2569 clerico,
986 2501 1080 2557 cui
1110 2499 1511 2556 maledicendo
1543 2498 1847 2556 oculorum
1879 2497 2138 2554 dolorem
2248 2497 2335 2552 43.
2368 2496 2449 2552 De
2480 2497 2730 2569 quodam
2767 2514 2913 2553 caeco
2944 2497 3297 2556 illuminato.

631 2590 899 2662 ingessit,
930 2590 1033 2646 sed
1072 2593 1275 2662 postea
1324 2588 1718 2645 benedicendo
1751 2587 1990 2643 sanitati
2021 2586 2138 2659 pri-
2250 2587 2336 2640 44.
2375 2587 2449 2642 De
2480 2585 2721 2643 muliere
2753 2586 2930 2643 debili
2962 2590 3116 2660 apud
3148 2590 3277 2660 ejus
3306 2588 3604 2647 tumulum
3636 2599 3859 2649 sanata.

633 2678 802 2736 stium
830 2678 1109 2736 restituit.
2248 2676 2336 2730 45.
2373 2675 2513 2732 Item
2547 2676 2617 2732 de
2639 2676 2895 2747 quodam
2916 2681 3129 2749 aegroto
3151 2695 3254 2751 per
3272 2680 3399 2751 ejus
3432 2680 3643 2737 merita
3663 2687 3886 2739 sanato.

815 2973 1238 3087 INCIPIT
1311 2973 1581 3082 VlTA
1657 2969 2057 3084 SANCTI
2130 2969 2833 3099 WOLFKANGI
2908 2969 3542 3090 EPISCOPI

560 3203 609 3257 1.
641 3201 851 3257 Beatus
881 3198 1062 3272 igitur
1081 3196 1496 3269 Wolfkangus,
1524 3196 1760 3253 natione
1789 3196 2131 3269 Suevigena,
2164 3206 2207 3274 α
2245 3200 2470 3252 matum
2501 3198 2877 3269 compositor,
2909 3199 2990 3255 ita
3020 3200 3256 3272 scripsit
3291 3217 3303 3256 :

486 3306 555 3346 ex
599 3288 872 3361 ingenuis
924 3285 1266 3359 parentibus
1313 3286 1447 3358 (52),
1481 3289 1536 3341 et
1584 3288 1647 3340 ut
1699 3285 1811 3341 sibi
1857 3284 2130 3341 Salomon
2243 3285 2511 3341 Jusserat
2540 3287 2585 3321 ³⁸
2615 3285 2919 3343 aediculam
2952 3288 3247 3344 mandrita
3277 3290 3686 3362 Lupambulus
3717 3291 3883 3349 istam

486 3383 668 3452 optat,
702 3394 806 3434 nec
835 3376 1067 3431 divitias
1088 3391 1193 3431 nec
1217 3378 1616 3448 paupertatem
1638 3375 2014 3447 patientibus,
2030 3376 2133 3430 sed
3591 3381 3820 3453 (53.54),

488 3466 859 3524 mediocriter
906 3468 1177 3536 recteque
1223 3465 1574 3532 viventibus,
1637 3468 1724 3519 est
1772 3468 2129 3535 procreatus.
2239 3462 2655 3521 Verumtamen
2706 3483 2809 3538 pro
2858 3466 3018 3523 nulla
3067 3485 3188 3524 suae
3235 3468 3470 3525 malitia:
3522 3474 3660 3526 nota
3692 3472 3740 3506 ’7
3786 3471 3882 3526 hoc

486 3556 595 3624 Qui
625 3555 905 3611 nimirum
930 3555 1001 3609 ab
1032 3554 1178 3625 ipsis
1207 3553 1465 3608 infantiae
1496 3552 1848 3608 rudimentis
1865 3553 2128 3608 divinum
2242 3570 2452 3608 nomen
2497 3554 2546 3609 ei
2582 3554 3010 3627 imponebatur,
3044 3558 3144 3613 sed
3177 3558 3430 3630 quadam
3462 3565 3747 3616 consueta
3775 3577 3880 3617 sua:

481 3646 701 3702 fontem
733 3645 860 3699 vitae
891 3643 1096 3698 sitiens
1129 3646 1185 3697 et
1232 3643 1475 3697 caduca‘
1504 3659 1746 3713 quaeque
1778 3642 2126 3713 despiciens,
2239 3643 2602 3714 cognationis
2626 3644 3029 3717 appellatione,
3060 3647 3200 3719 quia
3225 3655 3281 3703 et
3304 3650 3543 3704 nomina
3564 3650 3881 3707 bestiarum

480 3749 695 3807 magna
765 3731 1111 3788 meritorum
1174 3728 1552 3802 praerogativa
1624 3729 1797 3800 ccepit
1848 3729 2124 3800 eminere,
2237 3730 2863 3805 inutramquepartem
2891 3736 3111 3791 adverti
3135 3738 3405 3808 possunt.
3432 3738 3542 3794 Leo
3565 3740 3881 3796 etenimin-

474 3821 795 3893 multisque
826 3820 1143 3876 virtutibus
1183 3817 1410 3874 studuit
1442 3817 1662 3890 fulgere
1692 3821 1896 3873 Fertur
1924 3818 2123 3885 etiam,
2237 3821 2463 3875 terdum
2497 3821 2790 3893 signiﬁcat
2818 3824 3147 3893 diabolum,
3170 3831 3233 3881 ut
3264 3828 3342 3882 ibi
3378 3843 3392 3882 :
3427 3827 3614 3884 Sobrii
3638 3834 3811 3886 estote
3834 3833 3881 3885 et

471 3910 625 3981 quod
645 3910 774 3980 ejus
793 3908 966 3964 matri
986 3906 1179 3962 visum
1203 3906 1377 3962 fuerit
1407 3905 1638 3961 stellam
1671 3905 1728 3961 in
1752 3906 1974 3978 gremio
2000 3924 2128 3978 por-
2232 3907 2489 3981 vigilate,
2522 3912 2653 3981 quia
2699 3914 3054 3970 adversarius
3102 3920 3270 3972 vester
3317 3916 3569 3973 diabolus
3611 3921 3880 3991 tanquam

467 4002 611 4052 tare.
643 3998 805 4061 Quod
827 3997 1051 4053 scilicet
1073 3994 1425 4067 praesagium
1461 3995 1810 4051 conveniens
1833 4000 1957 4051 erat
1976 4013 2123 4068 prae-
2232 3997 2319 4051 leo
2350 4000 2575 4069 rugiens
2604 4002 2820 4069 circuit,
2849 4020 3099 4075 quzerens
3127 4021 3292 4078 quem
3322 4006 3539 4063 devoret
3566 4010 3613 4079 (Ι
3640 4013 3795 4065 Petr.
3826 4026 3876 4079 ν,

466 4083 643 4140 claris
665 4085 769 4140 ﬁlii
806 4084 1142 4140 virtutibus.
1166 4084 1309 4140 Nam
1350 4101 1505 4140 unus
1550 4084 1787 4139 illorum
1811 4084 2016 4153 extitit,
2050 4086 2121 4141 de
2229 4086 2318 4157 8);
2350 4088 2647 4144 Christum
2698 4092 2873 4147 etiam
2923 4093 3308 4151 nihilominus
3358 4096 3647 4170 designat,
3686 4106 3752 4154 ut
3794 4102 3878 4154 est

462 4173 680 4247 quibUs
712 4173 1014 4246 Scriptura
1045 4191 1214 4230 sacra
1244 4172 1420 4229 dicit:
1454 4174 1562 4242 Qui
1588 4173 1731 4229 docti
1755 4176 2122 4245 fuerint,/ul-
2228 4174 2417 4231 illud:
2452 4178 2581 4233 Ecce
2628 4181 2758 4234 vicit
2801 4181 2883 4237 leo
2933 4182 2999 4237 de
3047 4185 3199 4240 tribu
3242 4186 3386 4242 Iuda
3442 4187 3625 4259 (Apoc.
3680 4206 3736 4258 v,
3785 4188 3874 4259 5);

461 4265 668 4334 gebunt
695 4265 860 4335 quasi
878 4263 1138 4336 splendor
1163 4264 1521 4334 ﬁrmamenti,
1544 4270 1593 4319 et
1624 4265 1720 4333 qui
1747 4262 1816 4317 ad
1836 4264 2119 4333 justitiam
2226 4268 2284 4319 et
2313 4265 2435 4321 ovis
2462 4265 2520 4321 in
2542 4267 2692 4323 bono
2725 4269 2982 4341 ponitur,
3007 4277 3071 4327 ut
3101 4272 3247 4329 illud
3271 4291 3283 4329 :
3305 4275 3408 4330 Nos
3438 4284 3619 4332 autem
3641 4278 3877 4348 populus

460 4354 726 4409 erudiunt
772 4354 989 4419 multos,
1023 4354 1185 4424 quasi
1229 4353 1407 4409 stellae
1450 4354 1511 4407 in
1555 4356 1847 4424 perpetuas
1895 4354 2115 4408 mterni-
2225 4356 2368 4424 tuus,
2401 4360 2452 4410 et
2499 4372 2616 4412 oves
2659 4373 2877 4428 pascuae
2934 4370 3041 4416 tum
3070 4362 3246 4434 (Psal.
3299 4381 3528 4436 Lxxvm,
3567 4365 3680 4437 13),
3735 4365 3875 4423 etin

461 4447 601 4499 tates
630 4444 790 4514 (Dan.
824 4459 924 4511 xu,
958 4442 1035 4513 3).
2224 4441 2399 4514 malo,
2438 4448 2499 4498 ut
2530 4444 2647 4500 ibi:
2684 4446 2835 4503 Sicut
2862 4464 2982 4505 oves
3014 4452 3075 4505 in
3104 4454 3320 4525 inferno
3347 4455 3520 4526 positi
3543 4463 3677 4511 sunt
3707 4454 3871 4525 (Psal.

529 4534 585 4588 2.
617 4533 662 4567 ³⁵
691 4532 874 4589 Natus
923 4548 1059 4604 ergo
1090 4548 1255 4604 puer,
1288 4548 1403 4586 non
1455 4530 1641 4586 multo
1674 4535 1805 4603 post
1832 4530 2110 4603 baptismi
2142 4578 2188 4642 Β
2221 4533 2520 4603 XLvm,15)
2548 4551 2562 4601 ;
2592 4535 2731 4591 item
2765 4537 3098 4608 patriarcha
3130 4540 3311 4597 Jacob
3336 4543 3408 4598 ad
3443 4542 3630 4599 filium
3664 4559 3872 4601 suum:

458 4622 706 4696 gratiam
739 4624 1007 4695 adeptus,
1029 4620 1421 4693 Wolfkangus
1442 4625 1531 4677 est
1560 4619 1926 4692 appellatus;
1954 4620 2109 4691 quod
2142 4619 2188 4642 υ
2219 4621 2515 4692 Benjamin
2566 4624 2727 4695 lupus
2775 4642 2956 4697 rapax
2985 4626 3138 4699 (Gen.
3172 4648 3322 4699 xmx,
3355 4632 3469 4704 22);
3503 4636 3561 4688 et
3611 4638 3785 4704 poeta
3808 4633 3873 4688 de

453 4711 721 4769 videlicet
748 4728 960 4768 nomen
986 4710 1082 4766 ille
1112 4728 1215 4783 per
1243 4710 1623 4782 semetipsum
1648 4713 1738 4765 est
1768 4709 2107 4780 interpreta-
2216 4724 2465 4780 persona
2496 4713 2682 4768 sancti
2716 4713 2876 4769 Pauli
2905 4715 2987 4771 ita
3018 4719 3223 4774 scribit
3257 4737 3269 4775 :

455 4805 571 4857 tus.
604 4800 751 4856 Nam
781 4800 840 4854 in
871 4799 1127 4871 quodam
1172 4799 1447 4871 armario,
1480 4798 1635 4870 quod
1685 4798 1811 4870 ipse
1842 4798 2104 4853 construi
2285 4800 2329 4853 Ο
2360 4799 2495 4871 lupe
2524 4801 2700 4858 Paule
2731 4807 3081 4877 rapax,quid
3099 4808 3227 4879 jam
3257 4808 3588 4867 remanebit
3619 4812 3680 4868 in
3709 4811 3870 4880 orbe,

452 4889 747 4959 praecepit,
780 4888 933 4943 inter
957 4886 1202 4960 reliqua,
1225 4889 1378 4945 sicut
1398 4893 1522 4945 erat
1550 4887 1945 4960 peritissimus
1966 4902 2101 4959 poe-
2285 4888 2447 4952 Quod
2479 4907 2594 4946 non
2625 4908 2722 4948 ore
2753 4895 2952 4951 trahas
2975 4894 3004 4951 ‘?

1810 5028 2051 5085 VARI/E
2090 5028 2508 5089 LECTIONES.

515 5142 1027 5231 'Lrobulqcepsis
1071 5146 1185 5231 ΞΛ
1213 5145 1668 5231 "hdeveserunt
1721 5177 1811 5231 -.
1847 5144 2205 5231 sepelierunt
2236 5149 2286 5231 l_.
2345 5149 2389 5183 ’³
2445 5151 2814 5231 majestatem
2849 5154 2905 5231 ἶ.
2981 5156 3027 5231 ξ⁴
3066 5156 3399 5231 _wolfgaudi
3453 5162 3511 5219 2.
3566 5161 3665 5231 qui
3716 5160 3867 5217 alibi

442 5215 779 5306 :vpltkang.
816 5216 994 5306 habet.
1071 5216 1116 5253 ³⁵
1142 5218 1399 5289 Capitum
1439 5218 1741 5276 divisiones
1787 5222 1849 5275 in
1892 5215 1934 5272 2
1972 5217 2370 5276 desiderantur.
2445 5221 2491 5256 ²⁶
2520 5215 2821 5281 Struxerat
2855 5227 2911 5282 2.
2960 5228 3129 5283 Andr.
3166 5215 3370 5289 Ηὰῖἰεὺξ
3402 5231 3448 5268 ²⁷
3497 5215 3664 5290 nulla
3691 5215 3872 5306 igua;

444 5289 699 5347 miniosa
717 5289 907 5347 causa
934 5290 987 5345 2.

2034 5387 2265 5449 ΝΟΤΔΕ.

515 5501 1140 5585 (§2)'§f.‘§ﬁirngiblni’n
1189 5504 1391 5561 Neuen
1420 5504 1570 5560 Abh.
1617 5506 1677 5561 d.
1708 5507 1862 5563 Bair.
1910 5508 2088 5563 Acad.
2206 5526 2262 5581 p.
2299 5508 2420 5581 101,
2455 5510 2759 5585 inscriptio
2792 5515 3033 5573 affertur
3061 5516 3142 5575 ita
3175 5536 3187 5575 :

450 5571 707 5663 Vollpkll},
722 5571 987 5663 ‘17‘93L'p‘.
1154 5593 1281 5663 sqq.
1317 5647 1353 5663 η
1395 5648 1407 5663 1
1794 5654 1803 5663 _
1934 5652 1949 5663 ‘
2046 5652 2059 5663 ι
2202 5571 2487 5663 δοηίεεοὲδὶ
2513 5571 2799 5652 ωόὶέυιιιω
2829 5571 3498 5663 ωειιέᾶιῖὶιέήιίιοαωδυιιιι
3526 5611 3679 5663 latam

516 5594 765 5725 21531-1511;
783 5594 1508 5709 Xaémglegiingqaatisbon
1582 5654 1813 5709 monast
1884 5652 1952 5710 ed
2035 5652 2066 5708 4
2202 5598 2487 5714 “illigent
2513 5601 2799 5652 mdicumm
2829 5605 3097 5680 mamma
3130 5608 3498 5685 Lupmbum'
3526 5611 3699 5675 mum

1516 5687 1531 5705 .
1818 5692 1832 5709 .
1962 5694 1973 5708 .
2071 5691 2087 5728 ,
2381 5676 2437 5713 as
2468 5665 2791 5719 Ramuoldus
2820 5681 2982 5735 quam
3012 5670 3124 5735 ubi,
3154 5672 3377 5738 Christe,
3410 5673 3589 5748 struit,
