4030 6186
344 342 547 402 397-

1624 342 1809 404 VITA
1854 344 1919 403 S.
1964 340 2465 403 WOLFKANGI.

3639 349 3757 410 398

341 475 491 530 Hinc
531 474 734 548 itaque
775 479 1039 548 apparet,
1069 475 1227 547 quod
1271 475 1470 532 nullus
1509 475 1874 547 justiﬁcatur
1902 474 1991 531 vel
2020 476 2077 541 Α
2104 473 2580 531 interminatione
2618 476 2935 548 prohibuit.
2964 477 3176 550 Sicque
3218 476 3516 552 malignus
3546 480 3757 551 hostis,

340 565 691 637 reprobatur
721 580 789 619 ex
816 563 1072 621 nomine.

410 654 467 709 3.
500 653 810 710 Crescente
840 657 1037 709 autem
1067 670 1269 726 puero,
1301 654 1554 728 Spiritus
1589 656 1775 711 sancti
1807 656 1995 728 gratia

338 742 671 815 augebatur
711 743 891 799 simul
951 743 1011 801 in
1062 743 1179 799 illo.
1212 744 1359 799 Nam
1408 762 1541 800 cum
1589 746 1716 816 jam
1765 745 1995 801 circiter

338 830 687 904 septuennis
716 835 892 898 esset,
916 835 1186 904 parentes
1217 832 1349 902 ejus
1378 831 1543 887 illum
1572 848 1674 903 pro
1696 832 1993 888 discendis

333 920 555 976 litteris
577 921 808 976 cuidam
832 922 1389 976 oommendaverunt
1420 921 1649 988 clerico,
1676 922 1785 976 hoc
1815 921 1992 977 veluti

335 1009 598 1082 religiosi
622 1009 1110 1083 prameditantes,
1134 1011 1288 1081 quod
1313 1016 1369 1065 et
1388 1017 1588 1082 postea
1607 1010 1828 1083 experti
1856 1014 1994 1066 sunt

334 1100 683 1172 gaudentes,
718 1104 783 1154 ut
812 1116 916 1171 per
945 1100 1121 1171 juges
1162 1100 1524 1156 interventus
1556 1099 1659 1154 filii
1692 1099 1989 1166 instructi,

334 1189 508 1244 funes
538 1193 934 1261 peccatorum,
958 1189 1172 1260 quibus
1195 1193 1383 1244 semet
1413 1189 1836 1260 circumplexos
1868 1206 1995 1243 sen-

335 1277 583 1347 tiebant,
635 1278 1015 1334 solverentur.
1050 1278 1211 1334 Idem
1262 1295 1395 1335 vero
1453 1279 1718 1350 pretiosae
1779 1277 1991 1333 indolis

332 1384 482 1440 puer
512 1372 683 1424 tanta
711 1367 989 1423 aviditate
1021 1384 1085 1423 ac
1117 1367 1400 1423 memoria
1432 1366 1662 1424 litteras
1692 1368 1865 1439 coepit
1892 1384 1989 1421 ca-

332 1473 492 1529 pere,
527 1473 646 1528 quo
692 1456 899 1529 paucis
946 1474 1236 1512 annorum
1288 1457 1633 1513 decursibus
1677 1457 1991 1513 transactis

331 1559 450 1599 non
484 1541 682 1599 solum
713 1542 991 1615 hystorici
1013 1560 1223 1599 sensus
1247 1544 1617 1617 superficiem
1651 1544 1989 1616 penetrarit,

328 1649 535 1688 verum
568 1631 745 1688 etiam
777 1631 1021 1689 intimas
1038 1634 1457 1707 mysteriorum
1489 1632 1778 1689 medullas
1799 1633 1988 1689 inves-

332 1722 556 1794 tigarit.
592 1722 983 1788 Quamobrem
1014 1722 1073 1777 in
1119 1722 1361 1795 privatis
1401 1724 1528 1794 jam
1578 1722 1819 1778 minime
1850 1739 1986 1778 con-

328 1816 533 1867 tentus
566 1816 655 1868 est
681 1811 903 1868 discere
934 1809 1109 1880 locis;
1142 1813 1242 1867 sed
1275 1812 1374 1867 ubi
1403 1818 1543 1869 tunc
1570 1812 1628 1867 in
1661 1812 1985 1869 Germaniae

325 1900 601 1973 partibus
633 1901 885 1956 maxime
929 1900 1187 1974 pollebat
1235 1900 1459 1957 scolare
1506 1903 1790 1970 studium,
1819 1906 1983 1974 patre

326 1991 585 2048 ducente
606 1990 999 2047 bithalassum
1019 1991 1063 2024 εδ
1084 1991 1197 2063 (55)
1218 1991 1381 2062 adiit,
1400 1992 1458 2046 id
1480 1995 1569 2047 est
1587 1994 1855 2065 Augense
1876 2008 1985 2048 co:-

326 2080 599 2136 nobium.
620 2080 751 2152 Ubi,
775 2081 1052 2153 quoniam
1073 2082 1202 2151 ejus
1224 2080 1379 2136 fama
1398 2080 1614 2154 ingenii
1638 2081 1863 2153 pridem
1885 2098 1982 2137 au-

324 2171 623 2240 diebatur,
647 2174 945 2243 gratanter
964 2174 1051 2226 est
1073 2174 1403 2242 susceptus,
1428 2170 1703 2242 brevique
1723 2175 1984 2243 tempore

325 2260 597 2332 delapso,
630 2258 948 2332 magistris,
984 2258 1085 2331 qui
1142 2258 1302 2315 illius
1352 2259 1687 2331 capacitatis
1737 2277 1983 2316 acumen

325 2354 666 2416 senserant,
700 2348 952 2404 efﬁcitur
993 2353 1326 2420 suspectus.
1360 2352 1780 2405 Verumtamen
1824 2349 1985 2406 nullo

325 2438 729 2511 despectiocis
776 2438 930 2493 fastu
975 2454 1044 2494 ex
1090 2438 1433 2508 hujusmodi
1481 2440 1802 2494 eminentia
1830 2439 1985 2494 intu-

327 2528 653 2594 mescebat,
682 2528 782 2584 sed
814 2543 949 2583 cum
981 2527 1258 2583 omnibus
1306 2527 1362 2583 in
1394 2527 1567 2584 domo
1597 2528 1824 2584 Domini
1857 2544 1988 2583 am-

329 2617 584 2674 bulabat
611 2634 744 2672 cum
775 2634 1089 2673 consensu.

400 2709 457 2763 4.
493 2711 608 2763 Per
635 2706 790 2762 idem
822 2712 1056 2778 tempus
1088 2706 1259 2777 (circa
1304 2723 1398 2762 an.
1440 2707 1567 2780 950)
1599 2706 1710 2762 fuit
1756 2707 1816 2762 in
1862 2705 1987 2763 loco

329 2796 581 2869 praefato
601 2796 645 2829 ’9
674 2800 911 2867 propter
940 2795 1203 2850 studium
1228 2795 1450 2851 scolare
1480 2796 1722 2870 quidam
1755 2796 1989 2852 Heinri-

330 2902 439 2941 cus
461 2886 529 2952 ³ο,
572 2883 785 2940 eximia
826 2888 1179 2940 Francorum
1230 2885 1671 2957 Suevorumque
1720 2886 1991 2958 prosapia

332 2974 597 3047 genitus,
619 2974 721 3045 qui
750 2974 1153 3046 supradictum
1176 2976 1452 3045 juvenem
1477 2975 1731 3030 maximo
1753 2974 1865 3030 sibi
1896 2974 1991 3029 ad-

334 3068 583 3121 nectens
604 3079 821 3131 amore,
846 3063 1069 3136 rogavit
1094 3065 1284 3129 unice,
1311 3068 1372 3118 ut
1395 3080 1594 3120 secum
1618 3065 1689 3119 ad
1716 3063 1991 3135 Herbipo-

332 3152 465 3222 lim,
509 3170 639 3226 quae
674 3169 708 3207 a
736 3152 977 3209 rusticis
1005 3153 1340 3226 Wirciburg
1360 3153 1400 3188 ³⁸
1455 3158 1713 3221 vocatur,
1749 3152 1989 3210 veniret.

333 3243 462 3299 Hoc
498 3247 694 3299 autem
738 3243 867 3298 ideo
898 3242 1246 3315 propensius
1292 3243 1596 3313 suadebat,
1628 3244 1783 3314 quod
1816 3243 1993 3298 frater

334 3334 499 3404 ejus,
528 3332 724 3405 P0ppo
768 3331 1024 3400 nomine,
1059 3331 1458 3387 monarchiam
1510 3332 1668 3387 illius
1713 3331 1989 3404 episcopii

334 3423 592 3477 tenebat
611 3422 718 3492 (56)
747 3425 803 3477 et
832 3421 1127 3493 quendam
1152 3420 1507 3493 Stephanam
1530 3422 1600 3475 de
1623 3420 1788 3477 Italia
1810 3421 1993 3477 scola—

340 3510 436 3567 ris
468 3508 741 3566 doctrinae
769 3527 947 3567 causa
989 3509 1286 3578 conduxit,
1321 3510 1422 3583 qui
1469 3508 1743 3565 omnibus
1774 3510 1992 3566 ibidem

338 3588 574 3657 discere
595 3600 964 3673 cupientibus
985 3599 1318 3655 satisfacere
1344 3598 1817 3672 possit.Cumque
1838 3600 1993 3655 idem

340 3690 653 3747 Heinricus
690 3689 749 3745 in
795 3689 1137 3760 hujusmodi
1177 3688 1447 3761 precibus
1480 3688 1839 3761 persisteret,
1869 3706 1992 3745 om-

348 3795 602 3852 nemque
621 3778 1205 3850 humanitatem,qua2
1224 3778 1484 3834 discendi
1503 3796 1568 3833 ac
1586 3778 1996 3851 peregrinandi

353 3869 672 3925 necessitas
702 3868 902 3942 exigit,
945 3868 1328 3940 promitteret,
1379 3869 1595 3940 petenti
1626 3869 1863 3924 tandem
1903 3885 1998 3924 ac—

359 3959 592 4030 quievit.
609 3957 926 4014 Venientes
955 3974 1091 4030 ergo
1114 3957 1290 4012 simul
1315 3957 1385 4013 ad
1409 3958 1745 4029 praedictam
1772 3959 1998 4026 urbem,

362 4046 636 4103 scolarem
671 4047 892 4102 adeunt
914 4047 1287 4119 magistrum,
1310 4050 1367 4101 et
1398 4047 1509 4101 sub
1534 4047 1662 4118 ejus
1691 4046 2005 4119 disciplina

365 4142 818 4203 commorantes,
879 4136 1197 4208 aliquantis
1245 4136 1453 4192 diebus
1503 4135 1758 4193 habuere
1804 4135 2002 4208 prepi-

369 4226 525 4282 tium.

427 4317 478 4370 5.
502 4316 648 4372 Cum
679 4322 873 4372 autem
899 4315 1154 4388 quadam
1176 4316 1269 4371 die
1294 4315 1354 4370 in
1382 4315 1667 4371 Martiano
1690 4315 1760 4371 de
1782 4315 2006 4387 nuptiis

2104 562 2340 619 inventa
2374 564 2482 620 hac
2531 567 2856 638 occasione,
2880 571 3001 622 tam
3036 585 3137 640 per
3167 585 3230 624 se
3260 585 3438 640 quam
3470 587 3573 642 per
3617 587 3757 627 suos

2103 654 2418 725 complices
2450 654 2737 709 famulum
2788 656 2883 711 Dei
2931 657 3216 713 suffocare
3263 660 3607 731 temptabat.
3641 659 3754 715 Sed

2105 741 2407 810 nimirum,
2423 744 2575 798 sicut
2592 743 2831 799 ﬂamma
2847 745 3083 801 ﬂatibus
3101 747 3252 801 venti
3271 748 3489 820 agitata
3503 747 3755 804 validius

2102 832 2340 887 accendi
2365 832 2531 901 solet,
2558 832 2637 887 ita
2660 832 2841 888 divini
2868 851 3083 890 sensus
3106 835 3413 908 ardor,qui
3435 837 3495 892 in
3520 842 3753 909 pectore

2100 920 2436 994 Wolt’kangi
2469 938 2502 976 a
2534 921 2782 993 pueritia
2815 922 3130 990 coaluerat,
3160 924 3319 980 nullo
3351 925 3753 998 temptationis

2102 1009 2289 1064 imbre
2323 1010 2512 1087 potuit
2542 1011 2819 1083 extingui.
2846 1012 2926 1066 Ex
2946 1010 3044 1067 illo
3075 1012 3275 1083 itaque
3296 1017 3576 1085 tempore,
3600 1014 3755 1069 sicut

2102 1097 2226 1170 ipse
2254 1100 2566 1165 fatebatur,
2591 1100 2759 1171 cujus
2781 1100 2979 1156 omnia
2999 1101 3175 1156 verba
3196 1107 3334 1157 sunt
3354 1103 3750 1172 credenda,de

2103 1186 2261 1242 nullo
2280 1186 2501 1242 carnali
2516 1188 2979 1245 demonstratore
2993 1189 3416 1261 scripturarum
3437 1191 3758 1263 apprehen-

2101 1276 2188 1330 dit
2218 1278 2566 1348 penetralia,
2595 1281 2875 1349 tantoque
2906 1277 3019 1333 sibi
3051 1284 3254 1351 postea
3282 1279 3472 1335 extitit
3499 1280 3755 1352 amplius

2100 1366 2431 1438 ingenium,
2465 1371 2751 1438 quantum
2783 1354 2961 1423 distat
3008 1368 3159 1424 inter
3206 1368 3521 1426 hibernum
3569 1369 3753 1426 solem

2101 1458 2158 1510 et
2187 1455 2473 1512 aestivum.

2171 1546 2223 1598 6.
2257 1544 2611 1615 Hujusmodi
2638 1544 2819 1617 igitur
2847 1547 3205 1618 profectibus
3226 1547 3315 1602 vir
3343 1547 3444 1604 Dei
3466 1552 3755 1606 maturas-

2101 1650 2258 1705 cens,
2288 1634 2498 1690 cotidie
2521 1651 2583 1690 se
2612 1634 2739 1706 ipso
2762 1635 3058 1692 robustior
3077 1637 3394 1697 virtutibus
3417 1654 3749 1694 succresce-

2098 1724 2218 1792 bat,
2251 1723 2427 1779 etiam
2460 1723 2519 1778 in
2552 1724 2723 1779 corde
2754 1740 2860 1780 suo
2885 1726 3170 1796 quasdam
3193 1727 3263 1782 de
3291 1727 3551 1784 convalle
3577 1726 3750 1783 lacri-

2013 1837 2062 1902 B
2100 1828 2330 1867 marum
2381 1812 2750 1868 escensiones
2804 1814 2988 1869 facere
3034 1814 3403 1886 disponebat.
3435 1820 3583 1872 Nam
3632 1816 3748 1872 nisi

2094 1900 2268 1957 amici
2300 1901 2570 1973 precibus
2602 1902 2876 1970 Heinrici,
2902 1919 3036 1958 cum
3071 1920 3183 1975 quo
3220 1904 3508 1961 familiare
3537 1905 3747 1962 habuit

2095 1990 2566 2057 contubernium,
2600 1990 3015 2060 retraheretur,
3062 1993 3398 2049 omnimodo
3448 1993 3751 2051 saeculari-

2093 2080 2205 2135 bus
2252 2080 2619 2135 renunciarct
2671 2080 2997 2138 desideriis.
3030 2082 3141 2138 Sed
3189 2082 3426 2139 assidue
3465 2087 3747 2153 tractans,

2094 2168 2234 2241 quia
2261 2170 2477 2224 caritas
2510 2186 2624 2224 non
2656 2171 2863 2241 quaerit
2895 2187 3021 2243 quae
3053 2187 3160 2226 sua
3192 2176 3348 2241 sunt,
3374 2172 3474 2228 sed
3506 2189 3631 2243 quae
3661 2172 3751 2228 al-

2094 2258 2299 2323 terius,
2333 2259 2404 2313 ad
2461 2262 2696 2330 tempus
2754 2257 2981 2315 distulit
3032 2261 3188 2330 quod
3248 2265 3450 2332 postea
3505 2262 3749 2317 devotus

2094 2345 2379 2417 implevit.

2165 2439 2222 2491 7.
2255 2437 2418 2492 Brevi
2453 2436 2663 2492 dehinc
2695 2437 2922 2493 evoluto
2952 2443 3211 2510 tempore
3240 2440 3354 2511 (an.
3386 2439 3535 2511 956),
3570 2439 3750 2495 Hein-

2098 2525 2254 2581 ricus
2296 2526 2366 2581 ab
2400 2525 2606 2581 Ottone
2652 2527 2859 2598 Magno
2892 2528 3304 2583 Treverensem
3349 2528 3606 2600 suscepit
3657 2545 3748 2584 ar-

2098 2615 2620 2687 chiepiscopatum,
2662 2620 2719 2670 et
2766 2620 2830 2670 ut
2876 2632 3077 2671 secum
3130 2615 3269 2672 illuc
3316 2616 3613 2673 adveniret
3643 2618 3751 2672 ob-

2098 2704 2231 2760 nixe
2279 2704 2562 2778 ﬂagitavit
2621 2705 2856 2760 beatum
2907 2705 3348 2779 Woltkangum.
3383 2708 3448 2765 At
3491 2705 3588 2762 ille
3638 2705 3748 2762 ali-

2098 2795 2358 2866 quandiu
2390 2796 2692 2859 resistens,
2724 2811 2860 2849 cum
2888 2795 3036 2851 bene
3066 2812 3177 2851 non
3210 2800 3430 2868 posset,
3459 2795 3611 2851 male
3644 2811 3750 2851 no-

2100 2883 2212 2938 luit
2243 2900 2371 2939 esse
2402 2883 2654 2939 rebellis.
2688 2883 2988 2940 Profectus
3028 2890 3117 2940 est
3164 2901 3300 2957 ergo
3350 2901 3486 2940 cum
3536 2884 3750 2941 amico.

2101 2972 2265 3028 Tunc
2297 2972 2643 3028 venerabilis
2684 2972 2929 3028 antistes
2972 2974 3212 3029 internae
3244 2973 3577 3030 dilectionis
3604 2974 3751 3043 vim,

2102 3078 2441 3134 quam-erga
2459 3061 2648 3117 virum
2671 3062 2771 3117 Dei
2797 3062 3023 3130 habuit,
3045 3063 3273 3135 explere
3293 3064 3558 3136 cupiens,
3579 3064 3754 3120 bene-

2108 3150 2257 3205 ﬁciis
2289 3155 2345 3205 et
2368 3150 2753 3223 dignitatibus
2776 3153 2955 3207 tantis
2980 3150 3160 3207 voluit
3188 3169 3323 3208 eum
3345 3153 3750 3220 honoriﬁcare,

2109 3239 2387 3311 quatinus
2410 3256 2511 3311 per
2530 3257 2765 3295 omnem
2788 3241 3158 3312 episcopatus
3183 3242 3275 3295 sui
3296 3245 3645 3313 potestatem
3668 3258 3755 3297 se-

2102 3330 2331 3384 cundus
2350 3333 2482 3400 post
2499 3345 2580 3395 se,
2597 3328 2805 3383 ceteris
2823 3328 3095 3399 praelatus
3117 3328 3431 3384 haberetur
3445 3328 3749 3400 dignitate.

2102 3418 2315 3473 Servus
2344 3421 2538 3472 autem
2570 3417 2677 3471 Dei
2703 3416 3077 3472 cenodoxiam
3125 3418 3376 3488 fugiens,
3403 3433 3752 3488 semperque

2105 3525 2218 3581 pra:
2253 3506 2439 3562 oculis
2472 3504 2616 3562 illud
2650 3504 3034 3578 apostolicum
3066 3505 3292 3561 habens
3326 3522 3338 3561 :
3369 3506 3518 3562 Nihil
3549 3506 3749 3561 intuli-

2102 3613 2225 3651 mus
2252 3597 2311 3650 in
2342 3597 2486 3650 hunc
2502 3594 2788 3664 mundum,
2811 3593 2903 3649 sed
2922 3610 3019 3649 nec
3038 3594 3169 3666 quid
3187 3598 3411 3665 auferre
3433 3611 3748 3667 possumus,

2105 3690 2199 3741 et:
2236 3686 2340 3753 Qui
2366 3686 2593 3755 cupiunt
2624 3683 2824 3739 divites
2853 3682 3006 3754 ﬁeri,
3030 3683 3280 3739 incidunt
3306 3685 3366 3739 in
3396 3685 3614 3756 laqueos
3637 3684 3751 3739 dia-

2107 3776 2219 3831 boli
2266 3775 2310 3846 (I
2362 3775 2494 3829 Tim.
2528 3791 2604 3840 vx,
2634 3774 2691 3841 7,
2721 3774 2798 3845 9),
2832 3772 2930 3829 tali
2962 3768 3200 3829 'honore
3248 3791 3310 3829 se
3358 3774 3556 3829 dicens
3594 3772 3759 3847 indi-

2108 3881 2313 3937 gnum,
2347 3864 2583 3918 tandem
2628 3863 2925 3918 consensit
2981 3862 3319 3919 scolasticos
3368 3866 3614 3935 juvenes
3646 3860 3761 3917 sibi

2110 3952 2542 4021 commendari;
2575 3952 2847 4024 prudenti
2876 3969 3021 4008 usus
3044 3952 3307 4022 conSilio,
3330 3956 3395 4007 ut
3424 3952 3647 4008 scilicet
3675 3953 3762 4007 in-

2112 4060 2255 4116 gens
2287 4042 2563 4098 doctrinae
2596 4041 2881 4096 talentum
2921 4041 3031 4096 sibi
3064 4058 3098 4096 a
3126 4041 3243 4096 Deo
3293 4040 3575 4096 traditum
3627 4040 3762 4096 aliis

2112 4132 2459 4198 exhibendo,
2486 4131 2639 4186 sicut
2658 4130 3027 4202 dispensator
3050 4130 3240 4186 ﬁdelis
3271 4129 3668 4186 fructificaret.
3697 4131 3765 4187 In

2117 4239 2232 4295 quo
2264 4221 2459 4277 labore
2481 4218 2627 4274 nihil
2658 4218 2825 4284 lucri,
2849 4219 2995 4274 nihil
3025 4219 3307 4275 mercedis
3329 4218 3441 4275 sibi
3473 4236 3632 4275 more
3663 4235 3765 4274 sae-

2117 4310 2299 4367 culari
2331 4309 2608 4379 [exhiberi
2642 4308 2826 4364 voluit
2848 4309 2936 4382 if],
2971 4309 3071 4365 sed
3106 4314 3169 4363 ut
3200 4308 3344 4365 alios
3376 4308 3764 4374 lucrifaceret,

363 4406 618 4462 Mercurii
652 4411 709 4462 et
738 4404 1069 4477 philologiae
1108 4404 1348 4477 legeret,
1378 4406 1670 4477 quomodo
1702 4402 2009 4476 utriusque
2118 4399 2371 4456 decrevit
2400 4398 2649 4471 Operari.
2682 4398 2761 4453 De
2804 4398 2965 4452 nullo
3016 4414 3270 4469 namque
3318 4396 3769 4469 discipulorum,

369 4512 572 4552 nomen
598 4494 858 4567 rhythmi
881 4494 1275 4567 profunditate
1298 4494 1631 4550 conveniret
1650 4498 1707 4550 et
1728 4510 1841 4549 non
1866 4494 2009 4549 satis
2120 4489 2275 4562 sicut
2301 4487 2564 4560 plerique
2584 4486 2774 4543 solent
2798 4486 3083 4555 doctores,
3105 4484 3273 4540 illum
3304 4486 3624 4557 satyricum
3652 4483 3771 4539 cla-

380 4584 682 4658 diligenter
700 4582 1049 4656 exprimeret
1070 4600 1083 4638 :
1099 4584 1447 4654 juvenes,ut
1477 4582 1634 4639 soliti
1665 4584 1923 4650 fuerunt,
1944 4583 2015 4638 ad
2046 4582 2093 4646 D
2125 4583 2355 4635 mantes
2383 4594 2613 4633 versum
2648 4594 2661 4632 ε

371 4672 805 4747 perspicacioris
826 4689 1036 4729 sensus
1052 4672 1242 4728 virum
1269 4671 1371 4727 Dei
1390 4671 1813 4743 Woll‘kangum
1842 4687 2012 4726 vene-
2216 4686 2381 4734 Nosse
2412 4684 2604 4733 volunt
2636 4696 2842 4741 omnes,
2874 4681 3173 4732 mercedem
3206 4681 3415 4747 solvere
3448 4694 3628 4747 nemo,

368 4745 523 4835 runt,
554 4767 612 4819 et
640 4766 705 4818 ut
734 4761 967 4818 numeri
999 4756 1405 4817 difficultatem
1435 4760 1770 4834 explicaret,
1804 4761 2011 4816 unani-
3213 4745 3347 4807 (JUV-
3383 4757 3466 4803 νην
3492 4745 3621 4805 15Ἲο)

371 4854 540 4909 miter
568 4851 1034 4927 postulaverunt.
1066 4856 1140 4905 At
1168 4850 1283 4917 ille,
1308 4852 1459 4907 sicut
1486 4854 1611 4907 erat
1637 4851 1928 4923 benignus
1960 4855 2018 4906 et
2125 4863 2303 4925 causa
2332 4842 2821 4901 remunerationis
2864 4840 3085 4914 aliquid
3117 4842 3405 4913 exigebat,
3442 4839 3712 4913 quamvis
3742 4858 3777 4896 a

365 4942 626 5014 edoctus,
656 4959 773 4998 non
803 4940 995 4997 solum
1029 4941 1182 5013 quod
1224 4944 1583 5012 regaverant,
1606 4956 1807 4995 verum
1839 4940 2015 4995 etiam

362 5047 610 5088 omnem
641 5030 823 5103 hujus
869 5030 1169 5086 sententiae
1206 5028 1721 5102 scrupulositatem
1753 5028 2020 5101 aperiens
2126 5029 2223 5080 tus
2255 5040 2289 5077 a
2318 5037 2491 5078 carne
2522 5025 2716 5076 tamen
2769 5036 2831 5075 se
2879 5020 3185 5088 abstinuit,
3211 5037 3315 5075 nec
3361 5020 3617 5092 pretiosa
3644 5036 3778 5075 ves-

357 5119 710 5177 insinuavit.
760 5124 884 5188 Quo
927 5123 1245 5192 comperto,
1280 5119 1563 5191 magister
1608 5120 1888 5191 praefatus
1933 5118 2022 5175 ira
2127 5116 2375 5171 timenta
2396 5110 2685 5184 quaesivit,
2706 5110 2924 5183 vigiliis
2952 5127 3187 5182 quoque
3217 5115 3274 5166 et
3304 5110 3667 5166 orationibus
3690 5109 3779 5180 je-

300 5256 307 5261 .
358 5214 728 5278 commotus,
758 5224 833 5266 ne
862 5207 1111 5266 ulterius
1137 5225 1256 5265 suae
1286 5208 1597 5266 interesset
1625 5207 1882 5279 lectioni,
1911 5208 2021 5264 sub
2122 5204 2428 5278 juniisque
2448 5201 2702 5269 deditus,
2726 5217 2966 5273 corpore
2996 5199 3388 5269 solummodo,
3414 5215 3531 5256 non
3562 5202 3780 5272 mente,

1731 5351 1971 5408 VARle
2010 5347 2425 5409 LECTIONES.

431 5464 484 5503 ³⁸
513 5460 871 5521 bitalassum
899 5463 955 5519 2.
1030 5462 1076 5498 ’θ
1103 5460 1327 5535 privato
1358 5461 1384 5517 1
1409 5460 1438 5516 ‘I
1465 5460 1553 5517 ed.
1627 5460 1673 5497 ³⁰
1700 5457 1978 5516 henricus
2004 5462 2061 5516 2.
2091 5471 2327 5530 semper.
2402 5455 2447 5491 εί
2479 5452 2818 5525 uvirziburg
2845 5454 2899 5508 2.
2975 5452 3020 5488 ³³
3047 5451 3243 5509 desunt
3272 5452 3323 5511 1.

1964 5582 2199 5649 ΝΟΤΑἘ.

2206 5691 2321 5779 (56)
2350 5690 2602 5754 Sedebat
2630 5706 2684 5750 a.
2714 5686 2842 5765 941,
2871 5686 3003 5772 962ι

2202 5814 2221 5825 -κ

432 5700 556 5785 (55)
588 5698 651 5763 Id
679 5704 793 5779 est,
824 5698 976 5763 mari
1005 5696 1268 5776 undique
1296 5678 1576 5760 cinctum.

2128 4934 2395 5008 pluribus
2424 4937 2745 5004 cogeretur.
2766 4930 3040 4986 Nondum
3063 4948 3197 4986 vero
3221 4932 3521 5004 presbyter
3548 4929 3780 4987 ordina—
3884 4978 3887 4981 .
