4044 6164
348 280 465 338 399

1346 275 1687 336 OTHLONI
1718 260 2089 335 *MONACHI
2138 272 2706 335 S.EMMERAMMI

3634 272 3754 339 400

349 410 729 467 saecularibus
746 408 1003 481 negociis
1022 407 1782 479 eratimplicatus..luvenes
1797 406 1991 461 etiam.
2026 406 2078 472 Α
2110 405 2358 461 similem
2394 406 2449 460 in
2485 407 2644 462 omni
2678 406 2962 478 probitate
3000 422 3129 461 raro
3161 404 3387 462 viderit.
3421 406 3755 462 Notandum

349 517 497 572 quos
530 501 601 555 ad
632 498 1019 555 erudiendum
1051 497 1332 568 suscepit,
1368 514 1483 552 non
1515 496 1705 553 solum
1740 495 1992 551 liberali-

348 589 459 644 bus
482 588 781 644 exercebat
801 586 1105 652 doctrinis,
1129 603 1329 641 verum
1354 586 1529 641 etiam
1555 584 1874 641 moralibus
1904 585 1992 639 in-

351 678 640 733 formabat
668 676 1015 747 disciplinis.
1044 676 1114 731 Ut
1134 678 1179 709 ³³
1204 681 1397 731 autem
1429 680 1658 747 quantae
1690 676 1997 730 discretio—

351 767 443 823 nis
475 770 630 823 esset
659 766 1028 839 aliquantum
1072 766 1481 838 inspiciamus,
1512 765 1661 821 sicut
1690 764 1995 836 discipulis

350 858 478 928 ejus
504 856 883 912 narrantibus
906 856 1260 925 audivimus,
1286 857 1428 911 adeo
1452 872 1513 910 se
1534 853 1877 925 temperavit
1906 854 1993 907 in-

348 950 439 1002 ter
470 945 764 1014 alumnos,
797 950 881 1012 ut,
916 962 1049 1000 cum
1079 945 1432 1017 quibusdam
1467 943 1869 1016 capacioribus
1900 960 1995 997 ar-

349 1036 497 1092 tium
528 1036 615 1091 vel
665 1040 971 1091 auctorum
1013 1033 1276 1109 difficilia
1317 1050 1561 1105 qumque
1607 1038 1663 1087 et
1710 1032 1998 1103 profunda

348 1125 643 1194 enodaret,
678 1141 812 1180 mox
859 1125 929 1179 ad
982 1124 1193 1179 idiotas
1245 1122 1749 1194 simplicioresque
1780 1138 1842 1176 se
1872 1138 1995 1176 ver-

345 1219 497 1287 tens,
521 1218 579 1270 et
603 1213 848 1269 nutricis
870 1229 1029 1268 more
1052 1212 1219 1284 quasi
1242 1211 1493 1267 lacteum
1516 1210 1775 1265 historiae
1798 1211 1996 1265 cibum

347 1320 723 1375 praecoquens
784 1302 1186 1374 suppeditaret
1204 1302 1265 1356 3".
1311 1302 1594 1355 Praeterea
1642 1300 1997 1370 quicumque

348 1408 633 1465 pauperes
664 1396 720 1447 et
749 1391 1024 1447 humanis
1073 1390 1337 1445 destituti
1371 1389 1595 1445 solatiis
1626 1390 1684 1443 in
1719 1391 1846 1460 ejus
1878 1390 1995 1444 dis-

348 1481 608 1553 cipulatu
643 1481 1044 1548 morabantur,
1067 1478 1283 1534 carnali
1313 1496 1427 1533 non
1452 1479 1649 1533 minus
1674 1495 1852 1549 quam
1887 1478 1999 1550 spi-

348 1569 545 1633 rituali
576 1570 854 1625 alimento
886 1570 957 1624 ab
990 1585 1055 1622 eo
1087 1568 1513 1623 refovebantur.

420 1660 472 1715 8.
506 1658 635 1713 Haec
665 1658 845 1731 igitur
875 1664 993 1712 tam
1022 1657 1298 1713 laudabili
1324 1656 1757 1712 conversatione
1781 1655 1994 1728 partim

349 1749 473 1805 visa
494 1750 705 1821 partim
720 1753 1037 1819 comperta,
1058 1748 1357 1802 Heinricus
1380 1746 1851 1818 archiepiscopus
1876 1750 1994 1799 tam
2028 1773 2073 1837 B

351 1855 454 1911 per
474 1854 535 1893 se
558 1838 752 1910 ipsum
769 1854 945 1909 quam
969 1854 1070 1907 per
1092 1852 1230 1891 suos
1248 1834 1565 1890 familiares
1582 1834 1681 1890 Dei
1708 1833 1993 1888 famulum

352 1928 708 2000 aggreditur,
734 1944 946 1999 rogans
986 1930 1050 1979 ut
1098 1931 1197 1980 aut
1246 1924 1513 1980 claricale
1545 1924 1632 1979 vel
1668 1923 1997 1979 monachilc

350 2015 682 2071 coenobium
714 2014 949 2086 aliquod
981 2015 1301 2086 regendum
1335 2013 1675 2085 susciperet.
1706 2014 1869 2067 Tunc
1900 2012 1995 2066 ille

348 2122 451 2178 per
472 2104 821 2160 humilitatis
843 2103 1275 2160 excusationem
1299 2103 1532 2158 solitam
1552 2102 1709 2157 omni
1734 2102 1998 2157 sublimi-

350 2200 470 2252 tate
501 2212 561 2251 se
592 2194 853 2249 clamans
882 2193 1215 2264 indignum,
1249 2193 1485 2247 tandem
1524 2209 1626 2263 per
1655 2192 1996 2246 obedientia:

347 2284 770 2354 subjectionem
795 2281 1155 2355 compulsus,
1173 2282 1466 2337 consensit
1486 2288 1548 2335 ut
1563 2285 1717 2335 esset
1739 2281 1997 2335 decanus

350 2374 713 2448 clericorum.
762 2373 879 2428 Hoc
930 2372 1183 2443 primatu
1242 2370 1376 2425 licet
1427 2371 1645 2425 invitus
1672 2370 1995 2434 vendicato,

351 2462 703 2533 inreligiosis
736 2461 964 2528 terrori,
988 2459 1193 2515 ceteris
1224 2459 1333 2514 fuit
1365 2460 1568 2528 amori,
1599 2476 1745 2529 quos
1778 2458 1998 2513 scilicet

348 2567 553 2607 omnes
574 2555 696 2605 tam
721 2548 897 2603 minis
920 2565 1097 2619 quam
1120 2547 1520 2615 suasionibus,
1542 2548 1693 2617 quod
1722 2565 1790 2599 an
1805 2553 1853 2599 te
1883 2564 1996 2600 non

351 2642 793 2709 consueverant,
816 2639 947 2693 fecit
979 2637 1154 2692 simul
1179 2638 1376 2691 cibum
1410 2653 1612 2708 capere
1635 2640 1693 2691 et
1722 2636 1997 2700 dormire,

349 2730 407 2785 in
443 2729 698 2785 claustro
746 2726 1096 2782 lectionibus
1126 2726 1445 2790 intendere,
1471 2731 1525 2780 et
1573 2742 1645 2780 ne
1676 2724 1884 2778 intima
1914 2725 2000 2779 vel

352 2817 683 2892 spiritualia
705 2816 1075 2889 neglegerent
1096 2815 1310 2887 quibus
1327 2813 1583 2870 carnalia
1606 2817 1999 2885 suppeterent,

358 2907 779 2964 delectabiliter
799 2905 1133 2971 admonuit;
1163 2905 1220 2958 in
1244 2904 1518 2960 omnibus
1542 2903 1633 2959 his
1655 2921 1716 2958 se
1739 2903 2003 2974 praebens

359 2998 711 3069 exemplum,
746 2996 887 3051 adeo
933 2999 998 3049 ut
1037 2995 1163 3065 jam
1217 3012 1249 3048 a
1300 2993 1523 3047 cunctis
1570 2992 1859 3047 diceretur
1888 3010 2002 3048 non

361 3104 489 3143 esse
518 3087 763 3141 clericus
794 3086 892 3140 sed
926 3083 1270 3139 monachus.

2105 500 2299 550 autem
2350 496 2576 565 merito,
2606 500 2838 567 quantae
2884 495 3254 567 perfectionis
3285 495 3371 550 vir
3400 494 3511 551 iste
3560 495 3751 567 fuerit,

2105 585 2195 639 cui
2230 589 2393 640 tanta
2418 584 2773 657 prosperitas
2795 584 3093 641 saecularis
3124 584 3513 656 promissione
3535 586 3753 659 egregii

2106 674 2372 745 praesulis
2416 675 2635 741 arrisit,
2669 673 3041 745 plurimaque
3088 691 3213 745 quae
3264 674 3439 729 scribi
3492 674 3755 729 fastidio-

2106 781 2236 819 sum
2271 771 2376 830 est,
2414 781 2516 819 nec
2549 769 2743 819 tamen
2793 764 3058 819 adhaesit.
3095 764 3283 836 Magni
3338 763 3494 819 enim
3527 768 3758 821 constat

2108 854 2321 919 meriti,
2350 853 2467 908 haec
2500 854 2698 908 omnia
2729 852 3076 925 relinquere,
3109 870 3286 924 seque
3316 853 3373 908 in
3405 853 3514 909 hoc
3545 853 3755 910 saeculo

2109 943 2443 997 mendicum
2478 944 2684 997 facere.

2182 1033 2263 1087 10.
2299 1031 2597 1086 Gloriosus
2647 1048 2781 1103 ergo
2817 1032 3290 1104 archiepiscopus
3340 1034 3535 1088 Bruno
3568 1032 3756 1087 virum

2110 1122 2203 1177 Dei
2238 1122 2497 1177 sentiens
2541 1121 2772 1176 artioris
2801 1122 2930 1176 vitae
2971 1122 3473 1177 conversationem
3521 1122 3760 1195 aggredi

2107 1210 2420 1279 velle,cum
2446 1209 2682 1265 amabili
2706 1211 2963 1282 tripudio
2991 1211 3217 1266 dimisit
3241 1213 3563 1283 eumjuxta
3586 1211 3764 1285 placi-

2110 1305 2233 1354 tum
2266 1299 2445 1355 abire.
2480 1304 2553 1354 At
2572 1300 2617 1333 39
2648 1298 2743 1355 ille
2791 1300 3032 1355 domum
3083 1300 3344 1371 veniens,
3379 1302 3449 1356 ab
3483 1301 3761 1356 omnibus

2108 1388 2369 1461 cognatis
2391 1392 2445 1443 et
2467 1389 2670 1444 amicis
2693 1388 3022 1445 amabiliter
3041 1393 3130 1445 est
3152 1394 3486 1461 susceptus,
3507 1390 3765 1445 obviam-

2108 1496 2221 1549 que
2253 1478 2480 1541 habuit,
2496 1484 2559 1532 ut
2580 1478 2660 1532 ita
2681 1479 2890 1546 dicam,
2907 1480 3152 1548 Syrenes
3174 1478 3331 1534 velut
3360 1479 3508 1535 alter
3531 1479 3758 1551 Ulyxes.

2108 1570 2271 1622 Tunc
2292 1567 2485 1622 omnis
2516 1568 2809 1639 parcntela
2831 1568 3141 1641 omnisque
3165 1568 3433 1641 cognatio
3457 1568 3761 1625 meliorem

2107 1658 2447 1713 substantiae
2462 1657 2820 1712 hereditariae
2838 1658 3165 1729 portionem
3181 1657 3541 1729 pollicentes,
3560 1657 3762 1730 plures

2107 1763 2337 1817 quoque
2367 1746 2540 1801 amici
2573 1746 2923 1818 ﬂagitantes,
2957 1762 3027 1801 ne
3060 1764 3121 1802 se
3151 1747 3461 1817 desereret,
3494 1747 3701 1802 dicunt
3737 1765 3750 1802 :

2107 1836 2161 1889 In
2189 1838 2231 1869 ⁵ο
2263 1840 2317 1890 te
2343 1838 2522 1890 omnis
2551 1837 2744 1889 domus
2775 1834 3053 1891 inclinata
3084 1837 3368 1891 recumbit.
3397 1836 3521 1892 Non
3554 1837 3754 1892 defue-

2106 1930 2243 1979 runt
2272 1926 2443 1980 etiam
2495 1926 2594 1997 qui
2628 1925 2926 1996 adderent,
2961 1926 3100 1997 quia
3146 1926 3445 1997 Scriptura
3497 1926 3765 1997 prazcipit

2108 2012 2445 2084 parentibus
2497 2013 2957 2083 obsequendum.
3010 2013 3359 2086 Agonitheta
3417 2019 3609 2069 autem
3660 2015 3764 2070 Dei

2107 2106 2526 2172 contempnens
2582 2102 2797 2166 omnia,
2850 2102 3037 2173 ipsius
3085 2102 3315 2157 Domini
3377 2104 3559 2159 nostri
3617 2107 3765 2159 Jesu

2107 2190 2315 2245 Christi
2346 2191 2617 2262 opposuit
2646 2191 2820 2246 verba
2869 2189 3115 2246 dicentis
3150 2208 3162 2246 :
3198 2193 3303 2259 Qui
3352 2201 3501 2247 amat
3545 2198 3767 2264 patrem

2107 2285 2201 2335 aut
2230 2288 2460 2334 matrem
2487 2281 2614 2350 plus
2635 2296 2799 2349 quam
2831 2296 2933 2347 me,
2955 2297 3067 2334 non
3095 2286 3176 2335 est
3206 2298 3292 2336 me
3320 2281 3517 2352 dignus
3548 2283 3761 2352 (Matth.

2108 2388 2160 2435 x,
2198 2371 2308 2441 37).
2338 2370 2589 2440 Legebat
2618 2368 2860 2423 l’orsitan
2905 2371 3060 2439 quod
3112 2374 3350 2426 sanctus
3388 2372 3765 2427 Hieronimus

2112 2460 2181 2512 ad
2228 2458 2521 2529 quendam
2556 2458 2759 2512 scribit
2788 2458 3039 2512 amicum
3064 2460 3222 2528 (57):
3277 2460 3430 2515 Licet
3480 2462 3765 2532 parvulus

2110 2547 2166 2601 in
2199 2547 2341 2602 collo
2377 2548 2622 2618 pendeat
2646 2564 2846 2618 nepos,
2870 2547 3003 2602 licet
3024 2565 3226 2619 sparso
3250 2549 3408 2605 crine
3440 2550 3768 2622 scissisque

2110 2636 2371 2691 vestibus
2405 2638 2583 2691 ubera
2613 2637 2831 2707 quibus
2863 2641 2916 2693 te
2940 2639 3223 2693 nutrierat
3250 2645 3437 2694 mater
3467 2640 3764 2708 ostendat,

2110 2724 2243 2781 licet
2274 2730 2436 2797 pater
2465 2726 2522 2778 in
2558 2724 2760 2780 limine
2783 2726 2999 2795 jaceat,
3034 2727 3361 2799 percalcato
3392 2734 3555 2800 patre
3585 2729 3768 2785 citius

2114 2832 2306 2887 perge,
2321 2815 2489 2870 siccis
2503 2814 2686 2870 oculis
2705 2816 2774 2868 ad
2797 2816 2986 2871 crucis
3004 2816 3279 2872 vexillum
3300 2818 3771 2874 evola.Summa-

2111 2905 2300 2976 pietas
2332 2910 2422 2959 est
2450 2904 2509 2958 in
2543 2905 2649 2960 hac
2683 2922 2741 2961 re
2770 2909 2825 2959 te
2866 2906 2984 2961 fore
3014 2906 3330 2963 crudelem.
3359 2930 3380 2956 ι»
3420 2909 3773 2965 Intuebatur

2112 2994 2285 3049 etiam
2330 2994 2657 3050 Johannem
2690 2994 3025 3067 baptistam,
3059 2996 3151 3051 cui
3173 2998 3214 3031 ⁴¹
3252 2999 3519 3069 quamvis
3559 3003 3774 3055 sancta.

2118 3084 2290 3138 fuerit
2320 3088 2507 3139 mater
2530 3089 2586 3139 et
2612 3085 2882 3139 sacerdos
2913 3089 3096 3155 pater,
3134 3090 3328 3141 tamen
3356 3091 3635 3159 utrosque
3672 3104 3772 3143 re—

428 3177 482 3231 9.
516 3180 741 3231 Interea
770 3172 1079 3247 praesulem
1123 3171 1459 3227 Heinricum
1491 3172 1733 3245 contigit
1762 3172 2003 3227 Caesaris
2035 3144 2076 3208 C
2114 3173 2410 3246 linquens,
2444 3190 2515 3227 ne
2545 3190 2678 3227 cum
2710 3144 3047 3229 hominibus
3077 3144 3350 3231 habitans
3381 3144 3769 3248 pollueretur,

357 3264 585 3321 Ottonis
605 3264 875 3335 jussione
897 3261 1281 3334 expeditionis
1300 3278 1477 3316 causa
1502 3262 1742 3316 Romam
1767 3277 2002 3333 porgere

356 3357 471 3427 (an.
512 3356 660 3424 964),
712 3354 912 3424 ibique
969 3368 1101 3407 cum
1162 3351 1529 3422 aliquantum
1585 3356 1818 3423 tempus
1878 3369 2000 3406 mo-

354 3450 601 3512 raretur,
654 3443 831 3498 nimis
877 3447 1177 3515 aegrotare.
1211 3442 1322 3495 Sed
1373 3458 1504 3495 cum
1557 3458 1617 3495 se
1671 3442 2003 3512 desperaret

354 3534 772 3603 convalescere,
794 3532 1019 3587 vocavit
1050 3532 1119 3586 ad
1154 3548 1215 3584 se
1247 3532 1623 3595 Cirsarem,et
1653 3530 1919 3601 exposuit
1950 3531 2000 3584 ei

352 3624 505 3679 beati
546 3622 884 3692 Wollkangi
916 3620 1276 3692 qualitatem,
1305 3620 1613 3674 obsecrans
1648 3624 1709 3673 ut
1739 3620 2001 3675 Treveris

350 3711 575 3767 litteras
608 3713 884 3777 mitteret,
908 3725 1041 3763 cum
1087 3707 1321 3778 quibus,
1348 3724 1418 3760 ne
1449 3725 1482 3761 a
1524 3706 1682 3761 nullo
1715 3708 1867 3761 idem
1902 3707 1999 3762 Dei

350 3800 609 3856 famulus
634 3800 1029 3870 injuriaretur,
1055 3795 1444 3851 interdiceret.
1474 3796 1570 3849 llis
1600 3796 1870 3866 precibus
1901 3813 1999 3868 ge-

351 3890 480 3957 stis,
504 3888 783 3960 persolvit
802 3886 997 3941 debita
1018 3883 1246 3939 mortis.
1273 3886 1395 3948 Qua
1428 3884 1582 3937 fama
1602 3884 1865 3939 Treveris
1898 3903 1997 3939 au-

351 3978 493 4043 dita,
519 3982 757 4033 sanctus
777 3973 1168 4045 Wolfkangus
1200 3973 1388 4043 primo
1421 3972 1669 4027 nimium
1694 3974 1998 4030 contrista-

351 4070 445 4121 tur
463 4066 528 4135 ³⁵,
553 4064 763 4119 deinde
785 4062 1072 4118 consolari
1115 4062 1308 4133 coepit,
1334 4062 1610 4132 quoniam
1646 4079 1770 4133 quae
1799 4064 1897 4117 diu
1929 4065 1998 4119 de

351 4152 545 4209 saeculi
580 4155 911 4223 contemptu
949 4151 1231 4223 cogitarat
1274 4156 1411 4205 tunc
1448 4168 1718 4223 peragere
1764 4152 1994 4208 licebat.

349 4244 611 4314 Cumque
632 4242 675 4277 ³⁰
698 4242 824 4312 jam
858 4242 1201 4296 conﬁrmata
1234 4244 1430 4318 mente
1463 4241 1776 4311 repatriare
1806 4241 1994 4308 vellet,

348 4330 824 4404 archiepiscopus
855 4329 1215 4385 Coloniensis
1248 4329 1462 4393 Bruno,
1497 4330 1597 4400 qui
1630 4337 1687 4385 et
1715 4331 1995 4387 ducatum

345 4423 536 4477 tenuit
583 4421 1035 4493 Lutringensem
1059 4420 1121 4485 ³⁷,
1160 4420 1291 4474 fecit
1320 4436 1451 4474 eum
1485 4420 1555 4473 ad
1586 4436 1648 4475 se
1694 4422 1906 4487 venire,
1932 4441 1996 4477 ac

2115 3263 2170 3317 in
2205 3279 2466 3317 eremum
2490 3261 2751 3317 secessit.
2782 3263 3126 3333 llujusmodi
3154 3263 3333 3335 igitur
3361 3266 3642 3337 exemplis
3664 3266 3771 3321 in-

2113 3353 2343 3419 citatus,
2364 3356 2635 3423 parentes
2658 3368 2921 3407 seorsum
2946 3353 3511 3424 convocans,dixisse
3536 3356 3718 3410 fertur
3750 3374 3766 3411 :

2118 3464 2139 3494 α
2167 3442 2380 3497 Rerum
2404 3440 2879 3497 substantialium
2902 3442 3441 3515 portionem,quam
3468 3444 3611 3499 mihi
3631 3444 3768 3500 dis-

2112 3531 2395 3601 posuistis
2434 3532 2592 3601 dare,
2618 3532 2767 3586 inter
2795 3548 2896 3586 vos
2926 3532 3180 3586 dividite.
3206 3533 3304 3587 Est
3344 3549 3599 3605 namque
3621 3534 3768 3606 qui-

2112 3622 2246 3675 dam
2282 3626 2607 3692 praepotens
2640 3638 2704 3675 ac
2735 3620 2895 3676 dives
2917 3621 3192 3677 dominus
3216 3623 3313 3695 qui
3339 3624 3557 3694 grande
3578 3624 3771 3695 patri-

2114 3709 2373 3764 monium
2408 3709 2573 3778 mihi,
2600 3709 2646 3764 si
2671 3708 2754 3763 illi
2784 3708 3031 3764 fideliter
3053 3712 3267 3767 servire
3290 3710 3439 3782 volo,
3466 3713 3769 3783 promisit,

2113 3798 2170 3852 in
2194 3816 2308 3869 quo
2333 3815 2466 3868 pars
2490 3796 2828 3853 hereditatis
2849 3815 3008 3866 meae,
3036 3802 3093 3853 et
3116 3799 3236 3871 ipse
3259 3804 3346 3855 est
3369 3800 3467 3871 qui
3492 3800 3773 3857 restituet

2111 3887 2491 3943 hereditatem
2516 3904 2705 3941 meam
2732 3887 3093 3943 mihi.Crcdo
3116 3888 3500 3961 etenim,quia
3515 3891 3772 3946 daturus

2111 3981 2198 4031 est
2228 3976 2368 4030 mihi
2402 3980 2519 4029 tam
2554 3976 2853 4031 sufficiens
2887 3976 3257 4045 beneﬁcium,
3282 3983 3346 4032 ut
3376 3983 3433 4033 et
3461 3978 3627 4034 vobis
3655 3978 3773 4034 ali-

2110 4066 2262 4137 quod
2325 4066 2574 4137 praebere
2626 4064 2847 4136 possim
2873 4066 2916 4099 ⁴²
2965 4066 3344 4136 adjutorium.
3398 4068 3777 4140 Quapropter

2111 4171 2270 4227 rogo,
2296 4172 2365 4209 ne
2396 4155 2540 4209 tanti
2573 4154 2841 4210 beneﬁcii
2874 4154 3162 4225 promissa
3192 4155 3538 4211 lacrimabili
3574 4157 3774 4213 inter—

2112 4243 2397 4316 rumpatis
2428 4243 2818 4315 querimonia;
2854 4244 2954 4298 sed
2986 4250 3183 4316 parate
3208 4262 3333 4316 quae
3367 4250 3505 4300 sunt
3535 4246 3608 4301 ad
3638 4246 3772 4303 haec

2110 4334 2459 4389 necessaria.
2494 4333 2616 4387 Non
2651 4333 2805 4387 enim
2838 4333 3041 4403 quaerit
3072 4332 3471 4406 neglegentem
3505 4336 3605 4390 sed
3632 4340 3772 4392 stu—

2109 4424 2341 4479 diosum
2370 4424 2708 4478 servitorem
2741 4423 3016 4478 dominus
3048 4422 3201 4479 talis.
3229 4449 3249 4477 ι
3287 4428 3413 4480 Mox
3445 4424 3772 4483 alacriores

342 4512 692 4583 promittens
717 4510 801 4565 illi
826 4526 1058 4565 omnem
1084 4507 1471 4563 humilitatem
1500 4525 1721 4564 necnon
1742 4512 1783 4544 ’3
1812 4512 1996 4583 ponti-
2032 4513 2075 4575 D
2109 4514 2291 4568 effecti
2332 4518 2621 4585 parentes,
2646 4529 2856 4568 nomen
2889 4517 2943 4567 et
2972 4512 3163 4568 locum
3198 4530 3312 4585 quo
3343 4513 3515 4570 vellet
3548 4515 3630 4570 ire
3664 4515 3770 4571 in-

342 4601 550 4657 ﬁcatus
578 4601 880 4669 honorem,
916 4602 1158 4654 conatus
1190 4604 1278 4653 est
1319 4614 1517 4652 secum
1549 4599 1828 4654 detinere.
1866 4603 1990 4657 llaec

340 4697 579 4746 sanctus
614 4689 982 4760 renuit,quia
1014 4692 1199 4743 semet
1230 4688 1285 4740 in
1315 4688 1498 4741 ardua
1530 4688 1673 4742 ﬁxit.
1710 4690 1989 4761 Aliquan-

339 4777 439 4833 diu
472 4784 669 4835 tamen
703 4795 837 4834 cum
871 4777 968 4831 illo
1014 4781 1389 4832 conversatus
1420 4782 1528 4832 est.
1572 4776 1733 4832 Unde
1782 4784 1837 4833 et
1888 4782 1991 4835 fre-

340 4873 587 4937 quenter
611 4871 813 4939 postea
834 4866 1050 4935 retulit,
1067 4866 1206 4937 quia
1227 4867 1416 4921 eidem
1438 4867 1693 4922 Brunoni
1718 4868 1990 4942 episcopo

2102 4603 2416 4673 vestigant.
2441 4601 2665 4665 Quibus
2697 4600 2792 4656 ille
2815 4602 2957 4655 dixit
2985 4620 2995 4656 :
3022 4603 3191 4657 Modo
3211 4605 3353 4659 scire
3372 4620 3481 4659 nou
3509 4607 3768 4675 potestis,

2099 4702 2283 4762 postea
2318 4708 2438 4745 vero
2466 4692 2670 4745 scietis.
2700 4690 2917 4745 Deinde
2962 4691 3397 4747 sciscitantibus
3438 4692 3545 4763 eis,
3570 4693 3619 4749 si
3652 4693 3771 4748 ali-

2103 4798 2276 4853 quem
2321 4796 2561 4835 suorum
2595 4779 2806 4834 habere
2829 4780 3169 4851 dignaretur
3191 4781 3248 4835 in
3273 4782 3575 4854 comitatu,
3597 4798 3773 4853 pror-

2103 4889 2204 4926 sus
2225 4868 2591 4925 contradixit.
2615 4868 2820 4923 Paucis
2843 4886 2976 4923 vero
3019 4868 3227 4925 diebus
3262 4872 3594 4942 transactis,
3620 4871 3774 4928 tulit

1700 5039 1938 5095 VARI/Ii
1978 5041 2391 5098 LECTIONES.

406 5164 451 5199 ³³
482 5165 602 5230 Que
633 5169 878 5236 utraque
910 5164 991 5220 sic
1023 5164 1366 5237 temperavit
1392 5170 1455 5218 ut
1480 5182 1613 5219 cum
1640 5168 1831 5220 ceteris
1849 5169 2064 5223 omissis
2092 5170 2145 5223 2.
2222 5170 2266 5202 3‘
2288 5184 2385 5223 eos
2414 5166 2526 5238 pari

407 5252 523 5293 can.
559 5239 625 5291 10
656 5238 849 5293 incinit
880 5238 932 5292 6.
1008 5238 1051 5272 ⁸7
1083 5237 1509 5293 littringensem
1543 5240 1595 5289 2.
1674 5238 1715 5269 ³⁸
1748 5255 1851 5293 nec
1876 5243 1928 5292 2.
2006 5240 2049 5274 39
2080 5257 2124 5293 c.
2164 5240 2225 5293 10
2268 5241 2463 5293 incipit
2492 5241 2526 5291 7

2080 5257 2124 5293 c.
2164 5241 2225 5293 10
2268 5241 2463 5309 incipit
2492 5241 2544 5294 7.

336 5236 380 5309 ξδδ
407 5252 523 5308 cap.
559 5239 625 5291 10
656 5238 849 5308 incipit
880 5238 932 5292 6.
1008 5238 1051 5272 ⁸7
1083 5236 1509 5309 littringensem
1543 5240 1595 5289 2.
1662 5238 1715 5309 f‘s
1748 5255 1851 5293 nec
1876 5243 1928 5292 2.

3090 5169 3134 5203 ³⁵
3164 5170 3541 5226 contristatus
3584 5171 3609 5226 1
3666 5172 3769 5229 ed.

2622 5240 2665 5273 έοο
2696 5240 2927 5313 d._Cum
2983 5240 3063 5296 sis
3116 5246 3457 5297 cunctorum
3491 5258 3626 5313 spes
3659 5261 3770 5298 so-

2222 5170 2266 5202 3‘
2288 5184 2385 5223 eos
2414 5166 2627 5238 pariter
2648 5172 2932 5222 recrearet
2960 5169 3012 5221 2.

335 5305 646 5386 lamenque
684 5305 918 5386 tuorum
948 5314 1123 5386 atque
1154 5305 1364 5386 domus
1398 5306 1933 5386 nostrevis‘omnis
1963 5311 2254 5386 adhaereat
2282 5312 2340 5386 i_n
2375 5305 2448 5386 te,
2484 5328 2554 5367 ne
2586 5310 2786 5383 procul
2835 5310 2970 5366 hinc
3018 5313 3214 5383 vadas,
3248 5329 3319 5369 ne
3350 5330 3477 5386 nos,
3519 5305 3769 5385 dilecte,

335 5377 652 5450 relinquas.
686 5382 945 5436 Euerunt
974 5377 1150 5436 etiam
1183 5380 1283 5453 qui
1314 5382 1366 5433 2.
1444 5380 1485 5413 ⁴¹
1521 5379 1689 5450 cujus
1715 5382 1768 5436 2.

1847 5384 1891 5417 ⁴²
1924 5383 2219 5454 possimus
2250 5384 2322 5437 1?
2351 5383 2434 5437 ed.

1922 5531 2148 5625 Nom.

400 5627 515 5715 (57)
542 5626 727 5703 Epist.
760 5629 803 5687 I.
