4044 6164
207 374 316 437 105

1472 373 1660 437 'Vl'l‘A
1705 374 1771 438 S.
1817 375 2319 439 WOLFKANGI.

3486 373 3663 450 406,

208 511 445 585 egerent.
473 509 610 574 Quis
641 506 865 566 scilicet
893 505 1094 565 omnia
1118 511 1356 566 sanctus
1388 507 1600 581 praesul
1632 507 1836 565 dolens
1866 511 1921 578 Α
1950 509 2213 582 Cumque
2242 511 2363 567 haec
2393 514 2570 583 atque
2599 510 2942 584 hujusmodi
2963 512 3139 569 verba
3167 507 3598 585 plurimaretu-

210 606 259 658 et
282 600 583 656 emendare
613 599 835 664 volens,
870 598 1033 655 misit
1063 599 1134 654 ad
1166 600 1517 655 Treverense
1550 602 1841 654 monaste-

209 690 369 756 rium,
403 689 462 744 in
491 705 608 762 quo
659 689 864 744 beatus
917 688 1271 746 Maximinus
1319 687 1698 758 corporaliter
1755 704 1841 743 re-

209 779 466 854 quiescit,
500 784 556 834 et
606 778 741 833 inde
788 778 1082 849 quendam
1138 778 1198 833 in
1249 777 1500 851 regulari
1532 776 1844 849 disciplina

208 875 523 936 strenuum,
580 867 818 923 nomine
887 867 1304 933 Ramuoldum,
1365 867 1682 932 advocavit,
1741 867 1843 938 qui

207 958 493 1031 quondam
525 957 634 1012 sub
666 955 934 1012 Heinrico
965 957 1404 1029 archiepiscopo
1459 958 1588 1028 ejus
1635 971 1842 1012 conca-

207 1046 460 1120 pellanus
499 1045 627 1101 fuit.
661 1049 829 1101 Hunc
887 1045 1084 1116 itaque
1137 1062 1468 1114 assumens,
1518 1046 1578 1100 in
1637 1044 1843 1118 primis

205 1135 568 1208 pmpositum
601 1134 925 1200 constituit,
960 1133 1170 1190 dehinc
1216 1136 1487 1192 abbatem
1538 1135 1596 1190 in
1647 1133 1844 1190 Sancti

204 1225 610 1282 Emmerammi
641 1224 901 1280 ccenobio
928 1224 1233 1280 ordinavit.

269 1313 354 1371 16;
379 1314 545 1381 Quod
569 1313 934 1385 (67)quidam
961 1313 1032 1368 de
1063 1313 1414 1370 consiliariis
1443 1315 1572 1385 ejus
1603 1313 1844 1386 indigne

202 1403 462 1468 ferentes,
513 1403 792 1458 dicebant
823 1421 836 1459 :
873 1425 893 1452 ι
929 1401 1147 1474 thuid
1181 1403 1286 1458 tibi
1319 1407 1376 1458 et
1402 1403 1842 1459 successoribus

204 1493 308 1549 tuis
338 1492 537 1565 perdis
568 1493 722 1547 bona
751 1492 822 1547 ad
851 1495 1126 1548 Sanctum
1150 1493 1653 1548 Emmerammum
1676 1491 1844 1564 perti-

211 1581 435 1639 nentia?
465 1582 730 1637 Laudant
758 1585 816 1637 te
845 1580 1015 1649 mihi,
1063 1599 1126 1638 se
1171 1582 1229 1636 in
1279 1581 1388 1637 hoc
1437 1598 1552 1637 non
1578 1581 1839 1648 laudant,

209 1671 375 1727 immo
426 1670 780 1743 vituperant.
818 1669 984 1726 Utere
1013 1686 1148 1743 ergo
1177 1671 1472 1742 pontificis
1517 1687 1584 1726 ac
1615 1670 1842 1726 abbatis

209 1761 400 1828 ofﬁcio,
436 1759 588 1816 sicut
617 1765 1018 1816 antecessores
1064 1759 1150 1815 tui
1202 1760 1390 1815 facere
1422 1763 1844 1816 consueverant

209 1866 377 1922 usque
409 1849 682 1918 modo,ne
699 1854 964 1905 carerent
984 1849 1377 1920 quarumdam
1398 1865 1595 1905 rerum
1618 1848 1841 1905 emolu-

213 1938 780 2012 mento.Hujusmodi
814 1938 1029 2011 quippe
1059 1938 1399 2011 insipientia
1429 1943 1517 1994 est
1546 1938 1844 2010 sapientiae

214 2029 316 2084 sale
345 2027 688 2084 condienda.
726 2050 755 2079 ι»
789 2027 1013 2092 Quibus
1064 2027 1162 2082 ille
1212 2027 1533 2100 respondit,
1583 2027 1785 2083 dicens
1827 2043 1840 2081 :

218 2141 242 2168 ει
266 2118 382 2174 Non
407 2117 685 2173 erubesco
716 2117 1002 2188 insipiens
1023 2121 1079 2173 et
1109 2115 1328 2173 stultus
1349 2117 1463 2172 dici
1486 2122 1722 2189 propter
1741 2121 1846 2172 Do-

216 2206 447 2262 minum.
475 2207 620 2262 Nam
646 2207 778 2262 novi
803 2205 946 2261 illud
970 2205 1353 2277 apostolicum
1379 2222 1392 2263 :
1417 2207 1713 2278 Sapientia
1741 2208 1844 2260 hu-

220 2298 297 2357 ius
322 2295 509 2350 mundi
533 2294 772 2351 stultitia
817 2303 896 2350 est
944 2295 1090 2366 apud
1139 2299 1318 2351 Deum
1357 2297 1422 2367 (1.
1458 2295 1580 2350 Cor.
1615 2295 1843 2367 111,.19).

223 2385 322 2439 Hoc
348 2388 537 2439 autem
569 2382 716 2440 scire
747 2400 850 2439 vos
879 2383 1028 2451 volo,
1051 2383 1190 2456 quia
1223 2401 1526 2456 nunquam
1560 2384 1703 2440 mihi
1736 2385 1846 2440 im-

226 2489 411 2545 ponam
441 2489 608 2543 onus,
635 2472 791 2544 quod
821 2477 1053 2544 portare
1085 2490 1200 2529 non
1230 2473 1419 2542 valeo,
1452 2473 1709 2546 episcopi
1741 2473 1848 2530 sci-

227 2560 341 2617 licet
364 2567 416 2618 et
439 2562 668 2618 abbatis
691 2578 906 2625 nomen
930 2561 1074 2617 mihi
1094 2562 1464 2619 vindicando.
1482 2563 1642 2618 Sicut
1667 2564 1846 2632 enim,

231 2649 373 2706 beato
393 2649 664 2723 Gregorio
685 2655 998 2707 attestante
1021 2651 1154 2722 (68),
1179 2651 1519 2708 indecorum
1551 2657 1659 2720 est,
1697 2656 1762 2707 ut
1791 2652 1848 2706 in

230 2754 436 2810 corpore
464 2739 725 2794 humano
747 2738 995 2795 alterum
1017 2741 1350 2796 membrum
1383 2741 1628 2797 alterius
1650 2741 1854 2814 funga-

227 2831 308 2882 tur
332 2828 530 2899 ofﬁcio,
567 2829 650 2884 ita
679 2827 960 2884 nimirum
993 2829 1229 2884 noxium
1263 2829 1558 2902 simulque
1580 2831 1851 2903 turpissi-

229 2917 442 2984 mum,si
470 2916 705 2989 singula
733 2933 930 2972 rerum
963 2917 1289 2974 ministeria
1316 2919 1581 2991 personis
1607 2920 1851 2976 totidem

227 3019 326 3059 non
357 3006 564 3062 fuerint
593 3005 1170 3062 distributhufﬁcit
1200 3024 1455 3080 namque
1486 3009 1758 3080 episcopo
1790 3013 1856 3063 ut

224 3109 432 3150 summa
460 3094 770 3168 vigilantia
790 3095 1022 3152 insistat
1044 3096 1322 3169 pastorali
1339 3097 1551 3165 ofﬁcio,
1571 3103 1628 3153 et
1657 3098 1856 3152 abbati

1951 599 2116 655 lisset
2145 605 2383 656 sanctus
2416 600 2912 675 Woltkangus,ita
2939 602 3305 660 obstructum
3327 605 3417 658 est
3438 618 3502 658 os
3522 599 3606 658 lo-

1954 690 2260 760 quentium
2291 689 2583 762 iniqua,ut
2614 708 2681 747 ea
2702 709 2827 763 quae
2859 691 3022 764 prius
3051 692 3458 764 vituperabant
3478 690 3602 746 lau-

1953 779 2176 845 darent,
2211 779 2534 836 dicentesm
2569 780 2854 836 Humanis
2884 781 3101 848 divina,
3132 785 3198 836 ut
3221 782 3455 852 justum
3488 784 3600 850 est,

1953 867 2289 940 praetulisti;
2323 869 2566 925 rationis
2589 875 2797 925 [108th
2816 870 3206 942 nugacitatem
3228 874 3285 925 et
3305 869 3602 941 sapientiai

1952 961 2066 1012 tuae
2089 957 2487 1014 excellentiam
2512 958 2843 1014 ostendisti.
2877 958 3025 1025 Quid
3048 958 3175 1029 jam
3206 957 3375 1013 nobis
3422 961 3604 1013 restat

1952 1048 2269 1119 agendum,
2289 1047 2401 1102 nisi
2436 1049 2480 1082 ⁸⁸
2511 1053 2576 1102 ut
2597 1047 2816 1120 pariter
2836 1047 3237 1103 collandemus
3261 1046 3600 1116 Dominum,

1953 1135 2053 1208 qui
2078 1137 2345 1192 Ecclesia:
2367 1154 2484 1192 sum
2510 1137 2748 1193 donavit
2769 1145 2824 1192 te
2845 1135 3152 1209 praesulem
3178 1135 3355 1192 talem
3386 1139 3444 1191 et
3469 1140 3600 1192 tan-

1951 1229 2078 1280 tum
2109 1225 2189 1280 ‘7?
2218 1227 2358 1282 Jure
2389 1227 2625 1298 quidem
2648 1227 2963 1282 Dominum
3004 1243 3106 1298 per
3127 1229 3184 1282 te
3213 1225 3526 1281 laudamus
3558 1223 3602 1260 ⁸³

1952 1313 2011 1369 in
2045 1332 2227 1370 aevum
2250 1340 2264 1383 ;
2286 1317 2422 1386 jure
2453 1315 2559 1372 tibi
2592 1316 2730 1371 totis
2749 1331 3026 1388 paremus
3048 1316 3120 1371 ad
3143 1315 3340 1370 omnia
3369 1314 3540 1371 votis.
3566 1336 3596 1364 »

1953 1403 2283 1460 Constituto
2315 1405 2514 1476 itaque
2547 1403 2872 1461 Ramuoldo
2914 1404 3124 1460 abbate
3154 1405 3268 1476 (an.
3299 1403 3449 1476 975),
3483 1420 3598 1460 non

1953 1510 2164 1565 passus
2195 1498 2285 1549 est
2312 1494 2518 1550 beatus
2546 1493 2938 1566 Wolfkangus
2967 1510 3102 1549 eum
3144 1493 3235 1550 vel
3282 1491 3394 1549 sibi
3438 1508 3597 1549 com-

1953 1583 2170 1638 missos
2201 1583 2519 1640 monachos
2561 1583 2805 1656 penuria
2849 1581 2970 1639 ulla
3016 1599 3212 1639 rerum
3257 1581 3597 1638 victualium

1953 1670 2276 1744 angustiari
2301 1697 2314 1740 ;
2347 1673 2447 1728 sed
2479 1689 2544 1728 eo
2577 1673 2750 1728 modo
2774 1676 2838 1727 ut
2866 1671 3306 1740 animarum,ita
3326 1675 3382 1727 et
3401 1687 3602 1743 corpo-

1952 1777 2083 1815 rum
2116 1777 2316 1817 curam
2346 1760 2590 1832 habens,
2622 1761 2764 1816 talia
2792 1761 2836 1796 ⁸ο
2856 1764 3135 1832 tantaque
3157 1761 3372 1832 praedia
3397 1776 3598 1816 mona-

1952 1848 2197 1904 chorum
2231 1848 2438 1905 usibus
2468 1848 2822 1921 possidenda
2851 1848 3223 1915 contradidit,
3262 1849 3333 1904 de
3380 1849 3598 1920 quibus

1954 1937 2176 2009 absque
2205 1937 2383 1993 dubio
2417 1955 2531 1994 non
2563 1937 2754 1994 solum
2789 1938 2966 1994 iidem
2999 1937 3397 2007 monachi,sed
3421 1937 3597 1992 etiam

1953 2025 2216 2098 hospites
2245 2031 2303 2082 et
2333 2044 2619 2100 pauperes
2649 2027 3074 2099 servitoresque
3104 2025 3352 2083 cmnobii
3374 2029 3602 2082 susten-

1923 2117 2064 2171 —tari
2095 2132 2161 2171 ac
2194 2115 2490 2188 procurari
2518 2117 2878 2173 sufficienter
2908 2119 3167 2190 possent.

2029 2207 2118 2259 17.
2148 2209 2287 2260 Post
2313 2205 2434 2260 haec
2465 2222 2697 2277 quoque
2726 2204 2840 2261 alia
2869 2205 2983 2260 duo
3023 2204 3379 2260 monasteria
3421 2203 3605 2274 virgi-

1957 2311 2100 2350 num
2123 2295 2184 2349 in
2207 2295 2348 2350 urbe
2372 2294 2691 2366 Ratispona
2711 2293 3114 2361 constituta,id
3139 2298 3228 2350 est
3245 2293 3526 2366 Superius
3546 2295 3604 2349 et

1959 2383 2207 2439 Inferius
2238 2384 2663 2439 monasterium
2693 2384 2828 2454 (69),
2861 2384 2933 2440 ad
2961 2383 3248 2456 regularis
3294 2383 3424 2438 vita)
3469 2399 3604 2438 nor-

1959 2490 2118 2528 mam
2152 2473 2378 2529 studuit
2409 2473 2745 2545 perducere.
2778 2477 2874 2528 Haa
2905 2472 3063 2528 enim
3109 2471 3388 2544 quoniam
3418 2472 3464 2507 ⁵ο
3495 2471 3605 2526 sub

1959 2561 2249 2618 canonicis
2269 2561 2398 2617 vitae
2420 2561 2714 2618 institutis
2736 2561 3109 2634 degebant,et
3129 2560 3405 2633 prolicito
3427 2577 3610 2616 saecu-

1961 2650 2184 2707 laribus
2215 2652 2464 2724 negotiis
2487 2667 2615 2707 sese
2637 2650 2853 2722 ubique
2879 2650 3290 2723 injungebant,
3309 2648 3615 2706 occasione

1961 2740 2304 2812 hujusmodi
2332 2740 2586 2813 plurima
2607 2740 2758 2796 inter
2777 2756 2876 2795 eas
2897 2738 3179 2812 spiritalis
3207 2738 3334 2794 vita:
3357 2739 3617 2810 dampna

1963 2830 2544 2902 contingebant.Quaz
2560 2828 2758 2886 omnia
2775 2845 2910 2884 cum
2939 2830 3144 2884 beatus
3167 2826 3618 2900 praesuljugiter

1965 2919 2290 2974 attenderet
2319 2923 2374 2974 et
2406 2935 2508 2990 pro
2539 2918 2632 2973 his
2662 2916 3024 2990 corrigendis
3055 2915 3156 2971 diu
3189 2917 3406 2971 frustra
3448 2915 3614 2970 labo-

1966 3013 2141 3074 raret,
2177 3007 2455 3079 cogitavit
2489 3011 2554 3062 ut
2586 3007 2645 3062 in
2678 3005 2874 3079 aliquo
2907 3006 2998 3062 sui
3035 3004 3191 3078 juris
3235 3004 3361 3060 loco
3401 3002 3621 3076 profes-

1966 3097 2151 3152 sionis
2179 3097 2515 3152 monasticae
2535 3096 2792 3168 virgines
2814 3095 3215 3162 constitueret;
3249 3109 3503 3166 cumque
3524 3109 3623 3149 eas

225 3184 350 3239 satis
380 3183 734 3240 laboriosum
757 3185 1060 3256 providere
1090 3185 1337 3241 fratrum
1371 3185 1620 3242 salutem
1649 3203 1859 3258 resque
1968 3185 2080 3242 sibi
2111 3185 2379 3241 subditas
2409 3187 2479 3240 ad
2507 3185 2686 3240 vitam
2724 3185 3070 3257 perduceret
3113 3182 3464 3255 regularem,
3497 3182 3623 3238 aliis

227 3273 535 3329 monasterii
587 3273 678 3330 sui
728 3290 830 3344 per
877 3273 1076 3330 omnia
1105 3275 1252 3330 bene
1296 3291 1631 3346 procurare.
1693 3275 1857 3332 Unde
1888 3258 1930 3324 (ἶ
1968 3274 2200 3331 facilius
2232 3274 2490 3345 ipsarum
2523 3273 2806 3345 exemplis
2837 3274 2910 3328 ad
2943 3271 3208 3328 eamdem
3241 3271 3626 3327 incitarentur

230 3363 384 3417 etiam
413 3367 467 3418 et
496 3363 625 3435 ipse
653 3361 1008 3419 distribuere
1035 3364 1208 3418 debet
1227 3363 1378 3419 inter
1397 3365 1604 3420 fratres
1644 3364 1856 3432 ofﬁcia,

229 3455 285 3504 ut
311 3450 509 3524 leviget
538 3452 586 3486 ³⁸
615 3467 796 3507 onera
839 3468 967 3507 sua.
1009 3456 1298 3522 Ceterum,
1354 3458 1418 3508 ut
1465 3468 1790 3525 prosequar
1817 3453 1861 3486 ⁸³

228 3554 341 3610 qua:
361 3539 950 3612 proposuisitis,beati
969 3541 1387 3596 Emmerammi
1403 3542 1672 3614 martyris
1685 3542 1857 3607 bona,

230 3643 343 3698 quae
372 3645 456 3685 me
486 3629 876 3702 pessumdare
903 3629 1207 3701 conquesti
1234 3631 1398 3696 estis,
1431 3631 1671 3702 perdere
1702 3629 1856 3700 nolo,

229 3716 424 3772 sedilli
451 3718 544 3773 cui
575 3717 795 3773 tradita
847 3717 989 3774 sunt
1035 3735 1100 3773 ac
1151 3734 1451 3774 servorum
1503 3719 1600 3774 Dei
1652 3720 1860 3775 usibus

231 3807 558 3862 omnimodis
592 3823 938 3863 conservare
963 3807 1112 3863 volo.
1145 3808 1232 3864 Ita
1259 3809 1415 3863 enim
1448 3808 1594 3864 mihi
1642 3808 1860 3881 optime

232 3893 590 3962 famulantur,
623 3897 673 3952 si
703 3895 845 3968 illis,
882 3896 1100 3968 quibus
1129 3899 1409 3969 deputata
1451 3903 1591 3953 sunt
1638 3899 1856 3970 quique

235 3983 415 4042 exinde
427 3985 768 4058 providendi
784 3986 1857 4054 constant,abundanterexhibentur.»

1969 3363 2307 3435 religionem
2345 3380 2359 3418 :
2394 3363 2548 3433 quod
2581 3366 2638 3417 et
2669 3363 2751 3417 ita
2782 3362 3002 3416 factum
3033 3364 3141 3416 est.
3165 3363 3311 3414 Nam
3343 3360 3402 3415 in
3433 3358 3623 3431 ipsius

1967 3452 2290 3524 municipio
2304 3451 2558 3506 civitatis
2575 3451 2645 3505 ad
2661 3451 2941 3506 Sanctum
2963 3448 3212 3504 Paulum
3233 3447 3628 3520 congregatio-

1968 3559 2102 3597 nem
2124 3541 2345 3612 aptavit
2370 3538 2939 3605 sanctimonialium;
2974 3553 3044 3592 ex
3072 3552 3322 3608 quarum
3354 3535 3620 3591 conside-

1969 3631 2192 3685 ratione
2222 3634 2422 3684 ceterae
2453 3644 2686 3700 quoque
2707 3625 2923 3681 mutari
2945 3630 3267 3697 cmperunt.
3297 3625 3469 3680 Porro
3497 3623 3624 3696 ipse

1969 3723 2213 3775 sanctus
2244 3716 2455 3790 prmsul
2485 3718 2530 3752 ⁶ί
2564 3733 2667 3788 pro
2709 3715 2802 3770 his
2851 3715 2966 3770 Deo
3009 3713 3231 3786 jugiter
3259 3711 3625 3785 supplicans,

1968 3813 2088 3864 tam
2121 3807 2317 3862 divina
2344 3805 2695 3862 revelatione
2714 3807 2760 3840 ⁶²
2789 3821 2966 3876 quam
2995 3803 3256 3858 humana
3276 3801 3627 3858 auctoritate

1971 3896 2233 3954 roborari
2263 3895 2619 3952 meruit.Sed
2652 3893 2924 3950 revelatio
2949 3893 3146 3948 divina
3171 3908 3348 3964 super
3361 3890 3626 3947 Inferiori

1972 3984 2349 4054 monasterio,
2388 3988 2450 4040 ut
2478 3983 2812 4056 accepimus
2843 3983 2980 4054 (‘70),
3015 3979 3259 4053 contigit
3282 3978 3625 4037 ita.Solebat

1505 4155 1510 4159 .
1575 4111 1819 4167 VARl/E
1859 4109 2268 4168 LECTIONES.

301 4225 337 4258 “
360 4223 528 4298 leuiet
555 4242 702 4284 corr.
736 4224 893 4281 leuet
919 4227 974 4280 2.
1033 4227 1095 4280 .55
1125 4243 1445 4298 persequar
1493 4227 1544 4298 t.

1638 4228 1682 4261 ⁵⁵
1729 4227 1788 4281 ni
1844 4229 1894 4282 1.

1989 4227 2031 4260 ³⁷
2079 4243 2136 4298 p.
2194 4224 2611 4298 dignissimum
2642 4224 2697 4278 2.
2774 4221 3160 4298 “laudemus
3199 4223 3257 4276 2.
3333 4220 3378 4298 δεῖ
3405 4224 3449 4298 t:
3480 4223 3522 4274 t.
3563 4235 3622 4292 p.

247 4311 302 4350 ex
328 4297 399 4353 eis
428 4315 537 4370 que
562 4299 634 4353 ad
666 4299 1062 4370 altareisancti
1092 4292 1446 4355 E‘mmerami
1477 4297 1616 4353 olim
1642 4298 1862 4370 tradita
1909 4301 2049 4354 sunt
2079 4292 2522 4370 'mona'chorum
2568 4313 2627 4350 u.
2677 4311 2735 4366 p.
2781 4293 3023 4370 reliquit
3036 4323 3116 4370 _-—
3144 4292 3470 4370 poss_ent_2,
3501 4306 3625 4364 quae

243 4371 397 4436 postea
424 4367 490 4425 ab
520 4372 662 4442 ipso,
695 4377 753 4424 ut
781 4369 1012 4442 uidetur,
1045 4370 1243 4426 codicis
1272 4372 1534 4441 scriptore
1561 4369 1738 4425 deleta
1769 4372 1895 4442 sunt
1926 4371 2012 4424 his
2039 4368 2345 4442 substitutis
2374 4367 2548 4442 verbis
2574 4383 2593 4420 :
2622 4368 2842 4442 Cuncta

2929 4364 3089 4420 redia
3135 4363 3337 4419 sancto
3387 4363 3622 4418 Emme-

244 4434 434 4514 rame
459 4434 582 4498 siv'e
611 4434 914 4514 a'bregibus
944 4434 1046 4497 seu
1078 4443 1286 4497 ceteris
1316 4434 1681 4514 principibus
1714 4441 1922 4496 collata
1951 4445 2008 4496 et
2037 4441 2116 4514 ab
2141 4438 2610 4514 antecessoribus
2641 4434 3078 4514 s_u_i_s__violenter
3105 4436 3406 4514 abstracta
3413 4434 3623 4514 usibus

245 4512 634 4586 monachorum
665 4504 969 4586 hospitum
1000 4518 1057 4570 et
1086 4504 1412 4586 pauperum
1443 4504 1910 4584 servitorumque
1939 4510 2198 4584 amplius
2241 4510 2528 4566 servitura
2577 4507 2848 4564 reddidit.
2924 4507 2969 4541 ⁶⁰
3011 4507 3306 4577 quomodo
3339 4506 3407 4560 1?
3432 4505 3507 4561 2?
3533 4504 3622 4560 ed.

242 4579 275 4614 ⁶¹
302 4582 429 4639 deest
453 4587 507 4640 2.
584 4585 631 4620 ⁶²
658 4579 801 4640 deest
825 4586 882 4639 2.

1795 4682 2030 4739 ΝΟΤιλΕ.

304 4796 400 4872 (67)
428 4800 644 4856 Totum
677 4802 857 4872 caput
885 4829 954 4839 --
984 4800 1100 4872 nisi
1144 4807 1204 4855 ut
1251 4801 1466 4872 pariter
1509 4797 1878 4854 collaudemus
1905 4800 1954 4864 D
1983 4799 2089 4852 Deo
2112 4797 2316 4867 placita
2345 4801 2472 4872 sunt
2499 4797 2658 4872 teque
2684 4800 3038 4872 correctorem
3068 4799 3447 4872 pastoremque
3473 4803 3632 4872 verus

246 4863 502 4927 Dominum
529 4888 600 4928 ex
629 4863 910 4938 Arnoldo,
940 4887 986 4926 c.
1026 4871 1113 4925 10.

321 4940 396 5016 (ἐξ)
426 4943 562 5016 Βθει
598 4943 782 5016 ιιινμ

321 5011 398 5080 69)
429 5011 913 5070 Obér-et-Nieder
942 5016 1228 5068 munster.

301 5082 399 5154 (70)
428 5085 554 5141 Hec
585 5102 657 5141 ex
687 5085 853 5140 Pauli
907 5084 1027 5139 sive
1082 5083 1326 5140 Paulluli
1371 5084 1504 5139 Vita
1533 5084 1591 5139 S.
1627 5082 1871 5137 Erhardi

244 5148 431 5226 hausta
457 5159 731 5213 videntur
785 5161 857 5220 Il,
909 5157 962 5211 3.
1013 5156 1163 5226 (Acta
1207 5155 1300 5210 SS.
1351 5158 1476 5212 Jan.
1529 5157 1571 5222 Ι,
1605 5156 1867 5225 p.538):

238 5221 305 5301 ευ
331 5229 559 5301 tempore
592 5229 779 5283 beatus
814 5221 1188 5301 Wol/gangus
1217 5230 1394 5283 sancti
1432 5228 1542 5301 viri
1560 5221 1563 5222 ⁷
1599 5221 1872 5281 tumulum

230 5297 564 5369 frequentare
589 5300 1061 5372 capit,secretiori
1084 5297 1296 5371 semper
1323 5299 1580 5372 accedens
1611 5307 1869 5368 tempore,

228 5374 630 5440 :upmvicturus
670 5369 1070 5442 'congaudendo
1115 5369 1334 5440 gloriae.
1393 5369 1495 5426 Sed
1544 5386 1671 5426 cum
1721 5375 1876 5423 nocte

228 5442 452 5501 taedam
477 5445 741 5501 secretius
772 5447 890 5501 post
928 5443 1329 5498 matutinarum
1377 5443 1644 5498 solemnia
1685 5439 1874 5494 multis

217 5455 452 5566 quadam
477 5455 741 5501 secretius
771 5455 890 5514 post
928 5455 1329 5498 matutinarum
1377 5455 1644 5498 sotemma
1685 5455 1874 5494 muttis

237 5517 462 5596 aer-imis
490 5532 556 5572 ac
581 5514 848 5596 precibus
867 5522 1117 5596 sanctum
1148 5517 1328 5596 virum
1350 5511 1876 5596 iumtascpu'lchr'um

211 5584 330 5656 ejus
355 5602 520 5643 orans
549 5582 943 5659 alloqueretur,
978 5585 1170 5659 beatus
1218 5587 1310 5642 illi
1352 5587 1528 5659 astitit
1551 5658 1554 5659 ν
1575 5582 1876 5659 Erhardus,

208 5655 263 5713 et
285 5659 373 5715 ait
400 5676 426 5716 ,ο
453 5682 483 5710 ‹‹
514 5655 731 5728 Frater,
763 5666 1031 5715 secretum
1060 5657 1263 5714 doloris
1291 5660 1402 5714 mei
1450 5658 1556 5712 tibi
1583 5655 1871 5720 denuncio,

206 5731 361 5802 quod
389 5738 462 5800 te,
491 5735 693 5803 frater,
726 5729 1007 5788 advertere
1047 5731 1240 5802 jubeo.
1289 5731 1399 5786 Tua
1451 5728 1672 5800 quidem
1715 5742 1878 5799 opera

1982 4863 2171 4940 pastor
2196 4872 2360 4922 Jesus
2395 4863 2653 4940 Christus
2693 4863 2819 4940 buic
2866 4865 2980 4940 loco
3025 4864 3284 4935 gregique
3307 4863 3628 4940 praeposuit,

1978 4935 2204 5010 ideoque
2231 4941 2283 4992 si
2311 4937 2606 5010 prudenter
2633 4936 2880 5010 ofﬁcium
2925 4939 3103 5010 tuum,
3135 4940 3194 4990 ut
3240 4935 3470 5010 ccepisti,
3496 4949 3628 5010 per-

1978 5007 2173 5082 egeris,
2206 5007 2476 5066 aeternum
2507 5008 2711 5082 laboris
2743 5009 2826 5061 tui
2855 5008 3081 5082 recipies
3112 5009 3434 5082 praemium.
3484 5007 3628 5062 Scito

1980 5077 2184 5145 autem,
2215 5085 2411 5152 frater,
2444 5079 2583 5152 quod
2611 5077 3152 5152 monasteriumﬁoc
3182 5077 3454 5152 (Inferius
3485 5093 3626 5152 imof

1981 5148 2330 5222 nasterium,
2381 5148 2682 5206 SfMarize
2732 5153 2789 5204 et
2835 5149 2893 5203 S.
2951 5148 3211 5222 Erharbo
3271 5149 3628 5222 dedicatum)

1982 5226 2123 5297 quod
2154 5225 2293 5279 Deus
2316 5220 2663 5297 omnipotens
2701 5236 2860 5297 meae
2884 5221 3093 5297 requiei
3113 5222 3409 5297 praestitit,
3438 5220 3632 5297 multis

1981 5291 2388 5352 contaminatur
2415 5291 2708 5350 sceleribus
2747 5297 2796 5347 et
2839 5291 3272 5348 inhabitantium
3299 5291 3633 5347 monialium

1979 5377 2258 5441 peccatum
2285 5364 2680 5441 multipliciter
2708 5363 2974 5441 reclamat
3018 5365 3152 5441 meis
3186 5362 3464 5441 Precibus,
3498 5378 3633 5441 quas

1980 5380 2258 5441 peccatum
2285 5380 2680 5435 multiplwtler
2708 5380 2974 5419 reclamat
3018 5380 3152 5418 meis
3235 5380 3464 5432 recinus,
3498 5380 3630 5434 quas

1980 5456 2081 5512 pro
2105 5455 2293 5495 earum
2325 5436 2893 5512 negligentiismultis
2917 5435 3093 5490 modis
3143 5380 3360 5512 eﬂ’imdo
3379 5437 3630 5512 “saepius.

1983 5507 2198 5566 Dudam
2219 5512 2342 5582 jam
2373 5507 2643 5582 ipsarum,
2673 5509 2919 5562 lacrimis
2938 5515 3260 5582 commotus,
3291 5507 3415 5582 [udi
3448 5523 3634 5582 preces

1985 5582 2056 5638 ad
2084 5579 2403 5647 Dominum,
2429 5582 2518 5637 sed
2547 5581 2678 5652 quia
2707 5579 3029 5635 carnalibus
3058 5588 3246 5652 patent
3274 5579 3634 5652 fceditatibus,

1985 5671 2096 5709 non
2126 5653 2196 5709 ad
2220 5652 2498 5726 judicium
2542 5648 2719 5726 delati
2749 5659 2904 5726 sunt,
2924 5648 3120 5726 earum
3148 5648 3496 5726 gemitus”...
3527 5648 3641 5726 Sed

1990 5742 2172 5799 quaeso
2201 5721 2253 5782 te
2279 5728 2342 5782 ut
2366 5727 2622 5798 praestita
2649 5723 2758 5780 tibi
2788 5723 3054 5781 divinitus
3099 5721 3392 5796 prudentia
3438 5721 3635 5786 utaris,
