4030 6186
361 327 478 389 407

1372 327 1716 388 OTHLONI
1760 325 2115 388 MONAGHI
2162 326 2223 389 S.
2271 326 2767 389 EMMERAMMI

3667 325 3780 391 408

367 474 625 539 namque
642 458 951 535 prmdictus
968 458 1315 533 praesultam
1332 460 1634 516 nocturnis
1651 476 1827 532 quam
1850 459 2010 515 diur-
2039 462 2095 528 Α
2124 476 2305 517 cornu
2338 478 2457 517 suae
2487 460 2686 534 gratiae
2717 442 2863 516 nutu
2894 456 3783 533 transferret.Completaitaque

369 552 465 611 nis
491 550 653 608 horis
682 550 952 606 universa
980 550 1239 607 coenobia
1286 550 1344 606 in
1395 551 1539 607 urbe
1581 549 1774 622 posita
1802 549 2015 622 saepius

369 643 550 709 adire,
585 640 783 713 ibique
813 643 870 695 et
893 639 1097 696 orandi
1128 656 1327 708 causa,
1362 639 1539 695 simul
1581 644 1638 695 et
1679 639 2017 710 explorandi

370 730 663 805 quomodo
707 729 823 784 Deo
852 729 898 764 ⁸³
923 729 1187 785 divinum
1233 728 1536 785 servitium
1578 728 1697 784 illic
1728 732 2016 801 ageretur,

372 817 714 892 aliquandiu
737 834 1127 874 commanere.
1161 821 1421 890 Cumque
1452 818 1562 874 hoc
1592 819 1764 873 modo
1793 817 1851 872 in
1886 834 2017 872 mo-

370 907 625 965 nasterio
657 907 946 976 Inferiori,
974 907 1077 963 ubi
1108 912 1349 963 sanctus
1381 907 1716 963 Herhardus
1744 923 2018 979 corpora-

367 998 501 1054 liter
530 997 863 1069 requiescit,
907 1001 1075 1052 nocte
1125 997 1378 1069 quadam
1430 996 1791 1068 consisteret,
1824 996 2019 1052 subito

370 1087 565 1160 sopori
596 1087 790 1143 dedito
838 1085 994 1142 idem
1044 1089 1284 1142 sanctus
1327 1085 1665 1141 Herhardus
1693 1087 1739 1121 ⁵⁸
1768 1086 1819 1140 ei
1851 1085 2018 1157 quasi

366 1180 525 1233 veste
555 1175 801 1231 humida
828 1174 1071 1230 indutus
1102 1191 1390 1248 apparens
1416 1174 1560 1230 dixit
1591 1192 1604 1230 :
1638 1177 1867 1231 Precum
1894 1177 2021 1230 tua-

368 1283 514 1335 rum,
546 1282 683 1338 quas
732 1266 832 1321 Deo
871 1265 1086 1337 jugiter
1129 1281 1231 1336 pro
1277 1267 1562 1319 communi
1608 1265 1794 1320 salute
1840 1263 2023 1319 studes

368 1357 589 1428 o/ferre,
620 1355 761 1411 scias
791 1370 875 1410 me
903 1357 1184 1426 fautorem
1214 1370 1344 1410 esse.
1383 1353 1528 1411 Unde
1557 1355 1701 1410 sicut
1745 1370 1842 1424 ego
1892 1354 2021 1420 tuis,

369 1446 478 1514 ita,
498 1460 704 1516 quaeso,
737 1448 797 1498 tu
823 1445 959 1499 meis
985 1445 1042 1499 in
1067 1444 1167 1499 hoc
1188 1445 1300 1499 loco
1334 1445 1643 1516 satisfacias
1682 1445 1838 1499 votis.
1874 1444 2023 1511 Quod

369 1536 519 1590 enim
550 1550 635 1589 me
663 1540 803 1589 veste
831 1532 1058 1588 humida
1086 1534 1273 1588 cernis
1314 1533 1596 1600 indutum,
1625 1535 1761 1588 scito
1810 1549 1883 1587 ea:
1928 1532 2025 1587 hoc

370 1625 636 1693 evenisse,
667 1624 797 1694 quia
826 1639 858 1677 a
889 1624 1347 1678 commorantium
1385 1623 1476 1677 hic
1517 1622 2026 1677 sanctimonialium

374 1714 618 1768 lacrimis
647 1711 866 1784 quidem
894 1711 1251 1780 assiduis,sed
1282 1713 1376 1778 ita,
1400 1710 1539 1779 proh
1562 1711 1751 1766 dolor!
1778 1709 2024 1783 frustra-

373 1804 467 1866 tis,
494 1804 751 1875 perfusus
779 1817 923 1870 sum,
955 1806 1017 1856 ut
1043 1817 1143 1872 per
1171 1801 1414 1855 multum
1452 1801 1573 1871 jam
1618 1810 1834 1872 tempus
1878 1800 2025 1855 nihil

372 1894 540 1947 semet
568 1888 1034 1958 emendent,nihil
1060 1895 1125 1943 ab
1154 1887 1243 1943 his
1269 1889 1561 1960 vitiis,pro
1583 1889 1776 1961 quibus
1795 1889 2024 1944 easdem

373 1979 629 2035 lacrimas
656 1993 943 2049 precesque
977 1994 1108 2033 suas
1158 1978 1229 2033 ad
1273 1994 1361 2033 me
1407 1978 1692 2050 effundunt
1740 1980 1803 2046 θδ,
1852 1979 2023 2033 absti-

370 2084 504 2124 nere
531 2077 745 2137 curent.
770 2067 1132 2137 Quamobrem
1142 2069 1281 2139 jura
1301 2070 1586 2125 canonica:
1607 2070 1761 2135 vitae,
1781 2085 1851 2125 ex
1869 2069 2023 2140 cujus

370 2159 649 2216 occasione
703 2158 969 2213 hactenus
1021 2164 1173 2213 tanta
1236 2158 1583 2229 neglegentia
1657 2158 1746 2213 hic
1818 2157 2023 2225 extitit,

367 2247 604 2318 destrue,
634 2251 693 2301 et
718 2246 1030 2302 monasticae
1076 2248 1209 2302 vitae
1254 2245 1615 2318 disciplinam
1662 2247 1895 2302 instrue.
1943 2246 2024 2300 Ex

352 2353 487 2409 qua
511 2335 736 2392 visione
766 2340 1007 2391 sanctus
1036 2334 1426 2408 Wolfkangus
1460 2335 1669 2391 certior
1693 2336 1902 2401 factus,
1950 2335 2022 2389 ad

369 2425 794 2482 instituendam
825 2422 1044 2480 ibidem
1077 2423 1420 2497 religionem
1452 2423 1837 2480 monasticam
1869 2440 2025 2480 sum-

371 2529 470 2569 ma
489 2530 553 2569 se
574 2513 878 2568 devotione
890 2512 1342 2576 aceinxit.Quale
1364 2517 1559 2569 autem
1583 2514 1738 2568 idem
1750 2528 2026 2581 veneratio

374 2602 486 2657 dus
511 2599 724 2672 praesul
755 2600 1006 2656 cmlestis
1057 2600 1278 2656 oraculi
1329 2600 1662 2673 prodigium
1713 2600 2020 2671 acceperit,

376 2706 511 2746 cum
534 2689 593 2744 in
616 2689 912 2761 Superiori
929 2688 1221 2763 virginum
1245 2689 1598 2745 monasterio
1622 2689 2022 2746 monachicam

373 2777 555 2834 vitam
608 2777 959 2846 institueret,
1015 2778 1430 2849 subsequentia
1483 2778 1658 2835 verba
1704 2778 2021 2834 declarant.

375 2866 523 2922 Illuc
546 2883 684 2941 ergo
715 2883 879 2923 more
910 2867 1080 2923 solito
1124 2867 1457 2933 adveniens,
1488 2872 1546 2923 et
1575 2868 1646 2923 ad
1678 2867 2026 2923 celebranda

378 2956 698 3013 missarum
713 2956 905 3013 otﬁcia
924 2973 988 3013 se
1011 2958 1663 3030 przeparans,quasdam
1685 2961 2022 3013 sanctorum

376 3044 679 3118 reliquias,
736 3062 862 3118 quas
911 3046 1129 3102 ibidem
1189 3046 1578 3103 celeberrimas
1634 3046 2020 3115 habebantur,

375 3135 652 3207 sumpsit,
684 3138 742 3190 et
770 3135 830 3190 in
861 3133 1023 3191 illius
1069 3134 1292 3205 altaris,
1347 3136 1404 3191 in
1460 3153 1573 3208 quo
1623 3136 2024 3192 eelebraturus

2127 549 2469 622 hujusmodi
2490 550 2991 616 oratione,missas
3015 549 3188 621 erepit
3211 547 3520 604 celebrare.
3554 549 3785 607 Interea

2125 656 2260 696 vero
2284 639 2453 711 juxta
2483 656 2681 712 preces
2732 638 2841 697 viri
2890 639 3076 695 sancti
3127 637 3386 710 reliquie
3439 642 3780 696 sanctorum

2128 729 2433 802 pradictae,
2458 729 2681 801 absque
2711 729 2829 785 ullo
2858 732 3021 785 tactu
3052 727 3412 794 humano,de
3442 727 3687 784 sinistra
3707 729 3781 785 ad

2128 818 2391 875 dextram
2424 817 2624 874 altaris
2656 822 2876 891 partem
2897 817 3172 872 videntur
3202 816 3430 873 caelitus
3448 818 3781 876 transferri.

2128 907 2250 972 Quo
2282 906 2563 963 miraculo
2581 907 2949 980 viso,gratias
2977 907 3097 979 egit
3114 905 3229 962 Deo
3260 906 3784 979 indubitanterque

2129 997 2305 1053 etiam
2333 995 2551 1052 ibidem
2580 996 2758 1052 vitam
2791 995 3047 1051 instituit
3075 994 3484 1052 monachilem.
3517 996 3610 1052 Sic
3640 1013 3780 1070 ergo

2128 1087 2335 1142 beatus
2364 1085 2755 1159 Wollkangus
2785 1102 2887 1158 pro
2919 1085 3285 1141 institutione
3311 1083 3607 1159 virginum
3651 1103 3784 1142 mo-

2130 1176 2355 1231 nastica
2385 1175 2612 1231 edoceri
2646 1175 2860 1231 meruit
2892 1175 3240 1231 revelatione
3270 1174 3785 1232 divina.Cuivide-

2130 1265 2267 1320 licet
2296 1264 2633 1320 revelationi
2666 1264 3023 1335 adjutorium
3050 1280 3283 1336 quoque
3318 1264 3647 1321 humanum
3685 1282 3784 1322 co-

2131 1354 2424 1427 operando
2449 1353 2530 1409 ita
2550 1353 2737 1409 affuit.
2768 1357 2879 1409 Per
2924 1353 3076 1408 idem
3113 1370 3368 1425 namque
3398 1357 3635 1426 tempus
3667 1371 3788 1427 quo

2130 1444 2485 1517 gerebantur
2513 1442 2804 1514 pradicta,
2839 1441 3164 1512 Heinricus,
3209 1440 3450 1498 Caesaris
3500 1442 3785 1508 Heinrici,

2132 1533 2381 1606 genitor,
2412 1533 2662 1588 ducatus
2691 1518 3105 1588 monarchiam‘
3123 1532 3359 1588 tenebat
3384 1531 3445 1587 in
3475 1531 3786 1605 Pagoaria.

2132 1624 2236 1679 Hic
2267 1623 2447 1696 igitur
2466 1638 2601 1677 cum
2625 1626 2779 1678 esset
2800 1620 3089 1677 sollicitus
3112 1619 3302 1676 cultor
3321 1620 3529 1678 divina:
3551 1619 3787 1694 religio-

2134 1712 2248 1782 nis,
2307 1712 2364 1767 id
2413 1710 2588 1767 officii
2642 1711 2809 1767 beato
2864 1710 3212 1783 Wolfkango
3271 1709 3589 1776 commisit,
3656 1714 3787 1766 tam

2136 1801 2385 1874 petendo
2417 1817 2591 1873 quam
2618 1800 2879 1872 jubendo
2907 1800 2973 1866 ⁸⁸,
3007 1804 3072 1855 ut
3101 1801 3159 1855 in
3192 1799 3564 1855 monasteriis
3614 1799 3787 1873 puel-

2132 1890 2323 1946 larum
2354 1888 2707 1962 supradictis
2736 1888 3107 1961 disciplinam
3139 1889 3267 1945 vitae
3290 1888 3641 1945 monachilis
3664 1888 3790 1944 ins-

2132 1976 2522 2033 titueret.Tali
2554 1993 2691 2049 ergo
2723 1977 3066 2034 auctoritate
3087 1977 3175 2032 vir
3204 1977 3301 2033 Dei
3326 1977 3590 2050 undique
3610 1977 3791 2033 robo-

2133 2070 2483 2138 ratus,tanto
2505 2065 2829 2122 studiosius
2859 2071 3080 2138 quanto
3110 2066 3383 2123 licentius
3410 2065 3694 2134 instabat,
3720 2070 3794 2122 ut

2132 2157 2191 2211 in
2222 2156 2498 2212 omnibus
2525 2155 2820 2227 virginum
2854 2155 3155 2223 ccenobiis,
3182 2172 3313 2228 qua;
3340 2155 3431 2211 vel
3458 2154 3794 2211 subalieua

2132 2243 2219 2300 vel
2251 2245 2362 2302 sub
2393 2262 2501 2301 sua
2539 2244 2758 2300 ditione
2806 2244 2865 2299 in
2915 2245 3059 2300 urbe
3105 2247 3272 2300 erant
3324 2244 3515 2316 posita
3544 2275 3612 2284 —-
3642 2260 3789 2299 nam

2132 2333 2234 2390 illa
2290 2335 2407 2390 duo
2462 2332 2801 2406 supradicta
2871 2333 3030 2403 duci,
3086 2333 3326 2389 tertium
3375 2349 3532 2400 vero,
3590 2331 3653 2388 id
3698 2336 3796 2388 est

2134 2423 2328 2479 Sancti
2379 2422 2541 2479 Pauli
2591 2422 2943 2493 cmnobium,
2992 2422 3266 2495 episcopo
3315 2422 3681 2478 subdebatur
3717 2454 3792 2464 —

2134 2530 2314 2569 unam
2344 2514 2704 2584 eandemque
2733 2512 3059 2568 sanctitatis
3091 2511 3354 2584 regulam
3405 2527 3472 2567 ac
3518 2510 3794 2583 discipli-

2134 2619 2270 2657 nam
2302 2601 2655 2657 institueret.
2708 2603 2773 2656 In
2820 2606 3051 2657 tantum
3085 2606 3303 2667 autem,
3351 2599 3540 2674 gratia
3586 2600 3792 2656 divina

2132 2690 2412 2762 largiente
2441 2695 2498 2746 et
2527 2692 2693 2746 beato
2726 2690 3073 2761 Wolfkango
3103 2689 3446 2763 corrigente,
3478 2688 3539 2745 in
3559 2688 3789 2746 eisdem

2132 2779 2680 2836 sanctimonialibus
2697 2778 2990 2835 convaluit
3009 2779 3300 2835 castitatis
3315 2778 3515 2851 religio
3537 2782 3597 2835 et
3615 2794 3792 2851 regu-

2132 2868 2274 2925 laris
2302 2868 2430 2924 vitae
2460 2868 2763 2941 professio,
2804 2872 2866 2924 ut
2902 2868 3029 2940 ipse
3077 2869 3194 2923 dux
3237 2869 3533 2941 praefatus,
3585 2867 3791 2924 divino

2134 2961 2524 3030 compunctus
2552 2957 2963 3024 amore,filiam
2993 2974 3186 3025 suam,
3206 2956 3486 3014 vocabulo
3511 2958 3556 2992 ‘7
3586 2957 3789 3029 Brigi-

2133 3048 2269 3104 dam
2301 3049 2367 3115 ⁸⁸,
2397 3063 2597 3103 earum
2622 3049 2897 3120 jungeret
2925 3046 3195 3120 collegio.
3234 3046 3344 3103 Sed
3394 3050 3451 3102 et
3499 3062 3691 3119 usque
3718 3046 3788 3101 in

2134 3136 2287 3192 diem
2346 3136 2721 3203 hodiernum,
2785 3135 3011 3192 meritis
3048 3135 3239 3208 ipsius
3296 3134 3791 3209 suffragantibus,

373 3227 498 3279 erat
527 3224 760 3295 missas,
775 3241 952 3280 cornu
978 3224 1215 3281 sinistro
1240 3226 1455 3297 posuit.
1486 3225 1702 3282 Deinde
1722 3226 1782 3281 in
1804 3225 2023 3282 oratio-
2053 3213 2096 3280 C
2133 3224 2237 3281 tali
2261 3224 2458 3298 vigent
2480 3225 2839 3281 incremento
2869 3225 3248 3292 virtutum,ut
3279 3225 3434 3281 inter
3458 3226 3796 3280 sanctimo-

372 3327 506 3367 nem
538 3329 601 3368 se
633 3317 1035 3385 prosternens,
1067 3314 1340 3386 precibus
1368 3315 1595 3372 intimis
1628 3334 1661 3371 a
1699 3316 1815 3372 Deo
1837 3332 2023 3388 popo-

370 3401 499 3469 scit,
532 3405 617 3471 ut,
650 3402 789 3475 quia
817 3402 1153 3459 saecularem
1185 3404 1366 3460 vitam
1399 3404 1661 3474 sinistra,
1701 3405 2023 3477 spiritalem

366 3507 503 3547 vero
534 3490 729 3564 signat
758 3508 893 3557 pars
924 3492 1149 3559 dextra,
1183 3493 1233 3549 si
1267 3494 1378 3549 sibi
1412 3494 1682 3566 placeret,
1716 3494 1835 3550 illic
1852 3511 2024 3551 cano-

369 3579 500 3635 nica
537 3579 853 3653 institutio,
904 3598 1031 3654 quas
1087 3582 1292 3653 utique
1339 3583 1711 3657 neglegentes
1760 3601 2025 3656 quosque

369 3668 776 3725 sinistrorsum
811 3670 1009 3738 trahit,
1043 3672 1385 3743 permutari,
1421 3677 1477 3727 et
1508 3673 1838 3728 monastica
1884 3673 2022 3741 vita,

371 3773 498 3829 qua
529 3757 899 3814 dextrorsum
931 3758 1136 3828 currit,
1170 3759 1399 3816 institui
1429 3776 1441 3815 :
1469 3761 1551 3816 ita
1574 3761 1920 3833 dignaretur
1940 3779 2025 3817 re-

367 3845 653 3919 velare,ut
673 3832 990 3918 antequam
1013 3848 1230 3904 missas
1249 3848 1626 3905 celebrandas
1647 3832 2023 3906 consumma-

371 3940 478 4002 ret,
510 3938 748 3994 easdem
778 3935 1057 4008 reliquias
1087 3954 1121 3993 a
1150 3938 1390 3995 sinistro
1421 3939 1481 3995 in
1514 3940 1784 3995 dextrum
1821 3939 2021 3997 altaris

2133 3313 2317 3370 niales
2347 3319 2567 3370 ceteras
2587 3315 2907 3370 videantur
2938 3314 3060 3369 fore
3092 3313 3416 3387 speculum.
3450 3314 3613 3371 Idem
3644 3329 3798 3384 quo-

2134 3420 2246 3476 que
2268 3405 2339 3459 de
2363 3404 2559 3460 Sancti
2578 3404 3001 3460 Emmerammi
3028 3403 3334 3459 monachis
3356 3404 3445 3459 fas
3467 3407 3559 3459 est
3577 3402 3794 3473 dicere,

2135 3509 2443 3565 quousque
2465 3493 2736 3549 abbatem
2766 3491 3366 3564 Ramuoldum,quem
3389 3492 3514 3565 ipse
3535 3490 3802 3564 prefecit

2134 3581 2271 3650 illis,
2312 3582 2559 3655 contigit
2604 3598 2872 3654 praeesse.
2918 3585 3058 3638 Post
3099 3583 3236 3653 ejus
3281 3597 3414 3637 vero
3463 3581 3798 3638 discessum

2134 3672 2248 3743 (an.
2284 3673 2448 3741 1001)
2477 3670 2834 3742 illorumque
2882 3686 3031 3742 quos
3078 3670 3208 3742 ipse
3252 3670 3615 3737 instituerat,
3652 3673 3797 3725 tunc

2133 3760 2388 3833 peccatis
2417 3760 2965 3832 exigentibus,sicut
2987 3761 3292 3832 quondam
3321 3759 3539 3832 Joseph
3560 3763 3795 3815 mortuo

2132 3849 2236 3905 ﬁlii
2263 3849 2439 3907 Israel
2469 3850 2619 3906 dura
2648 3849 2925 3905 servitute
2949 3848 3169 3904 carnali
3186 3849 3245 3904 in
3270 3850 3513 3921 Egypto
3537 3848 3765 3920 compri

2132 3939 2462 4007 mebantur,
2508 3938 2591 3994 ita
2639 3942 2695 3994 et
2749 3938 2946 3994 Sancti
2995 3938 3416 3994 Emmerammi
3465 3938 3792 4003 emnobita,

926 4122 930 4126 .
1737 4065 1975 4122 VARIJE
2019 4065 2432 4122 LECTIONES.

442 4158 489 4191 ⁵³
506 4156 646 4214 deest
664 4161 719 4215 2.
795 4160 840 4195 ⁸³
860 4160 1146 4218 erhardus
1174 4164 1227 4216 2.
1304 4162 1348 4197 ⁸⁵
1368 4162 1669 4220 effundent
1688 4165 1742 4221 2.
1817 4165 1863 4200 ⁶⁶
1879 4164 2251 4249 percipiendo
2272 4166 2329 4219 2.
2405 4164 2447 4198 ⁸⁷
2469 4162 2707 4219 nomine
2730 4164 2782 4217 2.
2860 4162 2904 4197 ⁵⁸
2925 4162 3219 4219 brididam
3237 4177 3382 4218 corr.
3406 4161 3701 4235 brigidam
3721 4166 3780 4218 2.

1959 4289 2192 4346 NOTIE.

369 4397 705 4459 omnemque,
735 4385 875 4459 hanc
922 4385 1173 4442 destruas
1223 4389 1722 4458 congregationem,
1757 4396 1809 4443 et
1836 4376 2024 4443 manaL
2058 4390 2105 4454 D
2134 4387 2273 4459 haec,
2303 4390 2505 4443 notatu
2546 4386 2738 4459 digna
2780 4384 3058 4459 leguntur
3091 4402 3102 4441 :
3137 4386 3297 4442 Beati
3320 4387 3788 4459 Wolfgangicpi-

369 4455 582 4531 chicam
626 4457 707 4512 ibi
754 4458 1010 4514 instituas
1055 4455 1481 4529 professionem;
1522 4455 1781 4531 quam'si
1827 4465 2025 4514 harum

367 4527 560 4597 aliqua
589 4545 706 4601 quae
734 4546 883 4603 nunc
913 4527 1067 4603 inest
1098 4532 1226 4585 velit
1274 4527 1550 4603 proﬁteri,
1582 4532 1903 4601 recipiatur,
1922 4532 2025 4603 sin

367 4603 578 4669 autem,
610 4602 830 4658 omnino
880 4601 1020 4673 quod
1066 4619 1213 4657 nunc
1260 4601 1389 4657 sunt
1441 4602 1679 4670 destrue,
1729 4618 1828 4658 nec
1876 4602 2024 4657 ultra

368 4674 746 4746 contaminari
795 4673 970 4729 locum
1017 4675 1185 4728 istum
1228 4682 1443 4745 patere.
1493 4695 1518 4727 ιι
1572 4676 1715 4729 Tunc
1761 4675 2024 4746 temporis

371 4744 569 4817 quippe
597 4747 991 4800 canonicarum
1022 4753 1138 4801 erat
1172 4744 1239 4799 in
1261 4746 1442 4801 eodem
1491 4747 1607 4801 loco
1653 4744 2025 4817 professiotac

369 4816 613 4870 carnalis
640 4817 968 4885 petulantia?
994 4832 1105 4871 non
1132 4819 1369 4872 minima
1395 4819 1561 4887 ﬁebat
1589 4815 1864 4887 confusio,
1891 4815 2023 4872 adeo

370 4890 451 4951 ut,
476 4901 603 4939 cum
631 4887 706 4940 ad
733 4888 994 4960 artiorem
1027 4891 1195 4942 vitam
1220 4896 1564 4958 cogerentur,
1606 4890 1819 4960 aliquae
1866 4892 2021 4955 ipsa-

371 4971 504 5031 rum
532 4959 929 5031 monasterium
961 4960 1284 5028 reliquerint
1324 4969 1375 5015 et
1415 4959 1839 5031 fornicatoribvs
1876 4962 2022 5030 prio-

372 5027 527 5082 ribus
555 5027 1002 5104 adheeserint..."
1027 5027 1156 5104 Post
1180 5031 1294 5086 hac
1324 5027 1484 5086 verba
1526 5033 1709 5087 beatus
1737 5027 2021 5104 Wet/gun-

370 5114 472 5174 gus
498 5100 706 5156 ca'lesti
731 5100 983 5157 obediens
1028 5102 1318 5167 voluntati,
1351 5119 1416 5158 ea
1446 5119 1572 5174 quae
1590 5105 1780 5173 jussus
1805 5100 2017 5158 estim-

366 5171 520 5240 plere
546 5174 805 5243 cogitavit
834 5177 887 5228 et
914 5173 1090 5229 modis
1118 5174 1370 5228 omnibus
1412 5171 1608 5244 quibus
1648 5178 1822 5245 potuit
1862 5175 2019 5245 festi-

369 5245 794 5317 navit.Peractis
812 5249 999 5302 autem
1022 5261 1055 5299 a
1078 5246 1235 5300 beato
1277 5246 1589 5317 llolfgango
1611 5261 1734 5316 quae
1753 5249 2018 5303 Dominus

367 5313 700 5389 disposuerat
729 5327 781 5372 et
821 5319 905 5373 vir
931 5319 1153 5373 sanctus
1202 5313 1504 5387 rogaverat,
1527 5313 1840 5389 postquam
1888 5336 2013 5386 pro-

362 5383 617 5511 {essiouis
647 5386 912 5446 districtio
945 5390 1124 5445 locum
1150 5383 1312 5460 prius
1342 5383 1771 5443 ani/animalum
1796 5383 2013 5443 emacu-

388 5455 523 5511 avit.
558 5460 722 5511 totius
750 5462 972 5511 virtutis
1002 5462 1161 5511 omnii
1199 5477 1418 5511 germen
1447 5464 2013 5511 ﬂorescerenateroue

388 5455 523 5521 avit,
558 5460 722 5513 toti-1s
750 5462 972 5517 virtutis
1002 5455 1162 5532 cmpit
1198 5477 1418 5531 germen
1418 5464 1743 5587 forest-ere,
1753 5470 2015 5532 paterque

388 5536 602 5587 unctus.
635 5532 914 5587 erstiuctis
937 5535 1109 5587 vitiis.
1140 5534 1316 5587 siqnis
1353 5550 1413 5587 ra
1455 5535 1585 5587 iosis
1633 5537 1793 5587 crevit
1836 5534 2012 5587 eluce-

358 5536 602 5595 sanctus,
635 5532 914 5588 erstiiictis
937 5535 1109 5598 vitiis,
1140 5534 1316 5603 signis
1353 5532 1585 5588 radiosis
1633 5537 1793 5603 erepit
1836 5534 2012 5589 eluce-

361 5615 526 5667 scere,
558 5617 671 5656 acsi
703 5609 1003 5660 auretenus
1031 5605 1234 5660 diceret
1262 5605 1372 5660 sibi
1396 5605 1757 5660 servientibus
1778 5621 1796 5659 :
1817 5627 1838 5654 ι
1864 5606 2012 5673 Quo-

360 5672 521 5728 niam
548 5689 636 5731 vos
665 5689 896 5748 mecum,
946 5682 999 5732 et
1048 5692 1143 5746 ego
1190 5677 1484 5735 vobiscum.
1522 5699 1550 5726 »
1581 5675 1826 5746 Ibidem,
1869 5672 1919 5733 c.
1951 5677 2006 5742 3,

2132 4458 2278 4529 scopi
2304 4457 2645 4529 temporibus
2681 4462 2800 4513 erat
2845 4457 3109 4529 quaedam
3143 4457 3608 4525 sanctimonialis,
3639 4457 3793 4515 beati

2132 4528 2263 4585 vero
2305 4528 2558 4616 ‘lldalrici
2602 4530 2804 4616 sororis
2850 4528 3366 4616 filia,.Kun_ig‘undis
3395 4533 3636 4616 nomine,
3665 4547 3788 4616 quas

2132 4602 2395 4659 custodiae
2421 4608 2667 4673 praeerat
2696 4602 3093 4670 ecclesiasticis,
3134 4603 3295 4656 totius
3342 4602 3557 4674 quidem
3584 4606 3639 4657 et
3667 4602 3787 4674 ipsa

2133 4674 2421 4740 probitatis
2468 4678 2519 4729 et
2560 4674 2911 4745 perfectionis
2949 4676 3237 4728 consecuta
3266 4674 3599 4729 culmen.....
3631 4674 3787 4730 nobis

2134 4745 2276 4799 idem
2305 4746 2614 4800 retulerunt
2645 4747 2740 4816 qui
2785 4748 3037 4816 utrosque
3085 4753 3499 4810 noverunt.....;
3529 4750 3587 4801 et
3617 4762 3667 4800 c.
3697 4747 3735 4800 6
3764 4760 3781 4800 :

2130 4816 2370 4871 Juditha
2399 4815 2802 4888 ductrix,’quae
2840 4815 2985 4870 idem
3014 4818 3171 4872 auait
3200 4818 3618 4885 monasterium,
3649 4817 3781 4872 dum

2132 4889 2239 4961 iret
2267 4888 2341 4943 ad
2370 4888 2721 4961 sepulchrum
2768 4888 3001 4961 Domini
3037 4888 3492 4961 Hierosolymam,
3536 4893 3592 4944 ut
3631 4903 3779 4961 reges

2129 4960 2319 5026 solent,
2349 4960 2513 5029 plura
2561 4961 2644 5014 vel
2689 4961 2875 5031 aperte
2919 4958 3002 5013 vel
3028 4958 3361 5031 abscondite
3407 4961 3495 5015 vel
3538 4976 3657 5017 ossa
3690 4958 3781 5016 vel

2129 5047 2355 5102 corpora
2403 5032 2757 5101 conquisivit,
2806 5044 2930 5101 quae
2978 5030 3077 5085 ubi
3125 5036 3399 5086 terrarum
3449 5033 3530 5087 vel
3578 5032 3674 5087 ubi
3719 5033 3781 5085 in

2124 5107 2362 5172 prae/uta
2392 5103 2651 5157 conderet
2674 5102 2917 5165 ecclesia,
2967 5117 3067 5156 nec
3114 5102 3231 5173 ipsa
3278 5104 3417 5158 sciri
3462 5104 3658 5169 voluit,
3683 5119 3782 5160 nec

2128 5176 2420 5245 quisquam
2448 5190 2545 5228 nos
2573 5174 2762 5230 docere
2789 5174 2977 5244 potuit.
3011 5175 3136 5246 Ipsa
3169 5190 3321 5240 vero,
3370 5176 3505 5246 quia
3552 5174 3779 5231 humata

2126 5244 2207 5301 est
2238 5244 2297 5301 in
2328 5247 2448 5318 ipsa
2477 5247 2720 5313 ecclesia,
2752 5246 3030 5318 evidenter
3056 5244 3256 5315 edocet,
3296 5246 3359 5301 in
3377 5244 3572 5302 'illum
3602 5248 3777 5303 locum

2124 5318 2299 5372 solum
2326 5316 2566 5373 uiam'me
2593 5318 2882 5381 studuisse,
2916 5316 3013 5371 ubi
3040 5321 3230 5372 notum
3271 5318 3404 5388 fecit
3450 5318 3681 5374 humari
3718 5333 3775 5373 se

2126 5390 2373 5444 voluisse.
2402 5391 2549 5463 Haec
2593 5405 2689 5444 nos
2739 5389 2804 5444 de
2841 5403 2915 5463 ea
2957 5389 3216 5463 strictim,
3248 5406 3587 5463 quamquam
3610 5392 3771 5463 plura

2124 5462 2297 5531 o’igna
2326 5462 2410 5515 vel
2438 5466 2739 5516 memoratu
2766 5459 3146 5532 velmemoria
3171 5459 3354 5516 dicere
3387 5459 3765 5532 potuerimus;

2119 5548 2251 5603 nam
2278 5548 2397 5603 quis
2421 5534 2558 5589 Deus
2586 5533 2757 5588 celari
2784 5531 2958 5603 voluit
3004 5539 3056 5586 et
3102 5548 3199 5587 nos
3245 5531 3426 5589 celare
3453 5534 3758 5603 voluimus;

2119 5602 2194 5657 cf.
2228 5601 2529 5730 Tlﬁgtmar
2555 5622 2614 5671 ιι,
2634 5606 2723 5673 25,
2740 5609 2795 5662 et
2823 5601 3084 5674 diploma
3112 5603 3366 5662 Heinrici
3396 5605 3470 5676 II,
3501 5623 3597 5679 ap.
3622 5602 3755 5663 Ried

2119 5692 2158 5730 ι.
2193 5691 2249 5730 n.
2391 5716 2405 5730 .

2118 5692 2158 5746 ι,
2191 5691 2249 5747 p.
2284 5691 2405 5732 1w.
