4030 6186
235 385 348 447 409

1509 391 1694 457 VITA
1741 395 1807 456 S.
1852 395 2354 460 WOLFKANGI.

3519 398 3638 460 410

238 517 427 577 multis
447 519 1004 595 pseudopraapositis
1024 526 1872 591 susccedentibus,omnimoda
1900 529 1954 596 Α
1985 531 2150 586 nensi
2183 533 2252 587 ad
2292 531 2573 603 populum
2607 531 2777 588 solito
2808 547 2967 590 more
3013 530 3476 599 concionaretur,
3509 532 3634 589 dia-

239 610 548 683 spiritualis
578 611 710 667 vitae
741 613 1139 670 destructione
1169 615 1401 671 contriti
1433 621 1592 672 sunt.
1615 619 1722 673 Sed
1756 618 1877 674 haec

241 700 560 756 amittentes
593 703 664 757 ad
697 703 996 774 proposita
1025 706 1356 761 redeamus.

301 791 377 844 18.
412 793 557 844 Cum
591 807 727 862 ergo
751 791 858 848 hoc
889 810 1003 864 quo
1026 795 1151 864 jam
1176 795 1397 850 dictum
1431 800 1522 852 est
1546 797 1717 853 modo
1749 815 1879 854 san-

240 884 354 935 ctus
403 879 798 954 Wolfkangus
869 883 1216 939 desudasset
1265 901 1443 957 super
1508 885 1878 944 institutione

241 968 569 1035 monastica,
590 985 703 1024 non
737 969 947 1025 minori
982 989 1213 1044 quoque
1243 974 1438 1028 studio
1469 991 1596 1030 sese
1629 976 1879 1031 accinxit

241 1057 300 1112 ad
345 1057 710 1114 instituenda
739 1060 962 1115 ordinis
1007 1062 1279 1118 canonici.
1317 1063 1474 1132 jura.
1508 1066 1688 1129 Quem
1738 1066 1878 1136 quia

238 1152 456 1219 propter
476 1150 863 1204 autecessoris
889 1151 978 1205 sui
1004 1151 1302 1207 Michaelis
1325 1153 1578 1225 episcopi
1597 1145 1874 1209 invalitu-

237 1237 412 1292 dinem
447 1237 798 1293 destitutum
832 1239 1241 1306 invenit,omni
1273 1243 1594 1312 sagacitate
1623 1249 1680 1298 et
1701 1245 1872 1298 indu-

235 1326 360 1380 stria
378 1327 692 1382 emendare
711 1327 1220 1400 studuit,primum
1249 1331 1484 1402 quidem
1505 1337 1571 1387 ut
1587 1334 1876 1388 sufficien-

238 1416 362 1470 tiam
390 1414 586 1471 victus
617 1419 673 1470 et
699 1417 952 1472 vestitus
985 1419 1282 1476 canonicis
1304 1422 1525 1477 affatim
1555 1423 1870 1489 exhiberet,

232 1503 422 1560 deinde
442 1508 510 1559 ut
525 1509 656 1576 post
672 1522 733 1560 se
750 1507 1024 1562 custodes
1045 1507 1286 1564 idoneos
1312 1511 1653 1581 provideret.
1665 1511 1870 1582 Dispo-

232 1593 334 1648 suit
388 1593 571 1649 etiam
631 1598 695 1648 ut
749 1595 806 1649 in
871 1597 1173 1652 rel‘ectorio
1229 1597 1404 1653 simul
1481 1601 1872 1667 comederent,

233 1681 389 1738 simul
421 1683 1192 1749 dormirent,neclaustrum
1222 1686 1562 1760 incongruis
1592 1688 1870 1744 horarum

233 1771 416 1844 spatiis
461 1773 898 1844 egrederentur,
949 1790 1020 1828 ne
1071 1775 1287 1830 silentii
1342 1780 1558 1832 statuta
1605 1779 1870 1848 frangere

235 1866 590 1916 conarentur.
624 1863 894 1918 Iuniores
925 1867 991 1917 ut
1024 1863 1350 1921 scolaribus
1381 1867 1594 1922 studiis
1624 1867 1868 1923 interes-
1899 1877 1968 1966 B'

236 1956 346 2006 sent
367 1951 935 2023 praecepit,seniores
956 1971 1090 2009 vero
1113 1959 1178 2009 ut
1199 1954 1543 2027 psalmodiis
1563 1957 1651 2012 vel
1674 1957 1870 2013 lectio-

238 2040 390 2096 nibus
415 2046 523 2096 aut
551 2042 918 2099 orationibus
947 2049 1222 2100 vacarent
1265 2045 1536 2100 decrevit.
1574 2047 1643 2101 Ut
1671 2051 1867 2102 autem

236 2129 616 2186 adolescentes
646 2130 704 2186 in
739 2132 1040 2204 capiendis
1069 2134 1324 2189 scientiae
1348 2135 1607 2189 liberalis
1638 2135 1868 2190 noticiis

236 2219 401 2274 forent
451 2219 747 2292 agiliores,
781 2222 1115 2293 frequenter
1158 2223 1342 2278 voluit
1385 2223 1616 2280 tabulas
1665 2240 1866 2280 eorum

234 2323 445 2364 cernere
474 2308 1064 2381 dictales.Plerosque
1087 2312 1261 2367 etiam
1293 2328 1494 2367 eorum
1527 2313 1867 2382 proﬁciendi

235 2413 390 2453 causa
419 2398 722 2454 beneﬁciis
752 2399 1012 2455 incitavit
1037 2419 1049 2464 ;
1078 2401 1176 2472 qui
1210 2406 1405 2456 autem
1437 2401 1671 2457 desides
1701 2407 1868 2457 erant

233 2490 279 2540 et
303 2486 670 2559 neglegentes
702 2488 1024 2560 increpavit
1051 2491 1116 2544 5°.

292 2576 368 2630 19.
398 2577 442 2610 ⁷ο
469 2576 810 2632 Monasticis
858 2593 994 2649 ergo
1025 2582 1082 2632 et
1127 2578 1506 2634 interioribus
1545 2581 1722 2636 rebus
1775 2598 1865 2636 ra-

235 2664 572 2720 tionabiliter
619 2666 925 2732 ordinatis,
958 2666 1246 2723 discretus
1296 2670 1396 2724 Dei
1428 2669 1617 2725 cultor
1647 2686 1864 2742 nequa-

233 2770 385 2825 quam
416 2754 704 2810 exteriora
735 2755 936 2810 omisit
983 2757 1323 2828 providere;
1357 2759 1457 2814 sed
1491 2759 1643 2814 sicut
1691 2760 1864 2814 urba-

233 2843 311 2898 nis
340 2849 395 2898 et
424 2843 734 2899 ccenobitis
765 2845 1118 2900 documenta
1147 2846 1326 2912 dedit,
1359 2847 1441 2902 ita
1471 2848 1648 2903 etiam
1679 2851 1862 2902 totam

228 2931 577 3003 perlustrans
602 2949 770 2988 suam
800 2933 1350 3004 diocesim,cunctos
1380 2935 1693 2992 salutifera:
1730 2954 1866 3006 prse-

226 3021 519 3076 dicationis
549 3021 728 3076 odore
756 3022 1066 3094 adspersit.
1101 3023 1462 3095 Quapropter
1491 3041 1623 3079 cum
1657 3025 1866 3080 missa-

222 3126 342 3164 rum
374 3109 684 3166 sollemnia
715 3109 1064 3167 celebrasset
1092 3128 1160 3167 ex
1192 3129 1351 3168 more
1381 3113 1519 3183 (7t),
1542 3113 1602 3167 in
1632 3118 1864 3170 tantum

216 3197 437 3270 plebem
491 3199 803 3255 assuefecit
831 3200 1106 3256 ecclesias
1149 3203 1193 3238 71
1228 3204 1616 3272 frequentare,
1649 3207 1715 3258 ut
1762 3220 1864 3274 per

214 3287 334 3343 dies
355 3286 668 3343 sollemnes
693 3289 787 3343 vix
816 3289 973 3344 domi
997 3306 1298 3346 remanere
1317 3291 1652 3346 viderentur
1672 3296 1861 3347 custo-

206 3376 425 3432 des.Ad
457 3377 806 3447 praedulcem
840 3378 996 3433 enim
1018 3380 1166 3434 tanti
1199 3379 1494 3450 pontificis
1517 3379 1864 3436 exhortatio~

201 3480 338 3520 nem
363 3465 630 3520 certatim
663 3483 834 3523 sexus
859 3469 1168 3539 utriusque
1196 3461 1370 3524 turba
1393 3468 1686 3524 confluere
1717 3468 1863 3524 sole-

200 3553 321 3620 bat,
352 3570 534 3625 quam
566 3555 703 3611 illuc
732 3557 1058 3629 fragrantia
1087 3559 1131 3592 7’
1163 3557 1482 3613 caelestium
1532 3562 1858 3612 aromatum

204 3643 676 3716 adduxit,apium
707 3645 976 3702 videlicet
998 3647 1356 3718 instar,quos
1388 3651 1520 3718 post
1541 3663 1603 3701 se
1631 3647 1861 3702 trahere

203 3731 429 3788 videtur
457 3733 653 3789 mellis
683 3735 845 3790 odor.
867 3735 1095 3799 Quibus
1126 3736 1294 3791 Pater
1324 3735 1458 3806 pius
1487 3752 1860 3807 summopere

209 3819 540 3878 desiderans
560 3839 691 3880 esse
719 3828 893 3896 aptus
919 3831 975 3880 et
1006 3824 1256 3890 utilis,in
1281 3825 1675 3897 disputatione
1696 3825 1857 3896 regni

213 3909 444 3967 celestis
491 3912 782 3984 perplexis
813 3931 879 3967 ac
930 3913 1272 3984 sophisticis
1302 3914 1548 3969 minime
1585 3913 1860 3969 utebatur

215 3999 632 4069 sententiis,sed
664 4003 748 4057 sic
779 4000 988 4057 melliti
1020 4001 1138 4057 oris
1160 4000 1529 4057 dulcedinem
1555 4019 1659 4074 per
1680 4019 1859 4073 quan-

215 4084 340 4142 dam
366 4088 715 4146 ineffabilem
756 4091 1124 4162 temperabat
1154 4089 1580 4158 austeritatem,
1615 4097 1680 4146 ut
1711 4091 1855 4147 sim-

215 4173 341 4242 plici
369 4182 428 4232 et
452 4179 674 4251 optimo
704 4195 914 4252 genere
946 4179 1256 4236 locutionis
1292 4183 1527 4252 tangere
1565 4180 1859 4236 videretur

216 4260 416 4322 intima
441 4270 729 4341 cujusque
777 4269 1173 4342 cogitationis,
1205 4268 1428 4340 talique
1459 4274 1584 4325 arte
1612 4286 1677 4325 ex
1711 4288 1857 4326 non-

221 4353 498 4412 nullorum
531 4358 719 4415 oculis
748 4357 1126 4414 lacrimarum
1158 4356 1392 4414 eliceret
1423 4358 1662 4414 imbres.
1696 4363 1858 4414 Hanc

223 4439 496 4510 siquidem
527 4465 561 4502 a
593 4447 812 4520 Spiritu
845 4457 1048 4504 sancto
1070 4452 1374 4519 acceperat
1403 4449 1745 4520 gratiam,ut
1775 4448 1856 4518 hi,

217 4530 307 4598 qui
324 4535 653 4603 praedicanti
678 4536 1026 4592 assisterent
1047 4552 1302 4608 eumque
1320 4537 1543 4592 intente
1565 4538 1854 4605 audirent,

1987 619 2156 676 holus
2187 621 2380 676 subito
2428 621 2737 678 concitavit
2766 623 3086 691 turbinem,
3133 627 3352 678 etcum
3399 622 3634 678 turbine

1985 709 2410 766 tumultuosam
2433 711 2921 780 turbationem,ac
2955 712 3339 767 nihilominus
3362 729 3494 767 cum
3517 717 3636 767 tur-

1987 797 2216 854 batione
2237 803 2549 856 confusum
2569 816 2838 855 murmur
2860 800 3058 873 populi
3081 807 3138 856 et
3160 801 3632 868 clamorem,nec-

1986 906 2098 942 non
2115 906 2292 960 super
2310 894 2528 945 tectum
2549 890 2803 946 ecclesia:
2826 889 3115 961 fragorem
3135 891 3293 946 dedit
3312 890 3630 962 ingentem,

1984 980 2041 1031 et
2069 978 2224 1033 intra
2252 979 2502 1034 ecclesia:
2558 979 2920 1051 receptacula
2945 979 3243 1050 pulverem
3293 978 3634 1050 dispergens

1985 1084 2049 1120 ac
2081 1067 2717 1140 nehulam,aliquorum
2753 1069 3055 1124 obtutibus
3086 1068 3395 1138 caliginem
3418 1068 3634 1122 infudit

1983 1157 2371 1213 tenebrosam.
2406 1157 2628 1219 Quibus
2671 1174 2739 1212 ex
2769 1157 3085 1230 improviso
3133 1157 3273 1212 visis
3306 1161 3363 1210 et
3416 1155 3632 1211 auditis

1981 1245 2238 1316 populus
2293 1247 2651 1318 perterritus,
2685 1248 2886 1316 immo,
2921 1248 3077 1318 quod
3112 1247 3280 1318 pejus
3310 1249 3452 1311 erat,
3489 1262 3633 1315 pene

1985 1340 2178 1389 mente
2228 1336 2536 1401 alienatus,
2570 1338 2740 1408 coepit
2793 1352 3136 1392 concurrere
3179 1341 3235 1389 et
3281 1334 3628 1399 discurrere,

1982 1422 2238 1478 incertus
2267 1425 2324 1478 in
2349 1442 2523 1496 quam
2556 1431 2780 1497 partem
2805 1442 2865 1480 se
2895 1427 3080 1480 tutius
3107 1442 3172 1480 ac
3200 1425 3416 1480 rectius
3438 1428 3635 1495 posset

1982 1520 2334 1568 convertere.
2372 1515 2606 1569 Interim
2637 1515 3027 1570 audiebantur
3059 1531 3226 1569 voces
3261 1514 3397 1569 hinc
3428 1514 3629 1568 dicen-

1980 1602 2126 1656 tium
2165 1620 2176 1657 :
2213 1605 2271 1656 In.
2305 1606 2434 1658 urbe
2464 1604 2672 1672 grande
2700 1606 2856 1660 saevit
2885 1603 3203 1659 incendium
3223 1620 3241 1661 .·
3269 1603 3405 1657 inde
3435 1601 3632 1656 clami—

1980 1691 2227 1744 fantium
2265 1708 2276 1744 :
2311 1695 2441 1747 Ecce
2489 1693 2758 1748 seditione
2785 1695 2929 1761 facta
2957 1693 3258 1747 multorum
3293 1691 3494 1763 gladiis
3523 1706 3630 1748 cae-

1980 1777 2188 1832 duntur
2229 1780 2449 1847 iugula.
2484 1780 2746 1850 Cumque
2798 1796 2903 1851 pro
2946 1778 3302 1834 clamoribus
3354 1778 3633 1847 hujusce-

1981 1866 2138 1921 modi
2181 1869 2225 1901 ⁷⁸
2272 1868 2548 1924 sedandis
2602 1868 2878 1935 multum,
2910 1869 3009 1923 sed
3057 1867 3378 1932 incassum,
3427 1867 3634 1921 fuisset

1981 1954 2329 2022 laboratum,
2356 1958 2592 2012 tandem
2625 1957 2723 2028 qui
2755 1962 2920 2012 erant
2947 1957 3128 2012 tantis
3159 1956 3381 2011 inimici
3416 1954 3632 2009 machi-

1981 2044 2324 2100 nationibus
2375 2045 2677 2116 ludificati,
2735 2047 2816 2100 ita
2862 2046 3148 2116 gregatim
3199 2048 3518 2115 eruperunt
3562 2044 3632 2098 de

1979 2134 2242 2200 ecclesia,
2278 2140 2342 2189 ut
2371 2135 2462 2189 vix
2493 2136 2661 2207 pauci
2696 2142 3064 2191 remanerent
3093 2135 3153 2189 in
3184 2133 3482 2189 illa.Tunc
3514 2133 3632 2204 epi-

1979 2239 2211 2294 scOpus,
2247 2241 2420 2296 quem
2451 2229 2627 2280 tantae
2659 2224 2970 2280 commotio
3001 2223 3370 2294 tempestatis
3399 2223 3628 2294 propel-

1978 2311 2097 2368 lere
2129 2314 2687 2384 nequivit,clamavit
2707 2319 2764 2368 et
2793 2313 2969 2368 dixit:
2992 2315 3219 2368 Domine
3245 2315 3368 2368 Iesu
3395 2313 3623 2378 Christe,

1975 2403 2140 2456 solita
2184 2403 2434 2471 ﬁdelibus
2465 2406 2576 2458 tuis
2622 2405 2811 2476 gratia
2840 2403 3097 2472 concede,
3132 2410 3191 2456 ut
3217 2401 3375 2457 hodie
3407 2401 3628 2456 videant

1976 2492 2208 2560 gloriam
2228 2494 2469 2547 nominis
2492 2493 2574 2547 tui
2601 2501 2654 2548 et
2673 2495 3045 2563 confusio-nem
3066 2491 3430 2555 diaboliQuaa
3452 2491 3628 2545 verba

1977 2583 2179 2634 secuta
2200 2585 2289 2636 est
2308 2582 2590 2636 serenitas
2611 2582 2849 2645 aeris,et
2871 2580 3243 2636 serenitatem
3272 2595 3544 2633 recursus
3565 2578 3624 2632 in

1977 2666 2280 2723 ecclesiam
2333 2668 2542 2739 plebis.
2573 2669 2673 2723 Cui
2704 2668 3052 2724 venerabilis
3083 2667 3327 2722 antistes
3351 2678 3501 2732 :mox
3533 2683 3625 2721 sa-

1977 2770 2085 2810 crae
2134 2757 2409 2811 doctrinae
2439 2759 2614 2812 verba
2659 2758 2986 2824 effundens,
3021 2757 3165 2812 adeo
3214 2755 3314 2810 illa
3367 2755 3479 2822 die,
3513 2754 3624 2809 sibi

1976 2844 2230 2915 Spiritus
2262 2846 2448 2900 sancti
2481 2846 2668 2917 gratia
2698 2846 3068 2902 dulcedinem
3101 2844 3390 2900 sermonis
3429 2843 3624 2899 instil-

1975 2931 2155 3000 lante,
2191 2935 2426 3004 profuit,
2461 2941 2526 2989 ut
2574 2936 2885 2990 manifeste
2936 2934 3244 2989 inimicum
3287 2932 3488 2988 vicerit
3535 2931 3623 2986 vel

1975 3021 2281 3093 fugaverit,
2315 3024 2417 3094 qui
2462 3024 2915 3095 perturbationis
2966 3025 3267 3079 nimietate
3299 3023 3369 3077 ad
3419 3021 3622 3076 horam

1975 3126 2121 3181 pene
2153 3113 2427 3167 omnibus
2460 3114 2677 3168 nocuit.
2713 3113 2876 3169 Unde
2906 3118 2961 3168 et
3009 3118 3207 3185 postea
3238 3111 3497 3167 fidelium
3526 3111 3624 3166 de-

1973 3200 2126 3255 votio
2176 3200 2326 3255 hanc
2358 3203 2843 3257 consuetudinem
2882 3219 2984 3272 pro
3017 3202 3140 3273 lege
3188 3201 3360 3272 cmpit
3389 3201 3624 3268 habere,

1892 3273 1933 3339 C
1975 3305 2088 3360 quo
2120 3306 2224 3361 per
2253 3291 2535 3346 stationes
2556 3291 2894 3362 episcopum
2917 3291 3221 3345 turmatim
3245 3290 3628 3360 praevenirent

1971 3382 2028 3432 et
2044 3385 2520 3449 sequerentur,ac
2534 3379 2958 3450 przedicationis
2975 3379 3371 3449 erogationem
3394 3393 3624 3432 summa

1971 3467 2276 3523 affectione
2305 3467 2818 3539 amplecterentur.

2040 3558 2130 3610 21.
2172 3556 2303 3611 Alio
2353 3573 2588 3628 quoque
2633 3561 2914 3628 tempore,
2949 3557 3115 3610 beato
3171 3554 3515 3625 Wolfkango
3562 3553 3622 3607 in

1970 3645 2212 3700 basilica
2245 3646 2433 3701 sancti
2459 3645 2621 3700 Pauli
2654 3645 2902 3717 apostoli
2935 3644 3260 3700 celebrante
3305 3644 3621 3698 missarum

1970 3733 2299 3797 sollemnia,
2325 3735 2491 3806 plebs
2524 3751 2685 3790 more
2715 3734 2889 3790 solito
2920 3734 3121 3790 aderat
3151 3733 3622 3803 multa.Cumque

1967 3825 2080 3892 (73)
2110 3841 2243 3879 eum
2275 3841 2344 3878 ex
2376 3824 2672 3879 stantibus
2704 3825 2942 3895 quidam
2978 3822 3148 3878 miles
3187 3822 3435 3878 stolidus
3465 3825 3622 3876 veste

1968 3912 2179 3967 humili
2213 3913 2538 3984 adspiceret
2567 3912 3046 3983 indutum,atque
3067 3911 3277 3966 dehinc
3299 3910 3624 3965 sacerdota-

1968 4000 2124 4056 libus
2155 4002 2517 4057 vestimentis
2547 4001 2766 4057 videret
2795 3999 3364 4072 infulatum,plebeia
3392 3998 3619 4054 stolidi-

1968 4095 2084 4146 tate
2138 4089 2422 4161 despexit,
2458 4095 2515 4145 et
2563 4091 2759 4145 cordis
2788 4107 2886 4147 ore
2916 4091 2960 4125 τῖ’
2993 4105 3395 4154 murmurans,
3427 4087 3574 4144 dixit
3605 4103 3617 4141 :

1969 4181 2008 4236 Ο
2041 4197 2205 4251 quam
2256 4181 2523 4251 insipiens
2572 4180 2686 4250 fuit
2733 4182 3032 4250 imperator
3079 4178 3182 4234 illo
3229 4181 3486 4249 tempore,
3519 4192 3622 4248 quo

1965 4285 2276 4340 pannosum
2324 4271 2487 4324 istum
2517 4285 2582 4324 ac
2623 4269 3010 4340 despicabilem
3055 4272 3114 4324 in
3141 4267 3452 4339 pontiﬁcali
3489 4283 3620 4336 pro-

1966 4361 2204 4414 motione
2229 4357 2485 4429 praetulit
2533 4360 2849 4428 potentibus
2877 4359 3143 4428 personis,
3171 4373 3297 4428 quae
3341 4355 3624 4411 abundant

1968 4449 2027 4502 in
2062 4449 2376 4517 regionibus
2407 4462 2526 4504 suae
2553 4447 2802 4502 ditionis.
2835 4449 3018 4511 Quam
3069 4445 3618 4509 murmurationem,

1970 4536 2071 4608 qui
2102 4537 2262 4591 novit
2309 4537 2693 4607 cogitationes
2723 4535 3054 4600 hominum,
3087 4535 3289 4589 eodem
3322 4537 3617 4587 momento

216 4627 785 4696 raroautnumquam
809 4625 1188 4680 abscederent
1213 4625 1284 4680 ab
1307 4627 1436 4696 ejus
1450 4626 1860 4698 praedicatione
1889 4640 1937 4704 D
1968 4630 2024 4680 et
2053 4626 2370 4681 clementer
2398 4624 2721 4695 increpavit
2751 4628 2806 4679 et
2834 4624 3130 4678 evidenter
3158 4623 3228 4676 ad
3262 4619 3619 4676 emendatio-

213 4706 331 4764 sine
361 4711 732 4769 lacrimarum
765 4713 1070 4770 effusione.
1104 4715 1224 4778 Quo
1273 4715 1583 4787 pergrandi
1617 4717 1791 4782 bono,
1825 4733 1858 4771 a

214 4791 349 4870 largi
381 4817 474 4857 ore
502 4803 771 4860 omnium
804 4804 1097 4858 bonorum
1127 4819 1537 4876 concesso,per
1569 4803 1856 4860 malitiam

219 4897 376 4943 suam
401 4892 693 4948 sauciatus
713 4892 987 4956 humanm
1015 4891 1223 4948 salutis
1251 4892 1853 4959 inimicus,invidiam,

219 4987 381 5042 quam
399 4996 626 5054 semper
645 4980 1143 5052 habebat,quibus
1171 4985 1397 5054 poterat
1412 4981 1637 5037 viribus
1656 4988 1857 5038 contra

219 5058 372 5122 illum
403 5070 718 5127 exercebat.

279 5152 509 5215 2|).Nam
539 5161 653 5231 (72)
682 5159 775 5215 die
801 5160 1056 5232 quadam
1086 5175 1221 5215 cum
1253 5160 1296 5195 ⁷³
1327 5160 1386 5216 in
1420 5161 1563 5217 urbe
1593 5161 1858 5232 Ratispo-

1969 4731 2101 4770 nem
2134 4715 2314 4783 hujus
2347 4714 2468 4768 vitii
2501 4712 2916 4768 manilestavit.
2950 4711 3094 4766 Nam
3129 4715 3192 4764 ut
3221 4710 3279 4764 in
3313 4708 3619 4779 Evangelio

1968 4804 2037 4858 ad
2071 4803 2323 4875 cogitata
2352 4801 2657 4872 respondit
2705 4800 3005 4863 Dominus,
3036 4799 3118 4852 ita
3143 4798 3321 4868 hujus
3359 4796 3620 4851 hominis

1966 4892 2280 4963 cogitatam
2329 4889 2856 4945 murmurationem
2890 4889 2960 4944 ad
2993 4889 3035 4922 7°
3066 4894 3299 4960 tempus
3339 4903 3453 4942 non
3485 4886 3616 4941 abs-

1967 4981 2185 5049 condit,
2236 4997 2352 5051 quo
2398 4984 2455 5034 et
2502 4978 2561 5033 in
2610 4977 3056 5050 praesentiarum
3116 4977 3505 5048 corrigeretur
3551 4993 3617 5030 ac

1968 5068 2455 5126 murmurationis
2487 5067 2708 5123 malum
2756 5067 2815 5122 in
2849 5069 3112 5122 futurum
3139 5067 3210 5122 ab
3240 5064 3369 5121 aliis
3399 5064 3616 5119 devita-

1966 5165 2146 5216 retur.
2179 5157 2372 5216 Nimio
2421 5157 2636 5229 quippe
2666 5161 2885 5212 terrore
2916 5156 3114 5212 subito
3165 5157 3490 5225 correptus,
3521 5169 3613 5207 as-

1554 5285 1796 5343 VARI/E
1838 5284 2247 5343 LECTIONES.

276 5376 698 5457 “increpabat
714 5383 770 5438 2.
810 5385 892 5457 7_7°
922 5385 1030 5440 Hoc
1075 5388 1241 5455 caput
1288 5384 1620 5456 praecedenti
1658 5386 1921 5457 junctum
1966 5394 2046 5443 est
2077 5387 2130 5440 6.
2161 5384 2218 5440 7.
2294 5383 2336 5418 τί
2369 5379 2680 5436 ecclesiam
2708 5382 2763 5435 2.
2843 5381 2887 5416 ⁷³
2918 5379 3232 5451 fraglantia
3262 5380 3311 5433 1.
3388 5378 3433 5412 ⁷³
3470 5375 3614 5432 dum

215 5447 264 5498 2.
335 5451 380 5484 ⁷⁴
406 5447 646 5527 hujusce
680 5455 730 5511 1.
809 5455 853 5490 ⁷⁸
883 5460 940 5511 et
967 5447 1168 5512 secum
1198 5457 1253 5512 2.
1287 5447 1330 5493 ⁵⁵
1359 5457 1431 5513 ad
1467 5475 1504 5514 1.
1538 5447 1737 5514 desunt
1766 5461 1820 5512 2.

1786 5573 2018 5630 ΝΟΤίΕ.

276 5664 392 5815 ξῇέ
420 5668 664 5756 Reliqua
690 5685 762 5727 ex
790 5669 1068 5740 Arnoldo,
1101 5687 1151 5726 c.
1182 5672 1236 5728 5.

305 5740 365 5795 42
414 5741 622 5802 Omnia
650 5760 721 5801 ex
751 5741 1026 5815 Arnoldo,
1060 5759 1109 5800 c.
1143 5744 1198 5799 6.

305 5740 386 5815 72)
414 5740 622 5802 Omnia
650 5760 721 5801 ex
751 5741 1026 5815 Arnoldo,
1060 5759 1109 5800 c.
1143 5744 1198 5799 6.

2035 5669 2150 5745 (73)
2181 5669 2262 5728 Ex
2289 5666 2569 5738 Arnoldo,
2601 5683 2650 5722 c.
2686 5665 2774 5722 12.
