4044 6164
339 374 449 435 411

1349 374 1691 437 OTHLONI
1738 375 2087 439 MONACHI
2134 377 2199 438 S.
2246 374 2737 442 EMMERAMMI

3627 373 3745 436 412

338 510 620 566 stantium
674 509 1095 566 sustentatione
1125 509 1218 565 vix
1249 511 1499 567 residere
1532 510 1722 582 potuit
1771 512 1979 575 Quem-
2014 513 2069 579 Α
2098 528 2218 567 sum
2250 528 2477 584 semper
2524 513 2804 568 interesse
2828 511 3013 567 voluit
3055 507 3373 567 refectioni.
3407 507 3656 566 Mendici
3688 512 3748 565 et

339 617 471 654 cum
504 600 721 655 videret
750 600 1022 655 dominus
1055 618 1198 656 suus
1244 602 1692 656 tremebundum
1729 607 1785 656 et
1814 601 1981 672 palli-

339 691 501 755 dum,
552 690 680 745 ilico
731 708 1009 746 accurens
1060 693 1389 747 sciscitatus
1445 698 1555 758 est,
1609 694 1746 763 quid
1800 694 1982 748 habe-

338 786 424 837 ret
475 780 560 836 vel
614 781 751 853 quid
804 786 1113 853 pateretur.
1169 784 1315 837 Tum
1367 785 1409 818 77
1440 783 1534 838 ille
1584 786 1982 839 sacerdotibus

338 870 615 927 adhibitis
645 873 949 927 confessus
980 874 1231 944 est,quia
1262 878 1461 927 contra
1490 874 1679 928 virum
1707 875 1800 928 Dei
1833 874 1984 928 male

338 960 675 1031 cogitaverit
722 967 778 1015 et
836 963 907 1016 ob
940 962 1045 1016 hoc
1092 962 1414 1031 periculoso
1442 963 1646 1018 timore
1681 963 1985 1035 perculsus

339 1052 433 1105 sit.
469 1053 589 1115 Quo
636 1052 859 1120 audito,
893 1051 1043 1105 idem
1078 1052 1351 1106 dominus
1383 1053 1529 1121 ejus,
1564 1059 1777 1124 putans
1818 1054 1982 1108 illum

340 1140 594 1194 remedio
628 1139 778 1193 facili
815 1157 982 1211 posse
1012 1142 1533 1211 curari,profectus
1564 1141 1802 1196 domum
1836 1143 1988 1196 vcxit

339 1245 557 1299 secum,
590 1233 643 1283 et
674 1229 895 1299 aliquot
926 1230 1131 1283 diebus
1166 1230 1421 1285 retinens
1453 1248 1651 1285 curam
1701 1231 1980 1285 exhibuit.

337 1317 446 1371 Sed
480 1334 613 1371 cum
648 1318 980 1372 nullatenus
1034 1318 1249 1373 ibidem
1284 1325 1479 1390 posset
1510 1321 1722 1390 curari,
1756 1322 1985 1375 reduxit

338 1423 471 1460 eum
504 1405 563 1459 in
618 1406 908 1460 civitatem
943 1406 1340 1477 Ratisponam,
1376 1408 1471 1461 ubi
1525 1417 1577 1463 et
1607 1409 1690 1462 illi
1741 1410 1985 1481 contigit

337 1494 678 1566 hujusmodi
730 1495 1059 1549 infirmitas.
1096 1497 1178 1550 lbi
1228 1511 1363 1567 ergo
1396 1498 1465 1552 ad
1499 1498 1836 1570 episcopum
1886 1517 1981 1554 ve-

339 1584 665 1661 niens,cum
702 1584 873 1638 vellet
895 1584 1090 1655 aegroti
1115 1585 1370 1640 hominis
1394 1605 1712 1642 aerumnam
1739 1593 1794 1642 et
1816 1606 1982 1643 suam

339 1689 622 1744 exponere
653 1673 971 1744 querelam,
1006 1674 1091 1728 vir
1134 1676 1233 1730 Dei
1267 1676 1623 1747 praeveniens
1652 1677 1811 1731 illius
1864 1695 1983 1732 ser-

341 1779 573 1817 monem
623 1763 768 1817 dixit
799 1781 810 1817 :
850 1765 1000 1830 Tace,
1032 1767 1144 1818 scio
1194 1765 1324 1834 quid
1362 1766 1512 1819 velis.
1546 1766 1615 1820 Et
1672 1783 1984 1822 conversus

2093 619 2399 675 pauperes,
2435 619 2581 674 quos
2629 606 2753 673 ipse
2796 603 3038 657 vocabat
3086 600 3355 656 dominos
3403 604 3460 655 et
3512 600 3741 671 fratres,

2094 709 2289 747 coram
2323 709 2383 747 se
2414 692 2746 747 residebant
2776 692 2834 746 in
2867 690 3185 757 subselliis,
3216 694 3281 745 ut
3310 693 3478 745 caute
3509 688 3742 760 perspi-

2095 787 2249 837 ceret
2293 784 2583 853 quomodo
2633 781 3067 837 ministraretur
3110 780 3247 835 illis.
3285 781 3346 834 In
3396 778 3487 833 his
3539 778 3741 849 utique

2095 888 2156 927 se
2188 873 2427 926 credens
2458 871 2754 927 Christum
2804 871 3117 942 suscipere,
3150 869 3486 924 omnimodo
3517 866 3742 923 solebat

2093 978 2191 1016 eos
2238 962 2497 1016 venerari
2531 967 2587 1016 et
2634 962 2884 1016 reficere.
2919 962 2978 1015 Si
3027 960 3172 1016 forte
3202 959 3398 1031 plures
3447 958 3738 1025 adessent,

2094 1051 2451 1122 pauperrimi
2484 1050 3025 1105 introducebantur.
3068 1048 3275 1104 Nullus
3308 1054 3505 1103 tamen
3537 1063 3741 1102 eorum

2096 1140 2194 1211 qui
2230 1141 2370 1195 foris
2402 1142 2782 1196 remanebant
2831 1141 3053 1211 absque
3082 1138 3411 1195 elemosina
3444 1136 3613 1192 donis
3642 1154 3741 1191 va-

2097 1247 2240 1284 cuus
2294 1230 2645 1293 discedebat,
2679 1230 2817 1301 quia
2854 1230 3118 1285 omnium
3172 1244 3460 1294 escarum,
3496 1243 3623 1298 quae
3668 1226 3741 1281 ad

2097 1336 2358 1375 mensam
2394 1320 2521 1390 ejus
2552 1320 2978 1389 deferebantur,
3004 1306 3387 1391 portiotanta
3416 1315 3746 1372 reservaba-

2094 1413 2209 1474 tur,
2244 1414 2308 1463 ut
2352 1426 2465 1464 non
2512 1408 2701 1464 solum
2753 1424 3038 1481 pauperes
3090 1407 3303 1464 deforis
3350 1410 3743 1475 remanentes,

2096 1499 2195 1552 sed
2230 1498 2402 1553 etiam
2438 1498 2896 1569 circumquaque
2927 1498 2986 1552 in
3006 1496 3361 1553 habitaculis
3382 1511 3749 1551 commoran-

2094 1592 2182 1641 tes
2236 1593 2653 1642 recrearentur.
2688 1588 2945 1658 Surgens
2974 1591 3166 1642 autem
3200 1586 3271 1641 de
3314 1583 3576 1656 prandio,
3608 1582 3746 1638 reli-

2097 1692 2277 1746 quum
2303 1682 2537 1747 tempus
2559 1675 2925 1748 consumpsit
2954 1672 3590 1747 legendo.Vespertinis
3611 1689 3746 1728 vero

2097 1762 2372 1820 laudibus
2402 1764 2730 1837 expletis,ni
2760 1764 3089 1837 legitimum
3116 1760 3744 1833 interrumperetjeju-

341 1853 410 1906 ad
442 1851 872 1906 vicedominum
925 1852 1276 1923 Tagininum
1312 1855 1423 1925 (7/1)
1456 1857 1536 1909 ait
1571 1872 1583 1909 :
1619 1857 1826 1921 Frater,
1858 1857 1986 1910 tolle
2020 1892 2063 1955 Β
2102 1853 2262 1908 nium
2310 1859 2544 1925 propter
2596 1857 3035 1909 commanentes
3085 1852 3366 1907 coenabat.
3402 1852 3611 1922 Ingens
3660 1849 3746 1904 ibi

341 1958 537 2011 agnam
592 1942 924 1995 benedictum
966 1943 1122 2008 juxta
1172 1944 1439 1998 lectulum
1481 1962 1662 1999 meum
1703 1948 1891 2009 aitam,
1924 1964 1988 2001 ac

339 2046 536 2101 sparge
565 2047 727 2101 super
754 2032 1031 2085 hominem
1059 2049 1174 2102 prm
1204 2034 1419 2101 foribus
1463 2034 1703 2088 cubiculi
1733 2043 1983 2090 stantem.

342 2119 446 2182 Qui
484 2119 922 2190 parensjussis,
951 2121 1226 2191 respersit
1256 2138 1408 2192 aqua
1439 2123 1626 2177 virum
1664 2125 1983 2179 benedicta.

343 2208 472 2279 Ipse
501 2224 632 2263 vero
664 2208 971 2280 episcopus
1004 2215 1206 2264 contra
1235 2210 1447 2265 ostium
1485 2228 1714 2267 crucem
1746 2213 1985 2280 faciens,

340 2298 519 2352 verba
550 2298 815 2369 quaedam
849 2297 1148 2353 salutifera
1180 2300 1351 2355 tacite
1380 2300 1642 2371 protulit,
1666 2306 1724 2356 et
1748 2306 1990 2357 sanatus

343 2389 434 2441 est
459 2385 632 2441 homo
664 2386 723 2440 in
756 2386 856 2440 illa
884 2387 1046 2442 hora.

413 2476 503 2529 2‘2.
535 2474 777 2529 Videtur
800 2477 924 2546 jam
958 2477 1289 2544 dicendum,
1326 2478 1483 2549 quali
1533 2480 1991 2535 conversationis

346 2579 455 2617 usu
488 2563 713 2618 eodidie
743 2565 1151 2619 constrinxerit
1181 2568 1778 2638 semetipsum.Tanta
1809 2568 1990 2640 siqui-

346 2653 477 2707 dem
511 2653 877 2708 observantia
906 2654 1065 2719 vixit,
1090 2660 1154 2709 ut
1184 2673 1286 2727 pro
1319 2657 1565 2729 exempli
1590 2658 1833 2713 materia
1857 2659 1991 2727 jure

345 2740 635 2812 propalari
660 2743 1143 2812 possit.Quamvis
1177 2745 1331 2799 enim
1356 2747 1626 2801 universa
1648 2746 1807 2801 illius
1828 2753 1993 2818 gesta

344 2830 676 2885 nesciamus
691 2838 747 2886 et
771 2848 894 2902 qua:
918 2833 1137 2888 scimus
1152 2833 1323 2905 digne
1339 2835 1591 2905 proferre
1607 2850 1988 2906 nequeamus,

345 2936 531 2991 pauca
560 2924 755 2975 tamen
786 2938 816 2983 e
849 2921 1117 2993 pluribus
1148 2928 1469 2995 utcumque
1500 2924 1820 2995 exprimere
1850 2930 1995 2978 tem-

345 3013 926 3081 ptamus.Postquam
960 3011 1138 3083 igitur
1167 3012 1513 3082 prasulatus
1543 3013 1763 3085 apicem
1794 3030 1991 3068 susce-

345 3099 449 3169 pit,
479 3116 593 3153 non
626 3100 968 3155 melioribus
999 3101 1384 3165 vestimentis,
1409 3119 1522 3157 non
1557 3102 1993 3157 delicatioribus

345 3186 633 3251 cibis,non
668 3189 1033 3245 mollioribus
1068 3190 1643 3263 lectisterniis,quam
1682 3196 1870 3262 antea,
1888 3192 1996 3246 fuit

344 3282 674 3333 contentus.
706 3278 936 3350 Vigiliis
986 3297 1218 3351 quoque
1268 3286 1323 3334 et
1366 3260 1746 3352 orationibus,
1780 3260 1995 3352 quibus
2027 3260 2069 3327 (ἶ

348 3371 518 3422 antea
547 3366 1007 3439 solebat,prazsul
1032 3370 1219 3423 factus
1241 3370 1755 3440 persistebat.Nam
1782 3370 1994 3441 saepius

348 3458 501 3510 circa
552 3458 804 3511 mediam
839 3463 1065 3513 noctem
1098 3462 1215 3513 tam
1273 3458 1519 3513 latenter
1566 3459 1814 3513 delecto
1860 3475 1992 3513 sur-

344 3545 508 3611 rexit,
530 3550 596 3600 ut
622 3563 822 3601 eorum
857 3546 1090 3617 aliquis,
1113 3548 1212 3619 qui
1243 3564 1433 3602 coram
1474 3548 1597 3619 ipso
1629 3547 1998 3603 dormiebant

343 3651 473 3689 raro
504 3635 781 3702 sentiret;
817 3636 1159 3707 intransque
1190 3637 1247 3689 in
1280 3637 1603 3701 ecclesiam,
1636 3637 1719 3691 ita
1759 3638 1995 3691 obsera-

347 3723 429 3777 vit
461 3722 885 3795 illam,ut:quid
922 3725 1303 3797 intusjageret
1334 3725 1533 3779 nullus
1565 3726 1873 3780 hominum
1906 3726 1995 3779 in-

347 3812 620 3883 tellegere
650 3818 863 3885 posset.
900 3814 980 3867 Ibi
1016 3830 1150 3883 ergo
1185 3831 1369 3884 usque
1401 3815 1717 3868 matutinas
1748 3814 1996 3885 vigilans

346 3900 669 3970 permansit
699 3902 769 3956 ad
799 3901 1207 3956 horas.Finitis
1229 3919 1361 3957 vero
1392 3902 1999 3957 matutinalibus‘can-

350 3987 501 4053 ticis,
535 3988 585 4042 si
618 3991 877 4042 nondum
914 3988 1263 4057 lucescebat,
1297 4008 1400 4061 pro
1434 3991 1606 4046 lassis
1637 3992 1881 4046 artubus
1914 4008 1997 4045 re-

353 4077 974 4146 cuperandis,vestitus
998 4096 1204 4149 parum
1228 4080 1635 4151 dormiebat,et
1656 4081 1762 4135 hoc
1783 4085 1994 4149 totum,

353 4166 469 4217 acsi
503 4163 709 4219 fuisset
739 4165 797 4218 in
830 4165 1108 4234 claustro,
1139 4169 1344 4239 agebat
1373 4186 1507 4223 cum
1540 4169 1792 4224 silentio.
1825 4174 1995 4223 Cum-

349 4267 461 4323 que
480 4255 905 4309 neccessarium
928 4255 1165 4322 foret,ut
1179 4262 1307 4329 post
1325 4258 1573 4329 primam
1594 4259 1891 4331 loqueretu
1903 4277 1998 4313 r—

351 4341 515 4412 prius
559 4343 712 4397 enim
765 4342 997 4399 lectioni
1046 4347 1088 4379 ⁷⁸
1120 4347 1360 4402 vacabat
1408 4379 1494 4413 -—,
1539 4347 1791 4419 alloquio
1840 4365 1998 4403 com-

353 4432 518 4486 muni
549 4433 660 4487 fuit
705 4435 1103 4507 gratissimus,
1138 4441 1193 4491 et
1225 4438 1282 4490 in
1332 4438 1654 4493 tractandis
1688 4456 1753 4493 ac
1801 4438 1997 4509 dispo-

352 4522 561 4577 nendis
609 4524 784 4579 rebus
833 4525 1099 4580 acumine
1146 4526 1371 4581 consilii
1422 4526 1718 4598 providus.
1775 4529 1999 4591 Quanta

2099 1944 2438 2007 reverentia,
2476 1944 2696 1998 vanitas
2726 1942 2887 1997 nulla
2914 1942 2995 1996 ibi
3028 1942 3373 1996 habebatur.
3406 1944 3543 1996 Post
3578 1955 3743 1993 com-

2097 2031 2405 2102 pletorium
2440 2033 2498 2085 ni
2526 2032 2742 2087 orando
2777 2031 2920 2086 nihil
2946 2047 3185 2103 prorsus
3214 2027 3749 2101 loquebatur.Talis

2096 2121 2294 2191 itaque
2323 2125 2445 2176 erat
2475 2122 2525 2176 ei
2556 2121 2915 2176 consuetudo
2948 2119 3261 2175 cotidiana.
3767 2117 3771 2120 ’

2167 2212 2256 2264 23.
2294 2211 2449 2265 Inter
2494 2211 2612 2265 haec
2643 2210 2819 2266 etiam
2852 2209 3121 2282 egregius
3162 2213 3365 2281 pastor
3392 2209 3436 2243 το
3462 2224 3752 2279 pagenses

2100 2300 2575 2371 sacerdotes,qua
2603 2299 2830 2354 cautela
2858 2298 3137 2371 populum
3170 2298 3269 2354 Dei
3301 2296 3661 2369 haptizarent
3689 2300 3753 2350 et

2100 2390 2374 2443 docerent
2404 2388 2989 2460 subditos,sollicitus
3010 2387 3756 2459 investigavit;sacramen-

2100 2477 2239 2532 talia
2275 2494 2431 2544 vasa,
2468 2477 2731 2534 missalia
2774 2478 3142 2544 vestimenta,
3179 2476 3380 2543 libros,
3411 2473 3754 2530 chrismatis

2101 2568 2561 2623 observationem
2594 2567 2753 2638 quali
2777 2571 3094 2622 tractarent
3115 2562 3707 2636 industria,disquirit
3734 2580 3750 2618 :

2102 2661 2155 2711 et
2189 2674 2302 2727 prae
2329 2657 2628 2727 omnibus,
2659 2661 2723 2711 ut
2753 2657 3080 2712 castitatem
3123 2657 3524 2728 sequerentur,
3558 2651 3755 2707 milies

2101 2744 2926 2818 inculcavit,subjungensque
2959 2746 3110 2803 inter
3138 2750 3330 2801 cetera
3359 2741 3505 2798 dixit
3540 2758 3598 2796 ει(
3618 2739 3758 2806 Qui-

2101 2836 2235 2889 dam
2270 2835 2352 2889 ita
2379 2835 2684 2890 diabolicis
2719 2835 3000 2890 falluntur
3043 2833 3500 2907 deceptionibus,
3534 2835 3598 2885 ut
3628 2846 3758 2885 cre-

2102 2924 2540 2995 dant,quamvis
2573 2925 2630 2978 in
2666 2925 2915 2994 peccatis
2937 2923 3365 2995 jaceant,illius
3397 2920 3758 2976 sacrosancti

2103 3012 2215 3068 cibi
2248 3030 2314 3067 ac
2345 3018 2516 3084 potus
2548 3014 2918 3085 perceptione
2947 3031 3009 3069 se
3040 3012 3430 3086 purgandos.»
3467 3010 3763 3065 Testimo-

2104 3102 2268 3156 nium
2303 3118 2531 3173 quoque
2562 3102 2757 3158 intulit
2786 3103 3192 3175 propheticum
3233 3101 3432 3156 dicens
3465 3115 3478 3153 ε
3513 3099 3759 3153 Dilectus

2104 3207 2257 3246 meus
2288 3193 2346 3245 in
2376 3192 2532 3246 domo
2562 3208 2689 3247 mea
2719 3193 2863 3247 male
2891 3195 3138 3263 operatus
3167 3199 3243 3247 est
3260 3207 3281 3252 ;
3308 3187 3579 3259 numquid
3625 3203 3760 3241 car-

2105 3297 2202 3335 nes
2231 3289 2438 3335 sancta:
2468 3281 2817 3336 mundabunt
2843 3280 3013 3336 eum?
3045 3282 3175 3353 (Jer.
3207 3298 3285 3346 x1,
3320 3279 3447 3349 15);
3480 3282 3534 3333 et
3565 3275 3710 3330 illud
3741 3293 3757 3329 :

2106 3370 2439 3442 Operiebatis
2488 3371 2734 3425 lacrimis
2762 3370 2941 3426 altare
2982 3386 3186 3440 meum,
3218 3370 3297 3423 ait
3346 3368 3629 3433 Dominus,
3660 3364 3763 3419 sed

2104 3475 2213 3515 non
2261 3461 2555 3530 respiciam
2582 3460 2655 3514 ad
2702 3461 3054 3531 sacriﬁcium,
3096 3475 3195 3515 nec
3219 3458 3488 3527 accipiam
3530 3453 3663 3527 quid
3691 3453 3763 3508 de

2105 3566 2275 3603 manu
2324 3553 2501 3604 vestra
2532 3550 2780 3620 (Malach.
2823 3567 2885 3619 ιι,
2938 3550 3044 3620 13).
3078 3546 3419 3619 «Quisquis
3467 3544 3647 3616 igitur
3693 3543 3758 3597 in

2107 3639 2378 3693 sordibus
2409 3640 2619 3705 est,det
2647 3638 2925 3694 honorem
2959 3637 3071 3693 Deo
3101 3642 3157 3692 et
3186 3653 3299 3692 non
3334 3635 3651 3706 praesumat
3681 3631 3755 3685 ad

2107 3729 2234 3797 ejus
2258 3733 2691 3782 sacramentum
2711 3728 3084 3799 impudenter
3105 3725 3585 3792 accedere,donec
3607 3720 3763 3776 lavet

2106 3832 2209 3886 per
2240 3815 2635 3887 paenitentiam
2672 3816 2933 3871 maculas
2960 3815 3372 3870 immunditiis.
3408 3836 3430 3864 ι

2178 3906 2267 3959 24.
2301 3905 2420 3959 Sub
2453 3905 2716 3976 ejusdem
2752 3905 2934 3961 sancti
2970 3903 3237 3976 praesulis
3269 3900 3633 3974 temporibus
3663 3915 3763 3954 ac-

2109 3993 2249 4049 cidit
2278 3993 2484 4060 ut,v,ini
2519 3993 3030 4065 penuria,quidam
3060 4009 3197 4048 cum
3227 4008 3379 4064 aqua
3398 3989 3486 4046 vel
3510 3988 3639 4045 aliis
3662 4004 3764 4061 po-

2107 4088 2277 4138 tuum
2309 4082 2620 4155 generibus
2642 4084 2957 4138 missarum
2979 4081 3339 4138 celebrarent
3368 4082 3759 4136 sacramenta.

2107 4172 2267 4235 Quod
2301 4172 2389 4225 vir
2419 4170 2519 4225 Dei
2567 4171 2949 4243 comperiens,
2982 4175 3212 4226 tantum
3244 4169 3447 4225 effudit
3488 4166 3764 4222 lacrima-

2109 4278 2239 4315 rum
2290 4260 2559 4330 imbrem,
2591 4268 2655 4315 ut
2692 4262 3025 4317 crederetur
3072 4259 3163 4315 sui
3194 4258 3453 4331 corporis
3493 4256 3764 4313 amittere

2110 4350 2472 4422 sospitatem.
2505 4350 2649 4404 Cum
2679 4354 2874 4404 autem
2906 4348 3094 4404 acutis
3134 4349 3447 4403 verborum
3478 4346 3763 4416 redargu-

2110 4440 2370 4496 tionibus
2401 4456 2498 4494 eos
2529 4439 2629 4510 qui
2660 4439 2798 4494 talia
2829 4438 3262 4509 praesumebant
3298 4436 3515 4504 feriret,
3544 4438 3602 4491 et
3630 4432 3764 4488 illo-

2110 4546 2241 4584 rum
2296 4529 2689 4597 defensiones,
2722 4528 2859 4584 licet
2906 4528 3131 4599 inanes,
3165 4529 3318 4600 quod
3351 4544 3469 4584 non
3519 4529 3766 4599 possent
3806 4604 3809 4605 ν

352 4611 526 4667 etiam
561 4613 961 4670 observatione
1008 4616 1265 4686 corporis
1297 4620 1352 4670 et
1381 4616 1687 4686 sanguinis
1717 4616 1993 4671 dominici
2024 4625 2071 4688 Ι)
2106 4618 2409 4691 acquirere
2459 4617 2684 4685 vinum,
2718 4618 2965 4687 audiret,
3000 4635 3134 4674 mox
3176 4633 3380 4673 omnes
3410 4615 3533 4671 vitii
3582 4614 3765 4685 hujus

355 4709 721 4758 sacramenta
769 4703 1161 4775 celebraverit,
1211 4706 1566 4776 quantisque
1627 4706 1899 4778 suspiriis
1948 4716 2003 4765 et

352 4790 611 4845 lacrimis
646 4809 747 4861 per
777 4794 1047 4861 spiritum
1081 4795 1536 4849 contribulatum
1560 4813 1793 4852 summo
1818 4816 2001 4854 sacer-

355 4880 471 4934 doti
508 4898 569 4935 se
603 4883 1349 4954 mactaverit,iimpossibile
1380 4886 1549 4940 nobis
1580 4891 1669 4941 est
1700 4887 1999 4958 replicare.

354 4968 527 5023 Porro
561 4969 889 5024 reicetionis
919 4975 1178 5042 tempore
1210 4990 1321 5028 non
1358 4975 1545 5030 solum
1579 4992 1660 5045 se,
1695 4977 1792 5031 sed
1827 4976 2001 5031 etiam

352 5057 740 5126 convivantes,
776 5074 846 5111 ne
875 5076 936 5113 se
970 5076 1072 5130 per
1103 5062 1501 5118 tcmulentiam
1545 5064 1997 5137 ingurgitarent,

352 5146 731 5213 observabat;
767 5146 1092 5217 ceterisque
1123 5148 1285 5202 avide
1328 5151 1841 5218 manducantibus,
1876 5152 2000 5223 ipse

351 5235 584 5305 parcius
625 5235 921 5307 gustabat,
954 5235 1264 5291 intendens
1314 5238 1501 5310 magis
1534 5239 1789 5309 lectioni,
1822 5258 1998 5312 quam

2114 4708 2450 4764 occasiones
2480 4706 2731 4763 abscidit
2758 4707 2867 4762 hoc
2898 4706 3377 4779 modo.Pra3cepit
3406 4718 3682 4775 namque,
3701 4706 3772 4757 ut

2112 4815 2215 4870 per
2244 4797 2508 4870 singulos
2556 4812 2789 4851 menses
2821 4797 2888 4850 12
2914 4795 3236 4869 presbyteri
3284 4794 3566 4864 venirent,
3602 4797 3661 4848 et
3689 4792 3766 4846 de

2113 4886 2345 4942 cellario
2378 4902 2483 4941 suo
2511 4885 2713 4940 vinum
2762 4885 3092 4957 acciperent
3120 4884 3373 4956 aliisque
3414 4882 3763 4939 dividerent.

2112 4977 2291 5046 Cujus
2337 4974 2647 5030 caritativae
2694 4973 3095 5029 distributioni
3144 4972 3556 5029 convenienter
3597 4975 3769 5044 apta-

2110 5069 2208 5119 tur
2235 5063 2333 5119 ille
2365 5062 2684 5135 psalmistae
2713 5061 3037 5118 versiculus
3069 5077 3082 5117 :
3117 5063 3406 5132 Dispersit,
3438 5059 3585 5116 dedit
3608 5074 3765 5131 pau-

2107 5154 2607 5225 pueribusd'ustitia
2636 5153 2755 5223 ejus
2781 5155 2968 5208 manet
2996 5153 3057 5207 in
3088 5152 3355 5209 saeculum
3381 5148 3765 5221 saeculﬂPaal.

2112 5258 2222 5312 cxx,
2253 5242 2329 5313 9).

1700 5365 1945 5423 VARIE
1981 5366 2388 5425 LECTIONES.

417 5460 459 5495 ⁷⁷
490 5461 654 5543 Tunc
682 5465 737 5516 2.
815 5462 857 5495 ⁷⁸
887 5459 1214 5529 lectione2.
1291 5462 1335 5496 7°
1363 5461 1505 5518 deest
1535 5464 1588 5517 2.

1930 5591 2167 5650 NOTAE.

419 5702 530 5778 (74)
559 5701 776 5776 Tagino
807 5705 1011 5777 postea
1039 5702 1387 5779 archiepisc.
1419 5706 1686 5780 Magdeb.
1719 5706 1909 5767 factus
1938 5712 2069 5784 est;
2107 5710 2429 5771 Thietmar.
2461 5726 2519 5781 v,
2547 5708 2638 5765 25.
