4030 6186
222 4396 236 4518 1

226 4523 234 4585 ἰ

230 4591 242 4770 ἱ

232 4820 236 4888 l

335 373 428 437 H3

1573 380 1760 444 VITA
1807 379 1871 442 S.
1918 376 2422 444 WOLFKANGI.

3525 462 3538 472 κ
3584 380 3702 441 414

390 510 465 566 25.
495 510 632 566 Cum
664 509 845 584 igitur
874 510 1198 585 spiritualis
1230 518 1426 587 pastor
1456 514 1557 570 tali
1601 531 1777 587 super
1807 529 1936 587 gre-
1968 513 2021 579 Α
2052 513 2228 569 cisset
2257 512 2650 586 interrogavit.
2684 515 2912 587 Pauper
2951 529 3085 572 vero
3119 513 3566 581 tremebundus,
3604 519 3698 570 ut-

337 617 439 676 gem
461 600 560 656 sibi
579 602 966 657 commissum
992 604 1256 659 custodia
1277 605 1626 677 vigilaret,in
1649 621 1747 659 eos
1769 604 1942 659 etiam

339 691 413 763 qui
433 692 529 746 sub
547 691 800 746 aliorum
821 692 1133 762 prazsulum
1155 694 1338 748 tutela
1359 697 1608 760 fuerant,
1626 694 1948 749 misericor-

337 781 418 836 die
442 779 656 834 iiscera
685 779 1014 834 exhibebat.
1042 782 1098 836 Si
1134 783 1290 837 enim
1324 802 1357 838 a
1389 801 1683 855 quoquam
1711 783 1944 837 illorum

335 869 654 924 indicaretur
683 869 815 940 sibi,
851 871 1004 941 quod
1038 869 1274 943 aliquod
1309 873 1396 927 vel
1431 873 1489 927 in
1523 873 1733 928 divinis
1764 873 1853 927 vel
1886 872 1945 926 in

333 957 571 1014 humanis
603 958 779 1013 rebus
812 965 1110 1031 pateretur
1139 961 1538 1033 dispendium,
1570 980 1682 1017 non
1715 962 1884 1017 aliter
1903 962 1947 995 ⁸ο

334 1066 470 1122 quam
489 1048 586 1120 qui
607 1048 1239 1114 sustinuitcondolens,
1254 1053 1445 1106 verbis
1464 1058 1519 1106 et
1539 1053 1710 1106 rebus
1730 1053 1948 1122 impen-

333 1139 470 1194 debat
488 1137 790 1193 auxilium.
813 1139 932 1202 Qua
954 1140 1025 1194 de
1047 1157 1106 1194 re
1127 1140 1516 1197 familiaribus
1541 1142 1664 1196 suis
1686 1142 1949 1213 frequen-

332 1233 400 1284 ter
431 1226 872 1282 mussitantibus
902 1229 944 1263 ει
1002 1246 1106 1283 cur
1155 1229 1236 1284 ita
1285 1231 1517 1295 faceret,
1552 1230 1690 1301 quia
1733 1247 1946 1285 unum-

332 1333 591 1390 quemque
648 1333 792 1372 suus
845 1323 1035 1373 rector
1088 1319 1386 1386 providere
1435 1319 1752 1384 debuisset,
1787 1319 1948 1374 dedit

329 1422 644 1478 responsum
667 1406 896 1462 dicens:
925 1431 944 1455 α
970 1407 1299 1464 Elemosina
1313 1409 1575 1464 Graecum
1598 1414 1686 1465 est
1705 1411 1946 1464 vocabu-

327 1496 445 1560 lum,
468 1496 619 1567 apud
653 1513 762 1552 nos
793 1500 988 1551 autem
1022 1497 1438 1568 interpretatur
1467 1514 1600 1570 opus
1628 1499 1947 1553 misericor-

324 1586 428 1642 diae.
447 1585 653 1641 Omnia
676 1586 893 1657 quippe
914 1587 1070 1641 bona
1095 1603 1290 1658 opera,
1310 1605 1436 1658 quae
1460 1587 1518 1641 in
1548 1587 1653 1641 hac
1676 1589 1943 1659 praesenti

323 1676 418 1730 vita
434 1675 651 1747 quique
676 1674 877 1730 fideles
900 1681 1236 1747 operantur,
1260 1677 1366 1731 hoc
1391 1694 1505 1732 uno
1530 1677 1766 1732 nomine
1789 1694 1946 1731 com-

323 1765 670 1837 paginantur.
704 1764 1122 1820 Convenienter
1152 1765 1308 1820 enim
1341 1783 1488 1838 opus
1534 1766 1946 1821 misericordiae

2055 608 2186 676 pote
2213 607 2480 658 metuens
2500 605 2544 638 ⁸³
2571 604 2755 675 poenis
2779 605 3007 676 magnis
3032 605 3341 676 implicari,
3367 604 3697 660 indumenti

2057 693 2313 764 inopiam
2346 710 2406 748 se
2438 699 2683 765 questus
2714 699 2802 748 est
2832 694 2948 766 pati
2976 713 2988 760 ;
3023 695 3246 765 hocque
3278 696 3544 750 nuditate
3573 711 3704 766 pro-

2055 783 2231 838 bavit.
2263 784 2424 838 Tunc
2453 784 2541 837 vir
2573 784 2666 837 Dei
2712 800 2811 854 per
2839 784 3060 838 viscera
3094 784 3502 839 misericordiae
3535 801 3702 840 com-

2057 878 2270 940 motus,
2300 873 2632 928 omnimodo
2657 873 2953 927 excusavit
2979 890 3112 927 eum
3145 873 3344 928 dicens
3372 891 3383 927 :
3424 897 3443 922 «ι
3471 874 3529 930 Si
3555 875 3701 930 bene

2054 962 2299 1017 vestitus
2332 962 2555 1028 fuisset,
2590 978 2959 1032 nequaquam
3016 961 3124 1016 hoc
3173 962 3393 1016 furtum
3445 962 3695 1017 fecisset.

2057 1051 2416 1123 Quapropter
2439 1068 2507 1106 ex
2529 1057 2727 1106 nostra
2752 1051 3175 1116 munificentia,
3203 1050 3337 1104 licet
3365 1051 3578 1115 serius,
3604 1068 3700 1106 ac-

2057 1141 2231 1211 cipiat
2261 1141 2644 1203 vestimenta;
2679 1146 2734 1195 et
2764 1140 2812 1196 si
2834 1140 3080 1195 ulterius
3101 1157 3233 1196 cum
3264 1144 3452 1194 vestes
3485 1155 3699 1210 suppe-

2057 1236 2192 1285 tunt
2213 1230 2326 1284 tale
2351 1231 2488 1301 quid
2514 1231 2950 1302 perpetraverit,
2972 1235 3112 1284 tunc
3136 1231 3373 1284 demum
3396 1229 3522 1284 luat
3542 1245 3701 1284 com-

2058 1320 2259 1375 missa.
2289 1343 2315 1368 »
2349 1321 2571 1384 Quibus
2596 1321 2786 1388 dictis,
2805 1337 2918 1374 non
2947 1319 3135 1375 solum
3160 1318 3518 1374 iracundiam
3545 1334 3710 1374 accu-

2058 1409 2316 1463 santium
2349 1409 2655 1480 mitigavit,
2689 1425 2889 1463 verum
2922 1414 3096 1463 etiam
3136 1408 3364 1464 animos
3395 1424 3597 1463 eorum
3632 1408 3703 1462 ad

2057 1497 2399 1570 elemosynae
2431 1497 2762 1570 largitatem
2796 1497 3143 1569 provocavit.

2127 1587 2216 1640 28.
2247 1586 2454 1657 Aliquo
2487 1587 2658 1642 modo
2683 1589 2808 1656 jam
2833 1587 3055 1641 dictum
3087 1591 3176 1652 est
3205 1590 3435 1657 quantas
3472 1586 3706 1658 pietatis

2056 1679 2112 1730 et
2127 1692 2252 1729 com
2265 1676 2554 1747 passionis
2573 1681 2812 1731 sanctus
2831 1676 2942 1731 iste
2958 1676 3162 1742 fuerit;
3188 1693 3343 1731 nunc
3360 1675 3551 1730 verbis
3569 1677 3707 1731 sub-

2057 1766 2439 1836 sequentibus
2470 1770 2824 1836 agnoscatur
2869 1782 3046 1837 quam
3099 1765 3450 1836 perspicacis
3483 1765 3705 1837 ingenii

323 1859 541 1919 exercet,
564 1853 666 1926 qui
698 1853 888 1925 primo
920 1854 1304 1927 semetipsum
1337 1861 1393 1910 et
1423 1855 1568 1910 alios
1599 1856 1712 1910 sibi
1744 1856 1946 1925 subje-
1982 1890 2026 1954 Β
2059 1855 2205 1910 foret
2241 1860 2442 1910 contra
2471 1854 2783 1910 hereticam
2833 1855 3196 1926 pravitatem.
3231 1855 3374 1909 Nam
3431 1854 3584 1909 sicut
3630 1855 3702 1910 ab

320 1948 425 1999 ctos
469 1944 527 1997 in
579 1943 853 2009 Domino,
895 1943 1106 2015 placita
1155 1945 1589 2000 conversatione
1643 1963 1757 2000 non
1809 1945 1952 2000 sinit

324 2049 489 2104 egere,
515 2032 746 2096 deinde,
775 2032 926 2087 sicut
957 2033 1037 2087 ait
1065 2034 1379 2104 Apostolus
1404 2051 1416 2087 :
1451 2035 1592 2088 Dum
1622 2041 1834 2105 tempus
1861 2035 1954 2088 ha-

324 2123 513 2186 bemus,
537 2137 825 2192 operemur
845 2122 1044 2176 benam
1073 2123 1143 2177 ad
1171 2139 1356 2178 omnes
1390 2123 1531 2192 (Gal.
1556 2141 1633 2194 v1,
1670 2124 1777 2194 10),
1813 2141 1950 2180 suos

325 2227 423 2266 non
454 2215 642 2266 cessat
674 2211 968 2282 proximos
999 2212 1294 2282 adjuvare.
1333 2234 1360 2259 ››

380 2300 461 2354 2%.
493 2299 756 2363 Quodam
781 2304 1040 2371 tempore
1063 2317 1196 2354 cum
1224 2300 1395 2356 famis
1417 2301 1702 2356 acerbitas
1735 2301 1951 2356 multos

326 2389 582 2444 mortales
602 2388 922 2460 perimeret
944 2394 1000 2444 et
1022 2393 1259 2462 propter
1279 2390 1429 2444 hanc
1452 2391 1854 2445 necessitatem
1869 2391 1955 2444 in-

318 2479 472 2533 finita
492 2477 695 2550 populi
718 2479 892 2533 turba
918 2479 987 2533 ad
1013 2478 1246 2534 beatum
1259 2479 1684 2550 \Volfkangum
1709 2478 1948 2546 veniret,

311 2565 403 2621 ille
446 2568 780 2622 convocatis
830 2567 1159 2638 praepositis
1200 2568 1403 2638 jussit,
1437 2572 1503 2622 ut
1534 2567 1850 2638 unicuique
1881 2569 1952 2622 de

309 2654 638 2728 longinquis
673 2656 1014 2727 regionibus
1042 2656 1296 2712 venienti
1330 2662 1614 2728 quantum
1645 2656 1819 2712 vellet
1849 2659 1950 2712 da-

305 2751 444 2812 rent,
468 2763 536 2800 eo
566 2749 768 2800 tamen
803 2750 1028 2816 tenore,
1056 2751 1120 2800 ut
1151 2763 1282 2800 cum
1316 2747 1557 2801 domum
1586 2747 1948 2818 repedarent,

302 2833 599 2889 dimidiam
624 2833 815 2906 ipsius
838 2851 1082 2890 annonae
1102 2841 1328 2906 partem
1361 2835 1717 2907 pauperibus
1749 2852 1952 2906 eroga-

300 2929 456 2990 rent;
490 2924 775 2996 ipsosque
798 2923 1254 2995 dispensatores,
1279 2941 1351 2980 ne
1377 2941 1621 2980 munera
1647 2942 1824 2996 super
1846 2925 1952 2981 hac

299 3014 628 3084 erogatione
650 3013 1002 3085 acciperent,
1021 3014 1335 3070 artissimis
1360 3014 1955 3086 obligavitjuramen-

297 3101 387 3156 tis.
424 3102 691 3174 Cumque
740 3104 797 3157 in
848 3103 1051 3158 eadem
1103 3104 1275 3158 famis
1326 3108 1672 3175 tempestate
1713 3105 1950 3175 quidam

297 3192 710 3263 negotiatores,
749 3193 1052 3247 coemendi
1083 3209 1263 3248 causa
1301 3193 1600 3261 frumenti,
1637 3209 1766 3247 cum
1824 3209 1949 3248 car-

2062 1943 2226 1999 initio
2249 1945 2541 1999 nascentis
2559 1944 2821 2000 Ecclesiae
2844 1961 2959 1999 non
2981 1945 3312 2009 defuerunt,
3333 1960 3435 2014 per
3454 1960 3704 2015 quorum

2061 2051 2126 2089 os
2145 2033 2438 2105 malignus
2461 2034 2645 2090 hostis
2660 2037 2859 2089 contra
2879 2034 3052 2089 fidem
3071 2033 3420 2088 catholicam
3443 2032 3708 2087 latrando

2062 2121 2291 2178 locutus
2321 2127 2410 2178 est
2438 2123 2776 2192 vanitatem,
2809 2123 2892 2177 sic
2924 2123 3038 2177 Deo
3068 2123 3414 2194 disponente
3458 2138 3572 2177 non
3605 2122 3705 2176 de-

2061 2213 2296 2267 fuerunt
2319 2213 2694 2268 defendentes
2719 2211 2852 2267 fidei
2875 2217 3088 2266 sanctae
3112 2212 3434 2266 veritatem.
3459 2211 3708 2274 Quidam

2060 2299 2240 2370 igitur
2269 2299 2559 2355 hereticus
2591 2301 3030 2354 Andabatarum
3071 2315 3230 2354 more
3261 2300 3414 2370 quod
3447 2299 3702 2354 Verbum

2062 2405 2192 2444 caro
2216 2390 2432 2444 factum
2455 2393 2542 2444 est
2561 2406 2929 2461 oppugnans,
2951 2388 3127 2444 dixit:
3155 2411 3180 2438 «
3208 2389 3265 2444 Si
3290 2389 3570 2455 Verbum,
3592 2406 3706 2444 non

2061 2484 2148 2533 est
2180 2479 2433 2544 factum;
2471 2483 2571 2533 aut
2601 2479 2650 2533 si
2678 2479 2916 2546 factum,
2942 2495 3055 2533 non
3089 2482 3178 2533 est
3196 2477 3472 2532 Verbum.
3502 2499 3529 2527 »
3559 2478 3705 2532 Cum

2063 2572 2254 2622 autem
2307 2569 2416 2622 hoc
2461 2567 2644 2622 multa
2675 2568 2966 2621 intonaret
2995 2566 3344 2637 eloquentia,
3377 2567 3589 2622 accidit
3641 2571 3707 2622 ut

2061 2661 2301 2712 sanctus
2321 2655 2713 2728 Wolf‘kangus
2740 2655 2839 2710 illo
2873 2655 3189 2721 adveniret,
3215 2660 3271 2710 et
3301 2673 3334 2710 a
3363 2656 3584 2711 Caesare
3609 2658 3707 2710 Ot-

2060 2751 2194 2801 tone
2216 2750 2518 2816 rogaretur
2541 2747 2759 2800 talibus
2782 2745 3152 2816 respondere.
3176 2747 3248 2799 At
3270 2743 3384 2813 ille,
3415 2744 3567 2799 sicut
3586 2749 3711 2800 erat

2061 2834 2119 2889 in
2149 2835 2358 2905 spiritu
2381 2833 2767 2889 humilitatis:
2799 2857 2825 2883 «
2857 2833 3162 2903 Quoniam,
3184 2832 3396 2904 inquit,
3422 2833 3479 2887 in
3504 2833 3709 2888 habitu

2063 2941 2270 2980 sumus
2290 2924 2654 2989 monachico,
2669 2925 3016 2978 contendere
3035 2940 3147 2977 non
3168 2922 3320 2977 licet.
3344 2945 3371 2971 ››
3389 2922 3510 2986 Quo
3529 2923 3707 2989 dicto,

2062 3012 2159 3067 ille
2195 3013 2503 3079 hereticus,
2529 3012 2901 3068 contumacia
2923 3013 3150 3083 plenus,
3175 3011 3406 3066 iteravit
3436 3011 3710 3083 prmdicta

2060 3102 2256 3157 verba.
2289 3102 2546 3156 Tandem
2579 3101 2792 3157 Christi
2837 3105 3234 3172 propugnator
3287 3106 3524 3156 coactus
3578 3102 3660 3156 ait
3695 3119 3708 3156 :

2065 3192 2261 3255 «Quia
2288 3209 2401 3246 non
2431 3209 2532 3262 per
2555 3191 2944 3262 spiritualem,
2966 3192 3063 3246 sed
3093 3208 3196 3262 per
3216 3192 3507 3246 carnalem
3534 3192 3712 3246 medi-

298 3261 485 3349 pentis
509 3261 1046 3352 praeterissent,ubi
1067 3286 1306 3336 sanctus
1325 3281 1540 3353 praesul
1564 3282 1946 3337 mansitabat:
1982 3261 2024 3328 (ἶ
2063 3282 2285 3337 candus
2331 3297 2392 3335 es
2436 3261 2788 3350 antidotum,
2822 3280 2914 3334 dic
2947 3261 3196 3350 quidsit
3225 3280 3491 3334 accidens.
3529 3302 3556 3328 »
3613 3279 3712 3334 Ille

297 3384 425 3423 mox
456 3370 894 3440 comperientes
925 3369 1142 3426 ibidem
1175 3387 1303 3426 esse
1335 3371 1584 3425 eundem
1620 3371 1950 3442 praesulem,

299 3458 568 3528 speciosa
600 3458 898 3530 elegerunt
944 3476 1101 3528 vasa,
1137 3476 1270 3514 cum
1324 3460 1540 3531 quibus
1590 3460 1952 3531 propinando

303 3547 694 3614 ministratur,
721 3553 775 3602 et
805 3566 907 3620 pro
930 3548 1222 3603 oblatione
1249 3550 1300 3603 ei
1334 3550 1641 3602 miserunt.
1670 3548 1766 3603 Ille
1795 3565 1952 3614 vero,

307 3634 446 3689 sicut
469 3641 596 3691 erat
622 3636 752 3691 lzeto
782 3637 967 3704 vultu,
998 3637 1233 3692 vascula
1255 3638 1499 3708 'quidem
1533 3637 1828 3708 suscipere
1851 3639 1952 3708 ju-

307 3720 489 3788 bebat,
527 3726 626 3779 sed
659 3725 807 3780 cibis
847 3732 901 3780 et
951 3725 1191 3798 potibus
1223 3727 1435 3781 referta
1465 3743 1596 3780 cum
1629 3727 1953 3796 gratiarum

314 3809 526 3866 actione
549 3812 906 3867 remittebat.
933 3813 1147 3870 Deinde
1170 3813 1398 3869 triticea
1421 3813 1727 3885 largitione
1749 3832 1952 3870 conso—

314 3892 452 3953 latos
475 3916 541 3955 ea
566 3918 682 3973 qua
707 3903 983 3974 superius
1011 3903 1231 3958 dictum
1260 3908 1350 3958 est
1372 3902 1614 3973 ratione,
1639 3905 1955 3975 gaudentes

318 3985 649 4045 remittebat.

382 4075 464 4130 27.
497 4082 568 4134 Ut
598 4084 795 4134 autem
829 4080 1018 4135 sancti
1051 4081 1320 4153 praesulis
1349 4084 1538 4153 major
1569 4083 1761 4139 adhuc
1790 4083 1953 4138 beni-

321 4164 500 4233 gnitas
532 4168 804 4242 cognosci
837 4175 1032 4240 queat,
1067 4188 1251 4225 unum
1283 4173 1411 4243 ejus
1442 4172 1819 4228 memorabile
1869 4174 1955 4227 fa-

322 4256 466 4310 ctum
500 4260 752 4329 patefiat.
789 4259 1076 4324 Quoniam
1110 4276 1246 4332 ergo
1278 4277 1512 4332 semper
1555 4279 1842 4335 pauperes
1894 4263 1955 4316 in

323 4341 435 4410 ejus
472 4347 765 4403 vicinitate
796 4350 1334 4417 commorabantur,
1367 4368 1524 4405 unus
1554 4367 1754 4407 eorum
1786 4351 1956 4405 cubi-

325 4430 503 4490 culum
528 4436 778 4507 intrans,
807 4439 880 4493 de
910 4439 1134 4493 cortina
1156 4456 1283 4510 qua;
1315 4441 1608 4510 pendebat
1637 4441 1707 4495 ad
1739 4440 1954 4494 lectum

327 4519 441 4587 ejus
461 4530 679 4594 partem
707 4526 1018 4582 abscidens
1054 4545 1168 4582 non
1200 4545 1460 4599 parvam,
1487 4529 1832 4584 festinanter
1852 4546 1954 4583 au-

2061 3387 2196 3427 vero
2230 3369 2483 3424 multum
2517 3373 2855 3440 arroganter
2888 3386 2900 3424 :
2957 3391 2984 3417 «
3019 3367 3306 3421 Accidens
3350 3373 3459 3432 est,
3495 3367 3707 3438 inquit,

2063 3459 2217 3530 quod
2240 3459 2404 3514 adest
2431 3461 2488 3512 et
2509 3458 2674 3511 abest
2697 3460 2900 3527 praeter
2921 3455 3169 3526 subjecti
3197 3455 3653 3526 corruptionem.
3683 3477 3710 3503 ››

2064 3549 2436 3618 Rursumque
2460 3546 2668 3618 praesul
2693 3562 2706 3600 :
2743 3569 2768 3595 «
2796 3549 2948 3612 Quot
2975 3545 3295 3600 formarum
3319 3544 3395 3600 sit
3416 3543 3707 3610 accidens,

2063 3637 2295 3694 edicito.
2331 3659 2356 3684 »
2386 3635 2575 3691 Atille
2603 3635 3048 3708 protinus,sicut
3073 3633 3494 3701 credimus,l)ei
3521 3633 3710 3688 omni-

2064 3727 2316 3799 potentis
2339 3727 2645 3781 confossus
2667 3724 2900 3795 sagitta,
2927 3723 3229 3779 conticuit.
3251 3722 3582 3794 Theologus
3604 3738 3711 3776 au-

2064 3820 2181 3871 tem
2207 3833 2239 3870 a
2261 3815 2483 3870 Caesare
2506 3814 2680 3869 simul
2703 3819 2760 3868 et
2789 3813 2860 3868 ab
2884 3811 3015 3868 aliis
3037 3812 3412 3883 efflagitatus,
3436 3811 3704 3882 quamvis

2065 3904 2317 3960 multum
2343 3905 2617 3967 renuerit,
2645 3921 2746 3975 pro
2768 3919 2834 3958 eo
2857 3903 3008 3973 quod
3038 3905 3161 3956 erat
3180 3899 3565 3972 impeditioris
3597 3899 3707 3954 lin-

2063 4011 2210 4066 guae,
2227 3994 2521 4049 succincte
2541 3993 2848 4048 disseruit:
2869 4014 2894 4041 «
2917 3991 3202 4046 Accidens
3223 3989 3556 4061 est,inquit,
3571 4005 3710 4060 qua-

2064 4083 2344 4138 driforme
2379 4100 2391 4137 :
2443 4099 2626 4137 unum
2678 4082 2832 4153 quod
2866 4097 2970 4135 nec
3002 4080 3212 4135 accidit
3241 4095 3347 4133 nec
3377 4079 3612 4144 recedit,
3647 4081 3714 4132 ut

2065 4171 2249 4227 acilus
2270 4176 2327 4225 et
2347 4171 2534 4225 simus
2557 4189 2570 4237 ;
2596 4169 2753 4225 aliud
2777 4170 2932 4241 quod
2957 4169 3167 4225 accidit
3187 4172 3244 4223 et
3263 4167 3500 4231 recedit,
3524 4171 3590 4222 ut
3618 4183 3710 4221 sa-

2064 4261 2274 4314 turitas
2296 4265 2352 4314 et
2372 4260 2680 4325 dormitio;
2715 4259 2952 4314 tertium
2976 4258 3132 4330 quod
3167 4273 3278 4312 non
3303 4255 3512 4311 accidit
3539 4260 3595 4310 et
3623 4259 3710 4309 ta-

2066 4367 2199 4405 men
2230 4350 2468 4419 recedit,
2493 4355 2557 4403 ut
2589 4349 2835 4403 infantia
2856 4353 2913 4403 et
2941 4347 3226 4417 pueritia;
3258 4351 3532 4417 quartum
3556 4346 3710 4416 quod

2065 4439 2276 4494 accidit
2307 4444 2365 4493 et
2395 4456 2508 4494 non
2542 4438 2778 4508 recedit,
2813 4442 2876 4491 ut
2906 4441 3177 4492 senectus
3207 4441 3264 4490 et
3295 4434 3555 4490 canities.
3594 4435 3710 4488 Hac

2065 4544 2200 4600 ergo
2233 4527 2619 4584 similitudine
2651 4527 2852 4591 Filius,
2876 4525 2976 4596 qui
3008 4529 3097 4580 est
3124 4524 3306 4578 virtus
3337 4527 3394 4578 et
3423 4521 3712 4593 sapientia

327 4607 474 4698 fugit.
512 4613 669 4670 Unus
720 4620 919 4671 autem
969 4617 1040 4670 de
1089 4615 1394 4688 inquilinis
1434 4619 1588 4688 quod
1623 4619 1841 4672 factum
1873 4622 1961 4672 est
1989 4634 2036 4698 D
2068 4618 2166 4672 Dei
2202 4617 2408 4682 Patris,
2442 4618 2534 4671 cui
2569 4616 2714 4670 nihil
2740 4613 3125 4686 impossibile,
3160 4630 3262 4684 pro
3294 4611 3710 4698 redemptionis

326 4696 531 4767 videns,
553 4705 911 4776 pedetentim
945 4709 1184 4760 secutus
1214 4709 1302 4760 est
1332 4722 1520 4775 reum,
1543 4711 1602 4762 et
1632 4707 1957 4778 apprehen-

329 4783 472 4858 dens,
487 4792 624 4862 quia
649 4792 946 4865 ﬂagellare
971 4810 1088 4848 non
1117 4811 1297 4849 ausus
1323 4799 1432 4864 est,
1453 4795 1622 4850 illum
1647 4796 1816 4852 beato
1836 4796 1957 4851 viro

327 4882 700 4944 presentavit.
735 4881 856 4946 Quo
888 4883 1059 4953 facto,
1093 4883 1566 4952 circumstantes,
1602 4889 1668 4940 ut
1698 4885 1796 4940 ille
1825 4903 1959 4941 reus

317 4962 453 5022 diris
471 4971 861 5042 castigaretur
879 4972 1240 5040 verberibus,
1253 4973 1570 5044 ﬂagitando
1589 4974 1955 5030 insistebant.

305 5060 388 5108 At
416 5055 514 5112 ille
545 5065 916 5128 mansuetus,
941 5061 1033 5116 cui
1064 5061 1376 5117 derelictus
1409 5067 1497 5118 est
1527 5079 1748 5135 pauper
1772 5067 1827 5119 et
1860 5063 1959 5135 qui

295 5161 545 5220 semper
563 5149 828 5222 orphano
850 5150 963 5205 fuit
993 5151 1246 5220 adjutor,
1270 5168 1373 5223 per
1401 5153 1688 5223 quasdam
1721 5153 1962 5208 rhetori-

281 5252 398 5293 cas
419 5237 798 5295 defensiones
819 5256 1111 5309 asserens,
1137 5242 1421 5313 majorem
1445 5241 1677 5314 culpam
1701 5259 1829 5298 esse
1859 5259 1953 5298 eo-

276 5339 431 5383 rum
466 5327 574 5399 qui
604 5329 915 5386 observare
935 5329 1276 5386 cubiculum
1300 5331 1647 5400 debuerant,
1671 5348 1836 5388 reum
1870 5348 1962 5387 ex-

275 5417 554 5473 cusavit.
576 5417 800 5475 Deinde
825 5435 1142 5477 conversus
1167 5419 1239 5476 ad
1267 5435 1605 5492 pauperem,
1629 5437 1734 5476 cur
1771 5422 1852 5476 ita
1875 5421 1960 5477 fe-

2069 4708 2278 4758 nestrae
2301 4720 2479 4759 causa
2501 4703 2694 4757 induit
2720 4701 2888 4773 quasi
2912 4717 3015 4772 per
3035 4697 3422 4770 inseparabile
3444 4697 3713 4752 accidens

2067 4794 2517 4862 humanitatem,
2553 4809 2666 4848 non
2700 4790 2976 4846 amittens
3015 4788 3398 4844 divinitatem.
3433 4788 3544 4842 Sed
3591 4786 3712 4840 haec

2068 4885 2266 4938 omnia
2285 4899 2417 4937 cuni
2437 4880 2622 4937 oculis
2641 4881 2772 4935 fidei
2795 4879 3197 4951 perspicienda
3213 4881 3370 4944 sunt,
3389 4877 3547 4948 quia,
3563 4875 3717 4932 sicut

2067 4973 2274 5027 beatus
2298 4971 2609 5043 Gregorius
2632 4969 2806 5025 dicit:
2833 4992 2860 5018 ‹‹
2890 4968 3058 5022 Fides
3079 4984 3193 5022 non
3217 4967 3393 5021 habet
3417 4965 3711 5031 meritum,

2069 5085 2096 5111 «
2131 5061 2224 5116 cui
2256 5061 2516 5116 humana
2538 5059 2686 5115 ratio
2717 5059 2933 5130 praebet
2962 5057 3444 5128 experimentum.
3471 5078 3499 5104 »
3528 5053 3630 5110 His
3661 5059 3718 5109 ct

2068 5151 2201 5207 aliis
2235 5150 2570 5206 salubribus
2589 5147 2780 5205 verbis
2803 5146 3167 5203 audientium
3194 5148 3368 5202 corda
3395 5145 3455 5199 in
3487 5147 3713 5199 tantum

2069 5241 2345 5307 condivit,
2370 5244 2436 5295 ut
2465 5240 2564 5294 ille
2595 5238 2752 5293 filius
2774 5237 2948 5292 Belial
2982 5253 3084 5309 pro
3105 5251 3298 5292 errore
3327 5233 3714 5299 satisfaciens,

2071 5331 2142 5386 ab
2193 5329 2426 5403 egregio
2471 5330 2704 5385 doctore
2749 5326 2977 5382 veniam
3011 5324 3356 5396 postularet.
3389 5322 3490 5376 Vir
3520 5325 3716 5376 autem

2070 5421 2172 5479 Dei
2201 5420 2526 5492 promptior
2557 5418 2628 5475 ad
2660 5415 3085 5491 ignoscendum
3118 5429 3294 5484 quam
3328 5410 3716 5484 puniendum,

1656 5599 1898 5658 VARIZE
1945 5599 2365 5660 LEGTIONES.

349 5725 401 5761 '°
436 5723 652 5786 minus
678 5727 736 5788 2.
811 5727 856 5767 “
888 5725 1310 5787 musitantibus
1341 5725 1394 5787 1.
1469 5725 1515 5764 ⁸⁸
1543 5725 1689 5785 deest
1712 5727 1769 5785 2.
