4044 6164
450 378 568 442 415

1458 382 1802 448 OTHLONI
1846 384 2200 449 MONAGHI
2247 384 2312 447 S.
2357 384 2849 449 EMMERAMMI

3740 379 3863 443 416

454 515 709 587 aliquam
743 515 791 572 ei
821 515 1218 589 pmnitentiam
1243 516 1515 590 injunxit,
1541 524 1597 576 et
1627 538 1698 576 ne
1729 520 1883 576 ultra
1915 522 2101 593 profa-
2128 524 2184 590 Α
2218 519 2444 575 nimum
2466 520 2651 575 tristis
2683 523 2739 575 et
2760 519 2982 586 dolens,
3008 516 3148 590 quid
3170 516 3431 573 facturus
3458 517 3610 572 esset
3631 513 3863 586 ignora-

454 622 595 659 num
654 604 797 660 illud
850 606 1233 678 reciprocaret
1281 610 1545 675 verbum,
1597 612 1705 665 sub
1761 610 2097 665 testimonio

452 693 669 748 Christi
702 699 757 749 et
788 696 897 749 sub
930 697 1301 753 anathemate
1331 699 1647 755 interdixit.

522 786 610 837 2f).
646 785 802 839 Inter
822 790 985 840 tanta
1008 786 1237 856 pietatis
1263 789 1457 843 studia
1477 790 1705 844 videtur
1728 791 2098 861 pendendum

453 872 590 943 quid
625 874 803 929 etiam
837 876 1094 931 famulus
1122 878 1215 931 Dei
1248 878 1431 949 egerit
1461 896 1638 949 super
1666 885 1835 951 gente
1858 886 2099 935 Poeme-

452 979 583 1017 rum
616 964 678 1015 ⁸³.
738 968 866 1018 Hmc
922 982 1172 1036 namque
1221 983 1362 1036 gens
1415 969 1637 1025 noviter
1687 986 1787 1041 per
1825 969 2100 1023 Christia-

452 1068 587 1105 nam
622 1052 846 1108 imbuta
878 1055 1049 1109 fidem
1083 1058 1203 1125 (an.
1237 1056 1387 1125 973},
1423 1058 1707 1129 sacrilega
1759 1059 1931 1127 idola,
1969 1058 2103 1112 licet

452 1141 674 1211 tepide,
735 1144 981 1212 abjecit;
1041 1146 1139 1199 sed
1200 1148 1492 1215 quomodo
1560 1146 1903 1202 catholicam
1973 1164 2099 1200 exe-

455 1236 732 1301 queretur
764 1233 1121 1304 religionem,
1148 1235 1423 1305 quoniam
1449 1237 1636 1291 caruit
1668 1242 1915 1308 pastore,
1949 1253 2103 1306 pror-

456 1335 557 1373 sus
591 1318 892 1389 ignoravit.
927 1324 999 1376 At
1031 1324 1260 1378 medius
1300 1330 1431 1379 ()tto
1477 1326 1683 1390 Cmsar,
1720 1324 1925 1378 divina:
1976 1322 2101 1377 cul-

454 1411 546 1461 tor
579 1410 907 1480 preecipuus
940 1411 1259 1483 religionis,
1295 1431 1327 1467 a
1373 1413 1626 1485 glorioso
1659 1416 1803 1468 duce
1838 1413 2102 1468 lieinrico

457 1498 784 1569 ceterisque
818 1500 1087 1556 fidelibus
1108 1508 1197 1556 est
1226 1502 1650 1573 interpellatus,
1676 1508 1739 1557 ut
1770 1504 1923 1574 quod
1949 1503 2102 1573 apud

455 1585 643 1656 ipsam
676 1595 907 1658 gentem
945 1589 1281 1645 inchoatum
1311 1596 1482 1657 esset,
1511 1609 1612 1662 pro
1645 1592 1872 1646 Domini
1908 1607 2105 1645 amore

456 1675 635 1746 regali
670 1683 953 1746 potestate
988 1686 1303 1752 perageret.
1329 1681 1567 1736 Talibus
1600 1681 1781 1753 igitur
1812 1682 2103 1752 petitioni-

457 1764 567 1819 bus
591 1771 781 1821 Cazsar
810 1766 1056 1823 libenter
1077 1786 1382 1823 assensum
1417 1770 1794 1841 praebuit.Sed
1829 1771 2102 1841 quoniam

456 1853 691 1909 Poemia
716 1857 1009 1925 provincia
1030 1858 1137 1911 sub
1164 1858 1607 1928 Ratisponensis
1629 1859 1883 1913 ecclesiae
1912 1876 2103 1930 parro-

457 1942 589 1998 chia
620 1945 827 2011 extitit,
854 1946 1047 2017 peragi
1082 1963 1196 2000 non
1230 1947 1440 2017 potuit,
1466 1947 1578 2001 nisi
1613 1948 1801 2018 ipsius
1828 1948 2109 2002 antistitis

457 2031 747 2102 praesidio.
774 2034 935 2089 Unde
968 2052 1083 2101 rex,
1111 2034 1399 2107 legatione
1432 2036 1615 2091 missa
1645 2038 1713 2090 ad
1744 2037 2106 2109 episcopum,

458 2120 623 2191 petiit
648 2128 729 2190 ut,
757 2124 1006 2194 acceptis
1043 2142 1141 2196 pro
1173 2125 1477 2196 parrochia
1504 2126 1758 2197 praediis,
1791 2128 1847 2180 in
1878 2126 2111 2181 Poemia

459 2211 570 2265 sibi
590 2210 787 2267 liceret
801 2214 1201 2286 episcopatum
1217 2215 1630 2270 efficere.'l‘unc
1647 2216 1730 2269 vir
1744 2216 1836 2270 Dei
1859 2216 2107 2269 nimium

456 2298 684 2357 laetatus
700 2301 760 2356 in
791 2303 882 2358 his
900 2321 1028 2375 qua:
1052 2304 1203 2359 dicta
1220 2309 1357 2360 sunt
1379 2305 1511 2375 sibi,
1528 2305 1807 2376 primates
1824 2322 1961 2360 suos
1980 2322 2112 2359 con-

456 2392 699 2457 vocavit,
718 2393 1030 2463 exquirens
1052 2394 1123 2449 ab
1144 2395 1226 2449 eis
1246 2394 1579 2460 consilium,
1596 2396 1887 2465 quomodo
1902 2393 2109 2448 Cmsari

458 2480 808 2535 conveniens
844 2482 1109 2536 redderet
1141 2499 1508 2553 responsum.
1538 2482 1657 2538 lllis
1682 2489 1875 2538 autem
1910 2499 1981 2537 ne
2014 2500 2108 2553 pe-

457 2566 650 2622 titioni
700 2568 803 2622 tali
853 2572 1208 2625 consentiret
1253 2572 1608 2627 unanimiter
1637 2572 2107 2636 consiliantibus,

459 2655 595 2709 dixit
628 2673 640 2711 :
680 2659 978 2713 Pretiosam
1008 2661 1182 2727 igitur
1213 2662 1566 2730 margaritam
1596 2662 1696 2715 sub
1724 2662 2004 2731 praedictae
2032 2662 2111 2714 la-

459 2748 662 2799 tentem
679 2748 982 2815 provincize
1004 2753 1151 2803 terra
1170 2752 1558 2820 conspicimus,
1582 2767 1747 2820 quam
1772 2752 1833 2804 ni
1861 2752 2110 2805 vendita-

458 2850 583 2887 rum
628 2838 1034 2906 comparatione
1082 2855 1267 2893 rcrum
1320 2855 1427 2894 non
1476 2841 1838 2909 acquirimus.
1883 2839 2111 2909 [deoque

457 2922 647 2978 audite
676 2940 803 2995 quae
831 2925 971 2981 dico.
996 2928 1129 2982 Ecce
1158 2945 1254 2998 ego
1284 2945 1373 2982 me
1402 2945 1627 3001 meaque
1656 2930 1846 2983 omnia
1877 2929 2111 2984 libenter

462 3013 735 3082 impendo,
771 3024 831 3068 ut
861 3017 943 3069 ibi
969 3016 1157 3070 domus
1193 3019 1422 3073 Domini
1446 3034 1542 3089 per
1570 3018 1974 3073 corroboratam
2004 3020 2107 3072 sci-

461 3100 588 3155 licet
611 3103 892 3158 ecclesiam
912 3104 1254 3160 .stabitiatur.
1285 3108 1408 3161 llaec
1434 3124 1570 3178 ergo
1595 3124 1948 3177 memorans,
1973 3123 2106 3161 con-

459 3205 773 3245 sensurum
825 3210 887 3248 se
932 3194 1139 3249 Caesari
1171 3196 1552 3250 remandavit.
1588 3199 1847 3267 Cumque
1877 3203 2109 3267 tempus

2211 612 2329 665 bat.
2363 615 2542 665 Amor
2572 609 2727 663 enim
2761 609 2936 665 simul
2987 614 3044 664 et
3092 607 3266 663 timor
3304 605 3691 677 compellebat
3722 623 3858 661 eum

2211 698 2475 754 celeriter
2506 698 2749 770 implere
2771 700 2963 768 jussa,
2996 698 3097 753 sed
3143 695 3424 768 implendi
3460 694 3707 751 facultas
3735 700 3864 750 erat

2212 789 2373 843 nulla
2401 807 2413 855 ;
2456 789 2594 859 quia
2626 804 2730 843 nec
2764 805 2897 859 spes
2928 788 2987 841 in
3019 786 3240 841 caballo
3272 784 3452 840 altero
3486 785 3858 857 requirendo,

2214 894 2315 933 nec
2336 878 2487 933 vires
2512 878 2758 942 fuerant,
2784 882 2846 930 ut
2867 880 3031 931 tanta
3052 875 3351 930 velocitate
3374 874 3719 945 legationem
3745 874 3862 929 sibi

2212 967 2488 1021 indiciam
2512 967 2784 1038 perlicere
2802 970 2997 1037 posset
3014 964 3391 1024 ambulando.
3408 968 3688 1019 Praeterea
3705 968 3865 1017 terra

2212 1057 2399 1110 imbre
2424 1061 2559 1110 tunc
2589 1055 2764 1110 nimis
2788 1054 3045 1125 irrigata,
3074 1053 3253 1125 pediti
3278 1053 3484 1108 itinera
3508 1053 3757 1124 praebuit
3777 1053 3867 1106 in-

2211 1150 2391 1215 grata.
2417 1144 2767 1215 Hujusmodi
2798 1144 2975 1214 igitur
3004 1142 3291 1215 angustiis
3315 1141 3656 1213 aliquandiu
3690 1141 3863 1196 haesi-

2212 1239 2343 1289 tans
2370 1235 2509 1305 quid
2534 1236 2763 1304 faceret,
2790 1234 3025 1287 tandem
3049 1232 3305 1287 conlisus
3336 1231 3395 1285 in
3420 1230 3663 1287 Domino
3687 1230 3866 1303 elegit

2216 1329 2279 1377 ut
2301 1322 2657 1378 ambulando
2681 1325 2854 1392 jussa
2878 1325 3196 1394 perficeret.
3222 1322 3484 1391 Cumque
3508 1322 3566 1375 in
3592 1325 3757 1375 nocte
3784 1325 3867 1375 tc-

2216 1414 2465 1467 nebrosa
2494 1413 2607 1467 huc
2639 1412 2897 1482 illucque
2927 1411 3375 1482 progrederetur
3404 1414 3459 1465 et
3490 1409 3547 1464 in
3578 1410 3670 1464 via
3699 1408 3862 1464 lutu-

2216 1502 2372 1557 lenta
2404 1502 2617 1573 saepius
2644 1501 2955 1566 laberetur,
2990 1500 3241 1555 clamare
3272 1499 3445 1570 coepit
3477 1517 3488 1553 :
3530 1522 3549 1546 α
3588 1500 3863 1553 Miserere

2216 1591 2359 1646 mihi
2386 1593 2452 1657 ⁸⁵,
2488 1591 2744 1659 Domine,
2780 1591 3055 1645 miserere
3088 1588 3233 1643 mihi
3260 1589 3323 1657 ⁸⁵,
3357 1593 3413 1642 et
3442 1592 3529 1654 tu,
3558 1587 3637 1641 mi
3670 1587 3868 1642 senior

2214 1680 2583 1750 Wolfkange,
2610 1679 2938 1742 attendens,
2963 1683 3251 1747 quantum
3284 1676 3541 1732 laborem
3567 1677 3736 1731 modo
3770 1694 3869 1747 pa-

2216 1769 2347 1836 tior,
2374 1786 2475 1840 per
2504 1773 2604 1823 tua
2625 1770 2798 1838 jussa
2828 1767 3210 1822 discurrendo
3238 1770 3295 1821 et
3326 1766 3591 1821 labendo.
3630 1788 3654 1815 ››
3689 1767 3868 1821 Cum-

2217 1875 2329 1929 que
2359 1858 2481 1913 htec
2503 1858 2857 1928 aliquotiens
2880 1856 3285 1927 gemebundus
3311 1855 3545 1921 diceret,
3574 1854 3871 1925 prospexit

2220 1948 2551 2003 comminus
2583 1946 2875 2001 caballum
2901 1946 3216 2016 quemdam
3249 1962 3381 2001 cum
3415 1945 3575 1999 freno
3608 1944 3870 2014 sellaque

2219 2038 2489 2107 imposita
2508 2036 3077 2091 asstare.Arbitratus
3097 2040 3290 2089 autem
3308 2034 3559 2088 eundem
3573 2031 3866 2087 caballum

2219 2144 2333 2181 non
2367 2127 2491 2181 sine
2523 2126 2718 2196 aliquo
2744 2140 3082 2181 asscensore
3114 2124 3330 2179 ibidem
3358 2123 3727 2188 commorari,
3752 2140 3867 2177 cce-

2220 2216 2661 2287 pitdiligentius
2690 2214 2923 2278 intueri,
2944 2214 2991 2268 si
3018 2214 3150 2284 quis
3170 2214 3313 2268 forte
3330 2213 3500 2283 cujus
3518 2215 3668 2266 esset
3692 2228 3870 2281 prope

2222 2304 2839 2375 maneret,pariterque
2853 2302 3175 2357 vociferans
3195 2300 3641 2372 interrogavit,si
3655 2300 3871 2370 aliquis

2219 2393 2297 2448 ibi
2318 2395 2484 2455 assit,
2501 2394 2601 2448 sed
2629 2392 2725 2447 illo
2746 2393 2845 2446 diu
2868 2391 3216 2446 vociferante
3234 2395 3289 2445 et
3309 2390 3717 2461 interrogante,
3735 2404 3872 2442 cum

2220 2483 2420 2538 nullus
2473 2482 2853 2553 responderet
2895 2480 2983 2535 vel
3036 2480 3284 2546 adesset,
3319 2479 3615 2534 asscendit
3670 2478 3875 2549 ipsum

2219 2588 2459 2642 equum,
2494 2570 2871 2641 implevitque
2902 2568 3123 2624 domini
3156 2568 3247 2622 sui
3292 2574 3661 2640 praeceptum.
3698 2567 3879 2621 Facta

2219 2668 2413 2716 autem
2434 2661 2546 2727 die,
2566 2659 2887 2730 multisque
2905 2658 3007 2729 qui
3023 2658 3209 2713 vocati
3233 2662 3371 2712 sunt
3392 2658 3463 2713 ad
3482 2656 3879 2711 confirmatio-

2219 2768 2350 2805 nem
2368 2751 2424 2805 in
2439 2750 2630 2805 vicum
2646 2749 3050 2818 supradictum
3064 2746 3874 2811 convenientibus,inventum

2218 2857 2435 2911 equum
2457 2839 2685 2911 legatus
2707 2838 2921 2893 obtulit
2941 2854 3136 2893 coram
3156 2837 3450 2903 omnibus,
3465 2836 3774 2907 exquirens
3797 2836 3873 2889 ab

2218 2930 2302 2984 eis
2326 2928 2657 3001 diligenter,
2684 2929 2854 2996 cujus
2880 2928 3036 2982 idem
3059 2928 3205 2982 foret
3225 2943 3430 2998 equus.
3452 2925 3871 2980 Verumtamen

2220 3035 2322 3077 nec
2348 3022 2486 3073 tunc
2507 3020 2550 3052 ⁸⁸
2580 3034 2686 3073 nec
2720 3023 2920 3088 postea
2948 3016 3219 3072 inventus
3249 3020 3337 3071 est
3367 3014 3548 3081 ullus,
3580 3012 3679 3085 qui
3713 3013 3872 3068 hunc

2219 3108 2436 3163 diceret
2466 3124 2593 3162 esse
2624 3108 2910 3162 suum.Ex
2940 3124 3058 3177 qua
3088 3122 3147 3161 re
3177 3110 3233 3160 et
3264 3104 3493 3177 legatus
3524 3104 3648 3175 ipse
3680 3108 3736 3157 et
3766 3102 3871 3155 alii

2219 3196 2568 3261 sentiebant,
2604 3200 2883 3265 quantam
2915 3194 3164 3265 gratiam
3198 3194 3351 3249 Deus
3384 3198 3581 3248 sancto
3634 3190 3869 3264 praesuli

461 3282 775 3351 peragendi
800 3283 1126 3337 concambii
1156 3285 1427 3353 venisset,
1452 3290 1614 3340 tanta
1644 3286 1784 3340 favit
1806 3286 2105 3342 alacritate
2136 3272 2178 3338 C
2218 3285 2567 3357 Wallkango
2589 3284 2961 3360 concesserit,
2987 3283 3088 3354 qui
3122 3300 3184 3339 se
3206 3284 3540 3338 invocantes
3570 3282 3741 3337 etiam
3767 3281 3873 3336 ab-

460 3372 525 3423 ut
554 3368 677 3439 ipse
709 3370 1076 3443 privilegium
1107 3379 1497 3446 componeret.

529 3458 617 3513 30.
651 3460 759 3515 Sed
802 3478 991 3533 neque
1039 3463 1147 3518 hoc
1197 3464 1460 3531 silemus,
1496 3464 1630 3536 quia
1660 3464 1974 3535 aliquando
2006 3481 2108 3536 per

457 3548 771 3618 prophetia:
795 3550 1066 3622 spiritum
1090 3569 1156 3607 ea
1178 3570 1306 3623 quae
1327 3558 1567 3609 ventura
1590 3560 1755 3608 erant
1774 3554 1941 3625 quasi
1970 3572 2109 3625 prae-

455 3637 644 3693 sentia
662 3638 825 3693 vidit.
850 3642 1011 3705 Quod
1037 3642 1288 3696 maxime
1311 3643 1368 3695 in
1396 3644 1763 3713 provectibus
1784 3642 2105 3698 liberorum

457 3728 733 3799 praecipui
760 3728 927 3783 ducis
944 3730 1196 3784 Heinrici
1221 3732 1646 3801 patescit.Cum
1670 3732 1827 3786 enim
1853 3733 1920 3786 ad
1948 3750 2104 3801 eum,

458 3816 611 3871 sicut
660 3835 811 3889 saepe
859 3818 1103 3884 solebat,
1137 3836 1314 3874 causa
1344 3820 1763 3875 benedictionis
1795 3822 2111 3877 duceretur

459 3906 895 3974 speciosissima
926 3906 1087 3962 illius
1119 3908 1332 3979 proles,
1366 3909 1727 3978 Heinricum,
1761 3912 1859 3981 qui
1909 3917 2109 3982 postea

456 3992 557 4046 Dei
612 3998 751 4047 nutu
807 4009 903 4047 rex
957 3999 1045 4049 est
1095 3996 1358 4061 effectus,
1393 3999 1826 4068 pronominavit
1871 4015 2104 4071 regem;

457 4081 699 4135 fratrem
730 4098 861 4136 vero
892 4084 1020 4151 ejus
1047 4088 1377 4141 Brunonem
1411 4086 1719 4158 appellavit
1748 4088 2106 4157 antistitem;

460 4184 720 4223 sororem
773 4187 964 4225 eorem
1016 4175 1295 4243 majorem
1335 4176 1477 4246 (74')
1532 4177 1813 4247 reginam,
1868 4177 2107 4233 alteram

461 4263 677 4328 autem,
712 4276 887 4329 quam
922 4262 1233 4333 baptizavit
1276 4269 1333 4319 et
1365 4265 1435 4319 de
1469 4282 1634 4320 sacro
1668 4270 1820 4321 fonte
1852 4266 2111 4337 suscepit

456 4346 821 4403 abbatissam
856 4352 1214 4423 nuncupavit
1245 4354 1376 4425 (75).
1429 4358 1561 4408 Hcce
1592 4354 1788 4426 itaque
1829 4362 1885 4410 et
1927 4355 2111 4410 multa

458 4435 592 4502 alia,
618 4454 743 4509 quae
766 4455 833 4493 ex
854 4456 952 4495 ore
977 4441 1104 4509 ejus
1128 4441 1482 4510 audivimus,
1502 4443 1655 4499 sicut
1676 4444 1799 4515 ipse
1821 4444 2106 4521 praedixit,

460 4524 703 4597 impleta
727 4530 1043 4585 cernimus.

2217 3391 2354 3430 sens
2385 3376 2661 3445 adjuvare
2702 3373 2974 3445 potuerit.

2291 3466 2377 3518 32.
2407 3463 2552 3518 Cum
2572 3463 2763 3517 Caesar
2781 3464 2913 3516 Otto
2932 3461 3184 3531 medius,
3205 3464 3441 3532 propter
3457 3460 3731 3531 injuriam
3757 3458 3879 3514 sibi

2220 3554 2429 3608 factam
2461 3552 2817 3607 Francorum
2850 3555 3045 3621 partes
3092 3550 3372 3605 invadens
3422 3549 3619 3605 hostili
3670 3565 3876 3614 manu,

2219 3659 2407 3713 usque
2442 3641 2730 3697 Parisium
2784 3640 3107 3711 perveniret
3137 3642 3253 3711 (an.
3284 3640 3432 3711 978),
3468 3640 3525 3692 in
3582 3637 3881 3693 redeundo

2213 3736 2450 3786 venerat
2482 3732 2553 3785 ad
2589 3730 2882 3801 quendam
2916 3729 3160 3783 fluvium
3192 3730 3327 3796 (77),
3362 3728 3453 3783 sui
3503 3726 3878 3799 crepidinem

2219 3819 2363 3875 alvei
2396 3818 2861 3874 tumescentibus
2882 3818 3056 3873 undis
3075 3822 3513 3888 exuperantem.
3538 3814 3735 3871 Multis
3766 3832 3880 3870 au-

2221 3916 2338 3965 tem
2362 3908 2440 3963 ibi
2467 3906 2935 3979 periclitantibus
2952 3912 3009 3962 et
3027 3908 3206 3962 vitam
3224 3908 3282 3961 in
3304 3923 3457 3978 aqua
3472 3904 3877 3979 perdentibus,

2220 4015 2392 4054 verus
2406 3998 2506 4053 Dei
2528 3997 2716 4052 cultor
2734 4004 2868 4051 cum
2891 3997 3017 4051 suis
3030 3994 3538 4067 appropinquavit,
3554 3994 3880 4065 vidensque

2221 4093 2341 4143 tam
2366 4088 2575 4159 ingens
2598 4086 2949 4157 periculum,
2972 4085 3223 4156 respexit
3244 4085 3302 4139 in
3327 4084 3535 4140 coelum
3554 4088 3609 4139 et
3631 4099 3692 4138 se
3713 4100 3883 4138 suos-

2221 4192 2334 4247 que
2366 4174 2614 4229 ﬁdeliter
2659 4175 3033 4242 benedicens,
3069 4174 3264 4245 ipsum
3311 4173 3600 4245 intrepide
3647 4171 3883 4226 monuit

2222 4264 2472 4319 transire
2505 4263 2768 4318 ﬂuvium.
2795 4263 3004 4317 Adhuc
3034 4279 3166 4317 vero
3198 4262 3314 4317 illis
3348 4279 3460 4334 pra:
3492 4261 3701 4316 timore
3731 4277 3882 4315 cun-

2222 4354 2540 4422 ctantibus,
2558 4357 2613 4407 et
2631 4352 2868 4407 Francis
2894 4369 2927 4406 a
2952 4356 3111 4423 tergo
3135 4351 3343 4407 acriter
3370 4349 3883 4423 impugnantibus,

2222 4441 2319 4495 ille
2352 4440 2582 4512 primus
2616 4441 2705 4495 sui
2734 4440 3049 4495 comitatus
3080 4455 3181 4510 per
3208 4456 3420 4494 nomen
3444 4437 3699 4505 Domini,
3722 4436 3881 4508 quod

2223 4546 2463 4601 semper
2494 4530 2551 4583 in
2586 4546 2682 4584 ore
2714 4529 2930 4599 sonuit,
2958 4528 3197 4583 ﬂuvium
3232 4529 3545 4595 transiens,
3568 4532 3887 4599 sequentes

530 4617 620 4671 31.
654 4615 782 4674 Alio
814 4636 1047 4690 quoque
1080 4624 1340 4693 tempore
1376 4639 1507 4677 cum
1540 4623 1695 4677 idem
1728 4623 1934 4678 beatus
1954 4621 2109 4678 Wol-
2145 4644 2192 4707 D
2226 4619 2614 4693 prosperavit,
2652 4618 2971 4689 nullusque
3001 4634 3243 4673 suorum
3277 4618 3593 4689 quicquam
3637 4615 3886 4688 periculi

457 4707 714 4778 lkangus
746 4708 1025 4765 inclinato
1049 4711 1175 4781 jam
1200 4712 1291 4766 die
1324 4712 1380 4765 in
1415 4712 1605 4767 vicum
1637 4712 1891 4767 venisset
1914 4728 2113 4783 quem-

458 4796 617 4864 dam,
634 4797 733 4867 qui
754 4798 924 4868 vulgo
942 4798 1372 4870 Egilolt’esheim
1392 4802 1505 4872 (76)
1524 4803 1568 4835 3‘
1589 4801 1823 4869 dicitur,
1838 4800 2114 4873 legatario

457 4883 691 4937 cuidam
712 4886 915 4953 jussit,
938 4893 1001 4941 ut
1025 4886 1083 4942 in
1112 4889 1204 4943 die
1233 4892 1499 4960 sequenti
1522 4908 1726 4947 omnes
1749 4892 2115 4961 circumqua-

457 4988 569 5041 que
601 4972 955 5036 habitantes,
989 4977 1088 5045 qui
1142 4995 1287 5048 opus
1337 4980 1617 5035 haberent
1649 4980 2111 5046 conﬁrmatione,

457 5059 806 5130 quantocius
830 5063 1024 5118 venire
1049 5064 1367 5122 intimaret.
1388 5068 1495 5130 Qui
1513 5068 1830 5142 legatarius
1851 5085 1985 5122 mox
2010 5068 2116 5121 im-

455 5149 612 5221 plere
635 5150 807 5221 jussa
840 5153 1103 5224 cupiens,
1131 5160 1185 5209 et
1217 5157 1285 5210 ad
1322 5172 1539 5226 equum
1573 5158 1953 5213 sternendum
1987 5174 2116 5212 cur-

455 5255 591 5295 rens
616 5240 834 5311 reperit
855 5258 988 5297 eum
1015 5244 1215 5299 furtim
1240 5244 1349 5300 sibi
1374 5244 1695 5302 sublatum.
1724 5247 2117 5312 Quamobrem

2225 4709 2531 4765 sustinuit.
2550 4710 2714 4763 'l‘unc
2732 4724 2935 4763 omnes
2960 4724 3072 4777 pra:
3092 4708 3305 4779 gaudio
3321 4708 3599 4763 mirantes
3619 4704 3886 4761 etDomi-

2228 4816 2370 4853 num
2396 4797 2724 4864 laudantes,
2742 4796 2827 4853 vir
2845 4796 3237 4865 humillimus,
3254 4814 3323 4853 ne
3341 4814 3443 4870 pro
3466 4794 3749 4852 miraculo
3772 4794 3885 4850 hoc

2228 4904 2361 4944 eum
2397 4886 2784 4958 publicarent,
2818 4885 3025 4941 obnixe
3064 4886 3303 4958 rogavit.

2298 4978 2387 5031 33.
2424 4975 2589 5031 Alius
2620 4977 2747 5046 ejus
2781 4974 3051 5030 mirabile
3084 4974 3324 5041 factum,
3357 4979 3421 5029 ut
3451 4972 3699 5045 subjecti
3728 4990 3885 5045 prae-

2228 5065 2437 5138 positis
2489 5065 2851 5136 subjaceant,
2902 5064 3129 5119 videtur
3175 5064 3571 5121 inserendum.
3614 5063 3883 5129 Quadam

2229 5171 2485 5225 namque
2507 5156 2623 5225 die,
2642 5170 2774 5209 cum
2799 5154 2868 5209 de
2891 5153 3106 5223 divina,
3127 5158 3192 5209 ut
3211 5152 3418 5210 solitus
3443 5157 3585 5219 erat,
3600 5151 3890 5226 religione

2230 5242 2559 5301 necessaria
2581 5244 2851 5317 quaedam
2872 5246 3149 5301 tractaret
3167 5260 3302 5300 cum
3328 5242 3549 5300 clericis
3575 5241 3722 5312 suis,
3747 5241 3893 5313 qui-

1816 5343 2059 5400 VARIZE
2100 5341 2404 5398 LECTION
2412 5342 2511 5398 ES.

522 5429 567 5463 ⁸³
600 5432 967 5501 poemiorum
996 5436 1050 5487 2.
1127 5432 1173 5467 ⁸⁸
1202 5431 1627 5504 egiloltesheim
1657 5450 1801 5492 corr.
1838 5432 2222 5509 egiolfeshem
2251 5434 2307 5489 2.
2382 5432 2428 5467 ⁸⁵
2457 5431 2571 5487 mei
2600 5434 2654 5487 2.
2730 5432 2775 5467 ⁸⁵
2804 5449 2961 5489 nunc
2992 5434 3042 5489 1.

2046 5532 2277 5589 NOTZE.

541 5598 655 5666 74')
687 5599 963 5655 Giselam.

541 5598 655 5666 74')
687 5599 963 5655 Giselam.

518 5598 632 5815 €75;
664 5670 980 5755 Brigidam,
1008 5690 1187 5748 supra
1217 5694 1265 5733 c.
1303 5676 1368 5731 17
1399 5681 1804 5735 memoratam.

540 5742 610 5797 76
663 5740 1041 5815 Eglofsheim.

540 5740 632 5815 76)
663 5740 1041 5815 Eglofsheim.

2284 5602 2401 5673 (77)
2430 5604 2731 5677 Axonam;
2765 5621 2817 5677 ν,
2850 5604 3082 5664 Richer.
3112 5621 3196 5673 III,
3225 5604 3317 5677 77,
3340 5601 3620 5662 Balderioi
3648 5602 3878 5663 Chron.

2215 5672 2381 5731 cum.
2415 5692 2455 5746 1,
2486 5676 2574 5730 97.
