4030 6186
221 304 329 364 417

1501 305 1688 367 VITA
1733 307 1798 366 S.
1845 305 2350 370 WOLFKANGI.

3511 317 3631 379 418

227 437 351 492 dam
385 436 642 501 illorum,
679 436 772 491 cui
817 436 1168 492 vocabulum
1218 441 1343 494 erat
1391 438 1635 504 Buozzo,
1667 437 1864 493 minus
1895 449 1946 510 Α
1976 439 2358 497 absconditus
2389 445 2512 497 erat
2541 443 2852 510 fatebatur,
2877 444 3260 501 intolerabilis
3294 447 3466 502 (letor
3495 465 3628 504 sen-

228 530 384 582 caute
436 525 754 596 respondit.
786 526 1034 580 Sanctus
1084 542 1215 581 vero
1270 525 1528 582 famulus
1571 525 1673 581 Dei
1709 525 1871 582 velut

228 633 289 671 ex
341 615 758 688 conspersioue
824 613 1128 684 paululum
1195 615 1484 683 irascens,
1547 616 1868 670 devotando

229 704 564 778 suppliciter
610 703 736 758 suis
783 702 1165 759 maledictum
1212 704 1396 760 oculis
1439 703 1705 776 ingessit.
1741 705 1872 759 Mox

230 793 563 867 hujusmodi
595 791 1000 848 maledictione
1023 793 1206 860 finita,
1226 793 1323 849 ille
1356 794 1668 866 praedictus
1696 793 1870 847 homo

230 899 455 956 gravem
505 899 717 954 passus
764 885 852 937 est
909 881 1214 937 oculorum
1273 882 1555 939 dolorem.
1606 883 1872 952 Cumque

230 978 423 1047 postea
454 972 661 1028 beatus
692 970 903 1043 praesul
934 970 1154 1026 videret
1182 989 1315 1027 eum
1358 972 1417 1027 in
1457 972 1632 1026 choro
1665 971 1870 1026 seden-

232 1069 333 1118 tem
366 1065 643 1133 cooperto
674 1061 880 1132 capite,
909 1059 1062 1115 sicut
1094 1077 1220 1117 mos
1252 1066 1341 1118 est
1369 1060 1774 1134 :egrotantium
1811 1061 1870 1114 in

232 1151 425 1220 oculis,
459 1148 859 1205 misericordia
899 1153 1093 1206 motus
1139 1151 1383 1206 accessit
1433 1151 1504 1206 ad
1555 1167 1688 1205 eum
1719 1151 1783 1220 ⁸⁷,
1817 1153 1874 1204 et

230 1241 358 1314 quid
411 1238 633 1295 doloris
681 1242 978 1310 pateretur
1027 1240 1300 1310 exquirit.
1350 1242 1421 1294 At
1467 1239 1562 1295 ille
1611 1239 1870 1294 dolorem

231 1330 529 1386 oculorum
562 1331 828 1400 questus,
862 1327 1167 1383 humiliter
1209 1329 1281 1385 ab
1311 1346 1377 1385 eo
1408 1329 1870 1384 benedictionem

229 1419 562 1492 postulavit.
602 1419 782 1488 Cujus
829 1417 1010 1486 dolori
1061 1419 1427 1490 compatiens
1478 1422 1718 1474 sanctus
1764 1418 1870 1482 vir,

229 1509 420 1565 oculos
453 1510 584 1579 ejus
615 1507 888 1580 signavit,
921 1508 1124 1579 sicque
1155 1507 1391 1564 sanitati
1421 1507 1680 1580 pristiam
1712 1507 1874 1563 resti-

232 1601 356 1655 tuit.
391 1598 507 1654 Sed
581 1613 654 1652 ne
701 1613 805 1668 pro
855 1596 963 1652 hoc
1009 1597 1177 1669 signo
1225 1596 1642 1668 divulgaretur,
1704 1598 1871 1669 quasi

225 1706 320 1762 pro
350 1687 587 1743 medela
629 1686 836 1742 faciem
882 1686 1074 1742 lavare
1097 1687 1300 1757 jussit.

286 1779 376 1834 3i.
412 1781 560 1832 Cum
609 1775 765 1831 idem
813 1775 1023 1847 praesul
1068 1780 1327 1848 tempore
1359 1777 1610 1848 quodam
1646 1777 1874 1832 sederet

225 1871 379 1940 juxta
402 1864 796 1922 cementarios
818 1867 972 1936 apud
1000 1865 1194 1920 Sancti
1226 1865 1392 1921 Pauli
1426 1865 1869 1935 monasterium,

224 1954 431 2011 mulier
455 1953 726 2024 quadam
749 1953 820 2007 ab
845 1952 1149 2008 immundo
1171 1958 1371 2009 vexata
1394 1954 1605 2024 spiritu
1630 1958 1764 2009 ante
1795 1954 1869 2008 i1-

222 2044 338 2099 lum
361 2041 758 2098 deferebatur.
784 2041 894 2096 Sed
927 2058 1062 2096 mox
1093 2046 1158 2096 ut
1177 2046 1313 2098 ante
1343 2043 1715 2114 praesentiam
1741 2043 1870 2114 ejus

220 2135 394 2199 venit,
419 2131 638 2187 cadens
668 2130 728 2184 in
758 2134 969 2186 terram
996 2129 1408 2187 miserabiliter
1428 2132 1600 2202 coepit
1621 2131 1868 2202 fatigari.

221 2224 470 2278 Sanctus
503 2224 702 2276 autem
734 2220 832 2275 Dei
879 2220 1136 2276 famulus
1185 2221 1511 2292 suspirans,
1546 2221 1618 2276 ad
1669 2239 1775 2276 nos
1805 2222 1869 2289 ⁸⁸,

222 2312 318 2383 qui
349 2325 556 2366 secum
589 2312 731 2363 tunc
762 2307 1060 2363 fueramus
1093 2309 1227 2379 (78),
1260 2307 1407 2362 dixit
1438 2324 1450 2362 :
1509 2329 1536 2357 «
1565 2308 1625 2362 Si
1657 2307 1872 2379 dignus

221 2416 409 2457 essem
445 2397 767 2471 quicquam
819 2397 890 2452 ab
929 2397 1326 2468 omnipotente
1354 2397 1470 2452 Deo
1501 2397 1872 2469 impetrando

224 2489 507 2561 accipere,
543 2503 648 2558 pro
678 2485 843 2541 nulla
872 2502 931 2541 re
981 2485 1259 2541 libentius
1292 2486 1476 2541 Deum
1509 2487 1870 2558 deprecarer,

225 2595 400 2651 quam
435 2583 502 2632 ut
532 2593 709 2631 suum
741 2576 969 2648 plasma
989 2575 1334 2647 dignaretur
1362 2592 1396 2630 a
1427 2575 1664 2647 maligni
1685 2575 1873 2630 hostis

225 2665 465 2722 incursu
512 2663 780 2719 liberare.
816 2662 933 2718 Hoc
972 2667 1168 2718 autem
1200 2661 1316 2717 illis
1346 2663 1445 2732 qui
1479 2663 1638 2732 digni
1670 2667 1808 2718 sunt
1840 2680 1871 2718 a

224 2756 334 2811 Deo
365 2753 633 2810 exaudiri
664 2751 1082 2824 relinquentes,
1105 2768 1212 2808 nos
1239 2751 1326 2806 vel
1356 2751 1582 2823 aliquos
1612 2751 1873 2823 psalmos

225 2843 641 2916 compatiendo
662 2841 897 2897 interim
923 2841 1210 2897 dicamus.
1235 2864 1262 2891 »
1292 2846 1450 2896 Tunc
1471 2841 1516 2876 ⁸⁹
1547 2841 1875 2912 psalmodia

222 2934 524 3006 imposita,
559 2931 1001 2988 lacrimabiliter
1029 2948 1130 3002 pro
1162 2949 1228 2986 ea
1259 2930 1578 2987 orationem
1612 2931 1782 2986 fudit.
1808 2934 1875 2986 At

222 3023 323 3079 illa
343 3024 386 3058 9°
419 3024 628 3092 jacens
659 3020 828 3093 quasi
857 3021 1221 3087 dormiendo,
1254 3037 1355 3092 per
1385 3020 1581 3076 omnia
1613 3021 1875 3076 membra

220 3111 602 3168 contremuit.
631 3112 856 3166 Interea
882 3111 923 3144 ⁹¹
957 3111 1125 3165 nobis
1148 3109 1283 3178 quid
1317 3111 1580 3165 facturus
1602 3115 1756 3166 esset
1783 3110 1873 3164 in-

1980 529 2250 585 tiebatur.
2287 531 2500 586 Deinde
2541 548 2674 586 mox
2724 534 2967 589 liberata
2997 534 3225 603 cecidit,
3259 539 3315 590 et
3344 537 3461 592 Deo
3494 553 3626 609 gra-

1980 617 2089 672 tias
2119 619 2253 690 egit.
2289 620 2502 675 Beatus
2532 625 2728 676 autem
2760 624 2972 694 praesul
3013 641 3287 695 egressus
3336 626 3480 680 dixit
3527 628 3628 698 qui

1980 709 2251 763 astabant
2281 709 2570 765 ministris
2596 728 2609 766 2
2647 733 2674 761 «
2706 717 2787 766 Ite
2816 713 3010 777 citius,
3039 720 3096 769 et
3127 716 3433 771 mulierem
3469 717 3629 771 illam

1981 795 2050 850 de
2082 796 2326 853 ecclesia
2355 799 2568 866 ducite,
2601 805 2656 854 et
2685 800 2733 854 si
2774 800 2931 871 velit,
2965 802 3097 856 date
3126 803 3210 856 illi
3246 807 3628 871 manducare,

1982 884 2314 957 pariterque
2335 905 2406 941 ne
2429 887 2697 954 ulterius,
2722 906 2826 960 pro
2848 889 2955 944 hac
2985 907 3163 946 causa
3195 892 3264 946 ad
3297 910 3403 948 nos
3432 895 3633 949 veniat

1981 973 2330 1030 iuterdicite.
2356 998 2382 1025 »
2408 977 2630 1039 Quibus
2652 978 2842 1032 verbis
2867 979 3011 1033 satis
3033 980 3382 1046 declaratur,
3411 988 3633 1053 quanta

1982 1062 2238 1120 sollertia
2267 1064 2543 1136 qualique
2575 1067 2866 1121 industria
2897 1083 3131 1122 omnem
3177 1069 3392 1139 fugerit
3441 1071 3630 1126 inten-

1981 1151 2198 1206 tionem
2231 1153 2577 1221 cenodoxiae,
2613 1155 2835 1209 malens
2880 1156 3177 1211 interdum
3229 1173 3291 1212 se
3341 1159 3630 1214 immitem

1982 1239 2263 1296 simulare
2295 1258 2470 1312 quam
2513 1243 2854 1298 horninibus
2887 1243 3135 1314 placere.

2052 1330 2140 1382 36.
2178 1329 2334 1385 Inter
2382 1330 2501 1386 haec
2553 1331 2726 1386 etiam
2785 1331 2924 1403 quid
2974 1332 3337 1390 vicedomiuo
3369 1352 3495 1404 suo,
3529 1353 3634 1393 cur

1983 1433 2194 1472 nomen
2215 1419 2423 1491 Tagini
2440 1420 2504 1487 9⁵,
2528 1421 2697 1490 cujus
2724 1437 2957 1490 quoque
2979 1422 3250 1492 superius
3274 1425 3632 1481 mentionem

1981 1504 2088 1560 feci
2121 1507 2254 1576 (79),
2304 1508 2568 1579 contigit,
2604 1525 2717 1563 non
2770 1511 3235 1579 praetereundum
3285 1512 3535 1568 videtur.
3575 1514 3631 1568 Is

1982 1595 2196 1650 etenim
2221 1596 2511 1667 praecipue
2533 1597 2718 1652 sancti
2741 1597 2845 1652 viri
2868 1597 3202 1670 Woll'kangi
3235 1600 3631 1658 familiaritate

1984 1685 2356 1754 fungebatur,
2387 1690 2445 1740 et
2475 1685 2703 1751 merito,
2736 1687 3013 1755 quoniam
3065 1705 3166 1758 per
3212 1705 3446 1745 omnem
3491 1691 3625 1745 fidei

1985 1773 2304 1843 profectum
2358 1775 2485 1844 ejus
2524 1791 2586 1830 se
2617 1775 2905 1830 subdebat
2936 1776 3236 1846 obsequio.
3271 1777 3419 1832 Dum
3453 1779 3634 1851 igitur

1981 1868 2178 1918 essent
2205 1862 2639 1934 Wcltinopolim
2658 1865 2700 1898 96
2720 1865 2830 1935 (80)
2858 1865 2916 1918 in
2941 1866 3158 1920 aestatis
3181 1869 3462 1937 tempore,
3483 1885 3633 1939 qua-

1982 1951 2116 2006 dam
2151 1951 2262 2018 die,
2297 1951 2448 2007 sicut
2477 1952 2692 2007 aestivis
2730 1952 2918 2008 solent
2949 1954 3334 2025 temporibus,
3370 1957 3630 2013 tonitrua

1984 2057 2118 2095 cum
2150 2041 2654 2097 coruscationibus
2685 2043 2911 2113 mugire
2942 2048 3260 2113 coeperunt.
3294 2047 3418 2110 Qua
3448 2047 3518 2100 de
3567 2063 3629 2102 re

1985 2125 2300 2201 episcopus
2332 2134 2389 2184 et
2437 2131 2534 2201 qui
2586 2146 2646 2185 se
2679 2148 2809 2186 cum
2857 2132 3088 2186 fuerant
3131 2133 3442 2203 perterriti,
3497 2151 3632 2191 cum

1987 2217 2146 2272 omni
2205 2236 2442 2289 precum
2491 2219 2793 2290 diligentia
2845 2237 2905 2274 se
2956 2220 3316 2277 munierunt.
3368 2224 3630 2296 Cumque

1989 2307 2171 2362 nimio
2201 2309 2526 2363 tonitruum
2561 2308 3152 2381 coruscationumque
3191 2314 3408 2366 terrore
3433 2313 3633 2368 afﬁce-

1985 2401 2206 2464 rentur,
2243 2397 2474 2452 tandem
2509 2403 2628 2452 tam
2675 2398 2866 2469 gravis
2915 2399 3066 2453 ictus
3116 2402 3482 2471 tempestatis
3512 2407 3629 2458 tre-

1984 2486 2210 2540 mendae
2262 2487 2536 2553 intonuit,
2584 2491 2649 2541 ut
2698 2487 2885 2558 ipsius
2935 2487 3249 2542 habitaculi
3310 2505 3515 2545 murus
3563 2508 3631 2547 ex

1985 2592 2199 2647 magna
2231 2575 2594 2631 scinderetur
2624 2580 2805 2647 parte.
2838 2577 2998 2631 Tunc
3030 2582 3087 2632 et
3118 2578 3429 2648 praedictus
3478 2580 3630 2635 vice-

1983 2665 2258 2719 dominus
2285 2665 2364 2720 ita
2385 2665 2670 2720 exanimis
2691 2666 2930 2721 effectus
2951 2665 3187 2732 corruit,
3214 2671 3277 2721 ut
3303 2683 3505 2724 omnes
3529 2669 3632 2740 qui

1982 2753 2223 2809 aderant
2254 2753 2658 2810 existimarent
2703 2769 2837 2809 eum
2888 2758 2989 2810 aut
3035 2739 3334 2811 mortuum
3371 2761 3472 2811 aut
3516 2739 3628 2813 cito

1985 2843 2358 2898 moriturum.
2393 2842 2609 2897 Prmsul
2655 2848 2850 2898 autem
2901 2860 3078 2898 manu
3129 2844 3630 2916 comprehendens

1985 2948 2118 2986 eum
2171 2933 2369 2999 erexit,
2404 2939 2460 2987 et
2508 2937 2571 2985 ut
2620 2932 2866 2987 viriliter
2913 2936 3110 3004 ageret
3157 2938 3214 2988 et
3263 2933 3338 2988 in'
3375 2935 3623 2991 Domino

1985 3038 2083 3076 cor
2133 3023 2262 3092 ejus
2311 3022 2734 3076 confortaretur
2782 3022 3122 3089 admonuit;
3165 3023 3367 3094 sicque
3397 3025 3628 3079 semivi-

1984 3127 2121 3164 vum
2184 3109 2440 3165 reddidit
2506 3127 2737 3164 sanum.
2801 3113 2928 3182 Ipse
2991 3111 3166 3166 etiam
3232 3113 3632 3168 vicedominus

220 3201 630 3265 tendentibus,
653 3199 751 3256 ille
784 3199 1148 3270 suspiciens:
1185 3222 1211 3248 ‹‹
1244 3198 1691 3270 Tollite,inquit,
1724 3216 1872 3275 eain,
1908 3186 1950 3251 C
1991 3200 2364 3273 postmodum
2398 3199 2758 3255 serenissimi
2782 3200 2934 3270 regis
2959 3200 3208 3254 lleinrici
3231 3201 3634 3258 munificentia

220 3292 591 3362 domumque
619 3291 980 3356 reducentes,
1004 3288 1081 3344 sit
1105 3289 1309 3360 possit,
1333 3289 1554 3360 aliquid
1585 3291 1822 3345 reﬁcite.
1849 3312 1878 3340 »

220 3384 350 3448 Qua
386 3379 628 3437 sublata
655 3384 709 3434 et
742 3379 972 3446 refecta,
1007 3394 1112 3433 nos
1144 3379 1188 3412 9’
1235 3394 1362 3434 eam
1412 3377 1720 3434 liberatam
1751 3396 1880 3435 esse

220 3468 758 3542 comperiebamus,
784 3468 884 3524 sed
914 3483 1084 3523 nemo
1106 3472 1372 3523 nostrum
1396 3484 1578 3523 ausus
1599 3471 1687 3523 est
1709 3467 1879 3523 dilfa-

224 3575 394 3615 mare
403 3601 418 3613 .

301 3650 391 3704 35.
430 3648 572 3704 Item
619 3647 735 3703 alia
765 3647 978 3703 mulier
1030 3665 1063 3702 a
1115 3647 1384 3703 demonio
1415 3644 1656 3703 obsessa
1685 3663 1878 3703 coram

229 3738 327 3794 illo
375 3739 630 3793 deducta
676 3741 784 3793 est.
816 3736 918 3791 Vir
963 3741 1156 3792 autem
1193 3737 1288 3790 Dei
1335 3737 1558 3792 favores
1589 3736 1880 3792 humanos

231 3827 482 3900 fugiens,
518 3827 590 3881 ad
641 3843 740 3881 eos
787 3827 888 3898 qui
936 3827 1197 3881 ferebant
1243 3825 1435 3880 dixit:
1493 3850 1518 3876 «
1556 3827 1703 3889 Quid
1738 3825 1881 3881 mihi

237 3924 452 3972 vestros
475 3916 764 3971 advehitis
787 3914 1048 3970 inﬁrmos
1066 3918 1092 3969 ‘2
1114 3915 1314 3970 Ducite
1336 3932 1465 3970 eam
1489 3915 1544 3969 in
1573 3915 1879 3971 ecclesiam

243 4011 466 4061 orantes
489 4022 592 4077 pro
615 4004 747 4072 illa;
774 4005 1017 4060 forsitan
1041 4004 1100 4059 in
1125 4004 1232 4059 hoc
1247 4003 1397 4059 Deus
1418 4021 1519 4060 vos
1541 4004 1826 4060 exaudiet.
1854 4027 1882 4053 »

249 4091 362 4147 Et”
381 4094 654 4166 quoniam
672 4097 906 4165 tempus
924 4098 1047 4149 erat
1063 4109 1408 4166 congruum,
1426 4095 1614 4149 mox“
1632 4109 1884 4165 sequens

255 4183 480 4238 missam
505 4182 842 4239 celebravit.
872 4185 996 4248 Qua
1025 4181 1335 4250 celebrata,
1360 4183 1460 4253 qui
1487 4183 1731 4238 aderant
1755 4200 1883 4238 om-

255 4287 350 4327 nes
376 4278 576 4345 praeter
604 4273 903 4328 infirmam
934 4272 1220 4326 exicbant.
1255 4271 1417 4327 Unus
1448 4277 1644 4327 autem
1677 4272 1746 4330 de
1791 4290 1884 4327 ca-

256 4359 482 4429 pellanis
515 4363 626 4418 sub
661 4361 995 4433 saugmario
1027 4361 1391 4416 abscondens
1433 4377 1494 4416 se
1533 4361 1707 4428 ﬁltro,
1743 4361 1884 4432 quid

268 4454 478 4507 acturus
500 4457 676 4519 esset,
701 4450 1040 4522 diligentius
1067 4450 1424 4506 intuebatur.
1450 4450 1624 4510 Porro
1647 4455 1886 4506 sanctus

1990 3287 2431 3358 Parthenopolis
2480 3287 3014 3358 archiepiscopatus
3059 3288 3413 3344 sublimatur
3443 3290 3630 3361 digni-

1989 3382 2108 3432 tate
2139 3377 2271 3449 (81).

2060 3468 2147 3520 37.
2180 3466 2240 3519 In
2267 3464 2553 3520 territorio
2568 3464 3095 3536 Rubilocensis(82)
3117 3465 3372 3522 ecclesiae
3391 3467 3632 3538 quidam

1991 3556 2164 3610 homo
2197 3554 2489 3610 contraria
2517 3542 2835 3610 valitudine
2880 3571 2981 3625 per
3023 3560 3256 3627 tempus
3287 3556 3634 3611 diuturnum

1991 3646 2130 3700 adeo
2162 3644 2486 3699 tabefactus
2518 3649 2624 3711 est,
2659 3648 2722 3697 ut
2753 3660 2896 3714 pene
2927 3660 3028 3716 per
3067 3661 3287 3699 annum
3336 3645 3629 3717 integrum

1992 3733 2226 3790 fastidio
2277 3733 2484 3788 edendi
2534 3732 2826 3788 laboraret
2872 3737 2929 3787 et
2959 3732 3370 3788 alimentorum
3407 3734 3636 3802 solatia,

1993 3841 2118 3895 quae
2151 3823 2450 3894 sospitatis
2483 3822 2669 3893 gratia
2716 3822 2992 3892 exposcit,
3027 3822 3322 3892 percipere
3374 3840 3487 3878 non
3538 3841 3639 3896 po-

1990 3913 2218 3968 tuisset.
2255 3911 2359 3966 Hic
2390 3911 2586 3982 itaque
2617 3911 2687 3965 ad
2723 3915 2989 3966 sanctum
3027 3911 3444 3984 Wolfkangum
3491 3912 3646 3984 lega-

1991 4004 2211 4057 tionem
2246 4000 2503 4069 mittens,
2539 4005 2604 4055 ut
2632 4001 2704 4055 ab
2747 4001 2873 4070 ejus
2921 3999 3133 4072 pietate
3179 4002 3505 4056 remedium
3539 4002 3645 4056 ali-

1995 4093 2150 4164 quod
2174 4095 2647 4161 consequeretur,
2671 4089 3016 4162 suppliciter
3039 4094 3252 4145 exorat.
3279 4091 3399 4154 Quo
3421 4091 3640 4160 audito,

1993 4180 2214 4235 vir‘Dei
2249 4179 2584 4235 omnimode
2615 4178 2932 4245 excusavit,
2968 4178 3186 4242 dicens.
3222 4195 3285 4234 se
3330 4196 3446 4235 non
3497 4179 3646 4234 tanti

1995 4286 2123 4325 esse
2154 4268 2366 4335 meriti,
2400 4284 2502 4339 per
2525 4268 2675 4336 quod
2703 4267 3042 4337 hujusmodi
3076 4268 3259 4322 virtus
3293 4272 3490 4340 posset
3519 4268 3645 4324 adi-

1997 4358 2160 4431 pisci.
2195 4363 2452 4428 Cumque
2485 4356 2585 4411 diu
2619 4360 2894 4411 tractaret
2923 4355 3259 4427 popularem
3285 4357 3537 4429 effugere
3559 4358 3643 4412 fa-

1996 4464 2190 4504 vorem
2210 4451 2266 4502 et
2284 4446 2477 4515 aegroti
2497 4444 2817 4517 adimplere
2836 4444 3359 4516 petitionem,velut
3376 4446 3446 4499 ob
3465 4445 3643 4500 aliam

268 4536 356 4605 vir,
404 4541 553 4596 brevi
606 4540 866 4596 oratione
919 4540 1231 4610 completa,
1284 4539 1480 4610 egredi
1538 4539 1727 4611 cmpit.
1786 4539 1887 4594 Cui
1921 4560 1968 4625 D
2000 4553 2235 4594 causam
2266 4535 2480 4590 missas
2511 4533 2839 4625 celebravit,
2863 4538 2918 4625 et
2947 4549 3052 4625 per
3083 4532 3312 4587 ﬁdelem
3347 4533 3642 4625 presbyte-

272 4628 444 4685 eadem
469 4629 680 4690 mulier
701 4627 1044 4684 demoniaca
1069 4628 1296 4683 obviam
1319 4632 1504 4694 stans,
1531 4628 1698 4684 solito
1732 4625 1892 4684 more

274 4714 522 4775 bacchata
553 4723 661 4775 est.
692 4721 764 4773 At
813 4717 908 4773 ille
948 4718 1246 4772 conlidens
1279 4717 1337 4772 in
1369 4717 1687 4786 Christum,
1724 4718 1890 4789 quasi

278 4813 542 4873 percutere
565 4815 693 4864 eam
743 4806 936 4877 vellet,
967 4806 1221 4878 palmam
1247 4807 1526 4878 extendit,
1552 4806 1891 4879 occulteque

279 4891 438 4951 dixit:
489 4922 516 4948 «
548 4898 674 4967 Exi,
717 4896 1157 4968 nequissime.»
1210 4897 1391 4965 Tunc,
1439 4896 1592 4953 sicut
1644 4895 1741 4952 ille
1790 4895 1892 4968 qui

2001 4643 2132 4683 rum
2189 4625 2422 4679 inﬁrmo
2468 4639 2677 4694 corpus
2729 4621 3098 4676 Dominicum
3143 4621 3491 4675 transmisit.
3525 4624 3645 4685 Quo

2001 4720 2236 4787 accepto
2258 4711 2559 4786 paululum
2582 4710 2976 4780 obdormiens,
2997 4709 3204 4763 deinde
3223 4707 3334 4762 cibi
3359 4713 3647 4780 potusque

2001 4804 2371 4861 refectionem
2395 4800 2722 4870 suscipiens
2745 4798 2954 4853 iterum
2983 4797 3198 4868 quietis
3226 4813 3371 4852 usus
3394 4801 3481 4853 est
3507 4815 3644 4870 sup-

2003 4895 2314 4968 plemento.
2350 4891 2559 4960 Sicque
2590 4887 2803 4943 mentis
2832 4891 2888 4943 et
2917 4886 3174 4959 corporis
3204 4886 3454 4944 sanitate
3485 4902 3648 4944 rece-

1596 5040 1688 5094 VA
1697 5040 1838 5097 ΡιῐίΕ
1885 5037 2296 5096 LECTIONES.

281 5202 289 5212 .
330 5137 366 5170 ετ
393 5139 554 5196 illum
584 5142 638 5196 2.
695 5126 762 5175 ’⁸⁸
792 5141 860 5196 ad
894 5157 992 5196 eos
1032 5158 1087 5212 q.
1120 5158 1166 5196 s.
1220 5141 1450 5196 fuerant
1478 5143 1531 5195 2.
1608 5140 1653 5174 ⁸9
1682 5141 1746 5195 Τ.
1799 5139 2057 5211 psalmos
2107 5136 2392 5210 quosdam
2446 5131 3086 5212 cantansasuppliciter
3134 5148 3239 5212 pro
3285 5133 3452 5212 ea‘2.

279 5202 478 5284 interim
513 5213 551 5267 i.
585 5214 640 5266 2.
719 5213 758 5247 ⁹¹
794 5202 1259 5284 Cumquefinem
1293 5212 1505 5268 faceret
1535 5212 1735 5284 orandi
1764 5202 1834 5267 ad
1868 5202 2666 5284 circumstantesrespiciens
2796 5202 2871 5284 ff
2904 5221 2958 5284 Γ..
2999 5202 3151 5259 mox
3181 5202 3424 5258 liberata
3473 5205 3562 5256 est
3590 5204 3649 5259 2.

275 5275 303 5312 ³³
326 5283 562 5357 Moxque
592 5285 769 5339 ducta
799 5290 886 5340 est
916 5275 977 5340 in
1006 5283 1310 5340 ecclesiam
1341 5288 1398 5339 et
1423 5284 1474 5339 2.
1555 5284 1598 5318 9‘
1627 5283 1752 5356 ipse
1779 5286 1833 5338 2.
1910 5284 1953 5318 95
1982 5283 2142 5355 tagni
2171 5283 2223 5335 2.
2301 5280 2346 5314 9⁸
2378 5275 2751 5348 uveltinopoli
2787 5276 2861 5331 1?
2895 5275 2978 5331 ed.

1835 5406 2062 5466 NOTAE.

320 5513 432 5588 (78)
460 5515 528 5571 ν.
561 5514 963 5588 praefationem
994 5521 1275 5575 nostram.

309 5586 431 5740 is;

332 5656 429 5737 80)
455 5656 848 5737 Weltenburg
877 5661 949 5719 ad
978 5660 1334 5721 Danubium.

2079 5507 2189 5582 (81)
2220 5508 2285 5582 ἐξ,
2321 5500 2602 5582 _1004_;_cf.
2637 5501 2955 5560 Thietmar.
2989 5517 3041 5570 v,
3075 5498 3164 5556 24.

2079 5577 2189 5656 (82)
2223 5577 2546 5635 Eichstadt.
