4044 6164
475 281 594 341 419
1485 269 1825 330 0THLONI
1871 265 2228 329 MONACHI
2273 266 2339 327 S.
2386 263 2877 328 EMMEBAMMI
3763 267 3877 327 420

479 416 600 485 pta,
629 410 744 466 Deo
769 405 986 481 gratias
1008 419 1188 476 agens
1210 401 1479 473 surrexit,
1505 406 1563 457 et
1586 405 1785 473 postea
1807 399 2120 456 incolumis
2152 401 2205 467 Α
2235 401 2501 471 sequenti
2552 416 2724 455 mane
2774 400 3012 454 funeras
3057 396 3332 469 exequias
3379 400 3655 468 parantes
3699 413 3877 470 caepe-

478 496 822 574 permansit.
850 494 932 551 Ad
957 493 1077 548 haec
1100 491 1276 546 etiam
1312 491 1360 546 si
1394 496 1648 546 retexere
1668 492 1960 558 volumus,
1996 489 2123 561 qui-
2233 495 2370 544 runt
2403 490 2621 544 anxiari
2670 489 2821 544 unde
2871 492 3110 560 possent
3164 487 3502 559 episcopum
3552 487 3874 560 acquirere.

477 591 590 646 bus
621 602 860 642 manum
885 600 986 655 pro
1009 581 1413 638 benedictione
1442 581 1745 651 imposuit,
1769 585 1825 634 et
1856 585 1996 650 quot
2015 596 2121 651 gu-
2233 580 2456 634 Interea
2506 580 2664 634 venit
2712 580 2822 651 (86)
2862 576 3204 633 Juvavensis
3264 576 3474 648 praesul
3530 577 3873 634 venerabilis
3919 601 3926 606 ·

478 683 631 734 stato
655 691 802 748 pane
825 681 1000 744 quem
1025 669 1322 726 benedixit
1342 671 1412 724 ad
1439 670 1779 724 inﬁrmitate
1801 669 2123 724 liberaban-
2233 669 2565 724 Ilartwicus
2596 673 2653 724 et
2683 668 2854 723 Aribo
2887 684 3081 723 comes
3113 666 3374 738 quidam,
3407 667 3528 722 viro
3578 666 3679 722 Dei
3726 667 3877 724 inter

475 773 592 830 tur,
624 764 931 820 taediosum
965 761 1210 816 forsitan
1243 759 1444 814 lectori
1475 758 1782 813 videbitur.
1819 758 1978 812 Unde
2029 757 2120 811 his
2231 757 2412 813 laicos
2431 757 2922 813 carissimus.Hos
2947 773 3180 828 quoque
3203 755 3300 810 illo
3323 757 3878 821 adventuros,nocte

464 856 724 918 omissis,
744 854 814 908 ad
837 850 1294 923 ejustransitum
1320 865 1699 920 properemus
1718 847 2115 902 scribendum.
2234 847 2523 918 prmterita
2552 845 2898 901 venerabilis
2940 844 3150 917 praesul
3183 845 3570 917 Wolfkangus
3602 846 3873 914 innotuit,

536 946 627 1000 38.
665 943 788 1015 (An.
822 941 949 1010 994)
983 939 1165 1010 Igitur
1199 939 1309 1009 (83)
1367 943 1498 1009 post
1548 937 1734 993 multa
1785 936 2016 1008 pietatis
2064 940 2122 989 et
2232 941 2362 1006 post
2393 936 2564 1006 longa
2585 935 2818 990 silentia
2846 939 2903 990 et
2927 934 3184 1005 corporis
3211 933 3537 988 molestiam
3561 933 3876 990 relaxatam

464 1033 756 1106 aequitatis
788 1047 981 1102 opera,
1016 1029 1232 1099 quibus
1269 1029 1378 1082 Deo
1420 1026 1634 1082 servire
1666 1026 1937 1082 studebat
1984 1024 2116 1095 qui-
2229 1025 2300 1078 ad
2328 1028 2621 1079 asstantes
2646 1024 2840 1080 subito
2867 1023 3066 1077 dicens
3092 1039 3104 1078 :
3139 1024 3398 1079 Mundate
3422 1023 3662 1087 domum,
3685 1032 3877 1095 parate

465 1125 694 1194 busque
742 1118 1046 1176 ecclesiam
1095 1118 1205 1172 sibi
1259 1115 1636 1171 commissam
1679 1116 1933 1185 regebat,
1969 1130 2119 1185 saepe
2227 1112 2542 1183 hospitium,
2574 1114 2706 1182 quia
2735 1113 2897 1166 hodie
2943 1112 3012 1165 ad
3056 1128 3152 1167 nos
3194 1113 3413 1166 venient
3459 1112 3692 1183 hospites
3724 1113 3870 1169 boni.

467 1211 804 1267 nominatus
830 1208 1160 1279 saepiusque
1185 1204 1587 1260 nominandus
1610 1203 1958 1259 venerabilis
1981 1220 2118 1274 prae-
2226 1203 2290 1257 Et
2345 1210 2406 1257 ut
2458 1201 2720 1271 credatis,
2781 1203 2909 1273 quia
2963 1217 3147 1256 verum
3207 1200 3354 1271 dico,
3419 1200 3516 1256 hoc
3565 1203 3670 1256 erit
3726 1201 3873 1257 vobis

467 1301 559 1357 sul
579 1297 1144 1369 Wolt’kangus,cum
1174 1293 1505 1365 Ratisponte
1529 1292 2114 1364 constitutus,rerum
2225 1293 2449 1360 signum
2469 1309 2488 1346 :
2513 1293 2671 1345 navis
2695 1291 2752 1346 in
2774 1307 2882 1361 qua
2901 1292 3222 1360 ferebantur
3243 1289 3387 1344 bona
3405 1288 3597 1345 domni
3615 1291 3875 1347 Hartwici

468 1388 811 1445 necessitate
834 1389 1125 1457 poscente,
1155 1383 1212 1437 in
1238 1381 1580 1437 orientalem
1606 1381 1897 1454 Pagoarize
1931 1382 2115 1452 regio-
2227 1382 2624 1451 archiepiscopi
2649 1384 2701 1434 et
2727 1380 2985 1435 Aribonis
3016 1381 3249 1450 perfecti
3285 1380 3646 1450 naufragium
3677 1379 3732 1434 in
3765 1381 3870 1435 Da-

468 1496 600 1534 nem
633 1477 740 1532 iter
771 1491 946 1531 suum
977 1472 1315 1537 destinaret,
1349 1470 1677 1526 febricitare
1708 1470 1897 1542 ccepit.
1931 1473 2114 1533 Quam
2224 1470 2391 1524 nubio
2418 1485 2674 1541 perpessa
2699 1475 2820 1532 est;
2864 1469 2955 1524 sed
2983 1485 3078 1540 per
3106 1468 3546 1524 misericordiam
3574 1470 3673 1525 Dei
3702 1469 3878 1524 homi-

464 1565 723 1638 corporis
756 1562 1084 1620 molestiam
1134 1561 1221 1615 vir
1267 1560 1364 1614 Dei
1414 1577 1529 1616 non
1584 1559 1775 1616 solum
1815 1559 2028 1631 vigiliis
2058 1563 2114 1614 et
2223 1575 2318 1613 nes
2347 1560 2489 1612 salvi
2517 1559 2652 1629 facti
2679 1566 2825 1626 sunt,
2855 1566 2904 1613 et
2933 1557 3097 1613 iidem
3128 1557 3341 1613 domini
3366 1573 3496 1613 mox
3521 1562 3640 1630 post
3672 1558 3874 1614 obitum

465 1654 850 1719 orationibus,
883 1653 983 1707 sed
1036 1651 1212 1706 etiam
1263 1649 1604 1704 elemosinis
1635 1647 1804 1719 quasi
1836 1647 2113 1718 prazscius
2225 1665 2410 1702 meum
2437 1647 2853 1724 hacadventuri
2875 1651 3056 1702 erunt.
3084 1647 3441 1719 Factumque
3463 1653 3551 1703 est
3572 1648 3690 1716 ita;
3725 1653 3787 1703 et
3811 1648 3877 1703 ab

464 1745 798 1800 futurorum
833 1741 1210 1814 przeveniens,
1243 1741 1431 1792 totum
1481 1738 1634 1808 quod
1678 1737 1893 1791 habere
1925 1737 2112 1808 potuit
2141 1773 2189 1837 B
2223 1735 2442 1791 eisdem
2465 1729 2909 1791 advenientibus
2942 1753 3057 1790 una
3080 1752 3214 1790 cum
3248 1737 3459 1808 populo
3484 1735 3744 1791 fidelium
3781 1753 3871 1792 co-

466 1852 568 1906 per
612 1849 823 1889 manus
883 1845 1204 1901 pauperum
1269 1829 1327 1880 in
1377 1826 1850 1898 gazophylatium
1897 1826 2110 1880 Christi
2141 1823 2189 1837 "
2222 1825 2385 1897 pioso
2417 1841 2626 1896 corpus
2673 1825 2826 1880 beati
2856 1823 3193 1897 Wollkangi
3226 1830 3591 1898 susceptum,
3625 1827 3685 1881 in
3718 1826 3815 1882 die
3844 1844 3876 1881 a

464 1920 825 1988 transmisit;
855 1919 1052 1989 sicque
1079 1921 1270 1988 partes
1292 1916 1529 1972 orientis
1556 1917 1865 1987 petiturus,
1895 1915 1975 1969 illi
2011 1915 2109 1986 qui
2221 1915 2472 1969 transitu
2497 1914 2653 1969 illius
2676 1913 2925 1985 septimo
2951 1914 3019 1968 ad
3045 1914 3333 1971 civitatem
3359 1915 3736 1988 Ratisponam
3764 1917 3868 1972 ho-

467 2011 652 2067 nescit
674 2025 942 2066 occasum
970 2006 1190 2063 sedulis
1223 2005 1494 2078 precibus
1523 2006 1653 2059 vitze
1677 2022 1797 2060 suae
1821 2021 2113 2060 commen-
2223 2002 2457 2058 noriﬁce
2515 2009 2602 2058 est
2657 2001 2967 2074 perlatum.
3019 2002 3126 2057 Ubi
3188 2020 3320 2058 cum
3375 2004 3531 2077 apud
3587 2009 3867 2060 Sanctum

467 2101 624 2156 davit
671 2115 997 2155 excursum.
1035 2097 1296 2167 Cumque
1345 2111 1446 2167 per
1494 2094 1743 2149 Danubii
1799 2095 2112 2149 decursum
2221 2098 2457 2148 Petrum
2479 2092 2686 2147 fuisset
2715 2097 3135 2164 susceptus,ac
3165 2093 3496 2165 vigiliarum
3526 2094 3871 2150 missarum-

466 2194 701 2246 ventum
728 2193 882 2244 esset
906 2187 976 2241 ad
1004 2186 1197 2241 locum
1226 2183 1326 2257 qui
1359 2185 1571 2239 dicitur
1602 2184 1924 2256 Puppinga,
1960 2182 2112 2238 ultra
2222 2197 2334 2253 que
2367 2180 2856 2237 celebrationibus
2906 2186 3016 2236 Deo
3049 2182 3194 2236 foret
3234 2183 3699 2250 commendatus,
3734 2201 3866 2239 sus-

466 2280 702 2334 tendere
725 2294 839 2333 non
865 2275 1111 2342 valebat,
1133 2275 1272 2346 quia
1290 2278 1525 2344 tempus
1549 2272 1917 2328 resolutionis
1941 2272 2114 2326 insta-
2223 2270 2494 2326 tollentes
2517 2287 2649 2325 cum
2676 2287 2888 2341 magna
2911 2271 3253 2337 reverentia,
3274 2273 3584 2343 portabant
3603 2289 3738 2328 eum
3775 2289 3874 2345 per

468 2369 583 2424 bat.
619 2367 704 2422 lbi
749 2382 908 2437 ergo,
943 2379 1200 2435 superna
1247 2379 1309 2418 sc
1339 2361 1610 2417 visitante
1654 2361 1862 2433 gratia,
1897 2377 2132 2432 cogno-,
2223 2359 2456 2432 singula
2485 2360 2650 2414 urbis
2682 2359 3057 2428 monasteria,
3086 2360 3404 2418 novissime
3433 2379 3563 2417 vero
3596 2362 3666 2417 ad
3689 2363 3873 2418 eccle-

470 2473 660 2524 scens,
694 2456 807 2510 cito
840 2457 958 2509 tore
989 2451 1337 2522 complenda
1369 2468 1496 2522 quae
1529 2451 1639 2505 sibi
1689 2467 1790 2522 per
1828 2449 2112 2504 visionem
2223 2449 2368 2504 siam
2403 2450 2556 2504 beati
2592 2449 2865 2520 martyris
2897 2449 3335 2519 Emmerammi,
3363 2453 3535 2522 cujus
3565 2450 3871 2521 honorem,

471 2545 609 2600 olim
642 2545 872 2598 fuerant
903 2540 1152 2596 revelata
1184 2540 1318 2610 (84),
1353 2539 1533 2609 jussit
1563 2539 1696 2609 (85),
1731 2543 1793 2592 ut
1824 2539 1879 2592 in
1915 2543 2111 2593 orato-
2224 2538 2363 2592 dum
2381 2537 2843 2602 vixerat,intimo
2863 2538 3070 2592 affectu
3089 2539 3537 2604 excolebat.Qua
3555 2540 3874 2596 missarum

470 2634 622 2688 rium
658 2632 807 2687 beati
840 2629 1144 2693 Otmari",
1179 2628 1331 2699 quod
1369 2627 1445 2681 ibi
1477 2629 1654 2681 situm
1684 2632 1825 2691 erat,
1857 2633 2112 2698 portare-
2223 2627 2544 2682 sollemniis
2575 2631 2630 2680 et
2661 2626 3036 2698 exequiarum
3069 2628 3277 2683 officiis
3308 2628 3417 2684 rite
3448 2630 3716 2700 peractis,
3741 2647 3876 2685 rna-

468 2727 588 2787 tur,
629 2726 685 2776 et
731 2709 883 2776 ante.
912 2719 1092 2773 altare
1139 2719 1264 2787 ejus
1313 2717 1714 2787 deponeretur.
1767 2716 1929 2782 Quod
1980 2733 2112 2771 eum
2222 2715 2430 2788 gnifice
2479 2721 2651 2786 atque
2705 2715 3019 2771 honoriﬁce
3071 2716 3287 2772 ibidem
3339 2717 3607 2790 sepultus
3657 2723 3775 2787 est,
3817 2719 3876 2774 in

472 2811 693 2866 factum
724 2813 896 2873 esset,
930 2805 1362 2878 aliquantulum
1413 2821 1480 2860 ex
1526 2804 1867 2861 inﬁrmitate
1907 2823 2112 2861 conva-
2223 2805 2424 2860 ordine
2470 2805 2811 2876 pontificum
2858 2805 3204 2860 duodecimo
3251 2807 3418 2871 satis,
3457 2823 3716 2880 congrue
3771 2825 3875 2862 nu-

472 2898 720 2965 lescens,
755 2896 989 2962 resedit,
1026 2901 1082 2951 et
1130 2911 1232 2966 per
1278 2894 1700 2949 confessionem
1750 2895 2003 2964 primum
2058 2911 2116 2950 se
2226 2911 2384 2950 mero
2417 2911 2580 2949 sacro
2619 2893 2678 2947 in
2719 2893 2819 2948 tali
2850 2894 2974 2949 viro
3006 2894 3284 2962 definito;
3317 2896 3376 2950 in
3419 2913 3533 2968 quo
3587 2897 3876 2952 Dominus

473 2988 744 3060 expiavit.
769 2986 988 3041 Deinde
1014 3001 1216 3040 omnes
1243 2983 1341 3055 qui
1374 2984 1614 3038 aderant
1647 3001 1748 3054 pro
1773 2985 1902 3048 ﬁde,
1928 3001 2028 3056 spe
2061 2989 2118 3039 et
2226 2983 2528 3039 miraculis
2573 2983 2750 3038 variis
2798 2988 2999 3054 postea
3055 2984 3471 3054 manifestavit,
3523 2986 3662 3057 quia
3724 2985 3874 3042 hunc

473 3077 711 3132 caritate
760 3075 904 3130 satis
931 3075 972 3108 9⁸
1021 3072 1345 3128 luculenter
1383 3073 1726 3137 admonens,
1759 3089 1856 3127 eos
1889 3090 1953 3128 ac
1985 3074 2115 3127 uni-
2164 3147 2173 3148 ί
2226 3090 2357 3128 cum
2385 3072 2746 3145 principibus
2770 3071 2968 3144 populi
2993 3072 3084 3127 sui
3109 3072 3412 3130 collocavit
3433 3075 3607 3144 (Psal.
3631 3091 3774 3144 cxu,
3801 3076 3874 3148 8).

471 3182 670 3221 versos
719 3163 831 3220 sibi
884 3162 1230 3218 commissos
1280 3178 1412 3216 cum
1442 3160 1666 3216 intimis
1698 3162 1969 3233 suspiriis
1999 3163 2114 3218 Deo
2147 3147 2188 3212 C
2298 3164 2385 3217 40.
2417 3163 2553 3216 Post
2576 3161 2800 3216 felicem
2824 3162 3009 3216 sancti
3036 3161 3305 3232 praesulis
3329 3163 3663 3236 Wolfkangi
3689 3181 3878 3220 exces-

471 3253 808 3324 sanctisque
874 3252 1003 3322 ejus
1068 3250 1548 3317 commendavit;
1618 3250 1848 3322 sicque,
1909 3251 2113 3305 viatico
2223 3269 2352 3306 sum
2390 3250 2674 3322 plurimas
2696 3250 2940 3306 virtutes
2971 3254 3027 3306 et
3050 3251 3116 3286 ¹⁰⁰
3148 3251 3316 3323 signa
3337 3253 3640 3308 ostendere
3669 3254 3876 3326 digna-

472 3347 730 3413 sumpto,
753 3341 1110 3395 humotenus
1134 3356 1196 3394 se
1228 3339 1557 3411 prostravit.
1583 3341 1745 3394 Tunc
1776 3340 1969 3394 aeditui
1996 3340 2114 3394 sive
2225 3342 2395 3395 batur
2427 3340 2613 3412 gratia
2651 3338 2846 3394 divina
2893 3356 2994 3410 per
3042 3339 3205 3396 illum
3233 3359 3246 3409 ;
3281 3337 3531 3412 quorum
3579 3344 3873 3413 quaedam,

471 3428 814 3485 cubicularii
867 3427 1072 3498 ejicere
1125 3427 1486 3499 temptabant
1515 3428 1585 3481 de
1614 3428 1858 3482 ecclesia
1888 3445 2110 3495 omnes,
2225 3429 2592 3502 neglegentia
2633 3434 2690 3484 et
2738 3428 3026 3484 oblivione
3059 3430 3324 3498 faciente,
3359 3432 3430 3486 ad
3479 3432 3876 3502 cognitionem

469 3519 723 3592 exceptis
755 3517 1144 3573 familiaribus
1177 3533 1375 3571 secum
1408 3533 1475 3570 ex
1508 3533 1666 3571 more
1696 3519 2113 3572 commanenti-
2226 3526 2486 3574 nostram
2517 3517 2759 3573 minime
2790 3524 3196 3590 pervenerunt,
3230 3521 3496 3590 quaedam
3540 3537 3672 3576 vero
3729 3521 3878 3577 rela-

473 3609 604 3664 bus.
637 3608 790 3671 Quos
819 3607 906 3661 vir
934 3606 1028 3660 Dei
1063 3604 1363 3676 prohibuit
1393 3604 1591 3659 dicens
1625 3622 1636 3659 :
1681 3609 1928 3661 Reserate
1955 3609 2112 3673 ostia,
2223 3609 2380 3663 tione
2430 3607 2584 3662 fideli
2635 3611 2949 3678 comperta,
2994 3613 3166 3678 prout
3214 3625 3553 3679 possumus,
3589 3610 3880 3681 explicare

469 3697 690 3752 nullum
722 3697 818 3766 qui
858 3697 1009 3749 venit
1039 3695 1276 3748 introire
1303 3695 1608 3764 prohibete.
1642 3696 1756 3749 Non
1799 3697 1946 3750 enim
1994 3712 2110 3760 nos,
2225 3697 2668 3768 temptabimus.
2705 3698 2771 3750 Et
2821 3697 2928 3750 hoc
2979 3697 3036 3751 in
3089 3697 3295 3769 primis
3343 3698 3680 3766 dicendum,
3718 3698 3877 3772 quia,

473 3789 570 3858 qui
590 3801 774 3841 sumus
803 3784 1078 3849 mortales,
1103 3782 1416 3836 erubescere
1442 3782 1696 3837 debemus
1718 3785 1830 3838 nisi
1857 3800 1925 3838 ea:
1955 3785 2117 3840 matis
2225 3803 2359 3841 cum
2392 3784 2774 3856 provinciales
2807 3802 2924 3840 una
2953 3802 3085 3840 cum
3119 3785 3342 3842 civibus
3375 3786 3482 3843 loci
3512 3787 3727 3859 ipsius,
3764 3805 3875 3860 quo

473 3875 742 3945 operibus,
787 3887 916 3928 cum
963 3872 1155 3924 mortis
1202 3870 1446 3925 debitum
1497 3873 1799 3926 necessario
1847 3874 2115 3928 exolveri-
2227 3879 2466 3930 sanctus
2499 3873 2712 3944 praesul
2743 3874 3053 3929 defunctus
3085 3879 3193 3941 est,
3227 3876 3622 3944 convenirent,
3657 3881 3728 3932 ut
3761 3893 3877 3931 me-

474 3979 636 4023 mus;
665 3961 883 4033 quando
915 3959 1134 4029 quidem
1162 3960 1312 4014 Iesus
1356 3958 1619 4027 Christus,
1653 3963 1750 4030 qui
1779 3962 1921 4016 nihil
1953 3965 2118 4017 morti
2225 3964 2427 4019 liorem
2461 3967 2517 4017 et
2549 3965 2833 4033 majorem
2866 3963 3169 4019 basilicam
3201 3969 3608 4021 construerent
3635 3996 3711 4006 -η
3746 3982 3881 4021 nam

470 4051 675 4120 debuit,
706 4053 880 4120 ferme
908 4047 1086 4102 nudus
1115 4050 1258 4102 mori
1295 4064 1404 4103 non
1447 4049 1665 4104 erubuit
1711 4053 1769 4104 in
1816 4067 1972 4106 cruce
2018 4069 2116 4123 pro
2227 4055 2296 4109 de
2318 4054 2611 4126 lignorum
2637 4054 2878 4108 materia
2902 4053 3194 4125 priorerat
3211 4054 3600 4121 a-diticata,—
3621 4056 3884 4126 quadam

469 4140 681 4209 generis
734 4137 966 4192 humani
1010 4137 1207 4192 salute.
1241 4138 1524 4208 Adspiciat
1570 4140 1794 4208 quisque
1841 4142 1897 4194 in
1949 4145 2119 4195 morte
2227 4143 2318 4199 die
2345 4142 2556 4197 murali
2579 4143 2989 4198 insistentibus
3012 4143 3450 4215 cperi,quidam
3476 4145 3776 4200 adductus
3800 4147 3886 4200 est

465 4230 684 4293 nostra,
715 4225 855 4297 quod
903 4229 1100 4297 paveat
1147 4229 1204 4280 et
1250 4229 1435 4282 caveat
1465 4228 1525 4280 in
1555 4243 1673 4281 sua.
1708 4228 1845 4282 Deus
1865 4229 2120 4284 misereri
2227 4232 2853 4303 encrguminus.Quem
2868 4233 3117 4288 artifices
3132 4232 3722 4290 miserationedivina
3746 4231 3887 4289 moti

469 4315 729 4386 dignetur
789 4323 840 4370 et
898 4315 1041 4369 mihi
1099 4316 1302 4370 misero
1357 4317 1625 4386 peccatori
1684 4320 1910 4371 mortem
1973 4335 2120 4373 nunc
2228 4321 2826 4394 apprehendentes,in
2849 4321 3258 4388 illumlocum,
3284 4322 3384 4377 ubi
3409 4327 3647 4378 sanctus
3674 4323 3785 4379 Dei
3808 4322 3888 4378 fa-

467 4405 743 4472 subeunti,
775 4413 828 4460 et
873 4407 1072 4476 cuique
1127 4421 1249 4460 eam
1292 4405 1486 4460 timide
1525 4421 1586 4459 ac
1617 4405 1900 4461 humiliter
1926 4407 2117 4478 adspi-
2229 4409 2426 4465 mulus
2459 4410 2730 4482 spiritum
2761 4410 3068 4476 exhalavit,
3097 4415 3573 4482 prostraverunt;
3608 4412 3715 4466 ubi
3749 4428 3883 4467 mox

470 4496 658 4552 cienti.
687 4499 817 4550 Haec
846 4511 977 4549 cum
1013 4493 1274 4561 dixisset,
1303 4499 1628 4549 reverenter
1657 4494 1854 4550 oculos
1885 4495 2116 4563 clausit,
2151 4519 2196 4585 D
2230 4516 2330 4572 per
2379 4500 2564 4554 sancti
2611 4498 2719 4554 viri
2771 4499 2982 4555 merita
3043 4499 3311 4555 sanitatis
3369 4501 3585 4572 recepit
3639 4502 3886 4573 gaudia.

473 4601 540 4640 ac
596 4583 754 4639 velut
812 4583 868 4639 in
931 4600 1134 4639 somno
1161 4585 1204 4617 ⁹⁹
1263 4599 1540 4655 pausans,
1589 4582 1648 4637 in
1708 4600 1847 4654 pace
1906 4585 2121 4657 quievit
2151 4582 2183 4585 7
2230 4588 2447 4644 Deinde
2472 4588 2645 4644 etiam
2678 4587 2838 4643 locus
2870 4587 2968 4643 ille
2997 4606 3030 4644 a
3061 4588 3758 4660 diversislanguentibus
3785 4590 3890 4645 fre-

475 4676 590 4745 (an.
623 4673 748 4741 994,
784 4673 895 4730 Oct.
929 4674 1039 4741 31).
2229 4679 2645 4750 quentabatur,
2679 4682 2735 4732 et
2787 4677 2957 4732 multi
3007 4679 3376 4734 restitutione
3426 4678 3730 4750 sospitatis
3775 4679 3887 4735 sibi

545 4763 638 4818 Sic
667 4763 925 4818 animam
961 4763 1142 4818 sacris
1173 4761 1449 4816 caelorum
1482 4762 1729 4817 reddidit
1760 4764 1954 4819 astris.
2081 4771 2092 4783 '
2229 4766 2703 4834 consolabantur,
2731 4767 2888 4837 quia,
2920 4771 2985 4821 ut
3014 4767 3220 4823 beatus
3243 4768 3556 4840 Gregorius
3578 4767 3727 4824 dicit
3749 4768 3890 4841 (87),

545 4852 605 4908 Si
637 4851 848 4922 quaeris
881 4856 1136 4922 tempus,
1169 4851 1368 4917 lector,
1402 4869 1514 4922 quo
1546 4851 1788 4923 contigit
1817 4853 1996 4922 istud,
2229 4855 2573 4926 plerumque
2605 4855 2838 4919 accidit,
2870 4860 2934 4910 ut
2980 4857 3200 4926 majora
3249 4856 3330 4911 ibi
3381 4873 3497 4928 quo
3539 4861 3892 4912 sanctorum

541 4939 845 4996 Anteriore
876 4939 968 4994 die
999 4939 1107 4994 fuit
1139 4939 1500 5011 ingrediente
1531 4941 1870 4997 Novembre.
2232 4945 2488 5016 reliquia
2521 4945 2810 5000 habentur
2840 4946 3183 5017 proveniant
3212 4945 3518 5014 miracula,
3549 4962 3733 5018 quam
3786 4943 3892 5001 ubi

544 5027 634 5083 39.
667 5026 813 5083 Cum
833 5027 955 5083 hac
976 5027 1172 5083 omnia
1197 5032 1481 5084 nocturno
1508 5033 1768 5100 tempore
1790 5031 2121 5102 ﬁnirentur,
2231 5051 2433 5090 eorum
2464 5033 2764 5091 recondita
2792 5039 2930 5091 sunt
2959 5051 3222 5107 corpora.

1827 5155 2072 5212 VARIAB
2111 5159 2525 5216 LECTIONES.

547 5255 590 5290 9"
620 5251 872 5309 othmari
903 5253 958 5308 2.
1035 5252 1078 5288 93
1110 5251 1318 5308 salutis
1346 5252 1401 5308 2.
1479 5253 1523 5288 9°
1554 5253 1781 5310 somnio
1813 5255 1862 5310 1.
1945 5257 2010 5292 ¹⁰⁰
2042 5261 2216 5330 atque
2243 5260 2298 5314 2.

2063 5382 2297 5440 NOTAE.

695 5465 776 5551 8.x
803 5465 1082 5551 Arppldo,
1116 5483 1167 5523 c.
1195 5467 1285 5522 20.
2308 5475 2419 5551 (8Q)
2454 5473 2699 5551 Reliqua
2727 5493 2798 5551 ex
2826 5476 3107 5551 Arnoldo,
3140 5495 3190 5536 c.
3222 5479 3312 5536 23.

577 5538 667 5622 ἓξ)
801 5555 848 5622 c.
887 5540 976 5622 12ζ
1002 5610 1016 5622 _
1193 5610 1262 5622 Μ
2311 5538 2423 5622 (87)
2458 5538 2697 5620 Dialfn,
2725 5548 2814 5606 38.

573 5609 664 5689 85)
694 5609 776 5667 Ex
803 5609 1079 5680 Arnoldo,
1113 5627 1162 5668 ο.
1193 5610 1283 5668 23.
