4030 6186
268 263 356 358 m
1238 284 1427 358 VITA
1471 298 1539 359 s.
1585 298 2085 361 WOLFKANGI.
2118 333 2195 343 —
2253 301 2667 364 APPENDIX.

3537 310 3653 372 422

326 430 404 487 41.
435 428 620 486 Homo
648 427 829 501 igitur
858 427 1249 502 pauperculus
1273 429 1536 503 quidam,
1561 431 1663 504 qui
1685 432 1758 487 ob
1781 431 1892 487 cri-
1922 434 1976 500 Α
2005 437 2160 489 esset
2189 450 2298 489 sua
2325 434 2492 504 visio,
2524 436 2744 508 gratias
2786 437 2906 510 egit
2957 438 3067 494 Deo
3115 444 3435 513 sanctoque
3464 442 3649 499 Wolf-

273 520 482 577 minum
503 516 825 575 multorum
850 517 1339 591 perpetrationem
1358 519 1594 576 circulis
1615 520 1815 577 ferreis
1836 521 1895 577 in

272 617 501 682 utroque
528 607 770 664 brachio
804 607 912 663 fuit
934 608 1308 674 constrictus,
1331 612 1388 664 et
1406 626 1475 664 ex
1495 609 1604 665 hoc
1623 610 1895 682 gravissi-

270 700 363 755 mis
380 698 592 754 cotidie
607 695 915 770 suppliciis
932 697 1339 764 afﬂictus,cum
1363 698 1549 754 multa
1560 704 1896 756 sanctorum

266 788 375 844 loca
395 803 501 860 pro
522 787 787 859 ejusdem
805 787 1100 843 cruciatus
1122 787 1377 843 remedio
1399 788 1814 860 commissique
1833 790 1894 825 ¹⁰¹

266 875 491 935 sceleris
511 875 825 933 abolitione
854 874 1290 949 perlustrasset,
1312 876 1509 933 divina
1528 878 1764 933 tandem
1788 878 1897 933 mi-

268 966 541 1023 seratione
589 968 910 1037 respectus,
951 965 1087 1021 ferri
1139 964 1414 1039 ligamen,
1461 967 1618 1038 quod
1666 967 1726 1022 in
1781 984 1898 1023 uno

266 1042 522 1130 gestabat
548 1053 811 1123 brachio,
843 1071 946 1127 per
981 1054 1180 1110 Sancti
1212 1054 1319 1110 viri
1345 1054 1728 1127 1'"Adalperti
1778 1073 1898 1112 me-

265 1145 364 1202 rita
390 1144 661 1201 amittere
682 1142 916 1200 meruit.
939 1143 1163 1200 Deinde
1182 1144 1378 1212 etiam,
1405 1144 1680 1217 quoniam
1714 1147 1900 1202 sancti

264 1233 587 1307 Wolfkangi
617 1233 836 1290 famam
862 1249 964 1306 per
984 1232 1338 1306 longinquas
1367 1233 1586 1290 audivit
1614 1234 1897 1307 regiones,

264 1324 325 1381 ad
362 1321 745 1395 Ratisponam
782 1324 1041 1390 veniens,
1093 1321 1293 1393 ibique
1338 1328 1471 1379 ante
1519 1322 1899 1395 sepulchrum

263 1414 377 1484 ejus
407 1410 659 1468 orationi
689 1410 994 1483 insistens,
1020 1410 1259 1468 alterius
1288 1410 1492 1467 circuli
1524 1411 1783 1468 cruciatu
1808 1413 1902 1468 ab-

261 1501 479 1560 solutus
509 1504 615 1557 est.
1880 1548 1883 1551 .

324 1591 409 1646 42.
444 1588 712 1646 Heinrico
752 1605 888 1663 rege
925 1590 1175 1647 necdum
1207 1590 1440 1647 cmsaris
1467 1590 1556 1647 vel
1587 1590 1898 1662 imperato-

260 1681 335 1737 ris
353 1678 701 1752 dignitatem
724 1678 1332 1752 obtinente,apparuit
1351 1684 1589 1735 sanctus
1604 1679 1901 1735 Wollkan-

261 1784 361 1842 gus
390 1768 452 1823 in
481 1767 709 1824 somnis
752 1766 978 1823 visione
1026 1766 1150 1823 tali.
1181 1767 1388 1824 Visum
1419 1785 1674 1841 namque
1705 1772 1795 1825 est
1824 1769 1897 1839 ei,
1931 1805 1978 1870 Β

262 1857 406 1930 quod
428 1872 678 1913 manens
698 1855 759 1911 in
780 1856 979 1912 Sancti
1005 1856 1425 1913 Emmerammi
1457 1857 1721 1924 ecclesia,
1747 1873 1904 1913 acce-

264 1946 414 2003 deret
432 1944 639 2002 orandi
667 1944 855 2018 gratia
877 1945 948 2000 ad
977 1945 1133 2001 beati
1154 1944 1491 2019 Wolfkangi
1523 1945 1900 2018 sepulchrum

263 2034 319 2090 in
337 2033 580 2091 ecclesia
598 2034 802 2090 eadem
826 2034 1028 2090 situm.
1047 2035 1310 2107 Cumque
1331 2034 1548 2091 ibidem
1567 2035 1749 2091 Deum
1772 2052 1903 2091 san-

266 2128 532 2195 ctumque
563 2121 985 2195 Wolt'kangum
1034 2122 1306 2195 precibus
1336 2122 1561 2179 intimis
1592 2129 1903 2180 conaretur

272 2228 514 2278 exorare,
538 2211 731 2268 subito
760 2212 1072 2268 videbatur
1099 2212 1151 2268 ei
1180 2212 1305 2284 ipse
1328 2216 1567 2269 sanctus
1599 2218 1823 2270 asstare
1847 2218 1905 2268 et

271 2300 600 2375 bujusmodi
620 2300 815 2357 verbis
837 2317 972 2357 eum
996 2299 1325 2374 appellare:
1349 2303 1567 2358 Intuere
1594 2301 1904 2372 diligenter

271 2391 474 2447 litteras
501 2392 560 2446 in
592 2406 772 2459 muro,
795 2392 895 2464 qui
922 2392 997 2447 est
1038 2406 1192 2447 secus
1218 2389 1503 2447 tumulum
1544 2408 1741 2460 meum,
1762 2394 1905 2448 scri-

268 2488 396 2552 ptas.
441 2483 578 2537 Erat
621 2483 818 2537 autem
866 2479 971 2548 ibi,
1002 2479 1156 2536 sicut
1177 2479 1503 2548 videbatur,
1536 2480 1904 2537 solummodo

271 2570 543 2645 scriptum
577 2586 590 2625 :
625 2573 754 2626 Post
797 2584 913 2625 sex.
949 2568 1242 2642 Evigilans
1284 2586 1417 2625 vero
1452 2570 1752 2626 Heinricus
1783 2587 1901 2638 rex,

269 2659 599 2716 tractatione
620 2658 901 2715 diuturna
920 2675 1119 2715 secum
1150 2659 1389 2715 revolvit
1414 2659 1771 2733 paucissima
1799 2659 1908 2714 hu-

261 2749 354 2820 jus
380 2747 622 2805 visionis
648 2747 887 2821 scripta.
912 2748 974 2803 In
998 2747 1207 2820 primis
1236 2763 1373 2820 ergo
1402 2748 1903 2818 arbitratus,quod

266 2841 393 2912 post
409 2854 512 2895 sex
530 2838 657 2895 dies
677 2841 834 2894 esset
857 2836 1200 2906 moriturus,
1219 2836 1408 2893 multa
1427 2837 1732 2909 dispensat
1754 2854 1903 2910 pau-g

264 2926 673 2999 peribus.Cum
691 2930 886 2982 autem
904 2926 1244 2983 sexdierum
1259 2942 1543 2982 numerus
1564 2927 1903 2999 praeteriret,

266 3020 321 3073 et
340 3015 420 3072 nil
447 3016 508 3071 in
540 3032 605 3072 se
633 3014 952 3087 corporalis
972 3014 1254 3071 molestiae
1275 3014 1535 3084 sentiret,
1559 3014 1807 3087 putavit,
1832 3016 1903 3070 ad

264 3123 364 3164 sex
415 3122 652 3163 menses
708 3104 1027 3178 pertinere,
1076 3109 1133 3160 et
1186 3105 1390 3161 eadem
1450 3105 1622 3177 coepit
1673 3104 1900 3160 timere.

2007 522 2220 595 kango,
2253 523 2353 594 qui
2387 523 2500 580 sibi
2529 524 2708 581 talem
2754 526 3007 584 revelare
3037 528 3313 601 dignatus
3344 534 3433 587 est
3461 531 3651 605 digni-

2010 615 2208 667 tatem.

2080 701 2167 755 43.
2202 702 2449 766 Quidam
2472 702 2586 775 (88)
2616 703 2789 759 homo
2838 706 3090 763 caecitate
3140 710 3424 767 multatus
3456 711 3527 767 ad
3559 728 3653 767 se-

2012 790 2321 861 pulchrum
2374 792 2524 847 beati
2574 793 2913 866 \Volfkangi
2962 797 3226 852 accessit.
3261 800 3524 871 Cumque
3572 800 3652 855 ibi

2011 894 2208 950 preces
2256 880 2585 936 uberrimas
2637 881 2956 951 eﬂ‘udisset,
3003 887 3197 941 subito
3244 888 3373 943 visu
3424 895 3653 961 recepto

2009 967 2337 1033 exauditus,
2362 969 2477 1024 Deo
2508 975 2828 1041 sanctoque
2860 973 3095 1043 praesuli
3127 976 3346 1045 gratias
3379 978 3513 1048 egit.

2082 1056 2169 1110 44.
2200 1054 2325 1112 Alio
2358 1072 2591 1128 quoque
2621 1062 2881 1130 tempore
2915 1060 3128 1116 mulier
3151 1064 3419 1133 quaedam
3444 1066 3653 1122 debilis

2011 1160 2114 1215 pro
2147 1161 2249 1215 spe
2280 1147 2687 1216 recuperandae
2719 1146 2929 1203 salutis
2951 1149 3253 1221 deportata
3274 1156 3362 1207 est
3384 1169 3417 1207 a
3437 1153 3563 1209 suis
3593 1155 3654 1210 in

2010 1231 2315 1288 ecclesiam
2347 1233 2498 1289 beati
2530 1235 2944 1291 Emmerammi
2966 1239 3259 1311 martyris.
3286 1241 3346 1296 In
3379 1258 3496 1313 qua
3515 1242 3656 1299 dum

2011 1326 2144 1377 ante
2174 1321 2381 1377 altaria
2401 1325 2680 1394 reptando
2705 1324 2893 1398 magis
2917 1342 3093 1398 quam
3120 1328 3477 1386 ambulando
3508 1332 3656 1403 peti-

2010 1410 2166 1465 tione
2179 1410 2380 1466 sedula
2393 1417 2725 1468 sanctorum
2740 1414 3092 1485 exquisisset
3114 1417 3656 1490 suﬂ‘ragia,tandem

2010 1515 2079 1554 ex
2109 1498 2308 1555 labore
2344 1498 2433 1556 vel
2476 1498 2821 1573 aegritudine
2859 1503 3120 1575 fatigata,
3154 1522 3325 1561 secus
3356 1507 3656 1565 tumulum

2011 1587 2199 1643 sancti
2231 1588 2497 1660 praesulis
2526 1589 2863 1663 Woltkangi
2913 1593 3128 1648 resedit
3173 1594 3360 1650 humi.
3392 1598 3657 1672 cumque

2011 1675 2240 1732 misella
2263 1693 2502 1748 corpore
2523 1695 2588 1733 ac
2610 1685 2802 1735 mente
2826 1678 3122 1753 inclinata,
3146 1684 3273 1754 ejus
3305 1685 3579 1756 precibus
3601 1692 3659 1742 et

2011 1764 2237 1821 meritis
2267 1783 2329 1821 se
2360 1767 2621 1837 adjuvari
2664 1774 2945 1841 exoraret,
2977 1770 3171 1826 subito
3208 1771 3407 1829 lateris
3439 1780 3656 1831 cetero-

2012 1871 2261 1926 rumque
2291 1856 2689 1911 membrorum
2720 1859 3036 1913 contractio
3068 1861 3290 1916 nodosa
3330 1867 3420 1918 est
3468 1863 3661 1920 soluta

2013 1960 2080 1998 ac
2121 1948 2241 1999 tam
2271 1944 2644 2001 vehementer
2690 1946 3065 2019 disrupta,ut
3113 1951 3421 2022 sanguinis
3452 1953 3658 2009 effusio

2012 2032 2303 2088 difﬂueret
2324 2033 2381 2088 in
2405 2034 2757 2106 pavimento.
2774 2036 2937 2091 Tunc
2960 2036 3172 2092 mulier
3195 2039 3448 2110 primum
3472 2046 3659 2097 exter-

2014 2122 2125 2176 rita
2166 2139 2281 2193 prae
2328 2123 2537 2178 timore
2586 2124 2761 2196 coepit
2807 2125 3088 2193 clamare;
3129 2127 3339 2185 deinde
3385 2129 3659 2187 exsiliens

2014 2227 2176 2277 sana,
2200 2215 2393 2283 grates
2422 2212 2676 2267 reddidit
2710 2218 2819 2268 Deo
2850 2220 3169 2286 sanctoque
3201 2216 3570 2292 Wolfkango.

2085 2300 2172 2354 45.
2206 2299 2391 2355 Homo
2421 2301 2663 2373 quidam
2712 2301 2888 2358 nimis
2919 2308 3173 2376 aegrotus
3221 2307 3424 2361 orandi
3472 2310 3661 2381 gratia

2012 2388 2171 2444 venit
2199 2387 2258 2443 in
2291 2389 2445 2444 beati
2476 2390 2893 2446 Emmerammi
2922 2391 3249 2449 ecclesiam.
3287 2394 3391 2451 Ubi
3422 2397 3562 2454 dum
3596 2414 3658 2454 se

2014 2485 2350 2533 sanctorum
2382 2477 2605 2534 meritis
2626 2478 2950 2550 postularet
2974 2472 3206 2537 liberari
3232 2483 3305 2538 ab
3338 2484 3659 2543 inhaerente

2014 2566 2126 2623 sibi
2165 2565 2391 2621 diulina
2439 2568 2830 2639 aegrotatione,
2875 2569 3117 2625 demum
3165 2564 3443 2629 decubuit
3488 2575 3661 2645 juxta

2014 2655 2200 2711 sancti
2223 2654 2557 2728 Woltkangi
2584 2657 2882 2725 tumbam;
2906 2658 3105 2730 ibique
3127 2660 3193 2695 ¹⁰³
3223 2660 3465 2718 feliciter
3494 2680 3659 2736 sopo-

2015 2749 2197 2811 ratus,
2221 2747 2513 2816 quendam
2544 2745 2732 2801 virum
2764 2750 2989 2803 statura
3019 2765 3322 2820 procerum
3355 2756 3411 2807 et
3440 2752 3660 2808 canicie

2013 2834 2407 2890 venerandum
2441 2839 2661 2891 asstare
2704 2834 2867 2905 vidit,
2900 2841 3076 2909 atque
3105 2839 3177 2894 ab
3208 2855 3274 2895 eo
3305 2840 3526 2897 dictum
3557 2859 3661 2897 au-

2012 2923 2196 2980 divit:
2225 2924 2287 2981 Ut
2317 2924 2449 2995 quid
2481 2934 2543 2980 tu
2573 2925 2682 2991 hic,
2714 2933 2814 2981 aut
2841 2926 2998 2997 cujus
3025 2929 3113 2982 rei
3138 2931 3329 2997 gratia
3357 2931 3667 2987 advenisti?

2014 3018 2087 3068 At
2116 3012 2214 3069 ille
2236 3014 2539 3087 respondit
2562 3032 2575 3070 :
2604 3017 2859 3083 Domine,
2879 3023 3166 3088 propterea
3186 3017 3295 3073 huc
3316 3020 3485 3075 miser
3514 3023 3660 3091 veni,

2014 3110 2075 3156 ut
2106 3118 2275 3157 saner
2303 3119 2335 3157 a
2366 3103 2745 3174 languoribus,
2768 3105 2965 3175 quibus
2993 3106 3108 3171 iam
3131 3122 3232 3179 per
3259 3125 3431 3165 annos
3466 3111 3663 3181 plures

265 3196 580 3253 Transacto
600 3211 736 3251 vero
764 3199 822 3251 et
848 3193 1029 3266 hujus
1059 3193 1289 3250 numeri
1319 3194 1527 3266 spatio,
1555 3193 1819 3267 nihilque
1839 3210 1906 3250 eo
1936 3179 1979 3245 C
2018 3191 2288 3247 laboravi.
2324 3191 2487 3246 Tune
2533 3192 2881 3248 venerabilis
2928 3193 3101 3250 heros
3152 3195 3314 3269 virga
3361 3179 3659 3269 pastorali,

265 3284 629 3342 inﬁrmitatis
653 3300 849 3358 passo,
869 3283 1188 3340 arbitratus
1209 3287 1299 3338 est
1319 3281 1478 3338 hunc
1497 3299 1810 3338 numerum
1833 3283 1906 3338 ad

258 3390 368 3431 sex
397 3389 581 3429 annos
623 3373 933 3447 pertinere,
964 3372 1213 3445 ideoque
1241 3389 1370 3444 quae
1413 3377 1471 3428 et
1517 3388 1696 3444 supra
1734 3370 1910 3443 coepit

256 3462 495 3519 timere.
512 3461 765 3533 Cumque
786 3478 888 3518 sex
906 3478 1195 3518 annorum
1227 3470 1510 3517 numerus
1529 3461 1753 3533 integer
1773 3477 1907 3533 per-

256 3551 577 3608 transisset
604 3556 661 3607 et
702 3550 939 3624 septimi
979 3550 1117 3606 anni
1148 3550 1274 3606 dies
1305 3549 1601 3606 revolutus
1631 3550 1908 3618 venisset,

2017 3296 2193 3352 quam
2223 3283 2450 3351 gestare
2472 3281 2796 3346 videbatur,
2819 3287 3067 3353 tangens
3096 3300 3253 3351 eum,
3277 3285 3421 3339 dixit
3446 3303 3460 3340 :
3491 3289 3663 3358 Surge

2015 3370 2199 3423 citius.
2232 3369 2370 3423 Ecce
2405 3370 2555 3423 enim
2602 3386 2773 3424 sanus
2817 3371 3000 3443 factus
3027 3385 3101 3425 es.
3136 3375 3262 3426 Mox
3291 3373 3391 3444 qui
3430 3374 3665 3444 jacebat

2019 3457 2189 3530 quasi
2220 3461 2508 3525 mortuus,
2545 3474 2649 3529 per
2694 3458 2901 3514 merita
2948 3460 3213 3530 praesulis
3265 3461 3598 3535 Wolfkangi
3629 3481 3663 3518 a

2019 3564 2224 3603 somno
2255 3546 2624 3619 aegritudinis
2673 3547 2956 3603 excitatus
2985 3548 3253 3618 exsilivit,
3279 3555 3335 3606 et
3364 3567 3479 3623 prae
3518 3568 3662 3623 gau-

257 3641 495 3697 cesaris
514 3640 861 3713 dignitatem
883 3656 985 3713 per
1009 3639 1392 3712 apostolicam
1423 3639 1681 3712 suscepit
1700 3655 1909 3695 conse-

256 3731 582 3787 crationem
613 3729 731 3804 (an.
757 3728 938 3802 1014).
962 3729 1124 3785 Tunc
1157 3729 1396 3786 tandem
1427 3728 1686 3786 sentiens
1717 3727 1909 3800 qualis

1608 3853 1849 3910 VARle
1903 3852 2314 3910 LECTIONES.

331 3958 397 3996 ¹⁰ι
427 3955 879 4030 commissisque
909 3955 1229 4015 sceleribus
1260 3954 1337 4012 1?
1364 3955 1447 4012 ed.
1524 3954 1594 3991 ¹⁰²
1621 3954 1767 4011 deest
1794 3955 1849 4009 2.
1882 3954 1984 4010 ubi
2012 3952 2238 4026 alperti.
2318 3953 2382 3987 ¹⁰³
2410 3951 2629 4025 ubique
2658 3955 2712 4007 2.

1853 4078 2084 4135 NOT/E.

333 4182 445 4254 (88)
474 4181 719 4255 Reliqua
746 4180 861 4240 tria
892 4179 1149 4254 capitula
1176 4197 1245 4237 ex
1273 4178 1552 4249 Arnoldo,
1584 4196 1634 4235 c.
1668 4178 1857 4234 26-28.

2019 3637 2113 3692 dio
2143 3636 2404 3692 clamans
2433 3636 2494 3692 in
2525 3641 2814 3709 quantum
2844 3637 3052 3710 potuit,
3085 3637 3269 3695 Deum
3309 3644 3660 3713 sanctosque
3756 3664 3765 3671 κ

2018 3726 2178 3782 illius
2211 3725 2489 3782 laudavit.
3619 3726 3629 3735 ’

413 4485 1277 4584 APPENDIX
1372 4485 1574 4581 AD
1658 4484 2186 4578 VITAM
2284 4484 2377 4578 S.
2465 4483 3585 4578 WOLFKANGI..

762 4696 1175 4819 VITA
1260 4692 2278 4819 RHYTHMIGA
2362 4692 3162 4817 EJUSDEM.
3230 4860 3234 4869 .

568 4918 757 4992 (Apud
787 4918 857 4975 Β.
888 4918 953 4975 Ρ.
984 4916 1344 4979 Bernardum
1380 4914 1633 4985 Pezium,
1673 4916 1985 4972 Thesaurus
2019 4913 2217 4971 Anecd.
2248 4888 2470 4981 noviss.,
2503 4919 2645 4969 tom.
2682 4913 2757 4968 ΙΙΙ
2786 4917 2951 4985 parte
2982 4931 3042 4985 ιι,
3077 4913 3186 4970 col.
3217 4915 3368 4989 615.)

1589 5214 2360 5305 MONITUM.

247 5380 331 5446 Ῑνι
379 5395 573 5459 codice
612 5394 964 5479 Mellicensi‘
976 5391 1334 5479 pracedentt
1357 5392 1515 5479 Vita:
1560 5391 1719 5479 illico
1754 5391 2149 5479 subiungitur
2188 5392 2333 5479 alia_
2349 5390 2629 5479 ejusdem
2660 5388 3016 5479 Wolf/tangi
3057 5350 3308 5453 historia
3352 5387 3674 5473 rythmica,

700 5496 833 5559 qua
860 5471 1032 5558 cuius
1060 5474 1369 5556 Anonymi
1378 5471 2166 5537 ,Sanct—Emmerammensis
2195 5492 2274 5534 an
2300 5471 2651 5535 Monseensis
2679 5473 2774 5548 sit,
2794 5471 3104 5534 incertum
3133 5481 3237 5534 est.

1438 5634 1613 5707 Aﬂ'er,
1645 5650 1858 5707 queam
1889 5630 2223 5707 ut_laudare
2613 5636 2720 5707 ρον
2747 5638 2813 5687 ut
2840 5648 3039 5689 meum
3070 5633 3420 5707 illustratur,

1438 5706 1519 5778 Te
1546 5704 1609 5762 in
1642 5704 1864 5764 sanctis
1892 5705 2012 5778 tuis
2039 5721 2239 5778 gnare,
2621 5705 2721 5778 Da,
2755 5707 2823 5778 ut
2851 5708 3092 5778 sanctus
3116 5704 3495 5778 collaudetur,

1441 5777 1688 5851 Matrem
1718 5794 1951 5851 semper
1977 5774 2265 5851 honorare
2616 5774 2814 5851 Signis
2840 5776 3009 5851 miris
3037 5777 3362 5851 extolletur,

1508 5850 1659 5916 Hinc
1683 5846 2121 5935 misericordia.
2681 5846 2913 5922 Quibus
2940 5846 3121 5911 claret
3139 5846 3386 5926 jugitetj.

194 5619 427 5707 πίε-ιη,
455 5636 683 5696 medice
712 5636 1018 5707 caelorum,

203 5690 681 5769 355.33;
708 5690 1130 5769 Ῐεῐὶιέιίἷᾱῖίιιω

237 5765 490 5843 me;
506 5765 691 5843 sese
710 5765 1026 5842 oculorum
1037 5765 1060 5841 lt

346 5842 569 5925 Intnsa
584 5852 914 5937 imitantia,
