4044 6164
440 270 558 331 423

444 405 556 457 Ore
583 400 754 456 labiis
786 398 1044 472 pollutus

445 473 545 527 Vir
576 475 687 527 sim
721 471 854 526 licet
886 471 1194 527 obvolutus

446 546 621 615 Labe,
654 542 885 615 Praesul,
919 542 1094 598 laudo
1126 548 1291 600 tutus

515 618 613 684 Te,
650 614 1019 686 VVolt'kauge,
1057 616 1324 671 dulciter.

444 689 594 741 Bene
626 690 798 741 natus
831 686 904 739 ab
936 690 1185 757 utroque

441 760 516 830 Es
547 764 805 829 parente,
841 757 1239 830 magistroque

440 829 585 903 Cum
620 829 917 903 septennis
949 846 1129 903 esses,
1151 829 1395 903 'quoque

512 902 968 955 Commendatus
1001 902 1237 956 artium.

441 972 514 1027 Ut
545 971 711 1027 horto
740 972 1080 1027 deliciarum

443 1044 725 1099 Flosculis
767 1045 1139 1098 scientiarum

437 1115 788 1183 Degustares
819 1117 1037 1170 fontem
1069 1114 1291 1169 clarum

508 1190 807 1257 Aquarum
840 1187 1178 1241 viventium.

437 1259 643 1312 Statim
676 1257 905 1313 scholas
938 1259 1350 1327 magistrorum

440 1329 841 1384 Universitatis
874 1346 1123 1400 quorum

436 1400 678 1455 Interest
706 1401 949 1455 virtutes
983 1418 1231 1466 morum,

508 1472 828 1538 Declarare,
861 1472 1082 1527 visitas.

438 1542 600 1597 Illinc
632 1545 797 1598 avide
828 1544 1078 1598 hausisti

434 1614 507 1668 Ut
538 1632 651 1669 non
686 1615 874 1670 solum
906 1621 1057 1670 artes
1084 1614 1265 1680 scisti,

430 1686 712 1757 Spiritum
742 1686 1077 1741 intellexisti

504 1758 753 1829 Litterae,
788 1763 853 1812 ut
879 1759 1187 1829 approbas.

780 1831 1130 1884 Exhortatio.

429 1900 647 1954 Genere
686 1899 1026 1954 nobilitatus

426 1970 676 2042 Praesul,
702 1970 833 2041 plus
866 1971 1225 2042 gloriﬁcatus

426 2042 591 2112 Apud
624 2041 952 2096 Christum!
989 2043 1321 2113 despicatus

499 2113 570 2193 Μ]
576 2128 673 2193 ser
702 2128 806 2193 ego
839 2114 1043 2185 rogito,

429 2183 499 2266 Ut
530 2183 1170 2266 digner-ispaupertati,

424 2258 557 2310 Meae
592 2255 963 2327 ignobilitati,

425 2327 743 2382 Subvenire
773 2328 1033 2383 cazcitati.

496 2398 657 2453 Sicut
685 2404 867 2469 potes,
902 2400 1094 2453 facito.

425 2469 503 2523 Te
536 2470 849 2524 miserante
879 2471 1019 2535 scio,
1052 2470 1139 2522 vis

424 2544 538 2593 Deo
572 2542 823 2595 donante
853 2542 994 2606 scio,
1028 2542 1160 2610 quis

424 2615 555 2681 Ipso
587 2612 826 2666 docente
857 2612 997 2677 scio,
1034 2612 1149 2666 scis

496 2682 641 2752 Ergo
675 2683 808 2737 data
838 2683 1067 2753 perfice.

421 2752 585 2807 Sicut
615 2752 908 2824 quondam
945 2754 1274 2820 ostendisti,

422 2823 487 2877 Et
514 2829 768 2879 ostentas
795 2825 1085 2896 perfecisti

418 2898 561 2949 Cum
594 2899 823 2967 aegrotis
855 2896 1178 2951 subvenisti

489 2967 589 3021 Dei
623 2967 790 3022 donis
821 2967 1033 3022 ccelice.

415 3037 680 3111 Bonitate
713 3043 931 3111 patrem
969 3055 1270 3111 maguum.

416 3108 733 3183 Disciplina
766 3108 1290 3183 te_Wolfkangum,

414 3178 730 3253 Patientem
760 3181 916 3236 velut
946 3178 1163 3253 agnum

482 3251 604 3305 ’l‘ua
632 3252 747 3306 vita
785 3251 1075 3323 praedicat.

411 3322 478 3393 lit
508 3323 661 3393 quod
700 3328 761 3376 ut
794 3322 1148 3380 anachoreta

410 3391 755 3466 liic'vixisti,
792 3396 927 3450 secli
962 3402 1156 3466 spreta

408 3463 645 3536 Pompa,
679 3466 887 3521 Christi
923 3473 976 3521 et
996 3463 1225 3522 athleta

477 3536 553 3591 Te
583 3537 874 3609 scriptura
906 3540 1123 3593 recitat.

407 3607 615 3662 Curam
651 3607 720 3662 ut
744 3610 1203 3665 archimandrita

405 3682 471 3750 ln
509 3679 807 3750 Imbripoli
842 3685 978 3734 tunc
1005 3681 1085 3735 ita

407 3749 711 3820 Sapienter
742 3750 799 3804 in
834 3752 939 3805 hac
969 3751 1082 3805 vita

477 3822 537 3874 In
568 3822 819 3891 regendo
851 3823 1043 3876 ovium

402 3891 663 3962 Suscipis
696 3892 827 3947 licet
858 3892 1095 3948 invitus.

401 3963 479 4033 Te
497 3963 752 4033 urgebat
783 3964 939 4033 prior
969 3964 1137 4032 situs,

404 4031 510 4086 Ubi
543 4031 671 4086 eras
703 4031 1087 4103 priemunitus

472 4102 721 4173 Strepitu
750 4104 821 4158 ab
853 4104 1180 4162 hominum.

402 4172 573 4226 Solus
600 4172 669 4227 ut
698 4175 941 4231 servires
974 4177 1081 4232 soli

399 4244 536 4321 Deo,
570 4245 667 4315 qui
700 4247 799 4300 dat
829 4264 1005 4321 regna
1037 4250 1170 4321 poli,

397 4319 441 4368 A
474 4319 528 4369 te
560 4324 614 4369 et
645 4333 677 4371 a
708 4320 932 4374 cunctis
960 4319 1067 4375 coli

470 4386 605 4460 vult
634 4392 690 4443 et
720 4389 844 4460 ipse
876 4392 1105 4460 sedule;

398 4459 466 4512 Et
495 4458 580 4513 sic
611 4458 889 4516 mundam
920 4458 1292 4521 conservares

396 4529 613 4603 Yitam,
646 4549 831 4603 neque
868 4535 1191 4592 maculares

395 4602 580 4656 Tuam
612 4602 804 4666 verbo.
842 4607 938 4660 sed
973 4608 1054 4662 sic
1089 4614 1274 4665 stares

471 4674 529 4727 ln
562 4674 662 4730 Dei
695 4677 1023 4733 servimine.

397 4744 692 4821 Diuquens
724 4750 927 4821 mundi
960 4752 1296 4821 vanitatem,

392 4817 747 4890 Generisque
776 4819 1119 4890 claritatem,

392 4887 720 4941 Praelatura:
747 4887 1114 4958 dignitatem'
1162 4936 1175 4952 .

464 4960 614 5011 Pure
643 4964 1233 5039 propterpominum,

392 5026 523 5102 I_les,
557 5026 857 5098 pecunias,
891 5033 1159 5102 honores,

390 5097 700 5173 Terrarum
732 5097 1150 5173 possessiones,

389 5169 710 5244 Vestaeque
732 5169 1167 5244 'splendidiores

459 5242 791 5298 [Estimasti
818 5244 1086 5301 nihilum.

387 5311 529 5389 tlinc
560 5313 921 5371 clandestine
951 5321 1249 5389 quaerebas

386 5383 622 5469 Eccum,
648 5383 1102 5469 quondam-quo
1136 5394 1405 5469 degebas,

383 5454 453 5510 Et
483 5454 761 5513 divinitus
794 5454 1020 5517 vivebas

456 5524 611 5580 Inter
640 5527 813 5599 Alpes
846 5534 1151 5589 montium.

385 5596 449 5673 in
472 5596 808 5673 cavernulis
842 5608 1138 5673 petrarum

380 5668 724 5740 Habitabas,
753 5668 1077 5733 bestiarum

382 5740 572 5828 Lapis,
602 5742 861 5828 fructum
889 5763 954 5828 es
993 5747 1332 5828 herbarum,

451 5812 665 5894 Fatum
694 5816 850 5881 bibis
882 5818 1155 5886 fontium.

1619 406 1705 459 Ad
1741 405 2211 477 quinquennium
2243 406 2403 462 fuisti

1619 478 1812 544 Exsul,
1846 478 1925 531 ibi
1956 477 2231 547 circuisti,

1622 550 1680 602 In
1717 549 2013 603 montanis
2049 550 2320 604 invenisti

1694 621 1878 674 Donec
1909 620 2335 675 habitaculum.

1617 691 1719 745 Ubi
1755 692 1889 745 felix
1920 693 2349 763 contemplaris,

1616 763 2044 835 Dominamque
2072 764 2403 835 depreceris

1617 834 1781 889 Fusis
1818 834 2091 905 lacrymis
2120 834 2335 890 amaris

1689 906 1792 959 Pro
1820 913 1989 977 gente
2018 906 2301 961 ﬁdelium.

1614 976 1693 1030 lbi
1725 994 1861 1031 saxa
1893 977 2197 1047 collegisti,

1611 1048 1791 1102 Dorso
1822 1053 1921 1103 tuo
1949 1048 2197 1104 attulisti

1610 1119 1670 1173 In
1704 1137 1997 1187 acervum,
2029 1120 2263 1176 voluisti

1679 1191 1824 1246 Fieri
1859 1191 2182 1246 oraculum.

1607 1262 1749 1336 Cum
1779 1262 1897 1336 hmo
1931 1265 2203 1317 manibus
2235 1264 2534 1336 tangebas,

1608 1334 1675 1387 Et
1707 1352 1740 1388 a
1771 1335 1942 1389 dorso
1976 1336 2317 1405 reponebas,

1612 1406 1827 1478 Digitos
1860 1406 1942 1478 sic
1972 1407 2354 1478 imprimebas

1678 1477 1748 1529 Ut
1778 1478 1835 1529 in
1870 1476 2075 1531 limum
2108 1477 2418 1548 liquidum.

1606 1546 1854 1603 Pedibus
1887 1554 1948 1602 ut
1980 1555 2131 1604 terra
2157 1546 2331 1604 cessit

1600 1619 1760 1700 Tuis,
1794 1624 1955 1700 petra
1986 1626 2042 1675 et
2063 1619 2366 1700 liquescit,

1602 1689 1768 1744 Pedis
1795 1689 2025 1746 iconam
2060 1689 2378 1762 impressit,

1673 1762 1742 1816 Ut
1774 1770 2015 1833 apparet
2047 1765 2237 1818 hodie.

1598 1833 1866 1903 Demum,
1903 1839 2091 1898 Pater,
2123 1834 2421 1901 laborasti,

1599 1904 1985 1978 illanibusque
2016 1906 2415 1978 comportasti,

1600 1975 1842 2048 Lapides
1876 1995 2008 2032 mox
2038 1975 2325 2048 adaptasti

1668 2047 1772 2102 Pro
1805 2049 2000 2104 futuro
2037 2047 2225 2120 opere.

1595 2120 1754 2191 Quod
1788 2125 1843 2175 et
1871 2120 1995 2191 ipse
2026 2120 2333 2189 inchosti,

1594 2190 2064 2247 Fundamentum
2095 2196 2161 2247 tu
2193 2192 2420 2258 locasti,

1596 2262 1661 2316 Et
1689 2262 2004 2318 Ecclesiam
2038 2262 2298 2319 fundasti

1668 2335 1814 2390 Loco
1844 2337 1983 2391 satis
2015 2334 2299 2391 horribili.

1596 2406 1655 2458 In
1690 2423 1805 2477 qua
1835 2424 2005 2478 opere
2040 2411 2260 2479 patrato

1593 2481 1699 2531 Per
1730 2478 2294 2547 circuitum'ornato,

1591 2548 1660 2603 Et
1690 2550 1927 2604 omnino
1957 2554 2282 2604 contectato

1661 2620 1845 2674 Deum
1876 2621 2081 2676 laudas
2112 2620 2319 2675 humili

1590 2690 1759 2755 Voce,
1791 2708 1922 2746 cum
1952 2694 2231 2759 oratione,

1588 2762 1799 2817 Sancta
1826 2764 2229 2833 celebratione,

1585 2835 1894 2889 Missurum
1928 2835 2250 2890 devotione.

1658 2906 1829 2960 Stans
1862 2908 1917 2960 in
1950 2906 2073 2978 lege
2108 2906 2332 2962 Domini

1586 2976 1706 3043 Die,
1744 2982 1908 3032 nocte
1940 2976 2260 3045 meditaris,

1589 3050 1935 3121 Etsuperna
1966 3049 2397 3121 contempleris,

1587 3118 2004 3192 Voluntateque
2040 3118 2285 3176 moraris

1656 3192 1733 3245 Ea
1764 3193 1934 3249 modo
1969 3193 2165 3247 simili.

1940 3264 2280 3319 Etrhorlatz'o.

1650 3334 1826 3407 Dulce
1861 3336 2043 3400 Pater,
2078 3353 2218 3389 mea}
2248 3336 2371 3407 spei

1576 3406 1765 3475 Salus,
1800 3411 1862 3461 ut
1896 3407 1952 3461 in
1987 3407 2111 3477 lege
2148 3407 2241 3462 Dei

1577 3482 1807 3544 llortor,
1843 3479 2168 3533 intellectus
2204 3479 2317 3533 mei

1647 3549 1865 3621 Sensus
1897 3549 2093 3604 lumen
2126 3552 2317 3621 capiat

1575 3620 1845 3674 Veritatis
1876 3626 1931 3675 et
1969 3620 2280 3692 Scriptura:

1576 3692 1781 3763 Sacrae,
1812 3694 1989 3746 veluti
2024 3698 2081 3745 tu
2118 3710 2297 3763 puras,

1576 3762 1761 3816 Labor
1790 3764 1982 3818 omnis
2016 3762 2153 3818 mea:
2185 3782 2335 3819 cura:

1643 3834 1775 3897 Qua:
1810 3840 1946 3907 sunt
1976 3835 2094 3903 Dei,
2123 3837 2329 3907 sapiat.

1571 3908 1715 3979 riam
1751 3910 1811 3979 ut
1844 3904 2255 3977 lignumquod
2303 3907 2628 3979 plantatum

1568 3976 1742 4053 iuxta
1775 3978 2013 4053 ﬂumen,
2049 3976 2567 4053 fructum—gratum

1570 4046 1750 4115 Tulit,
1786 4053 1844 4101 tu
1878 4049 2065 4102 tulisti
2097 4056 2299 4104 natum

1639 4118 1741 4192 llic
1770 4118 1831 4192 in
1865 4136 1969 4174 suo
2003 4126 2281 4192 tempore.

1567 4191 1737 4260 Apud
1768 4190 1950 4245 Deum
1984 4190 2251 4247 meruisti

1570 4262 1630 4314 In
1663 4261 1772 4316 hac
1805 4262 1939 4325 vita,
1974 4280 2089 4333 qua
2118 4264 2311 4320 vixisti

1570 4334 1626 4385 ln
1658 4333 1868 4388 virtute
1897 4334 2035 4389 Jesu
2068 4335 2283 4390 Christi

1639 4404 1783 4478 Mira
1813 4406 1981 4478 signa
2011 4407 2214 4462 facere.

1565 4475 1822 4545 Inﬁnita,
1855 4475 1977 4548 qum
2012 4494 2115 4532 nec
2148 4480 2321 4534 scribi

1566 4551 1829 4614 Possent,
1864 4567 1965 4619 per
1992 4554 2048 4603 te
2076 4555 2227 4605 Deus
2258 4551 2339 4606 ibi

1565 4619 1716 4672 Fecit
1746 4620 1815 4673 ad
1849 4620 2125 4676 honorem
2158 4622 2291 4689 sibi,

1637 4690 1845 4762 Magna
1876 4693 1946 4745 ad
1980 4692 2277 4748 volumina
2309 4712 2319 4749 :

1563 4767 1670 4837 [fer
1696 4779 1820 4837 qua:
1855 4764 1997 4819 ﬁdes
2027 4765 2355 4837 roboratur,

1560 4835 1727 4905 ἑΕεζεξιι
1755 4834 1929 4889 homo
1962 4836 2306 4905 medicatur,

1561 4904 1790 4960 Sanctis
1822 4907 1946 4961 suis
1975 4911 2032 4961 et
2061 4904 2338 4964 laudatur

1631 4977 1784 5031 Deus
1811 4977 1867 5030 in
1903 4978 2175 5046 Ecclesia,

1559 5048 1643 5101 Tu
1678 5050 1761 5102 vir
1795 5048 1891 5103 Dei
1924 5050 2223 5116 bonitatis,

1556 5119 1792 5179 Quantae
1821 5136 1948 5175 eras
1980 5123 2328 5191 sanctitatis,

1556 5191 1910 5263 Quantasque
1940 5193 2297 5263 sagacitatis,

1628 5261 1943 5317 Numerare
1974 5261 2143 5319 nemo
2176 5266 2299 5320 scit.

1556 5331 1865 5407 Multasque
1896 5335 2270 5407 benignitatis

1554 5405 1627 5479 Ac
1659 5405 1919 5479 perfectae
1951 5405 2270 5479 charitatis,

1553 5474 1826 5547 Miraeque
1858 5478 2228 5545 humilitatis,

1623 5547 1795 5602 Solus
1827 5548 1978 5605 Deus
2010 5550 2221 5606 indidit

1552 5617 1794 5693 Semper
1822 5620 2047 5693 hilaris,
2080 5639 2343 5693 serenus,

1548 5693 1651 5769 {te
1666 5690 2019 5769 facunditate
2048 5694 2276 5769 plenus,

1548 5760 1809 5835 Od_ioque
1836 5760 2063 5821 alienus

1617 5833 1761 5895 Eras
1792 5835 1951 5896 omni
1982 5838 2221 5915 populo.

1452 271 1791 334 0THLONI
1836 273 2187 334 MONACHI
2235 275 2301 335 s.
2346 273 2838 336 EMMERAMMI
3731 283 3839 345 ιιι
3902 253 3911 261 ’

2789 404 3100 479 Nunquam
3132 405 3386 476 invidus,
3421 424 3679 479 severus,

2790 477 2850 552 in
2884 477 3140 552 docendo
3172 494 3403 548 semper
3423 498 3620 552 verus,

2788 547 2861 602 Ut
2893 549 3131 603 docetur
3163 547 3353 606 omnis
3385 551 3576 611 clerus

2862 619 2991 674 Oris
3027 622 3109 693 tui
3141 623 3398 693 speculo.

2787 691 2872 744 Tu
2904 691 3213 761 praeclarus
3246 694 3545 753 honestate

2786 761 3013 818 Merum
3046 781 3177 819 cum
3212 766 3605 827 immensitate

2782 833 2918 888 Pius
2953 835 3311 905 affabilitate,

2853 905 3130 962 Providus
3162 909 3425 975 consilio,

2782 976 3009 1045 Forma,
3044 982 3479 1038 conversatione

2779 1049 3012 1103 Cunctis
3046 1068 3173 1107 eras
3204 1053 3333 1107 vitae
3363 1053 3527 1110 bona:

2781 1120 2859 1193 In,
2876 1122 3353 1193 exemplicatione

2850 1192 2975 1247 Tua
3006 1194 3063 1246 in
3099 1196 3361 1251 Domino.

2778 1261 2940 1335 Mihi,
2975 1268 3074 1319 tuo
3109 1266 3462 1324 famulorum

2782 1334 2898 1388 lmo
2933 1336 3173 1393 minimo
3206 1343 3464 1396 tuorum.

2776 1404 3053 1461 Daturum
3080 1408 3183 1463 tibi
3219 1412 3505 1469 donorum

2848 1483 3075 1533 Partem
3112 1481 3251 1537 velis
3281 1484 3503 1540 utinam

2775 1547 3081 1618 Medicam,
3115 1551 3467 1610 humilitatis

2774 1618 2979 1688 Unam,
3016 1622 3132 1677 sive
3163 1626 3447 1682 castitatis

2769 1692 2905 1764 Mihi
2940 1693 3249 1764 impetrare
3281 1714 3292 1751 :
3330 1699 3473 1754 satis

2841 1763 3218 1822 Contentarer
3246 1770 3551 1827 minimam

2769 1834 3018 1914 Partem,
3054 1843 3116 1892 ut
3146 1838 3385 1914 laudare
3416 1860 3647 1914 possem

2768 1906 2829 1982 in
2862 1910 2916 1960 te
2948 1908 3132 1982 Deum
3165 1911 3246 1965 uti
3285 1906 3539 1982 nossem,

2767 1976 3155 2051 Inpscriptura
3183 1976 3540 2043 lectitassem

2838 2049 2906 2103 Et
2937 2049 3008 2106 ab
3040 2068 3135 2107 ore
3166 2053 3471 2113 hominum

2766 2120 2990 2189 Saepius
3021 2124 3238 2182 audivi.
3272 2127 3460 2189 Quare

2764 2191 2937 2273 gelo,
2960 2194 3144 2273 Pater,
3178 2199 3498 2273 propalare,

2752 2262 2829 2319 Et
2861 2265 3144 2322 miracula
3172 2262 3410 2328 narrare

2834 2336 2957 2410 Tua
2986 2344 3222 2410 propter
3250 2342 3587 2401 Dominum.

2760 2406 2830 2482 Et
2860 2406 3005 2482 quis
3024 2406 3213 2481 potest
3241 2412 3343 2470 illa
3372 2418 3507 2482 reri,

2761 2478 2827 2554 δί
2860 2478 2977 2554 sint
3006 2478 3176 2553 signa
3206 2484 3306 2540 Dei
3338 2489 3480 2554 veri,

2760 2550 2830 2604 Ut
2862 2552 2960 2621 qui
2996 2550 3181 2610 uiscus
3208 2561 3330 2611 erat
3359 2550 3485 2614 heri

2833 2623 2982 2697 Luce
3014 2641 3143 2681 cras
3175 2629 3546 2697 perfunditur
3560 2635 3588 2689 ?

2758 2696 2824 2747 Et
2856 2694 2988 2764 quis
3019 2694 3217 2754 aridus
3246 2705 3347 2755 aut
3377 2718 3621 2763 mancus

2760 2764 2931 2843 illam:
2965 2768 3153 2823 fuerat
3182 2776 3239 2825 et
3269 2778 3497 2843 auctus,

2755 2836 2862 2918 Prp
2895 2854 3009 2918 quo
3038 2857 3287 2912 magnus
3319 2850 3442 2918 erat
3470 2836 3774 2918 planctus,

2823 2912 2932 2963 Per
2962 2914 3016 2964 te
3048 2928 3177 2967 cras
3206 2912 3529 2974 sanabitur.

2752 2979 2822 3069 Et
2851 2981 2951 3069 qui
2982 2982 3241 3069 febribus
3274 2992 3575 3069 quartanis

2753 3051 2914 3128 Sunt
2932 3055 3143 3119 vaxati,
3179 3051 3468 3128 tertianis,

2752 3123 2971 3197 Acutis,
3006 3128 3383 3197 quotidianis,

2819 3195 3226 3254 Clamaverunt
3255 3195 3493 3263 vocibus

2747 3266 2833 3319 Ad
2866 3271 2940 3333 te,
2974 3268 3119 3324 vctis
3149 3276 3207 3325 et
3235 3273 3429 3329 venire

2747 3337 2832 3390 Ad
2868 3342 2941 3407 te,
2974 3341 3221 3410 pedibus
3249 3347 3497 3403 transire

2747 3410 3216 3488 Sppponderunt,
3252 3417 3351 3488 qui
3383 3424 3522 3474 sunt
3552 3421 3709 3479 mire

2818 3481 3074 3557 Recreati
3109 3481 3402 3557 protinus,

2742 3554 3126 3630 genibusque
3155 3554 3500 3630 repedantes

2742 3624 2808 3677 Et
2840 3624 3085 3697 utroque
3120 3624 3515 3690 claudicantes

2745 3696 3012 3765 Faemore’,
3045 3703 3101 3754 te
3131 3701 3465 3762 invocantes

2811 3769 3127 3826 Tradidisti
3153 3778 3403 3843 gressui.

2741 3839 3016 3895 Possessa
3053 3839 3475 3903 daemoniorum

2737 3911 2889 3985 Yasa
2922 3916 3439 3985 energuminorum

2738 3983 2798 4037 In
2830 3983 3241 4042 tuorum—sunt
3271 3991 3553 4048 mirorum

2806 4055 3002 4109 Prisco
3036 4058 3173 4113 data
3204 4063 3426 4118 sensui.

2736 4124 3031 4201 Eiberator
3062 4130 3427 4201 captivorum

2736 4196 2873 4272 Eras
2905 4203 2960 4272 et
2991 4196 3458 4272 compeditorum

2736 4267 2923 4323 Simul
2955 4275 3011 4324 et
3040 4267 3440 4331 catenatorum

2805 4340 3049 4397 Truncis
3080 4349 3136 4399 et
3166 4345 3223 4400 in
3256 4347 3519 4403 turribus

2734 4412 3004 4487 Cordium
3038 4430 3267 4487 quoque
3298 4424 3638 4476 mmstorum

2734 4483 3071 4539 Consolator
3100 4483 3471 4558 miserorum,

2738 4558 3078 4630 Paupertate
3109 4566 3505 4630 gravatorum,

2807 4627 2885 4681 Te
2916 4627 3216 4703 pulsantes
3249 4627 3539 4703 precibus.

2734 4696 2853 4785 ἔοι)
2889 4696 2977 4781 est
3008 4700 3172 4785 dolor
3199 4696 3517 4785 cdrporalis

2730 4769 3021 4845 Corporis,
3054 4773 3139 4845 vel
3172 4769 3453 4845 spiritalis

2728 4841 2975 4917 Anima:1
2980 4842 3088 4917 _vel
3120 4841 3434 4917 cozequalis

2802 4911 2921 4967 His.
2955 4913 3136 4989 Hemo
3167 4911 3479 4989 corporeus

2730 4983 2965 5058 Passus,
3004 4987 3113 5041 Deo
3145 4983 3515 5058 concedente,

2728 5054 2998 5131 Clamans
3026 5058 3095 5112 ad
3126 5062 3180 5113 te
3212 5078 3361 5131 pura
3391 5054 3582 5118 mente

2728 5126 3048 5203 Sanitatem
3078 5126 3251 5199 quem
3283 5138 3516 5203 repente

2800 5200 3129 5270 Recepisset
3153 5200 3408 5259 saucius.

2726 5269 3075 5342 Infinitaque
3109 5279 3249 5328 sunt
3278 5276 3432 5331 facta

2726 5344 2872 5418 ante
2904 5349 3148 5418 mortem
3185 5350 3273 5401 est
3303 5352 3451 5418 post.
3484 5346 3665 5404 Tacta

2725 5412 2870 5467 Hinc
2901 5431 3000 5485 per
3030 5414 3203 5471 ﬁdem
3236 5412 3457 5473 mundo
3490 5425 3694 5478 nacta.

2797 5485 2929 5541 Post
2958 5486 3077 5541 haec
3110 5494 3163 5543 te
3193 5487 3574 5561 Omnipotens

2728 5555 2919 5633 liccat,
2955 5562 3011 5612 et
3042 5564 3105 5612 ut
3135 5555 3461 5633 revertaris,

2720 5627 2833 5682 Nec
2863 5628 2921 5684 in
2953 5645 3144 5686 eremo
3178 5630 3447 5697 moraris,

2718 5697 3040 5777 Prtesulatu
3072 5702 3174 5777 sed
3206 5704 3471 5777 fungaris

2784 5771 3057 5845 Amplius
3085 5771 3386 5835 obedienvs.

2715 5843 2845 5903 Mox
2872 5843 2932 5903 in
2961 5844 3058 5907 via
3084 5845 3427 5929 inﬂrmaris,
