4030 6186
297 330 386 390 429
1516 333 1906 396 PRECA’I‘IO
1950 335 2415 397 THEODISCA.
3553 347 3672 406 430

291 461 382 516 11118
417 461 796 534 gimacchost,
828 464 933 517 daz
963 463 1012 518 si
1044 463 1133 519 sih
1185 463 1382 520 selben
1419 466 1610 538 megin
1645 466 1874 537 grihten

2080 466 2242 521 htero
2274 467 2488 538 glouba
2517 468 2771 526 vivarna.
2799 471 3069 528 Daranah
3099 473 3218 528 bito
3250 473 3308 528 ih
3344 476 3527 530 umba
3556 477 3671 534 alla

291 556 397 606 unte
441 550 556 606 alla
597 551 654 606 in
706 556 1040 620 untertana,
1073 553 1210 608 iouh
1262 553 1598 610 hinolahna.
1633 555 1882 610 Daranal

2077 573 2104 610 e
2139 561 2320 622 toton,
2354 558 2444 612 die
2479 556 2574 613 hia
2611 559 2980 616 bruderscaft
3027 562 3286 630 habant;
3319 564 3453 620 iouh
3492 568 3668 623 umba

287 639 380 696 bito
404 641 458 695 ih
493 641 670 696 umbe
701 639 816 696 alla
833 642 989 696 mine
1010 642 1349 716 chunlinga,
1374 643 1480 698 daz
1503 649 1563 698 tu
1582 644 1667 699 sie
1698 645 1904 700 biden-
2011 645 2126 699 alla
2156 646 2267 715 die,
2292 647 2429 702 dero
2453 647 2794 704 alamuosan
2827 650 2948 704 vvir
2982 651 3036 706 io
3068 652 3458 725 imphiangin.
3487 655 3664 712 Dara-

281 728 377 782 hist
404 728 513 783 nah
545 729 704 784 tinen
748 731 1009 802 gnadun.
1040 733 1306 787 Daranah
1340 732 1458 787 bito
1492 733 1550 786 ih
1585 732 1760 788 umbe
1791 733 1904 788 8118
2014 735 2126 788 8811
2160 735 2279 789 bito
2321 735 2378 789 ih
2408 737 2587 791 umba
2637 734 2751 791 alla
2779 738 2895 804 die,
2928 741 3088 794 umbi
3142 742 3234 796 die
3265 742 3460 798 ioman
3493 761 3663 800 muoz

279 817 368 886 die,
391 816 479 871 die
503 817 932 874 deriocheinna
961 821 1152 890 gnada
1177 821 1289 874 mir
1318 821 1549 892 gitatin,
1574 821 1664 876 elo
1696 822 1903 878 cheina
2012 822 2156 876 bitin
2177 823 2315 878 (1188
2345 826 2555 895 gnada,
2590 825 2693 880 daz
2725 827 2773 880 si
2808 843 3080 883 muozzen
3105 830 3381 900 gniozzen
3406 832 3519 888 alla
3549 834 3662 888 mi-

277 906 472 961 arbeita
493 907 655 961 umbi
680 907 823 962 mihi
857 909 910 963 io
937 908 1161 963 habitin
1183 911 1691 982 uonnaanaginna
1712 912 1900 966 minas
2011 929 2115 968 nes
2163 912 2463 981 lebannes,
2494 918 2636 970 8818
2686 915 2787 970 (188
2836 917 2943 971 (182
2991 919 3048 973 111
3091 919 3192 973 1118
3236 920 3329 975 1118
3361 928 3660 994 superstes

277 995 403 1050 libes
432 996 562 1050 unzi
596 1013 668 1050 an
692 997 832 1052 desa
855 995 1051 1065 uuila;
1084 997 1190 1054 daz
1218 1003 1281 1054 tu
1316 999 1373 1053 in
1407 999 1619 1056 lonast.
1656 1001 1731 1056 da
1760 999 1809 1056 si
1837 1017 1899 1056 es
2011 1001 2202 1057 hafter
2229 1003 2336 1058 ire.

276 1084 468 1140 bezzist
498 1084 774 1139 bidurﬁn.
800 1085 864 1140 Ih
897 1085 1015 1141 bito
1047 1086 1161 1142 ouh
1196 1088 1376 1142 umba
1407 1086 1518 1142 alla
1551 1088 1666 1155 die,
1703 1089 1867 1144 diede

2083 1090 2345 1146 Zilezzist
2384 1091 2607 1163 piuliho
2642 1093 2700 1148 ih
2753 1093 2872 1149 mih
2907 1093 3128 1165 selben,
3163 1101 3308 1151 unta
3355 1097 3469 1152 8118
3501 1099 3661 1154 81188

275 1172 524 1228 cheinuin
544 1172 750 1229 vvisun
770 1191 962 1230 vonna
982 1175 1098 1229 mir
1116 1176 1399 1248 givvirsit,
1427 1177 1538 1233 odo
1562 1178 1901 1250 ungitrostit
2008 1179 2228 1234 arbeita
2259 1179 2409 1235 allen
2444 1180 2639 1237 minen
2675 1182 2766 1237 tliz
2794 1183 2850 1237 in
2883 1183 3020 1238 dina
3047 1184 3240 1256 gnada
3269 1186 3432 1241 umbi
3463 1187 3569 1242 daz
3589 1189 3664 1243 (18

271 1263 514 1329 vvurtin;
549 1263 652 1318 daz
673 1266 736 1317 tu
767 1263 850 1318 sie
881 1262 1111 1332 rihtest,
1137 1269 1279 1320 unta
1307 1266 1539 1321 troistet
1570 1269 1677 1322 mit
1697 1267 1898 1323 dinero
2009 1267 2067 1322 ih
2098 1267 2258 1324 selbo
2291 1269 2349 1322 ni
2382 1269 2557 1342 megi,
2591 1271 2700 1327 odo
2723 1271 2780 1326 ni
2813 1272 3070 1341 chunua,
3094 1274 3200 1329 odo
3234 1275 3291 1329 ni
3322 1275 3518 1332 uuella
3538 1277 3661 1332 mih

268 1353 428 1423 guoti.
461 1351 728 1407 Daraoah
764 1351 885 1407 bito
935 1352 996 1408 ih
1046 1355 1226 1410 umba
1269 1353 1414 1410 allaz
1457 1355 1562 1410 daz
1613 1353 1852 1428 ungriht

2073 1356 2336 1412 denchan
2361 1358 2512 1413 durh
2533 1359 2693 1414 mina
2713 1361 2901 1432 brodi,
2922 1365 3062 1416 unta
3086 1363 3235 1417 durh
3261 1364 3421 1420 mina
3443 1382 3659 1422 unruo-

266 1441 385 1496 iouh
415 1441 593 1496 umba
623 1440 736 1497 8118
759 1442 870 1496 (188
894 1441 1152 1514 unfrido,
1174 1443 1314 1499 iouh
1363 1443 1577 1498 umhaz
1601 1445 1705 1500 (182
1729 1447 1857 1515 ungi

2062 1463 2134 1516 18,
2168 1446 2278 1501 odo
2310 1447 2459 1502 durh
2494 1448 2654 1504 mina
2685 1450 3001 1520 tumpheit,
3035 1455 3097 1505 tu
3134 1452 3254 1507 mih
3288 1453 3653 1526 bidenchast,

264 1529 454 1599 vvitiri,
479 1530 584 1584 daz
609 1529 687 1584 tir
711 1529 947 1599 ionersi,
971 1531 1079 1585 daz
1109 1535 1168 1585 tu
1202 1532 1375 1586 tuder
1412 1531 1550 1587 elliu
1574 1531 1708 1588 (1188
1731 1532 1899 1588 818111
2007 1533 2130 1590 also
2183 1540 2244 1590 tu
2296 1537 2480 1603 maht,
2515 1542 2658 1592 unta
2711 1539 2942 1604 chanst,
2976 1545 3120 1595 unta
3173 1540 3294 1596 also
3344 1542 3443 1598 (118
3477 1544 3660 1615 guila,

263 1617 382 1673 mah
405 1617 578 1674 dinen
600 1619 862 1691 gnadum
882 1617 1231 1675 bidenehest
1251 1619 1707 1676 allaz.Daranah
1732 1622 1896 1677 ruofo
2007 1627 2150 1678 unta
2189 1624 2286 1678 din
2339 1626 2639 1681 uuistuom
2688 1627 2783 1682 ist.
2833 1627 2896 1682 In
2946 1645 3157 1686 manus
3207 1634 3360 1699 tuas,
3391 1632 3658 1704 Domine,

258 1706 308 1761 ib
333 1707 489 1763 umbi
511 1707 628 1763 8118
645 1707 812 1764 88881
832 1708 1089 1764 bruodra
1107 1709 1416 1765 virvarana
1438 1709 1534 1765 hie
1551 1710 1892 1782 bigrabana,
2007 1714 2354 1769 commendo
2385 1715 2658 1786 spiritum
2691 1720 2747 1771 81
2776 1733 2988 1788 corpus
3019 1735 3236 1774 meum.

256 1797 381 1854 iouh
415 1797 594 1854 umba
641 1797 756 1854 alla
785 1797 898 1868 die,
931 1798 1132 1855 dieder
1179 1799 1275 1855 hie
1303 1799 1423 1854 sint
1473 1798 1754 1855 bieraban
1787 1800 1895 1856 mit
3223 1807 3234 1817 '

613 2077 1190 2172 EJUSDEM
1263 2077 1825 2173 OTHLONI
1897 2080 2766 2223 PARAPHBASIS
2828 2085 3288 2181 LATINA

1277 2279 1354 2337 ΙΝ
1399 2277 2008 2341 PR/ECEDENTEM
2049 2279 2612 2343 PRECATIONEM
2623 2326 2638 2341 .

645 2457 832 2513 Oratio
863 2455 1144 2527 cujusdam
1168 2457 1489 2528 peccatoris.
1924 2463 1972 2527 B
2004 2459 2332 2530 gustiisque
2350 2459 2623 2531 plurimis
2639 2459 2839 2516 afﬂicti
2859 2462 3656 2534 detineantur,nihilominus

323 2547 364 2602 Ο
395 2563 528 2618 spes
577 2547 776 2612 unica,
809 2562 841 2600 ο
875 2544 1037 2600 salus
1069 2549 1282 2600 8818888
1327 2551 1384 2600 81
1415 2545 1703 2618 refugium
1752 2545 1810 2600 in
1842 2550 1898 2601 18
2008 2547 2282 2602 tamenin
2315 2549 2615 2620 przeceptis
2646 2549 2763 2604 tuis
2782 2551 3206 2622 promptissimi
3230 2558 3287 2608 et
3308 2555 3659 2610 constantis-

255 2635 608 2708 sperantium
639 2635 828 2690 Deus!
875 2633 1150 2689 miserere
1183 2633 1327 2688 mihi
1351 2633 1586 2698 misero,
1620 2639 1676 2690 et
1697 2650 1898 2706 pecca-
2008 2635 2141 2690 simi
2194 2636 2585 2692 inveniantur.
2620 2637 2688 2692 Hi
2737 2638 2997 2709 quidem,
3034 2639 3298 2708 Domine,
3331 2641 3519 2714 gratia
3556 2649 3659 2698 188

255 2725 379 2792 1881,
402 2723 606 2797 gratiae
637 2729 747 2779 tua:
780 2722 1114 2795 praesidium
1148 2723 1490 2794 inquirenti.
1518 2724 1749 2794 Adjuva
1781 2739 1894 2790 me,
2006 2729 2318 2795 praestante
2347 2731 2487 2781 sunt
2517 2727 2776 2798 perfecti,
2811 2732 2988 2798 atque
3029 2729 3302 2800 potentiae
3331 2735 3444 2785 tua
3476 2732 3656 2787 armis

245 2815 495 2883 Domine,
518 2819 575 2868 et
605 2813 677 2868 ad
714 2829 910 2884 preces
945 2829 1105 2867 meas
1136 2813 1392 2882 attende,
1418 2829 1565 2884 quas
1597 2829 1701 2884 pro
1732 2811 1899 2866 nulla
2006 2812 2170 2870 electi
2197 2832 2209 2881 ;
2234 2819 2324 2870 881
2353 2831 2457 2886 ego
2480 2815 2818 2871 omnimoda
2840 2816 3154 2888 fragilitate
3176 2823 3233 2874 et
3255 2819 3654 2892 ignavia,pec-

245 2904 581 2958 meritorum
604 2918 868 2958 meorum
902 2901 1252 2967 ﬁducia,sed
1288 2901 1345 2956 in
1376 2900 1500 2957 sola
1531 2901 1763 2972 pietatis
1784 2905 1895 2955 tua:
2007 2902 2152 2957 catis
2172 2903 2316 2958 meis
2334 2904 2722 2975 exigentibus,
2740 2906 3183 2977 depressus,vix
3207 2907 3266 2962 in
3290 2908 3654 2980 aliquantulo

244 2990 1270 3061 1811888811818888118888188881881
1294 2991 1568 3062 prolerre.
1596 2990 1891 3059 Illumina,
2005 2991 2302 3046 servitutis
2333 2997 2444 3046 tua:
2477 2993 2671 3048 studio
2703 2994 2975 3065 persisto,
3008 2995 3055 3050 si
3089 2995 3233 3050 mihi
3266 2998 3488 3052 sanitas
3521 3015 3656 3070 pro-

242 3099 456 3154 quaeso,
476 3081 537 3136 in
569 3081 778 3154 primis
809 3097 908 3136 eor
928 3095 1149 3144 meum,
1174 3083 1258 3145 ut,
1284 3078 1695 3135 1188118118188³
1719 3084 1833 3150 atq]

2066 3079 2370 3151 leritasque
2410 3081 2602 3137 omnis
2632 3083 2835 3138 aderit.
2871 3083 3034 3138 Unde
3064 3101 3281 3157 quaso,
3316 3085 3657 3144 clementis-

241 3172 540 3243 pravitatis
560 3187 700 3226 meze
721 3168 1162 3226 multitudinem
1181 3167 1891 3239 aliquatenusattendcns,
2005 3168 2154 3223 sime
2185 3168 2359 3240 Deus,
2384 3187 2456 3224 ne
2489 3187 2579 3226 me
2608 3171 2966 3228 inlirmitatis
2996 3177 3095 3228 aut
3125 3175 3498 3230 adversitatis
3530 3193 3655 3232 mo-

241 3275 327 3327 ea,
362 3277 492 3331 quae
524 3263 726 3315 contra
755 3263 811 3314 te
841 3259 1125 3314 hactenus
1177 3257 1470 3328 commisi,
1503 3259 1700 3330 lugere
1736 3274 1892 3313 sem-
2003 3256 2495 3328 lestiapermittas
2511 3259 3152 3332 plusaggravariquam
3176 3264 3481 3318 convenire
3504 3265 3656 3320 scias

239 3365 348 3420 per
377 3353 439 3403 et
468 3349 771 3404 emendare
821 3348 998 3419 digno
1049 3347 1400 3418 pmnitentize
1432 3347 1594 3402 luctu
1644 3346 1889 3401 valeam.
2003 3362 2144 3401 mea:
2177 3346 2465 3418 qualitati.
2497 3349 2731 3403 Sustine
2754 3366 2866 3415 me,
2891 3366 3110 3421 precor,
3134 3351 3570 3421 pusillanimem
3597 3358 3654 3408 et

239 3436 473 3492 Deinde
517 3453 732 3508 precor,
775 3437 1034 3506 Domine,
1069 3441 1135 3491 ut
1183 3436 1470 3509 quidquid
1513 3435 1891 3506 impuritatis,
2002 3436 2257 3508 pigrum,
2291 3442 2560 3507 exspecta
2590 3453 2682 3492 me
2714 3437 2977 3510 fragilem
3001 3443 3057 3492 et
3086 3438 3410 3507 1811881881,
3437 3457 3651 3510 quous-

232 3525 530 3598 quidquid
562 3526 834 3581 vanitatis
865 3532 967 3580 aut
1011 3525 1226 3580 erroris
1273 3523 1674 3595 nequissimus
1703 3523 1890 3578 hostis
2001 3541 2113 3595 que
2135 3525 2206 3578 ad
2239 3530 2292 3579 te
2309 3530 2611 3580 convertar
2627 3524 3058 3597 aliquantulum
3087 3545 3100 3593 ;
3133 3527 3246 3582 ﬁde
3275 3527 3454 3599 igitur
3468 3532 3524 3582 et
3543 3545 3646 3600 spe

231 3615 290 3668 in
327 3631 428 3669 me
461 3616 694 3671 studeat
723 3615 1056 3679 accendere,
1081 3614 1669 3685 exstinguas,meque
1701 3613 1771 3668 ad
1804 3612 1889 3666 tui
1999 3611 2101 3666 tali
2134 3629 2226 3668 me
2257 3614 2558 3676 confirma,
2584 3631 2684 3685 per
2705 3631 2877 3685 quam
2904 3615 2974 3669 de
3006 3616 3495 3686 promissionibus
3528 3616 3646 3671 tuis

231 3705 419 3760 moris
451 3708 508 3759 et
541 3703 871 3760 dilectionis
922 3705 1203 3759 fervorem
1235 3719 1467 3774 semper
1497 3703 1804 3769 accendas,
1835 3705 1892 3757 et
2000 3701 2437 3757 certissimusin
2460 3701 2677 3757 nullius
2694 3703 3645 3777 diffidentiaemaestitiaequenoxize

232 3798 296 3846 ut
321 3793 485 3848 cordi
511 3810 640 3848 meo
664 3792 824 3848 illam
849 3793 1058 3847 famem
1089 3797 1145 3848 et
1167 3791 1325 3847 sitim
1350 3791 1654 3862 immittas,
1679 3808 1796 3862 qua
1815 3791 1886 3846 ad
1925 3852 1961 3864 Α
2001 3788 2259 3860 pericula
2289 3789 2563 3844 incidam.
2589 3791 2675 3845 Ad
2708 3791 2827 3847 haec
2860 3808 3092 3864 quoque
3114 3793 3456 3850 charitatem
3487 3801 3545 3850 et
3575 3795 3648 3850 ti-

229 3883 653 3938 mandatorum
700 3887 931 3937 tuorum
968 3881 1395 3936 observantiam
1427 3885 1484 3935 et
1528 3881 1599 3936 ad
1789 3897 1887 3952 pe-
1919 3852 1962 3919 C
2001 3852 2222 3934 morem
2255 3883 2432 3950 atque
2470 3852 2893 3947 humilitatem:
2920 3852 3026 3936 nec
3075 3899 3188 3936 888
3220 3883 3560 3954 patientiam
3593 3888 3650 3939 et

229 3971 434 4026 renuis
467 3972 683 4044 gaudia
730 3971 1118 4027 desideranda
1167 3975 1412 4024 aestuare
1465 3969 1706 4041 possim.
1740 3969 1887 4024 Nam
1998 3967 2392 4023 obedientiam
2441 3968 2616 4024 talem
2672 3969 2840 4040 mihi,
2872 3986 3094 4042 precor,
3126 3980 3361 4042 praesta,
3409 3972 3646 4044 qualem

232 4060 507 4127 quamvis
538 4077 642 4131 per
684 4059 883 4130 gratia:
924 4063 1036 4113 tuae
1067 4059 1222 4113 dona
1251 4057 1431 4112 sciam
1460 4059 1587 4112 vitae
1619 4057 1890 4130 perennis
1998 4056 2272 4128 primitus
2316 4056 2421 4111 tibi
2469 4057 2583 4113 Deo
2616 4059 3024 4128 omnipotenti,
3067 4059 3276 4115 dehinc
3309 4060 3646 4116 hominibus

233 4148 455 4216 gaudia
486 4147 649 4204 omni
670 4146 1488 4220 praesentisvitzejucunditati
1520 4163 1650 4203 esse
1672 4163 1890 4219 praepo-
1999 4145 2226 4201 cunctis
2259 4145 2413 4201 inter
2460 4163 2605 4217 quos
2661 4164 2922 4220 unquam
2955 4149 3282 4205 conversari
3339 4165 3430 4204 me
3459 4149 3650 4204 conti-

235 4237 454 4305 nenda,
489 4235 625 4292 licet
672 4237 848 4292 etiam
881 4237 952 4293 ad
1004 4236 1127 4291 1ἸὶΒο
1177 4235 1564 4291 desideranda
1611 4240 1666 4291 81
1696 4235 1891 4307 exqui-
1999 4234 2166 4307 gerit,
2201 4234 2471 4290 exhibere
2493 4235 3103 4293 debeo.Ambitionem
3131 4237 3306 4294 simul
3329 4243 3385 4292 et
3407 4237 3651 4294 delecta-

232 4325 424 4380 renda
470 4325 650 4382 variis
694 4325 884 4381 modis
932 4324 1256 4380 instructus
1304 4323 1439 4388 sim,
1490 4322 1651 4378 nulla
1693 4329 1888 4380 tamen
2001 4324 2217 4378 tionem
2250 4323 2430 4378 totius
2457 4323 2751 4380 saecularis
2769 4325 2964 4397 gloriae
2997 4327 3214 4382 aufera
3246 4344 3356 4394 me,
3383 4327 3646 4394 Domine,

232 4409 588 4484 hujusmodi
612 4415 856 4470 scientia
878 4413 1023 4468 mihi
1051 4413 1306 4484 prodest,
1341 4411 1453 4468 nisi
1486 4411 1889 4483 inspirationis
2000 4416 2055 4466 et
2086 4413 2161 4466 da
2183 4412 2323 4466 mihi
2343 4411 2602 4483 aliquam
2626 4418 2849 4484 partem
2876 4413 3174 4485 sapientiae
3197 4414 3524 4485 spiritualis
3548 4432 3560 4481 ;
3585 4419 3651 4468 ut

233 4503 352 4554 tua:
383 4503 792 4575 supplemento
807 4503 1033 4574 jugiter
1053 4500 1297 4557 meilluc
1320 4501 1604 4567 trahas,et
1620 4502 1889 4556 affectum
2001 4517 2228 4555 mecum
2263 4499 2358 4565 sit,
2389 4506 2447 4556 et
2478 4517 2708 4556 mecum
2741 4501 2982 4571 laboret,
3010 4506 3074 4556 ut
3106 4502 3288 4556 sciam
3321 4503 3460 4572 quid
3487 4517 3649 4556 acce-

239 4603 350 4644 nec
381 4609 494 4648 non
527 4593 894 4648 occasionem
929 4591 1261 4663 pariterque
1308 4591 1458 4645 vires
1487 4591 1634 4645 bene
1665 4591 1892 4646 vivendi
2001 4595 2166 4662 ptum
2198 4589 2273 4644 sit
2303 4606 2497 4644 coram
2520 4594 2575 4645 te
2605 4591 2765 4645 omni
2796 4595 3079 4661 tempore.
3114 4591 3194 4644 Ne
3227 4589 3646 4655 reminiscaris,

246 4676 486 4736 tribuas.
519 4681 730 4737 Facilis
750 4679 1238 4736 eniminﬁrmitas
1262 4695 1327 4733 88
1357 4679 1581 4734 desidia
1609 4696 1700 4734 me
1723 4681 1894 4751 fragi-
2002 4696 2221 4751 quaeso,
2255 4678 2465 4733 delicta
2513 4679 2841 4748 juventutis
2874 4683 2929 4733 et
2976 4678 3319 4750 ignorantiae
3351 4695 3512 4742 meae,
3547 4679 3648 4734 sed

251 4762 356 4823 lem
387 4770 922 4843 negligentemque,
947 4768 1091 4840 proh
1124 4767 1326 4824 dolor!
1361 4767 1513 4823 valet
1545 4769 1827 4840 impedire
1859 4787 1892 4824 a
2002 4768 2325 4823 secundum
2355 4767 2815 4822 misericordiam
2848 4772 3011 4821 tuam
3045 4771 3336 4822 memento
3369 4768 3504 4832 mei,
3540 4773 3652 4822 Do-

249 4855 419 4914 totius
453 4859 748 4933 religionis
781 4858 1095 4931 proposito.
1132 4858 1401 4928 Ideoque,
1434 4857 1893 4914 clementissime
2003 4855 2179 4910 mine.
2213 4855 2558 4908 Munditiam
2616 4871 2850 4926 quoque
2904 4855 3117 4910 mentis
3161 4860 3217 4910 et
3265 4855 3524 4927 corporis
3571 4856 3654 4912 ita

246 4944 599 5012 Deus,'hanc
629 4949 1030 5004 infirmitatem
1063 4946 1122 5001 in
1156 4963 1247 5001 me
1281 4947 1662 5018 prospiciens,
1686 4946 1768 5002 ita
1800 4963 1892 5002 me
2003 4944 2168 5009 mihi,
2199 4959 2415 5014 quaeso,
2438 4941 2702 5014 vigilanti
2732 4950 2832 4999 aut
2863 4945 3172 4999 dormienti
3201 4945 3470 5016 concede,
3494 4949 3558 5000 ut
3579 4947 3652 5000 ad

248 5045 454 5094 sanum
499 5039 878 5110 validumque
932 5038 989 5092 in
1034 5036 1341 5107 utriusque
1390 5035 1644 5091 hominis
1697 5036 1893 5108 vigore
2004 5032 2202 5088 altaris
2237 5033 2533 5102 totiusque
2553 5033 2978 5088 servitutistuze
3009 5033 3267 5089 officium
3290 5034 3526 5105 dignius
3552 5050 3648 5090 ae-

243 5120 422 5193 eﬂice,
460 5133 524 5184 ut
571 5129 630 5182 in
663 5128 822 5183 omni
875 5125 1172 5182 servitutis
1223 5130 1333 5179 tuze
1376 5125 1568 5179 studio
1618 5124 1784 5180 laetus
1839 5129 1894 5179 81
2004 5123 2227 5187 cedere,
2262 5121 2574 5192 ipsumque
2615 5122 3048 5194 acceptabiliter
3080 5122 3299 5194 possim
3333 5138 3648 5194 peragere:

237 5220 552 5287 Promptus
603 5217 872 5283 existant,
906 5215 1282 5284 laboremque
1315 5217 1525 5284 totum,
1562 5215 1661 5285 qui
1696 5213 1754 5268 in
1786 5213 1894 5269 hoc
1923 5219 1970 5283 Ι)
2003 5210 2149 5266 nihil
2184 5209 2339 5264 enim
2376 5209 2509 5264 boni
2543 5211 2950 5282 amemetipso
2991 5212 3196 5280 habeo,
3231 5211 3329 5266 sed
3363 5226 3549 5280 neque
3581 5210 3652 5265 ab

230 5305 454 5362 saeculo
482 5311 538 5362 et
570 5322 673 5379 pro
705 5304 897 5360 laudis
925 5307 1036 5359 tuae
1070 5303 1433 5374 impensione
1463 5307 1519 5358 et
1551 5321 1653 5374 pro
1687 5319 1891 5375 pecca-
2003 5298 2239 5355 homine
2273 5296 2390 5353 ullo
2414 5299 2645 5354 virtutis
2670 5299 2921 5370 alicujus
2945 5301 3164 5356 donum
3189 5298 3446 5369 accipere
3467 5298 3648 5354 valeo.

220 5387 435 5450 torum
469 5412 736 5452 meorum
768 5393 1112 5467 poenitentia
1133 5408 1236 5447 nec
1258 5409 1371 5446 non
1399 5409 1503 5464 pro
1527 5392 1894 5447 aliorumne-
2003 5388 2392 5456 Quamobrem
2443 5392 2527 5455 tu,
2577 5389 2817 5444 Domine
2865 5394 3035 5454 Deus,
3094 5389 3193 5460 qui
3243 5388 3405 5442 solus
3454 5389 3654 5444 omnia

203 5485 752 5558 cessitatejugiter
773 5483 1032 5555 agendus
1055 5486 1142 5537 est
1164 5480 1627 5551 mihi,sustinere
1648 5481 1891 5538 valeam.
2005 5483 2190 5552 potes,
2227 5481 2282 5532 et
2312 5493 2417 5531 nos
2451 5481 2630 5532 temet
2686 5495 2789 5549 pro
2819 5477 3265 5533 necessitatibus
3314 5477 3529 5532 nostris
3557 5479 3652 5548 ju-

177 5559 366 5628 S¢io
386 5574 645 5646 denique
674 5572 814 5645 quia
832 5571 1050 5628 multos
1072 5568 1287 5626 milites
1316 5574 1489 5625 tanta:
1509 5569 1743 5626 virtutis
1767 5577 1892 5627 1811-
2005 5569 2155 5640 giter
2186 5566 2452 5622 invocare
2485 5566 2680 5636 jubes,
2715 5567 2922 5621 exaudi
2975 5583 3067 5622 me
3099 5566 3379 5621 miserum
3412 5565 3517 5621 tibi
3549 5582 3654 5638 pro

159 5651 435 5734 tamQua
453 5663 777 5727 devotionis
807 5662 1012 5729 habes,
1037 5663 1121 5732 ut,
1154 5658 1288 5716 licet
1320 5659 1766 5720 infirmitatibus
1788 5678 1895 5719 an-
2007 5655 2246 5714 miseria
2275 5671 2406 5712 mea
2449 5654 2876 5728 supplicantem
2907 5673 2920 5727 ;
2951 5661 3008 5714 et
3038 5657 3283 5714 concede
3316 5660 3379 5714 ut
3421 5659 3478 5713 et
3522 5654 3652 5737 illa:
