4044 6164
321 289 433 348 431

852 244 1195 349 ΟΤΗΕΟΝΙ
1239 286 1597 349 MONACHI
1645 290 1711 349 S.
1758 288 2250 349 EMMERAMMI
2296 288 2683 349 PRECATIO
2728 284 3199 347 THEODISCA.

3611 283 3733 342 432

323 437 457 477 rum
486 421 768 477 virtutum
799 436 945 491 quas
971 420 1097 491 jam
1153 421 1370 476 orando
1401 420 1718 486 nominavi,
1751 424 1806 475 et
1837 439 1965 476 om-
1997 424 2051 488 Α
2087 426 2427 493 sequantur,
2462 425 2515 475 et
2555 419 2872 491 corporalis
2900 419 3029 472 vitae
3083 416 3349 473 subsidia
3380 419 3553 488 prout
3580 415 3733 470 indi-

326 511 493 567 nium
525 511 650 566 sine
681 508 898 580 quibus
930 508 1127 564 nullus
1156 509 1262 564 tibi
1294 509 1519 581 placere
1550 514 1758 582 potest,
1799 512 1974 582 parti-

322 617 455 672 ceps
482 598 605 654 fieri
626 613 867 653 merear.
887 599 994 653 Sed
1032 598 1312 669 quoniam
1360 604 1481 654 tam
1507 616 1720 672 magna
1739 600 1972 672 pietatis

321 694 433 743 tuae
465 688 617 743 dona
647 686 784 742 ullis
826 686 1133 743 conatibus
1164 688 1415 759 propriis
1467 688 1746 760 nulloque
1776 688 1972 744 labore

324 775 613 847 condigno
646 774 946 847 acquirere
977 779 1032 831 et
1061 775 1319 832 obtinere
1371 776 1554 844 valeo,
1590 793 1690 849 per
1721 777 1972 833 sanctis-

326 866 541 921 simam
589 864 952 920 nativitatem
1000 869 1056 920 et
1106 865 1437 936 passionem
1492 872 1678 938 tuam,
1728 867 1973 923 Domine

323 956 467 1010 Jesu
498 954 745 1022 Christe,
778 971 883 1009 nec
914 971 1027 1009 non
1077 971 1181 1026 per
1210 957 1598 1011 venerandam
1648 973 1879 1011 crucem
1912 956 1971 1009 in

328 1061 445 1117 qua
474 1060 577 1117 pro
612 1043 816 1098 mundi
850 1042 1035 1098 salute
1067 1045 1315 1116 pendere
1346 1045 1623 1117 dignatus
1652 1062 1734 1115 es,
1760 1061 1974 1116 perque

315 1133 813 1200 resurrectionem
864 1138 919 1187 et
964 1132 1365 1189 ascensionem
1408 1138 1602 1205 ,tuam,
1636 1140 1762 1189 tum
1797 1135 1971 1189 etiam

323 1239 427 1295 per
458 1222 641 1279 sancti
664 1222 917 1295 Spiritus
943 1221 1214 1295 gratiam,
1238 1223 1403 1291 mihi,
1426 1240 1645 1296 precor,
1666 1224 1970 1279 concedas.

398 1349 622 1420 Adjuva
651 1348 827 1404 etiam
879 1364 972 1402 me
1014 1364 1117 1419 per
1147 1347 1357 1403 merita
1403 1353 1459 1403 et
1488 1365 1686 1419 preces
1735 1348 1975 1403 sanctis-

326 1439 490 1494 simae
508 1437 815 1493 Genitricis
837 1440 948 1492 tum
970 1443 1026 1493 et
1046 1442 1341 1509 perpetua:
1368 1438 1612 1510 virginis
1635 1438 1842 1505 Mariae,
1870 1454 1975 1491 nec

328 1544 443 1582 non
492 1543 595 1598 per
634 1528 820 1582 sancti
874 1526 1169 1583 Michaelis
1219 1527 1602 1598 omniumque
1650 1526 1974 1582 ccelestium

326 1615 632 1682 virtutum,
658 1620 830 1687 atque
862 1632 964 1687 per
984 1616 1171 1670 sancti
1199 1615 1444 1671 Joannis
1476 1616 1765 1686 Baptistae,
1796 1620 1851 1670 et
1878 1631 1978 1686 per

329 1710 671 1760 sanctorum
719 1704 1159 1775 apostoloruum
1212 1709 1446 1758 tuorum
1498 1704 1647 1759 Petri
1679 1708 1735 1758 et
1784 1703 1967 1769 Pauli,

328 1794 594 1860 Andreae,
616 1793 835 1859 Jacobi,
862 1792 1305 1863 specialiterque
1338 1808 1440 1863 per
1471 1792 1664 1847 dilecti
1691 1792 1770 1847 tui
1801 1792 1978 1847 Joan~

331 1883 518 1950 nis,et
545 1899 649 1953 per
679 1882 943 1936 omnium
975 1880 1372 1951 apostolorum
1397 1886 1631 1935 tuorum
1663 1882 1975 1954 suffragia;

330 1970 431 2026 sed
467 1973 523 2025 et
550 1986 655 2042 per
700 1969 935 2025 illorum
975 1969 1483 2025 sanctissimorum
1532 1970 1844 2026 infantium
1877 1988 1975 2042 pa-

328 2059 574 2115 trocinia
632 2059 731 2131 qui
792 2076 894 2131 pro
950 2063 1050 2114 tuo
1099 2059 1336 2115 nomine
1394 2059 1670 2115 trucidati
1722 2065 1861 2115 sunt
1908 2061 1978 2116 ab

332 2148 594 2217 Herode;
630 2153 686 2203 et
734 2149 887 2204 sicut
935 2149 1169 2204 eosdem
1219 2148 1491 2217 infantes,
1538 2149 1736 2204 nullus
1784 2150 1977 2205 meriti

334 2242 436 2293 aut
465 2237 699 2293 virtutis
722 2237 990 2293 notitiam
1017 2238 1320 2305 habentes,
1347 2237 1470 2293 sola
1499 2242 1556 2293 et
1584 2238 1979 2293 inaestimabili

333 2326 531 2399 gratiae
559 2330 671 2381 tuae
703 2327 971 2398 potentiae
1002 2327 1072 2380 ad
1106 2326 1281 2381 vitam
1314 2331 1586 2381 aeternam
1616 2326 1862 2398 elegisti,
1896 2327 1979 2381 ita

333 2415 509 2472 etiam
544 2433 635 2471 me
678 2416 986 2488 indignum
1029 2432 1131 2486 per
1161 2415 1418 2485 illorum,
1452 2433 1666 2487 quaeso,
1702 2416 1978 2471 interces-

320 2504 525 2561 siones
557 2506 629 2561 ad
659 2505 785 2559 vitm
810 2504 1081 2575 perennis
1113 2504 1470 2559 consortium
1504 2504 1669 2576 elige.
1695 2505 1978 2559 Succurre

330 2610 563 2666 quoque
594 2592 737 2648 mihi
770 2608 872 2664 per
893 2596 1229 2647 sanctorum
1256 2595 1577 2663 martyrum
1603 2598 1838 2647 tuorum
1860 2593 1980 2647 Ste-

330 2682 506 2755 phani
532 2686 707 2754 atque
744 2679 1061 2746 Laurentii,
1088 2679 1202 2735 Viti
1228 2685 1284 2734 et
1322 2680 1636 2747 Pancratii,
1660 2681 1889 2753 Georgii
1921 2685 1978 2736 et

329 2770 830 2838 Emmerammini,
849 2769 1073 2835 Quirini
1090 2768 1399 2836 etCastuli,
1424 2770 1749 2825 Sebastiani
1772 2775 1827 2825 et
1845 2771 1978 2825 Vin-

331 2860 530 2926 centii,
561 2876 663 2915 nec
696 2875 811 2914 non
864 2874 967 2930 per
995 2856 1247 2914 Mauritii
1302 2862 1358 2912 et
1388 2858 1665 2929 Dionysii,
1701 2858 1977 2913 Cerconis

330 2953 387 3003 et
413 2948 665 3019 Kyliani,
698 2947 977 3003 Bonifacii
1017 2952 1075 3002 et
1120 2947 1401 3017 Januarii,
1434 2947 1729 3020 Hippolyti
1772 2952 1829 3003 et
1875 2952 1978 3021 Cy-

332 3037 492 3103 riaci,
523 3054 639 3092 una
660 3053 760 3108 per
789 3038 1080 3092 sociorum
1103 3053 1344 3092 suorum
1370 3038 1594 3103 merita,
1619 3037 1975 3108 specialiter-

334 3142 447 3197 que
469 3142 572 3197 per
591 3131 927 3181 sanctorum
963 3130 1199 3181 tuorum
1231 3125 1570 3196 patrocinia,
1596 3142 1729 3181 cum
1762 3126 1978 3198 quibus

329 3213 522 3269 locum
545 3219 889 3286 prasentem
913 3214 1232 3270 sublimare
1254 3215 1529 3287 dignatus
1552 3232 1612 3270 es
1637 3233 1650 3283 ;
1676 3216 1777 3270 sed
1802 3219 1856 3271 et
1878 3233 1979 3288 per

332 3308 670 3359 sanctorum
729 3305 1129 3360 confessorum
1178 3309 1415 3359 tuorum
1472 3304 1747 3377 Sylvestri
1805 3309 1979 3377 atque

334 3393 587 3462 Martini,
623 3393 870 3467 Remigii
903 3398 960 3449 et
988 3394 1269 3466 Gregorii,
1302 3394 1520 3450 Nicolai
1571 3400 1626 3449 et
1656 3395 1974 3465 Benedicti,

327 3484 664 3556 Wolfkangi
695 3489 870 3555 atque
919 3483 1192 3555 Udalrici,
1227 3501 1445 3555 perque
1494 3489 1831 3539 sanctarum
1863 3485 1975 3539 vir-

326 3573 531 3644 ginum
562 3573 902 3628 Petronellae
932 3576 988 3627 et
1017 3571 1656 3642 Caeciliae,Scholasticze
1676 3578 1726 3627 et
1751 3574 1975 3645 Marga-

329 3668 485 3730 retaa,
518 3678 623 3717 nec
663 3678 779 3717 non
831 3678 931 3732 per
960 3660 1213 3714 illorum
1247 3668 1582 3715 sanctorum
1633 3679 1881 3732 quorum
1913 3663 1973 3717 in

326 3750 436 3806 hoc
458 3750 811 3806 monasterio
834 3754 936 3804 aut
954 3748 1014 3802 in
1044 3748 1153 3804 hac
1174 3748 1439 3819 proxima
1461 3748 1688 3803 civitate
1716 3750 1975 3820 reliquiae

326 3840 675 3895 consistunt.
710 3840 926 3893 Deinde
950 3853 1052 3908 per
1080 3838 1344 3892 omnium
1369 3843 1703 3892 sanctorum
1738 3844 1972 3894 tuorum

327 3928 607 3999 suffragia
624 3944 737 3994 me,
762 3943 985 3998 precor,
1017 3926 1230 3996 adjuva
1256 3944 1268 3993 ;
1307 3932 1369 3980 ut
1398 3932 1635 3998 propter
1656 3927 1817 3983 nulla
1839 3946 1972 3999 pec-

326 4020 455 4070 cata
505 4031 634 4070 mea
665 4020 765 4070 aut
794 4014 1075 4069 instantia
1105 4030 1205 4069 seu
1237 4015 1436 4070 futura
1467 4018 1524 4070 in
1557 4034 1768 4073 manus
1786 4035 1975 4089 perse-

326 4103 633 4174 quentium
665 4104 924 4159 animam
958 4120 1149 4158 meam
1182 4104 1399 4170 tradas,
1427 4105 1525 4159 scd
1560 4106 1730 4160 solita
1760 4109 1972 4177 pietate

323 4196 425 4245 tua
455 4189 685 4263 semper
714 4197 769 4247 et
791 4191 1010 4264 ubique
1043 4192 1339 4247 defendar.
1364 4192 1583 4249 Deinde
1614 4194 1969 4251 immensam

323 4279 599 4352 pietatem
651 4286 833 4348 tuam,
868 4282 1109 4336 Domine
1156 4281 1297 4335 Jesu
1344 4281 1593 4350 Christe,
1627 4282 1971 4355 suppliciter

320 4368 568 4441 deposco
612 4388 713 4444 pro
768 4370 1047 4425 fratribus
1094 4370 1311 4426 nostris
1361 4372 1727 4443 coenobiique
1782 4376 1967 4429 nostri

318 4460 442 4515 loco
475 4464 559 4528 ut,
592 4461 749 4533 quia,
783 4460 1035 4532 peccatis
1089 4459 1307 4514 nostris
1360 4459 1745 4533 exigentibus,
1779 4466 1900 4517 tam
1932 4480 1966 4517 a

2084 514 2239 583 gent,
2290 527 2324 563 a
2379 513 2435 564 te
2488 508 2747 579 accipere
2799 510 3155 562 mereantur.
3214 509 3298 560 Da
3350 503 3454 572 eis,
3512 520 3729 575 quaeso,

2082 604 2281 671 pastor
2331 603 2560 665 aeterne,
2594 602 2856 669 pastores
2910 600 2967 651 ct
2997 599 3247 651 rectores
3278 595 3424 649 tales
3474 593 3571 665 qui
3602 593 3734 649 illos

2084 706 2184 761 per
2214 686 2477 760 exempla
2508 704 2615 742 sua
2646 703 2759 741 non
2809 686 2881 741 ad
2912 677 3235 750 interitum,
3271 684 3370 738 sed
3403 683 3473 738 ad
3505 687 3730 738 sternte

2084 776 2290 833 salutis
2330 776 2629 832 instruant
2679 774 2976 830 meritum.
3010 773 3116 828 Pro
3166 772 3258 827 his
3290 772 3465 827 etiam
3516 771 3617 843 qui
3646 789 3735 827 se-

2083 868 2361 937 metipsos
2410 864 2776 919 confessione
2825 869 2926 917 aut
2957 861 3154 933 aliqua
3203 861 3625 917 interventione
3671 862 3731 915 in

2083 958 2196 1011 mei
2230 954 2549 1027 peccatoris
2599 954 2918 1009 orationem
2969 951 3378 1006 commendare
3424 950 3729 1017 curabant,

2083 1046 2401 1100 bonitatem
2435 1042 2904 1110 tuam,Domine,
2925 1040 3265 1113 suppliciter
3296 1057 3487 1111 exoro,
3522 1056 3594 1095 ne
3617 1039 3728 1095 sci-

2082 1135 2217 1189 licet
2265 1138 2499 1205 propter
2548 1132 2667 1187 ulla
2717 1135 2954 1203 peccata
3002 1146 3132 1185 mea
3179 1129 3561 1185 confessionis
3610 1145 3731 1184 suae

2085 1228 2347 1279 cassetur
2390 1222 2656 1277 remissio
2706 1226 2955 1293 sperata,
2992 1220 3091 1275 sed
3124 1236 3226 1291 per
3271 1220 3520 1290 gratiam
3569 1222 3733 1274 tuam

2083 1319 2139 1368 et
2154 1313 2264 1385 ipsi
2281 1313 2715 1382 veniam,quam
2737 1309 3123 1366 confessionis
3138 1308 3471 1364 humilitate
3490 1308 3739 1363 ﬁdeliter

2085 1402 2448 1474 expetebant,
2484 1404 2820 1455 mereantur
2866 1398 3185 1470 consequi;
3220 1402 3277 1452 et
3305 1414 3409 1470 ego
3452 1396 3736 1453 virtutum

2084 1491 2319 1546 illarum
2352 1491 2502 1545 dona
2535 1506 2659 1561 quae
2714 1488 2912 1559 iidem,
2947 1487 3229 1543 orationis
3285 1503 3424 1542 mea:
3457 1486 3736 1559 suffragia

2087 1584 2431 1653 quaerentes,
2459 1581 2583 1649 jam
2616 1580 2808 1635 inesse
2837 1578 2981 1633 mihi
3013 1579 3282 1649 credunt,
3328 1578 3452 1647 sed,
3496 1594 3601 1648 pro
3632 1577 3735 1632 do-

2084 1670 2207 1725 lor!
2244 1670 2492 1725 necdum
2517 1669 2577 1722 in
2605 1685 2699 1723 me
2729 1671 2887 1733 sunt,
2908 1683 3009 1738 per
3040 1666 3296 1736 illorum,
3317 1683 3531 1738 quzeso,
3558 1666 3735 1721 ﬁdem

2008 1761 2440 1863 Bquandoque
2508 1773 2733 1811 merear
2789 1756 3054 1827 adipisci.
3112 1756 3451 1823 Recordare,
3510 1771 3735 1826 precor,

2088 1850 2147 1903 in
2180 1849 2346 1903 nobis
2397 1845 2805 1901 misericordiae
2848 1850 2980 1911 tute,
3012 1846 3445 1915 verborumque
3486 1843 3738 1915 apostoli

2088 1939 2171 1992 tui
2204 1935 2405 1992 Jacobi
2437 1934 2682 1989 dicentis
2718 1951 2731 1989 :
2764 1934 3113 2003 Con/itemini
3140 1938 3475 1988 alterutrum
3516 1940 3736 2005 peccata

2086 2034 2282 2094 vestra,
2314 2028 2365 2080 et
2396 2032 2552 2079 orate
2577 2040 2676 2095 pro
2708 2025 2961 2091 invicem,
2996 2026 3053 2077 ut
3082 2022 3405 2078 salvemz'ni.
3432 2026 3501 2077 Et
3529 2037 3735 2077 conce-

2090 2118 2160 2171 de
2194 2119 2341 2169 utet
2390 2114 2624 2167 illorum
2674 2112 2980 2182 confessio,
3012 2118 3068 2167 et
3111 2129 3260 2179 mea,
3296 2128 3474 2183 quam
3524 2128 3624 2183 pro
3654 2110 3739 2166 eis

2089 2206 2335 2277 profero,
2370 2201 2738 2257 oratiuncula
2767 2201 3003 2256 sibimet
3033 2202 3234 2271 prosit.

2159 2331 2294 2384 Peto
2327 2329 2503 2383 etiam
2538 2344 2640 2399 pro
2674 2344 2843 2398 papa,
2879 2331 2936 2381 et
2966 2326 3188 2381 Caesare
3218 2330 3319 2381 aut
3350 2342 3483 2399 rege
3514 2332 3735 2399 nostro,

2089 2436 2193 2474 nec
2228 2436 2343 2473 non
2376 2435 2479 2489 pro
2512 2416 2738 2471 cunctis
2788 2416 3109 2470 rectoribus
3162 2419 3335 2486 atque
3367 2416 3734 2487 principibus

2088 2508 2325 2573 nostris,
2360 2511 2426 2560 ut
2452 2505 2581 2560 illos
2635 2505 2692 2559 in
2724 2522 2920 2560 amore
2951 2508 3007 2559 et
3054 2505 3263 2560 timore
3305 2509 3407 2559 tuo
3438 2504 3521 2558 ita
3548 2504 3737 2576 perfe-

2088 2600 2209 2651 ctos
2242 2595 2418 2650 facias
2469 2598 2760 2666 quatenus
2808 2610 2869 2649 se
2914 2593 3143 2664 sibique
3194 2594 3466 2649 subditos
3505 2592 3740 2649 valeant

2088 2701 2284 2757 regere
2315 2701 2381 2739 ac
2413 2684 2683 2756 congruis
2709 2682 2989 2753 exemplis
3021 2698 3284 2754 prmesse.
3320 2683 3408 2736 Ad
3443 2681 3562 2737 hac
3593 2699 3738 2753 quo-

2088 2791 2202 2845 que
2232 2789 2334 2845 pro
2359 2772 2700 2844 parentibus
2722 2776 2780 2826 et
2811 2770 3174 2843 propinquis,
3199 2787 3301 2826 nec
3334 2788 3448 2827 non
3481 2787 3582 2842 pro
3617 2770 3739 2825 illis

2088 2863 2186 2935 qui
2219 2863 2290 2917 ab
2320 2861 2484 2916 initio
2516 2862 2644 2915 vita:
2677 2878 2816 2915 mea:
2851 2877 3040 2931 usque
3072 2860 3130 2914 in
3162 2860 3313 2915 hanc
3344 2859 3551 2915 horam
3583 2875 3742 2931 qua-

2086 2952 2438 3022 lemcunque
2488 2967 2589 3021 pro
2640 2967 2733 3005 me
2782 2948 3040 3004 laborem
3090 2948 3474 3021 pertulerunt,
3518 2947 3743 3019 quique

2086 3041 2146 3096 in
2178 3058 2280 3096 esu
2308 3045 2407 3094 aut
2437 3044 2601 3111 potu,
2624 3044 2724 3094 aut
2755 3038 2814 3093 in
2845 3039 3078 3109 vestitu,
3104 3042 3205 3093 aut
3236 3038 3293 3093 in
3322 3038 3606 3101 doctrina,
3630 3052 3744 3092 seu

2089 3130 2265 3186 etiam
2297 3128 2556 3201 quolibet
2603 3129 2776 3185 modo
2830 3127 2975 3182 mihi
3008 3128 3284 3199 prodesse
3334 3127 3689 3183 studuerunt
3722 3151 3740 3194 ;

2090 3237 2193 3291 pro
2240 3218 2357 3275 illis
2405 3234 2540 3290 ergo
2599 3218 2873 3273 omnibus
2923 3217 3201 3289 pietatem
3252 3221 3437 3284 tuam,
3472 3216 3741 3283 Domine,

2088 3310 2256 3364 unice
2310 3309 2579 3379 deposco,
2613 3312 2699 3379 ut,
2741 3308 2882 3378 quia
2926 3324 3031 3378 ego
3063 3306 3285 3362 nullam
3318 3306 3465 3378 ipsis
3514 3322 3743 3361 recom-

2088 3397 2489 3471 pensationem
2508 3397 2763 3452 debitam
2786 3396 3121 3468 impendere
3143 3412 3407 3468 possum,
3427 3393 3613 3467 gratia
3634 3399 3746 3450 tua

2086 3488 2202 3542 illis
2234 3487 2571 3557 ubicunque
2620 3502 2767 3557 Opus
2799 3490 2909 3555 est,
2962 3485 3079 3541 sive
3105 3486 3163 3539 in
3216 3483 3485 3557 praesenti
3519 3484 3639 3539 sive
3672 3483 3740 3539 in

2086 3577 2280 3631 luturo
2332 3575 2563 3644 saeculo,
2616 3591 3058 3647 recompensare
3112 3576 3405 3646 dignetur.
3447 3578 3744 3646 Deprecor

2085 3662 2259 3718 simul
2294 3679 2395 3733 pro
2427 3661 2539 3716 illis
2573 3679 2719 3732 quos
2748 3679 3008 3733 unquam
3032 3664 3157 3717 sine
3187 3678 3364 3717 causa
3394 3660 3740 3716 contristavi

2085 3756 2185 3806 aut
2214 3750 2510 3821 aliquibus
2534 3751 2679 3805 meis
2711 3751 2939 3806 actibus
2971 3751 3297 3822 depravavi,
3322 3753 3611 3822 quatenus
3630 3766 3746 3821 per

2085 3840 2364 3895 bonitatis
2411 3844 2522 3893 ture
2550 3840 2820 3895 eti‘ectum
2875 3840 3245 3910 aliquomodo
3296 3839 3507 3911 corrigi
3536 3843 3593 3893 et
3638 3853 3743 3892 re-

2084 3927 2273 3999 parari
2326 3933 2677 3983 mereantur.
2739 3928 2950 3983 Deinde
2996 3946 3130 3983 vero
3180 3928 3571 3983 communiter
3629 3943 3743 3998 pro

2082 4017 2242 4071 omni
2290 4017 2504 4087 populo
2554 4018 2885 4072 Christiano
2944 4018 3237 4088 majestati
3284 4022 3420 4081 tua,
3464 4014 3733 4081 Domine,

2083 4105 2347 4176 supplico
2378 4110 2443 4159 ut
2469 4106 2551 4160 eis
2574 4122 2799 4177 pacem,
2826 4107 2977 4161 aeris
3004 4106 3345 4178 temperiem
3378 4107 3737 4177 frugumque

2082 4193 2307 4264 copiam
2330 4194 2501 4264 juxta
2549 4195 2927 4250 necessitates
2959 4212 3096 4250 suas
3146 4195 3399 4250 tribuere
3432 4193 3691 4264 digneris
3719 4210 3734 4260 ;

2079 4287 2154 4352 et,
2187 4282 2319 4337 licet
2350 4283 2581 4338 insidiis
2612 4283 2916 4339 diabolicis
2942 4290 3043 4339 aut
3072 4285 3247 4340 etiam
3272 4283 3587 4356 fragilitate
3618 4282 3735 4338 hu-

2082 4389 2255 4425 mana
2286 4371 2631 4427 circumdati
2664 4390 2696 4427 a
2717 4373 3171 4429 Christianitatis
3202 4372 3360 4427 cultu
3389 4371 3565 4427 variis
3596 4386 3732 4427 mo-

2077 4461 2166 4516 dis
2197 4460 2518 4529 discedant,
2552 4460 2681 4532 ipsa
2704 4465 2922 4529 tamen,
2948 4478 3164 4533 quaeso,
3188 4461 3334 4516 tanti
3361 4461 3445 4516 tui
3471 4459 3732 4517 nominis

316 4554 643 4605 nostratum
678 4567 852 4622 quam
885 4566 953 4604 ex
982 4549 1306 4605 alienorum
1338 4549 1567 4617 effectu,
1592 4550 1733 4621 proh
1758 4551 1954 4606 dolor!
1997 4536 2038 4599 D
2074 4550 2315 4621 agnitio,
2348 4554 2639 4621 tantaeque
2664 4550 2989 4620 majestatis
3039 4551 3344 4622 professio,
3378 4549 3471 4605 cui
3522 4566 3584 4604 se
3617 4548 3733 4604 fide

312 4640 473 4693 intus
496 4638 673 4694 simul
695 4644 751 4694 et
774 4640 913 4695 foris
938 4639 1274 4694 destructus
1287 4644 1504 4710 est,per
1526 4639 1772 4711 gratiam
1796 4644 1959 4694 tuam

312 4733 489 4799 atque
521 4746 624 4801 per
654 4729 888 4783 illorum
920 4734 1257 4783 sanctorum
1284 4729 1556 4800 (quorum
1590 4746 1830 4801 corpora
1860 4735 1961 4784 aut

310 4818 587 4889 reliquias
618 4819 711 4873 hic
743 4818 962 4889 positas
992 4833 1189 4872 amore
1239 4817 1678 4888 promptissimo
1722 4836 1958 4873 venera-

312 4908 462 4976 mur)
495 4906 969 4960 intercessionem
1002 4906 1071 4959 ad
1104 4905 1335 4960 laudem
1359 4912 1415 4961 et
1436 4906 1680 4976 gloriam
1701 4906 1956 4963 nominis

310 4995 415 5061 tui,
439 5000 613 5066 atque
636 4996 707 5050 ad
730 4992 1095 5050 necessitatis
1126 4997 1357 5061 nostrae,
1382 5011 1487 5049 nec
1511 5012 1622 5050 non
1657 4996 1728 5050 ad
1752 5011 1952 5050 eorum

307 5085 408 5154 qui
444 5083 847 5155 nobisjugiter
878 5082 1232 5147 deserviunt,
1254 5083 1471 5152 quique
1492 5083 1606 5138 huc
1633 5101 1733 5154 pro
1756 5084 1954 5155 aliqua

305 5171 492 5227 salute
540 5172 859 5227 obtinenda
906 5169 1242 5234 adveniunt,
1292 5186 1465 5225 usum
1508 5179 1828 5242 reparctur.
1862 5174 1947 5228 Ad

300 5260 421 5313 haec
453 5277 680 5331 quoque
711 5277 914 5332 precor
944 5276 1047 5330 pro
1079 5257 1238 5313 omni
1271 5259 1577 5330 utriusque
1608 5278 1780 5317 sexus
1812 5279 1947 5316 con-

297 5347 634 5419 gregatione
667 5366 792 5419 quae
826 5350 884 5403 in
917 5348 1024 5403 hac
1074 5348 1216 5402 urbe
1247 5347 1551 5401 consistit:
1589 5349 1797 5404 deinde
1844 5367 1947 5420 pro

298 5437 520 5492 caeteris
552 5440 829 5494 omnibus
862 5438 960 5509 qui
991 5438 1049 5492 in
1082 5440 1284 5492 sancta
1314 5435 1571 5492 Ecclesia
1618 5438 1676 5492 in
1711 5439 1948 5494 nomine

297 5531 398 5581 tuo
418 5544 667 5599 usquam
684 5527 1011 5601 congregati
1027 5529 1535 5591 conversantur,ut
1550 5532 1604 5581 et
1622 5528 1946 5598 spiritualis

298 5617 428 5685 vitae
478 5634 747 5679 normam
798 5634 977 5697 quam
1028 5615 1232 5674 habitu
1280 5615 1649 5693 proﬁtentur,
1683 5621 1945 5676 moribus

2074 4655 2334 4709 congrua
2383 4639 2815 4709 commendant,
2849 4644 2903 4694 et
2948 4640 3005 4694 in
3038 4657 3153 4711 qua
3202 4654 3364 4711 spem
3399 4638 3721 4693 maximam

2070 4727 2296 4782 vivendi
2332 4727 2637 4794 collocant,
2672 4727 2789 4783 illis
2819 4730 3004 4799 prosit
3052 4731 3108 4782 in
3144 4737 3447 4783 aeternum.
3485 4728 3568 4782 Ad
3602 4727 3728 4782 haec

2070 4833 2302 4887 quoque
2350 4817 2701 4871 immensam
2758 4817 3033 4887 pietatem
3066 4822 3250 4884 tuam,
3286 4808 3535 4873 Domine
3582 4816 3726 4871 Jesu

2067 4904 2309 4971 Christe,
2344 4904 2578 4976 postulo
2619 4905 2788 4960 unice
2820 4924 2921 4977 pro
2972 4907 3247 4962 omnibus
3279 4905 3552 4961 fidelibus
3582 4921 3727 4960 con-

2066 4993 2423 5066 gregationis
2473 5000 2681 5048 nostrae
2732 4995 3022 5050 defunctis
3073 4996 3377 5063 fratribus,
3438 5011 3543 5049 nec
3600 5011 3724 5049 non

2064 5100 2166 5153 pro
2201 5082 2290 5136 his
2340 5082 2558 5152 quibus
2612 5098 2679 5136 ex
2729 5084 3107 5139 fraternitatis
3152 5083 3565 5140 communione
3613 5099 3725 5139 seu

2062 5187 2411 5241 quacunque
2427 5172 2930 5228 commendatione
2953 5180 3053 5228 aut
3075 5174 3578 5245 eleemosynarum
3604 5171 3724 5226 lar-

2060 5260 2241 5331 gitate
2272 5276 2532 5330 unquam
2576 5261 2801 5317 debitor
2827 5262 3031 5317 orandi
3084 5263 3273 5317 factus
3303 5278 3436 5316 sum
3463 5279 3477 5327 ;
3508 5260 3725 5316 deinde

2060 5348 2453 5404 communiter
2497 5366 2601 5421 pro
2633 5352 2858 5406 cunctis
2910 5353 2967 5406 in
3001 5352 3113 5407 fide
3145 5356 3348 5408 sancta
3396 5349 3718 5418 defunctis,

2060 5455 2162 5508 pro
2212 5437 2425 5509 quibus
2466 5438 2733 5494 videlicet
2783 5441 3058 5512 cuiquam
3114 5457 3278 5497 orare
3327 5438 3481 5509 licet,
3517 5444 3581 5494 ut
3610 5455 3718 5496 eos

2058 5545 2091 5581 a
2121 5526 2263 5604 locis
2311 5526 2637 5598 poenalibus
2688 5528 2934 5585 liberare
2974 5531 3128 5593 etin
3177 5528 3375 5601 requie
3428 5534 3717 5600 perpetua.

2056 5618 2313 5691 digneris
2347 5617 2647 5675 collocare.
2680 5620 2796 5676 Has
2819 5621 2998 5696 igitur
3018 5637 3238 5696 preces,
3272 5635 3421 5693 quas
3442 5634 3549 5694 ego
3568 5634 3714 5704 pag.
