4044 6164
187 367 285 433 445
1105 377 1418 443 ΝΟΤῙΤῙΑ
1466 376 1817 442 HISTORIC

1934 381 2032 442 ET
2075 375 2626 442 BIBLIOGRAPH.

3448 375 3565 436 446

191 507 272 564 hic
297 505 352 562 in
395 507 512 564 duo
544 507 736 580 capita
763 512 852 565 est
883 510 1250 580 distinctum,
1287 516 1462 585 caput
1488 513 1553 568 51
1588 530 1720 568 vero
1752 512 1811 568 in
1842 513 1896 579 Α
1926 513 2150 568 codices
2206 513 2436 568 Henrici
2492 509 2786 579 Ranzovii,
2842 508 3114 582 producis
3173 508 3468 579 Cimbrici,
3509 511 3566 562 et

191 597 282 653 hoc
307 596 499 653 codice
527 598 685 667 5Ibis
718 603 806 655 est
833 602 1176 674 ascriptum,
1204 607 1377 675 caput
1406 604 1512 658 228
1534 620 1664 660 vero
1689 620 1812 660 am-

191 686 440 760 plectitur
467 688 686 744 codicis
714 690 748 742 2
779 690 968 762 capita
1004 692 1110 746 228
1141 697 1197 748 et
1224 694 1348 748 229.

247 778 426 833 Codex
455 778 684 850 tertius,
718 779 830 846 cui,
855 780 1007 836 sicut
1033 781 1268 837 Velleus
1298 783 1452 856 typis
1483 801 1615 839 eum
1649 801 1814 838 man-

193 866 344 932 davit,
366 865 517 922 liber
537 866 617 922 De
637 868 1026 940 descriptione
1054 870 1384 927 insularum
1411 873 1618 940 defuit,
1640 873 1817 928 Gesta

192 955 740 1027 archiepiscoporum
762 958 1398 1032 Hammaburgensium
1428 963 1692 1018 omnium
1721 979 1814 1018 co-

193 1046 363 1100 dicum
388 1044 549 1101 solus
570 1047 630 1101 in
653 1051 907 1118 quatuor
928 1049 1230 1106 distribuit
1249 1051 1448 1108 libros.
1466 1053 1770 1108 Librorum
1795 1070 1813 1107 ι

195 1139 238 1193 et
262 1152 297 1189 ιι
325 1134 558 1206 partitio
602 1152 733 1191 cum
784 1137 1082 1194 codicibus
1115 1141 1164 1210 1,
1196 1142 1231 1194 2
1262 1145 1318 1196 et
1348 1142 1379 1195 4
1410 1142 1714 1210 convenit;
1747 1159 1814 1198 ea

193 1240 303 1280 vero
323 1224 516 1296 capita
536 1225 752 1296 quibus
782 1225 840 1281 in
861 1227 953 1284 his
981 1227 1128 1284 liber
1145 1231 1355 1286 tertius
1378 1231 1728 1299 continetur,
1755 1231 1813 1286 in

192 1313 273 1369 illo
297 1313 352 1368 in
374 1312 557 1369 libros
580 1332 640 1369 ιιι
672 1318 730 1370 et
749 1333 804 1370 ιν
829 1320 964 1372 sunt
986 1317 1312 1389 dispertita.
1337 1319 1414 1375 De
1439 1319 1815 1376 distinctione

193 1406 360 1458 autem
394 1402 784 1474 capitulorum
815 1409 1116 1479 tantopere
1145 1407 1299 1464 inter
1329 1426 1392 1465 se
1421 1410 1700 1464 differunt
1720 1426 1813 1464 co-

191 1492 347 1557 dices,
379 1496 444 1546 ut
493 1509 561 1548 ea
610 1509 734 1564 quae
785 1496 965 1551 codex
1015 1499 1039 1550 1
1094 1497 1269 1553 habet
1313 1498 1592 1554 distincta
1621 1499 1680 1553 in
1709 1500 1814 1553 213

191 1580 475 1652 capitibus,
510 1585 718 1653 praeter
746 1587 874 1640 octo
901 1601 1028 1656 quae
1059 1585 1197 1642 huic
1229 1587 1468 1643 omnino
1499 1589 1732 1653 desunt,
1760 1591 1817 1643 et

193 1685 294 1740 quae
322 1668 381 1724 in
412 1669 716 1726 codicibus
745 1675 782 1728 2
809 1677 866 1728 et
893 1675 930 1728 5
957 1673 1016 1728 in
1049 1675 1155 1728 207
1186 1675 1477 1745 capitibus
1508 1676 1812 1732 continen-

192 1762 285 1828 tur,
315 1760 469 1831 apud
503 1759 858 1831 Velleumfin
908 1763 1166 1834 capitula
1203 1765 1330 1831 205,
1363 1765 1489 1820 scil.
1522 1765 1561 1820 1.
1589 1783 1606 1820 ι
1639 1780 1688 1820 c.
1721 1765 1810 1834 52,

190 1846 226 1947 1ἶ
247 1865 282 1902 ιι
301 1865 356 1955 ιο.
389 1849 480 1914 63,
514 1848 652 1955 le
684 1867 733 1906 c.
759 1852 836 1950 .44
867 1855 923 1907 et
1023 1870 1078 1908 ιν
1194 1855 1281 1922 46,
1305 1853 1620 1954 distributa
1647 1871 1812 1952 repe-
1845 1892 1892 1955 B

191 1937 409 2004 riantur,
434 1937 624 1993 multo
655 1941 878 2010 majore
898 1941 1077 1996 etiam
1100 1942 1496 2014 discrepantia
1519 1942 1577 1996 in
1612 1943 1814 2014 singu-

192 2024 355 2081 lorum
383 2026 643 2099 capitum
682 2028 887 2085 initiis.

250 2119 495 2182 Genstat,
529 2117 755 2189 opinor,
789 2136 858 2173 ex
902 2118 975 2175 iis
1019 2137 1148 2192 quae
1180 2120 1457 2187 diximus,
1490 2121 1814 2177 distinctio-

195 2221 305 2260 nem
335 2206 642 2278 utriusque
664 2208 856 2280 operis
887 2208 946 2262 in
979 2207 1159 2265 libros
1180 2215 1434 2280 quatuor
1461 2210 1576 2282 ipsi
1596 2212 1816 2267 Adamo

194 2294 464 2350 Bremensi
496 2295 717 2366 deberi,
751 2313 1091 2369 quanquam
1123 2299 1372 2354 dubium
1411 2309 1500 2355 est
1549 2317 1817 2371 quaenam

198 2383 425 2456 capitum
456 2385 760 2441 distinctio
789 2387 860 2442 ab
901 2403 966 2442 eo
1016 2387 1274 2459 profecta
1321 2389 1415 2444 sit.
1453 2389 1591 2444 Eam
1640 2389 1820 2461 igitur

200 2489 351 2544 quam
401 2474 635 2530 exhibet
682 2475 858 2531 codex
906 2475 1378 2533 Vindobonensis
1437 2495 1570 2532 cum
1629 2477 1818 2549 ipsius

200 2566 334 2617 textu
374 2564 431 2618 in
473 2563 732 2620 editione
762 2568 966 2620 nostra
996 2567 1366 2638 recepimus;
1401 2567 1820 2638 subjunximus

203 2649 426 2718 ei,uncis
447 2653 760 2725 inclusam,
779 2653 1217 2711 distinctionem
1242 2673 1417 2727 quam
1442 2656 1619 2712 habet
1640 2655 1818 2711 editio

204 2740 697 2814 princeps,scilicet
714 2743 1011 2811 Velleana,
1029 2749 1085 2800 et
1109 2762 1287 2816 quam
1311 2762 1514 2801 omnes
1538 2750 1670 2818 post
1689 2762 1817 2801 eam

202 2829 444 2888 editiones
494 2835 554 2886 et
598 2831 895 2888 versiones
944 2837 1156 2888 secutae
1212 2839 1368 2888 sunt.
1419 2834 1818 2906 Ascripsimus

200 2935 396 2990 quoque
425 2921 686 2992 capitum
721 2939 999 2977 numeros
1030 2922 1339 2978 continuos
1393 2923 1493 2995 qui
1542 2923 1820 2994 leguntur

197 3006 241 3061 in
264 3008 438 3064 codice
464 3009 934 3080 Guelferbytano,
961 3010 1213 3082 illosque
1236 3027 1386 3083 quos
1411 3012 1638 3083 primus
1659 3011 1820 3067 dedit

195 3095 694 3168 Lindenbruchius,
713 3099 814 3154 ubi
834 3117 968 3155 cum
991 3099 1122 3156 istis
1144 3117 1260 3156 non
1283 3105 1630 3168 consonant,
1650 3100 1818 3156 uncis

195 3183 530 3244 inclusimus.

1923 602 2153 657 Ottonis
2204 620 2236 656 a
2292 601 2533 673 During,
2565 600 2767 656 decani
2802 599 3149 670 Bremensis,
3183 604 3419 654 secutus
3449 601 3557 653 est.

1923 691 2030 754 Qui
2061 692 2290 746 codices
2322 709 2434 746 non
2467 690 2656 745 solum
2688 689 3004 744 lectionum
3053 689 3330 744 varietate
3375 691 3432 743 et
3487 687 3573 742 di-

1920 798 2087 836 versa
2117 781 2374 853 capitum
2407 779 2778 835 distinctione
2821 780 2892 833 ab
2945 777 3259 849 exemplari
3289 777 3562 832 Velleano

1923 870 2354 942 discrepabant,
2389 871 2485 925 sed
2528 873 2584 924 et
2612 867 2875 923 libellum
2907 868 2987 922 De
3017 867 3228 922 insulis
3259 865 3568 937 Aquilonis

1923 961 2320 1025 continebant,
2353 976 2528 1030 quem
2570 956 3073 1012 Lindenbruchius
3117 962 3255 1010 tunc
3305 955 3562 1027 primum
3648 988 3652 993 ›

1923 1049 2121 1104 edidit.
2149 1049 2367 1104 Prodiit
2390 1048 2483 1103 hic
2504 1047 2651 1103 liber
2674 1046 2939 1117 Lugduni
2965 1047 3308 1100 Batavorum
3340 1061 3408 1099 ex
3437 1045 3563 1099 ofﬁ-

1923 1138 2052 1193 cina
2081 1137 2449 1194 Plantiniana
2480 1137 2633 1208 apud
2658 1136 3033 1192 Franciscum
3057 1133 3562 1206 Rhaphelengium

1923 1229 1982 1282 in
2015 1231 2110 1283 4ίο.

1994 1318 2151 1374 Hanc
2174 1317 2485 1374 editionem
2515 1317 2780 1387 repetivit
2811 1317 2935 1388 ipse
2965 1318 3028 1371 E.
3069 1313 3470 1370 Lindenbruch
3501 1312 3561 1367 in

1923 1407 2070 1462 libro
2103 1424 2278 1477 quem
2310 1425 2462 1462 anno
2495 1408 2633 1461 1609
2664 1407 2845 1461 edidit
2877 1406 2986 1459 sub
3017 1403 3186 1459 titulo
3213 1421 3224 1458 :
3262 1403 3568 1474 Scriptores

1923 1513 2109 1552 rerum
2149 1497 2597 1552 Germanicarum
2641 1492 3176 1568 septentrionalium,
3210 1493 3396 1548 forma
3444 1509 3568 1546 ma-

1921 1586 2098 1642 xima.
2133 1587 2308 1642 Miror
2337 1604 2471 1642 eum
2516 1585 2610 1641 hic
2653 1584 2876 1640 scholia
2904 1583 3145 1655 antiqua
3176 1581 3466 1637 omisisse.
3501 1581 3570 1634 Et

1923 1675 2037 1730 alia
2069 1676 2274 1731 insunt
2305 1676 2440 1731 huic
2471 1676 2618 1731 libro
2651 1674 2806 1745 vitia,
2842 1691 2910 1729 ex
2937 1673 3177 1729 editoris
3209 1669 3565 1743 negligentia

1924 1769 2067 1819 orta.
2093 1765 2369 1828 Quartam
2400 1765 2712 1820 editionem
2739 1763 2946 1818 Adami
2978 1761 3164 1818 nostri
3193 1759 3565 1816 curavitJoa-

1924 1853 2080 1909 chim
2111 1855 2408 1910 Johannes
2440 1854 2734 1920 Maderus,
2768 1856 2956 1908 rector
3001 1849 3214 1906 scholae
3263 1848 3563 1905 Schoenin-

1925 1943 2142 2014 gensis.
2196 1943 2572 1998 Helmestadii
2607 1943 2763 2007 1670,
2796 1943 2890 1996 4ίο.
2938 1940 3265 1995 Editionem
3316 1937 3570 1992 Linden-

1924 2032 2309 2088 bruchianam
2341 2032 2479 2088 anni
2512 2033 2650 2086 1609
2688 2035 2925 2087 secutus
2971 2034 3077 2097 est,
3111 2026 3325 2084 additis
3372 2031 3570 2081 tamen

1925 2121 2168 2177 scholiis
2190 2121 2462 2177 editionis
2485 2120 2713 2193 prioris.
2743 2119 3010 2175 Plurimae
3033 2133 3167 2172 vero
3190 2115 3490 2173 sententiae
3513 2119 3571 2170 et

1925 2227 2129 2265 versus
2175 2211 2232 2264 in
2279 2210 2427 2265 libro
2459 2228 2566 2266 suo
2597 2211 2829 2278 desunt,
2863 2207 2963 2279 qui
2997 2211 3270 2279 praeterea
3299 2204 3570 2276 plurimis

1929 2298 2058 2355 aliis
2089 2304 2275 2355 scatet
2305 2299 2460 2355 vitiis
2488 2297 2945 2372 typographicis.

1999 2388 2080 2443 Cl.
2132 2389 2185 2444 J.
2236 2391 2301 2444 A.
2355 2388 2655 2444 Fabricius
2704 2403 2913 2442 novam
2969 2385 3202 2457 repetiit
3255 2383 3568 2439 editionem

1928 2479 2290 2550 Scriptorum
2315 2496 2508 2534 rerum
2522 2477 3002 2534 Germanicarum
3024 2471 3568 2545 septentrionalium

1928 2567 2001 2622 ab
2032 2568 2092 2621 E.
2130 2567 2592 2623 Lindenbruchio
2626 2566 3022 2621 collectorum.
3060 2561 3376 2632 llamburgi
3411 2561 3568 2630 1706,

1928 2655 2027 2710 fol.
2062 2657 2169 2712 Sed
2202 2657 2261 2726 in
2292 2660 2451 2711 textu
2483 2655 2688 2710 Adami
2715 2653 3050 2710 Bremensis
3080 2669 3195 2707 non
3224 2651 3416 2722 ipsam
3449 2649 3571 2705 edi-

1927 2745 2148 2801 tionem
2199 2745 2673 2812 Lindenbruchii,
2706 2745 2804 2800 sed
2853 2742 3170 2814 pessimam
3222 2739 3438 2794 Maderi
3487 2742 3576 2794 est

1929 2840 2185 2891 secutus.

2001 2924 2288 2981 Libellum
2332 2925 2413 2979 De
2442 2924 2652 2979 insulis
2684 2921 2992 2995 Aquilonis
3024 2919 3340 2992 separatim
3389 2917 3572 2973 edidit

1927 3014 2135 3070 Johan.
2191 3013 2513 3070 Messenius
2572 3012 2811 3068 Holmiae
2869 3012 3006 3066 1615
3052 3012 3147 3078 4ιο,
3199 3007 3299 3079 qui
3354 3008 3568 3062 iterum

1929 3103 2088 3175 prelo
2121 3109 2209 3158 est
2238 3103 2510 3159 subditus
2540 3103 2600 3156 in
2632 3101 2908 3173 Stephani
2939 3097 3221 3156 Johannis
3267 3094 3570 3168 Stephanii

1929 3193 1999 3265 Sy
2011 3192 2150 3264 lloge
2177 3193 2506 3263 scriptor-um
2535 3193 2608 3247 de
2636 3207 2808 3260 regno
2835 3191 3043 3245 Daniae.
3069 3186 3338 3259 Lugduni
3371 3186 3567 3240 Batav.

252 3274 485 3332 Primam
542 3277 736 3350 operis
793 3278 1035 3349 majoris
1091 3278 1300 3334 Adami
1363 3280 1547 3334 nostri
1603 3265 1887 3336 editio-C
1930 3282 2556 3351 Elzevir.1629,12m°.

196 3378 304 3418 nem
353 3366 460 3437 (82)
520 3367 748 3438 paravit
805 3368 877 3423 M.
937 3367 1182 3424 Andreas
1236 3371 1538 3426 Severinus
1603 3367 1816 3424 Velleus

196 3451 402 3525 (Vedel),
419 3456 696 3511 Friderici
721 3456 770 3511 II
799 3457 1098 3513 Danorum
1123 3458 1278 3530 regis
1299 3457 1619 3513 historicus
1643 3462 1818 3529 atque

195 3544 434 3600 sacerdos
483 3544 776 3617 Ripensis.
829 3545 1084 3618 Titulus,
1115 3563 1292 3619 quem
1345 3546 1494 3602 libro
1545 3563 1574 3601 e
1620 3547 1819 3602 codice

196 3630 399 3688 Sorensi
428 3634 782 3706 transcripto
813 3635 994 3704 dedit,
1028 3636 1122 3690 hic
1169 3640 1258 3692 est
1292 3652 1305 3691 :
1357 3637 1602 3690 Historia
1645 3635 1817 3690 eccle-

197 3721 413 3793 siastica,
442 3725 728 3780 continens
758 3725 1044 3793 religionis
1069 3733 1394 3796 propagatae
1425 3729 1600 3796 gesta,
1633 3740 1758 3796 quae
1785 3742 1819 3780 α

199 3813 495 3881 temporibus
528 3812 717 3878 Caroli
767 3812 950 3884 Magni
996 3830 1162 3885 usque
1214 3814 1285 3868 ad
1336 3816 1470 3886 imp.
1521 3815 1819 3870 Henricum

196 3897 300 3954 IIII
346 3901 657 3957 acciderunt
718 3903 779 3955 in
833 3903 1098 3970 Ecclesia,
1158 3919 1270 3958 non
1337 3906 1446 3957 tam
1512 3905 1816 3974 Bremensi,

193 4002 335 4055 quam
382 3992 564 4046 vicina
605 3990 1034 4061 Septentrionali
1074 3993 1248 4063 ferme
1289 3993 1587 4048 universa!
1615 3994 1821 4060 scripta

192 4083 301 4132 ante
342 4096 512 4135 annos
559 4082 905 4151 quingentos,
947 4098 982 4135 a
1033 4086 1108 4138 Μ.
1157 4081 1364 4136 Adamo
1411 4081 1665 4153 quodam,
1716 4082 1821 4137 loci

190 4166 326 4221 istius
351 4171 634 4224 canonico.
669 4168 825 4224 Nunc
870 4186 1054 4225 recens
1105 4169 1319 4225 mendis
1365 4171 1662 4236 vindicata,
1693 4178 1743 4226 et
1791 4187 1819 4226 ϐ

191 4257 397 4312 tenebris
442 4261 506 4313 in
562 4259 740 4313 lucem
785 4267 996 4330 vocata,
1039 4259 1220 4314 studio
1273 4264 1322 4314 et
1374 4276 1538 4331 Opera
1585 4261 1820 4317 Andreae

191 4341 413 4401 Severini
469 4348 658 4403 Vellei.
717 4349 958 4419 Ila/hia}.
1007 4349 1373 4404 MDLXXIX.
1424 4350 1494 4419 Et
1543 4349 1601 4402 in
1652 4350 1816 4405 fine:

190 4431 517 4504 lmprimebat
573 4436 814 4492 Andreas
871 4439 1307 4507 Gutteruitz,...
1372 4439 1631 4509 impensis
1691 4440 1818 4493 Bal-

189 4522 388 4580 thazari
430 4528 597 4596 Kavs,
648 4525 955 4597 bibliOpola:
1005 4527 1344 4597 Ha/‘niensis.
1397 4527 1547 4581 Sunt
1594 4526 1818 4582 schedze

192 4612 304 4670 sine
329 4616 678 4689 paginarum
710 4631 952 4670 numero
982 4615 1062 4670 Βι-
1096 4620 1150 4671 et
1202 4616 1237 4670 d
1277 4615 1336 4670 in
1371 4617 1464 4669 4ιο.
1500 4616 1819 4688 Descriptio

193 4703 476 4774 Aquilonis
498 4704 638 4760 huic
659 4703 902 4760 editioni
925 4704 1108 4772 deest,
1128 4721 1307 4776 quam
1329 4703 1561 4760 Velleus
1587 4705 1658 4760 ob
1682 4723 1821 4775 prae~

194 4796 462 4850 maturam
484 4793 685 4850 uxoris
704 4797 950 4849 mortem
969 4792 1186 4863 dolore,
1205 4798 1268 4848 ut
1286 4794 1498 4860 ferunt,
1519 4799 1820 4866 correptus

195 4881 594 4940 omisit.Codex
615 4898 791 4954 quem
813 4886 1050 4938 secutus
1071 4885 1180 4948 est,
1199 4881 1296 4938 ille
1311 4882 1424 4937 fuit
1445 4899 1615 4956 quem
1639 4900 1820 4955 supra

196 4969 344 5026 tertio
370 4972 492 5028 loco
534 4971 1033 5027 enumeravimus.

257 5061 606 5118 Paucissima
633 5061 813 5133 hujus
842 5060 1114 5117 editionis
1158 5062 1423 5133 exempla
1471 5061 1529 5116 in
1579 5062 1848 5138 Germa-V

196 5145 333 5204 niam
377 5167 708 5224 pervenere,
743 5167 922 5222 quare
962 5151 1090 5222 jam
1140 5167 1292 5207 anno
1345 5152 1486 5206 1595
1534 5151 1819 5223 Erpoldus

191 5233 609 5313 Lindenbruch,
640 5240 961 5297 canonieus
992 5239 1690 5312 Hamburgensis,novam
1724 5240 1816 5296 hi-

182 5329 357 5385 storiae
386 5331 595 5388 Adami
627 5330 954 5387 Bremensis
987 5329 1302 5386 editionem
1336 5330 1578 5402 paravit,
1609 5331 1668 5385 in
1703 5347 1819 5402 qua

240 5509 350 5581 (82)
377 5511 462 5583 _D_e
493 5509 852 5583 editionibus
882 5514 939 5565 et
967 5509 1454 5566 translationibus
1485 5511 1615 5565 vide
1648 5511 1819 5583 plura

161 5579 222 5636 in
244 5579 492 5654 Archiv.
526 5581 567 5636 l.
609 5599 648 5649 1,
681 5600 738 5654 p.
769 5583 876 5637 855
906 5599 994 5654 sq.

231 5652 351 5728 (83)
373 5657 453 5710 De
468 5652 764 5728 erroribus
779 5652 1202 5728 chronblogicis
1213 5655 1437 5728 Adamo
1454 5654 1758 5728 imputand
1769 5654 1817 5710 is

152 5725 365 5783 confer
423 5742 546 5798 qua
588 5726 810 5799 passim
841 5725 1272 5798 annotavimus,
1302 5726 1482 5783 veluti
1513 5725 1583 5784 ad
1616 5726 1654 5783 l.
1689 5744 1728 5798 ι,
1762 5743 1812 5783 c.

2000 3371 2210 3426 Adami
2233 3369 2546 3430 Historiam
2579 3368 3032 3425 ecclesiasticam
3068 3367 3124 3420 in
3157 3365 3418 3436 linguam
3443 3364 3581 3419 Ger-

1929 3461 2220 3517 manicam
2271 3459 2586 3515 transferre
2635 3458 2954 3513 conabatur
3002 3454 3291 3527 Erpoldus
3324 3452 3578 3506 Linden-

1931 3551 2135 3606 bruch.
2170 3551 2303 3614 Quae
2355 3555 2551 3605 tamen
2602 3547 2788 3603 versio
2837 3545 2990 3618 typis
3041 3559 3254 3600 excusa
3300 3558 3416 3597 non
3467 3545 3573 3610 est,

1931 3640 2083 3711 sicut
2112 3638 2330 3695 Gallica
2374 3638 2584 3704 versio,
2619 3653 2796 3708 quam
2847 3640 2980 3690 ante
3029 3634 3135 3689 hos
3190 3630 3578 3703 quadraginta

1931 3747 2030 3785 seu
2067 3728 2500 3801 quinquaginta
2531 3743 2715 3782 annos
2749 3724 2989 3797 quidam
3041 3724 3111 3778 de
3151 3719 3477 3790 Chastelus,
3510 3736 3579 3774 ex

1937 3820 2076 3874 urbe
2104 3817 2394 3873 Salmurio
2428 3816 2735 3882 oriundus,
2757 3814 3015 3887 perfecit.
3041 3813 3317 3883 Majorem
3352 3813 3576 3882 partem

1931 3907 2216 3963 librorum
2264 3924 2327 3960 III
2375 3911 2434 3961 et
2471 3923 2530 3967 ιν
2562 3905 2893 3968 Gestorum,
2927 3919 3050 3973 quae
3083 3898 3373 3972 pontiﬁcis
3404 3896 3580 3954 Adal-

1931 3996 2077 4050 berti
2110 3995 2417 4051 historiam
2442 3994 2695 4064 respicit,
2722 3993 2782 4047 in
2811 4007 3140 4048 sermonem
3164 3987 3577 4045 Germanicum

1929 4084 2104 4139 vertit
2134 4085 2194 4138 F.
2226 4085 2290 4138 B.
2325 4085 2396 4139 de
2436 4081 2750 4150 Buchholz,
2786 4082 2857 4137 ad
2903 4079 3119 4136 calcem
3176 4075 3578 4133 translationis

1934 4173 2196 4228 Historiae
2233 4174 2520 4228 Lamberti
2541 4170 3085 4243 Scal'naburgensis.
3110 4166 3578 4224 Translationem

1931 4261 2240 4333 utriusque
2292 4261 2482 4333 operis
2531 4260 2760 4325 Adami,
2794 4277 2971 4331 quam
3007 4257 3219 4312 melius
3259 4255 3576 4324 omisisset,

1931 4351 2187 4423 suscepit
2218 4351 2456 4422 quidam
2488 4351 2547 4404 C.
2582 4349 2901 4421 Miesegaes
2949 4351 3005 4402 et
3056 4346 3140 4402 vel
3192 4346 3316 4417 ipse
3357 4345 3577 4399 Bremm

1931 4458 2083 4496 anno
2132 4442 2270 4494 1825
2321 4440 2472 4512 typis
2525 4439 2702 4493 dedit.
2739 4437 3015 4492 Libellum
3061 4437 3140 4490 De
3190 4433 3577 4504 descriptione

1929 4529 2259 4585 insularum
2289 4529 2594 4600 Aquilonis
2625 4527 2683 4581 in
2713 4525 2975 4598 linguam
3007 4523 3307 4579 Suecioam
3342 4537 3574 4577 versum

1853 4641 1900 4702 Β
1933 4618 2114 4674 edidit
2161 4618 2292 4673 Job.
2346 4617 2501 4672 Frid.
2567 4615 2985 4687 Peringskiold.
3047 4611 3341 4702 Stocklom
3395 4611 3573 4702 1718;

1933 4708 2322 4777 eumdemque
2343 4706 2399 4760 in
2422 4706 2684 4777 linguam
2699 4703 2972 4758 Danicam
2992 4699 3291 4756 transtulit
3309 4697 3578 4768 notisque

1933 4796 2210 4851 instruxit
2230 4782 2290 4850 P‘.
2318 4797 2376 4850 F.
2404 4796 2586 4850 Suhm
2620 4794 2676 4848 in
2710 4809 2881 4864 opere
2910 4808 3016 4846 suo
3043 4807 3054 4846 :
3090 4791 3325 4844 Ilislorie
3355 4789 3578 4860 afDan-

1931 4886 2093 4940 mark
2123 4890 2166 4941 t.
2201 4885 2292 4953 IV,
2324 4903 2381 4957 p.
2416 4885 2519 4939 490
2550 4901 2640 4954 sq.

2004 4974 2268 5030 Plurima
2298 4975 2368 5029 ad
2401 4973 2939 5045 interpretationem
2989 4973 3195 5029 Adami
3227 4973 3578 5040 Bremensis,

1932 5064 2254 5136 praesertim
2279 5063 2489 5119 saeculo
2507 5064 3239 5135 antecedente,saepissime
3257 5079 3488 5135 quoque
3520 5063 3577 5117 in

1931 5155 2058 5224 ejus
2090 5153 2599 5226 vituperationem,
2626 5153 2842 5224 scripta
2873 5151 3169 5224 leguntur,
3194 5170 3321 5224 quae
3344 5151 3581 5221 scripto-

1907 5260 2061 5298 ‘rum
2077 5242 2339 5315 ipsorum
2354 5247 2583 5298 tantum
2603 5241 2993 5314 ignorantiam
3007 5241 3162 5296 circa
3181 5239 3584 5296 fontesAdami

1930 5333 2260 5388 Bremensis
2292 5336 2350 5388 et
2378 5331 2683 5388 historiam
2717 5330 2808 5386 sui
2839 5331 3122 5402 temporis
3162 5331 3413 5402 probant
3443 5329 3578 5402 (83).

1931 5513 2016 5579 12,
2066 5513 2137 5565 20
2184 5529 2298 5582 sq.,
2331 5513 2422 5580 26,
2455 5513 2544 5576 34,
2580 5512 2668 5574 40,
2703 5512 2806 5575 42;
2862 5509 2897 5564 l.
2949 5527 3009 5578 li,
3060 5526 3109 5564 c.
3161 5512 3215 5580 8,
3260 5513 3314 5580 9,
3345 5513 3437 5578 21,
3472 5513 3578 5579 33;

1928 5582 1967 5637 l.
2005 5601 2088 5653 ιιι,
2131 5600 2179 5636 c.
2225 5581 2317 5652 33,
2359 5585 2446 5638 43.
2481 5585 2716 5638 Errores
2765 5581 3183 5653 geographicos
3233 5582 3580 5638 strinximus

1927 5655 1998 5711 ad
2032 5654 2071 5710 l.
2099 5672 2136 5727 ι,
2160 5672 2210 5710 c.
2241 5657 2295 5726 3,
2321 5658 2413 5724 31,
2439 5659 2495 5710 et
2526 5653 2685 5727 alibi.
2710 5654 2968 5718 Quorum
2996 5653 3232 5727 plurimi
3261 5655 3586 5727 deprehens

1925 5725 2148 5782 duntur
2199 5725 2461 5784 inlibro
2511 5745 2584 5783 ιν.
2623 5725 2968 5800 Plerumque
3000 5725 3131 5784 'orti
3185 5725 3429 5783 sunt—ex
3460 5725 3572 5786 ﬂde
