4044 6164
498 334 617 396 447

1634 351 1880 413 ΑΒΑΜῙ
1925 350 2292 413 CANONIGI
2335 351 2781 418 BREMENSIS

3782 354 3895 414 448

503 468 731 561 thime
755 488 887 527 vero
913 472 983 528 de
1002 474 1223 532 Adamo
1252 486 1449 537 nostro
1472 486 1661 539 meriti
1686 488 2142 545 sunt.V.Scelen
2171 487 2227 552 Α
2255 492 2410 543 teros
2441 506 2571 545 vero
2603 490 2756 545 inter
2786 488 3009 546 scholia
3037 488 3330 561 leguntur,
3363 492 3419 545 et
3455 486 3581 560 ipse
3623 486 3684 543 in
3732 492 3889 545 textu

587 559 845 651 Diatribe
876 562 945 651 de
978 566 1200 622 Adamo
1234 569 1529 628 Bremensi
1556 592 1568 641 ;
1599 576 1651 630 J.
1688 576 1793 632 Ph.
1827 581 2054 651 Murray
2086 580 2141 633 in

505 646 1012 707 dissertationibus
1043 655 1271 711 duabus
1302 659 1380 713 De
1426 662 1817 735 descriptione
1854 646 2143 721 terrarum

502 737 1067 806 septentrionalium,
1094 743 1397 817 impressis
1424 751 1481 804 in
1502 752 1675 808 Novis
1697 756 2143 811 Commentariis

503 824 793 914 societatis
829 844 945 899 reg.
973 832 1263 889 scientiar.
1290 837 1623 914 Gottingen.
1652 850 1688 898 t.
1721 848 1759 911 Ι,
1790 848 1852 913 Α,
1883 847 1984 901 Ch.
2012 848 2143 901 VVe-

501 913 711 1002 dekind
743 916 799 970 in
824 916 1000 975 libro:
1020 923 1183 977 Noton
1208 943 1275 981 tu.
1299 931 1523 1002 einz’gen
1551 933 2137 991 Geschichtschreihern

497 1001 585 1058 des
614 1006 999 1075 .llz'tlclalters;
1031 1012 1150 1068 Jac.
1186 1001 1505 1077 Asmussen
1540 1023 1596 1079 in
1631 1027 2038 1083 dissertatione
2062 1028 2140 1082 De

498 1096 756 1158 fontibus
788 1104 985 1161 Adami
1020 1108 1364 1167 Bremensis.
1404 1115 1558 1169 Kiliae
1592 1118 1765 1185 1834;
1813 1119 1949 1171 Lud.
2004 1117 2135 1171 Gie—

498 1190 767 1247 sebrecht
798 1198 921 1249 tum
956 1197 1011 1250 in
1046 1199 1561 1259 dissertationibus
1594 1207 1719 1260 suis
1752 1224 1762 1260 :
1820 1209 2025 1263 Uelmer
2053 1208 2140 1262 die

498 1280 992 1340 Nordlandskmzdc
1022 1288 1111 1342 (les
1140 1290 1310 1345 Adam
1346 1311 1441 1347 zron
1477 1297 1705 1350 Bremen
1738 1297 1817 1367 (in
1847 1299 2044 1352 Πέδιον.
2080 1315 2134 1352 u.

497 1369 735 1425 litterar.
771 1374 1209 1448 Abhandlungen
1238 1382 1336 1436 der
1366 1386 1423 1437 Ii.
1460 1386 1757 1441 Deurtschcn
1789 1386 2138 1459 Gescllschaft

494 1475 561 1512 zu
619 1463 926 1533 Kenz'sberg.
989 1466 1144 1536 1834,
1207 1474 1248 1523 t.
1300 1473 1420 1542 ΙΙΙ.)
1470 1479 1526 1528 et
1580 1476 1694 1529 Zur
1749 1476 2137 1547 Bcurtheilung

491 1548 689 1603 Adams
715 1568 813 1607 von
847 1558 1076 1611 Bremen
1109 1558 1191 1627 (in
1218 1561 1489 1617 Baltische
1521 1564 1742 1620 Studien
1774 1570 1811 1620 t.
1837 1566 1928 1619 VI.
1956 1583 2007 1637 p.
2038 1568 2138 1620 183

490 1638 659 1709 seq),
686 1644 809 1696 tum
848 1643 905 1698 in
943 1662 1112 1717 opere
1137 1666 1242 1704 suo
1270 1668 1281 1705 :
1325 1654 1639 1709 Wendz’sche
1668 1656 2005 1710 Geschichten
2039 1672 2137 1710 aus

489 1726 589 1782 den
616 1729 823 1786 Jahren
854 1733 1159 1804 780-1182;
1183 1742 1365 1811 Geyer
1413 1742 1472 1796 in
1522 1743 1773 1799 Historia
1812 1745 2051 1811 Sueciae,
2082 1749 2137 1800 et

2254 578 2447 635 habet.
2465 579 2739 635 Omnium
2761 596 2891 635 vero
2916 581 3180 635 codicum
3206 578 3657 651 Lugdunensem
3680 579 3892 649 optime

2254 670 2610 741 descriptum
2656 686 2783 725 esse
2824 671 2911 724 vel
2942 670 3149 741 probat
3179 669 3306 740 ipsa
3335 668 3502 723 lectio
3533 667 3572 721 l.
3609 686 3669 739 ιι,
3705 685 3754 722 c.
3792 670 3888 723 1i:

2255 765 2521 817 Evraccus
2554 776 2653 830 pro
2687 760 2936 813 Curacco.
2980 758 3151 812 Plura
3181 756 3482 828 scriptoris
3528 756 3667 811 vitia
3700 763 3893 812 tamen

2251 868 2317 905 ex
2351 848 2647 904 codicibus
2676 850 2709 901 2
2740 853 2796 903 et
2826 850 2877 916 3,
2912 848 3063 903 inter
3090 864 3152 902 se
3183 846 3502 918 plurimum
3534 847 3893 901 consentien-

2251 940 2429 1005 tibus,
2450 954 2673 992 necnon
2698 955 2765 992 ex
2783 935 3086 991 Annalista
3104 941 3323 991 Saxone
3343 936 3709 990 emendanda
3732 944 3889 991 sunt.

2248 1029 2538 1092 Quantum
2561 1028 2655 1082 hic
2678 1044 2808 1081 cum
2833 1027 3027 1081 codice
3047 1024 3480 1080 Vindobonensi
3513 1026 3797 1093 convenit,
3824 1026 3891 1079 li-

2249 1123 2388 1190 quet
2417 1119 2571 1189 apud
2604 1116 2771 1172 illum
2816 1117 2885 1170 ad
2920 1133 3013 1170 an.
3046 1116 3151 1169 983
3180 1132 3248 1170 ex
3275 1114 3467 1169 verbis
3500 1131 3512 1167 :
3566 1114 3809 1169 He‘ueldi
3841 1119 3893 1170 et

2255 1210 2463 1263 ll’ilini.
2494 1208 2705 1261 Eadem
2729 1206 2901 1260 verba
2927 1222 2938 1259 :
2968 1206 3049 1260 vel
3070 1205 3261 1259 Heruli
3280 1208 3337 1259 et
3358 1204 3439 1258 vel
3470 1205 3681 1259 Walani
3714 1220 3892 1259 manu

2248 1296 2894 1368 secundasuperaddita
2907 1293 3419 1364 sunt,utsimiliter
3435 1309 3617 1348 manu
3638 1294 3893 1348 secunda

2248 1390 2305 1443 in
2350 1388 2646 1443 codicibus
2687 1384 3124 1439 Vindobonensi
3173 1389 3229 1439 et
3282 1382 3651 1455 Lugdunensi
3682 1383 3890 1438 Adami

2248 1477 2286 1532 1.
2313 1496 2373 1543 ιι,
2408 1496 2456 1533 c.
2483 1477 2568 1532 18.
2591 1475 2657 1531 ΑΙ
2680 1475 2861 1531 codex
2890 1476 2919 1529 4
2951 1473 3221 1529 similiter
3245 1472 3569 1545 saepissime
3590 1472 3891 1528 attenden-

2246 1568 2358 1623 dus
2388 1567 2559 1623 nobis
2586 1569 2731 1634 erat,
2765 1581 2921 1633 cum,
2953 1563 3066 1619 nisi
3098 1562 3198 1617 ubi
3230 1566 3451 1618 textum
3500 1578 3604 1633 pro
3651 1561 3889 1616 arbitrio

2247 1675 2352 1713 suo
2376 1657 2624 1728 scriptor
2644 1653 2995 1719 immutavit,
3015 1651 3112 1707 ille
3133 1669 3266 1707 cum
3288 1651 3588 1707 codicibus
3602 1650 3894 1705 Vindobo—

2247 1746 2413 1803 nensi
2431 1750 2488 1802 et
2504 1743 2879 1817 Lugdunensi
2898 1742 3055 1798 haud
3078 1758 3210 1797 raro
3227 1740 3415 1813 magis
3434 1740 3701 1795 convenit
3716 1756 3893 1811 quam

490 1817 890 1918 Dahlmannus
922 1831 1119 1880 noster
1144 1827 1201 1882 in
1236 1829 1489 1887 Historia
1520 1834 1736 1900 Daniaa,
1762 1851 1887 1905 quae
1919 1834 2127 1889 Norve-
2169 1865 2216 1930 B
2249 1853 2383 1893 cum
2416 1835 2862 1905 Guelferbytano
2895 1836 2949 1887 et
2980 1831 3235 1887 Sorensi.

488 1908 641 1979 giam
677 1914 732 1964 et
760 1912 1073 1970 Islandiam
1107 1918 1284 1973 simul
1316 1920 1705 1994 amplectitur.

559 1998 714 2053 Nova
743 2018 981 2072 operum
1014 2006 1219 2062 Adami
1251 2009 1426 2067 editio
1458 2012 1543 2068 vel
1577 2015 1849 2070 maximis
1900 2019 2133 2086 propter

488 2087 597 2144 hoc
623 2089 921 2148 obstructa
943 2098 1030 2150 est
1056 2096 1499 2158 difﬁcultatibus
1522 2106 1672 2175 quod
1708 2104 1905 2176 plures
1928 2120 2129 2160 eorum

490 2183 856 2240 recensiones
879 2190 1126 2256 exstant,
1144 2208 1393 2261 quarum
1413 2193 1735 2263 quamlibet
1754 2196 2132 2266 quantumvis

489 2288 522 2326 a
553 2274 771 2329 czeteris
805 2276 1230 2350 discrepantem
1265 2282 1337 2337 ab
1377 2283 1504 2355 ipso
1534 2284 1755 2339 Adamo
1810 2285 2132 2355 profectum

488 2378 616 2417 esse
634 2364 723 2418 vix
742 2370 830 2419 est
848 2368 999 2437 quod
1026 2386 1324 2442 negemus,
1343 2389 1680 2444 quanquam
1699 2374 1964 2429 codicum
1986 2392 2133 2446 quos

486 2453 857 2521 possidemus
876 2456 1101 2512 nullum
1123 2460 1271 2515 abeo
1313 2462 1709 2534 conscriptum
1729 2481 1855 2519 esse
1873 2469 2130 2536 apparet.

486 2539 754 2595 Codicem
786 2543 1316 2621 Vindobonensem,
1350 2552 1446 2622 qui
1479 2553 1692 2607 saeculo
1724 2571 1825 2608 xm
1858 2558 2134 2609 exaratus

486 2634 591 2695 est,
616 2631 837 2686 Adamo
869 2634 976 2705 ipsi
1002 2654 1113 2691 non
1140 2639 1333 2695 deberi
1358 2642 1483 2711 jam
1511 2659 1691 2713 supra
1712 2644 2134 2697 demonstravi-

485 2734 640 2774 mus.
674 2721 937 2777 Codicern
975 2725 1423 2796 Lugdunensem
1462 2732 1664 2786 Adami
1714 2732 1903 2805 ipsius
1952 2731 2134 2787 fuisse

486 2806 639 2862 haud
673 2810 986 2867 verisimile
1018 2821 1123 2881 est,
1159 2835 1315 2885 cum,
1349 2820 1397 2875 si
1430 2836 1521 2875 res
1562 2838 1688 2891 qum
1731 2821 1789 2875 in
1842 2821 1959 2876 illis
2005 2839 2132 2892 quae

484 2900 658 2969 vulgo
685 2900 962 2956 dicuntur
982 2904 1239 2973 scholiis,
1265 2908 1481 2979 quibus
1504 2910 1597 2964 hic
1618 2910 1796 2965 codex
1820 2929 1932 2982 prae
1951 2912 2134 2967 omni-

488 2985 599 3043 bus
621 2986 751 3044 aliis
774 2992 1070 3049 codicibus
1094 2994 1425 3053 abundasse
1445 2998 1694 3064 videtur,
1721 3000 2055 3071 traduntur,
2079 3001 2128 3055 ei

487 3078 728 3149 cognitae
747 3081 1016 3147 fuissent,
1034 3084 1288 3156 plurima
1310 3103 1509 3141 eorum
1537 3088 1717 3143 textui
1742 3089 1853 3159 ipsi
1878 3089 2132 3145 inserere

488 3172 690 3223 auctor
720 3170 845 3241 ipse
876 3172 1029 3227 haud
1066 3175 1379 3232 omisisset.
1416 3176 1655 3231 Minime
1685 3182 1881 3233 tamen
1914 3178 2131 3251 margi-

2315 1925 2649 1981 Cavendum
2674 1926 2871 1978 tamen
2892 1925 2982 1977 est
3010 1938 3082 1976 ne
3112 1920 3363 1976 nimium
3394 1921 3648 1992 pretium
3676 1918 3891 1975 codici-

2242 2018 2353 2072 bus
2383 2014 2476 2069 his
2508 2014 2563 2085 (2
2592 2019 2650 2069 et
2680 2014 2733 2083 3)
2765 2011 3136 2079 attribuatur,
3171 2027 3303 2066 cum
3336 2010 3408 2065 iis
3450 2010 3705 2082 plurima
3749 2008 3891 2064 vitia

2243 2105 2544 2176 scripturae
2576 2106 2633 2157 et
2674 2117 2862 2173 parvas
2894 2099 3241 2155 omissiones
3273 2116 3408 2155 cum
3440 2098 3636 2155 codice
3664 2100 3697 2153 4
3729 2114 3891 2153 com-

2246 2193 2449 2249 munia
2478 2193 2631 2259 sint;
2665 2208 2720 2245 v.
2753 2207 2804 2245 c.
2837 2188 2875 2243 l.
2909 2207 2948 2255 1,
2972 2204 3027 2244 c.
3061 2191 3117 2254 6,
3140 2190 3228 2255 37,
3251 2190 3342 2257 55,
3368 2190 3475 2256 62;
3508 2188 3549 2243 l.
3582 2206 3644 2253 II,
3676 2205 3728 2243 c.
3761 2189 3891 2256 5,9,

2246 2285 2334 2351 40,
2369 2284 2457 2347 46,
2490 2282 2579 2346 48,
2611 2281 2717 2347 o7;
2771 2280 2811 2334 1.
2855 2296 2939 2346 ιιι,
2974 2296 3025 2332 c.
3057 2279 3111 2348 9,
3142 2278 3247 2347 32;
3283 2277 3321 2331 1.
3356 2296 3429 2343 ιν,
3461 2294 3510 2332 ο.
3545 2278 3597 2331 3.
3631 2276 3734 2332 Vel
3783 2276 3893 2347 ipsi

2241 2387 2466 2429 errores
2490 2369 2784 2443 graviores
2813 2368 2870 2422 in
2898 2367 2991 2421 his
3018 2368 3319 2422 codicibus
3351 2366 3745 2438 reperiuntur,
3780 2365 3892 2421 vel-

2243 2463 2327 2517 uti
2356 2462 2397 2516 1.
2430 2479 2493 2530 ιι,
2527 2477 2577 2514 c.
2612 2460 2666 2529 5,
2710 2458 2780 2513 de
2829 2456 3263 2528 archiepiscopo
3298 2456 3586 2522 Brunone,
3620 2472 3667 2509 c.
3702 2457 3760 2521 9,
3795 2455 3889 2509 ubi

2242 2554 2342 2607 Leo
2372 2555 2616 2622 promtus
2648 2548 2881 2613 dicitur,
2915 2564 2964 2601 ο.
2998 2547 3069 2601 40
3098 2547 3195 2602 ubi
3248 2548 3523 2618 Mystiwoi
3567 2544 3895 2617 appellatur

2242 2645 2297 2698 Μ
2304 2640 2563 2695 ἱεινοηνοί.

2312 2728 2591 2783 Similiter
2620 2726 2976 2781 mutationes
3009 2725 3276 2796 quadam
3308 2741 3497 2795 parva
3525 2728 3740 2790 textus,
3765 2727 3889 2779 tum

2241 2817 2638 2892 grammaticae
2668 2820 2793 2871 tum
2826 2814 2980 2887 styli,
3004 2813 3300 2870 codicibus
3329 2816 3384 2883 2,
3406 2816 3439 2868 3
3469 2818 3525 2868 et
3556 2815 3605 2879 4,
3631 2830 3894 2868 commu-

2242 2927 2346 2965 nes
2378 2911 2542 2971 sunt,
2582 2924 2636 2961 v.
2671 2922 2719 2959 c.
2756 2904 2793 2961 l.
2830 2921 2893 2971 ιι,
2927 2921 2976 2959 c.
3008 2904 3102 2972 78,
3131 2906 3181 2958 si
3210 2906 3327 2973 fata
3354 2905 3745 2958 concessissent
3792 2919 3893 2973 pro

2240 3001 2292 3054 si
2318 3000 2440 3069 fata
2467 2996 2869 3055 concesserint;
2902 2992 2940 3047 l.
2974 3010 3057 3059 ιιι,
3092 3010 3141 3047 c.
3173 2994 3263 3057 64,
3290 2993 3531 3064 cognovit
3560 3008 3663 3063 pro
3692 3007 3893 3060 cogno-

2239 3104 2433 3152 scens;
2465 3103 2513 3140 c.
2541 3086 2631 3151 68,
2656 3086 2953 3138 sustenta-ri
2984 3100 3086 3155 pro
3111 3084 3376 3137 sustineri
3396 3099 3416 3144 ;
3447 3099 3494 3137 c.
3517 3083 3609 3147 70,
3632 3090 3777 3136 esset
3798 3096 3897 3153 pro

2242 3181 2343 3231 est.
2375 3173 2677 3229 Lectiones
2710 3172 2973 3227 codicum
3006 3173 3060 3240 2,
3092 3172 3145 3239 3,
3180 3172 3233 3237 4,
3267 3170 3534 3241 quamvis
3565 3186 3895 3225 consonan-

489 3255 645 3311 nalia
673 3260 889 3315 codicis
924 3262 1327 3334 Lugdunensis
1359 3266 1430 3320 ab
1462 3267 1687 3321 Adamo
1718 3268 1976 3337 profecta
2000 3248 2130 3323 esse
2163 3248 2206 3313 C
2243 3264 2414 3329 tium,
2438 3262 2497 3316 in
2524 3266 2747 3316 textum
2782 3264 3050 3315 nostrum
3081 3258 3355 3331 recipere,
3380 3258 3427 3313 si
3460 3276 3493 3313 a
3523 3260 3649 3313 cod.
3674 3260 3701 3312 1
3741 3258 3901 3312 diffe-

486 3362 589 3417 pro
612 3353 767 3403 certo
793 3350 1066 3422 denegari
1099 3358 1307 3424 potest,
1342 3354 1410 3419 si,
1445 3360 1506 3409 ut
1539 3372 1716 3426 supra
1739 3357 1865 3427 jam
1898 3358 2129 3413 monui-

485 3452 639 3502 mus,
665 3454 723 3493 n.
752 3441 839 3509 21,
862 3442 952 3507 22,
977 3442 1045 3496 33
1077 3446 1133 3497 et
1164 3444 1261 3497 144
1285 3444 1558 3516 excipias.
1584 3445 1779 3516 Neque
1807 3448 2129 3517 quidquam

484 3524 544 3579 in
568 3528 843 3583 omnibus
869 3530 1091 3585 czeteris
1114 3532 1351 3587 scholiis
1379 3534 1683 3604 reperitur,
1714 3536 1866 3605 quod
1894 3536 2131 3591 seriosis

486 3615 584 3669 δινὶ
608 3623 901 3673 auctorem
928 3620 1217 3691 indigitet.
1251 3624 1308 3675 ln
1334 3623 1606 3677 omnibus
1629 3624 1868 3677 omnino
1891 3630 2133 3695 apparet

490 3709 712 3771 auctor,
741 3706 837 3777 qui
870 3708 929 3761 in
962 3708 1216 3779 capitulo
1248 3710 1545 3764 Bremensi
1578 3710 1738 3780 vixit,
1770 3712 1989 3783 optime
2036 3730 2129 3768 co-

487 3794 651 3865 gnita
676 3794 881 3849 habuit
911 3796 1217 3867 legationis
1242 3799 1585 3869 evangelica)
1608 3800 1665 3853 in
1691 3801 2129 3871 septentrionali

487 3883 716 3953 Europa
747 3884 883 3953 fata,
909 3885 1062 3940 haud
1094 3885 1269 3941 dubie
1300 3903 1401 3957 per
1428 3887 1805 3943 Adalbertum
1832 3890 2129 3959 juniorem

487 3971 845 4041 episcopum,
880 3977 936 4027 et
968 3973 1066 4044 qui
1098 3974 1302 4030 eadem
1336 3977 1450 4031 fere
1482 3977 1805 4032 litterarum
1840 3979 2130 4050 suppelle-

488 4058 630 4123 ctili,
656 4061 977 4129 praesertim
1002 4062 1214 4133 linguae
1248 4064 1460 4119 Latinae
1494 4071 1549 4121 et
1579 4072 1881 4121 auctorum
1920 4068 2129 4123 Roma-

487 4162 697 4201 norum
732 4149 934 4203 notitia
964 4152 1274 4221 gaudebat,
1301 4170 1416 4225 qua
1442 4155 1701 4209 Adamus
1737 4160 1948 4211 noster.
1984 4159 2133 4211 Sunt

488 4236 766 4291 nonnulla
790 4238 1010 4293 scholia
1036 4240 1093 4293 in
1118 4242 1731 4315 codice,Lugdunensi,
1756 4244 1934 4299 veluti
1960 4264 2015 4299 ιι.
2043 4248 2129 4311 16,

490 4326 575 4391 19,
607 4327 696 4396 20,
723 4345 848 4398 quas
872 4328 928 4382 in
953 4330 1174 4385 caeteris
1197 4332 1494 4387 codicibus
1530 4335 1743 4388 frustra
1766 4340 2128 4405 quaeruntur.

487 4414 621 4477 Quae
646 4416 823 4471 codex
846 4417 1296 4491 Gulferbytanus
1317 4421 1547 4476 exhibet
1574 4422 1816 4488 scholia,
1841 4440 1906 4478 ea
1936 4426 2134 4479 omnia

490 4503 547 4558 in
581 4504 776 4559 codice
808 4508 835 4559 4
872 4507 1077 4562 iisdem
1113 4509 1228 4563 fere
1274 4511 1463 4565 verbis
1493 4515 1596 4565 aut
1624 4528 1785 4581 aeque
1816 4529 1879 4566 ac
1911 4513 2134 4567 scholia

2244 3358 2393 3421 rant,
2410 3369 2523 3407 non
2548 3350 2783 3422 placuit,
2801 3365 2935 3403 cum
2957 3349 3014 3403 in
3034 3349 3141 3403 hoc
3164 3365 3301 3404 casu
3322 3347 3600 3403 lectiones
3623 3348 3897 3419 pessima:

2244 3459 2496 3516 quoque,
2527 3439 2703 3496 veluti
2752 3438 2790 3493 Ι.
2842 3456 2926 3503 ιιι,
2975 3455 3023 3492 c.
3067 3440 3156 3503 36,
3206 3446 3258 3493 et
3300 3440 3597 3505 regionem,
3632 3441 3689 3491 et
3722 3454 3777 3491 c.
3810 3437 3898 3501 38,

2243 3534 2416 3587 otium
2445 3529 2807 3601 impendebat,
2828 3527 2889 3582 in
2918 3532 3142 3583 textum
3174 3527 3285 3582 reci
3297 3527 3517 3598 piendas
3549 3525 3827 3580 fuissent.

2315 3622 2373 3675 Si
2409 3621 2512 3675 has
2544 3631 2668 3673 tum
2701 3617 3161 3680 emendationes,
3192 3620 3318 3671 tum
3358 3614 3706 3670 emissiones
3742 3630 3898 3669 erro-

2243 3727 2384 3766 neas
2415 3714 2471 3764 et
2500 3723 2725 3763 errores
2757 3705 3060 3760 codicibus
3090 3707 3142 3772 2,
3176 3706 3209 3759 3
3240 3709 3295 3760 et
3327 3706 3377 3769 4,
3412 3720 3759 3760 communes
3812 3718 3901 3757 re-

2242 3798 2546 3871 spicimus,
2569 3796 2841 3851 dubitare
2863 3812 2978 3849 non
3009 3794 3145 3849 licet
3176 3793 3307 3849 illos
3328 3795 3400 3849 ab
3432 3810 3549 3848 uno
3570 3792 3777 3847 codice
3799 3793 3898 3845 de-

2241 3888 2516 3942 rivandos
2538 3902 2686 3949 esse,
2713 3883 2811 3955 qui
2834 3884 3052 3938 codicis
3074 3883 3420 3954 autographi
3448 3882 3671 3953 copiam
3702 3898 3740 3935 ει
3764 3881 3905 3937 scri-

2242 3980 2427 4047 ptore,
2452 3974 2548 4046 qui
2584 3975 2712 4044 ejus
2742 3972 2884 4027 vitia
2915 3972 3127 4027 leviora
3158 3978 3355 4027 tamen
3389 3972 3655 4037 correxit,
3680 3988 3896 4042 parum

2242 4068 2511 4120 accurate
2542 4062 2750 4117 litteris
2781 4065 3076 4117 exaratam
3108 4060 3459 4117 continebat.

2313 4154 2545 4208 Codexz
2565 4168 2695 4205 vero
2715 4150 3044 4205 additiones
3067 4149 3354 4221 plurimas
3377 4150 3631 4220 majores
3650 4147 3713 4203 in
3739 4152 3905 4204 textu

2240 4243 2434 4308 habet,
2470 4258 2617 4312 quas
2648 4258 2828 4311 supra
2858 4240 2915 4293 in
2949 4241 3076 4309 ejus
3105 4239 3495 4310 descriptione
3524 4237 3907 4293 enumeravi-

2242 4350 2394 4387 mus.
2426 4330 2757 4385 Notandum
2789 4329 3021 4383 videtur
3049 4345 3146 4383 eas
3179 4327 3322 4383 nihil
3355 4328 3472 4383 fere
3500 4328 3569 4383 de
3600 4327 3904 4398 archiepi-

2241 4421 2434 4492 sCOpis
2464 4418 2897 4490 antiquioribus
2928 4418 3174 4486 tradere,
3200 4418 3301 4473 sed
3333 4416 3588 4488 plurima
3619 4416 3692 4470 de
3728 4415 3907 4471 Adal-

2242 4511 2425 4575 berto,
2442 4510 2501 4563 in
2527 4508 2743 4580 quibus
2765 4510 3060 4563 auctorem
3085 4508 3199 4562 fere
3220 4523 3474 4561 coasvum
3499 4505 3663 4561 facile
3684 4521 3912 4576 cogno-

492 4595 743 4665 margini
769 4597 1022 4668 ascripta
1044 4603 1143 4652 aut
1162 4598 1342 4653 textui
1374 4599 1592 4654 inserta
1624 4604 1779 4654 sunt.
1807 4600 1999 4655 Codex
2029 4602 2130 4655 So-
2166 4619 2212 4683 Β
2243 4616 2395 4666 scas,
2426 4596 2711 4653 nonnulla
2742 4613 2975 4667 quoque
3004 4596 3075 4651 de
3108 4597 3280 4651 rebus
3314 4594 3911 4666 septentrionalibus,

490 4683 677 4738 rensis
704 4689 899 4739 autem
933 4688 1216 4742 nonnulla
1237 4704 1437 4742 eorum
1472 4688 1701 4743 brevius
1732 4690 2016 4744 contraxit
2043 4708 2054 4755 ;
2081 4698 2137 4744 et
2243 4688 2418 4743 veluti
2450 4687 2490 4740 1.
2525 4705 2586 4755 ιι,
2621 4703 2667 4739 c.
2701 4688 2790 4749 22,
2827 4687 2916 4749 34,
2965 4686 3033 4740 38
3063 4708 3077 4751 ;
3124 4684 3161 4741 1.
3197 4701 3244 4740 c.
3281 4702 3353 4751 IV,
3386 4686 3476 4751 28,
3510 4700 3639 4755 quas
3671 4684 3751 4737 ab
3790 4683 3914 4737 illis

490 4789 673 4841 pauca
709 4773 902 4839 habet,
926 4774 1193 4830 videlicet
1218 4794 1275 4830 n.
1304 4778 1367 4828 2i
1394 4778 1557 4841 ct3/i,
1584 4793 1711 4847 quae
1741 4778 1919 4833 codex
1940 4783 1966 4830 4
1999 4782 2133 4833 tan-

489 4865 615 4914 tum
641 4862 864 4931 repetit.
891 4869 1078 4919 Causa
1099 4881 1230 4920 vero
1256 4866 1415 4920 nulla
1435 4870 1522 4921 cst
1544 4883 1647 4920 cur
1666 4867 1863 4921 omnia
1887 4867 2131 4935 scholia,

491 4949 784 5003 adnotatis
838 4950 951 5005 illis
1006 4953 1221 5021 quibus
1267 4956 1609 5024 deprompta
1641 4959 1778 5009 sunt
1808 4956 2130 5023 codicibus,

493 5036 687 5099 textui,
707 5038 921 5093 codicis
950 5040 1420 5097 Vindoboncnsis
1450 5060 1565 5097 non
1607 5044 2060 5116 subjungamus.

562 5131 679 5180 Hoc
730 5142 863 5182 vero
916 5128 1295 5185 fundamento
1325 5132 1639 5186 editionem
1674 5138 1932 5187 nostram
1965 5135 2133 5203 quasi

491 5220 896 5285 superstruere
928 5218 1169 5271 minime
1202 5218 1620 5273 dubitavimus.
1648 5220 1789 5275 Cum
1826 5221 1925 5275 illo
1960 5223 2137 5276 codex

493 5304 651 5374 Lugd
664 5304 1229 5376 uncnsis,fquantum
1251 5325 1318 5362 ex
1342 5309 1682 5379 fragmentis
1702 5311 1830 5380 ejus
1851 5311 2138 5381 conjicere

489 5388 1120 5455 licetgaccuratissimc
1166 5397 1450 5473 convenit.
1486 5397 1587 5450 llic
1634 5397 1717 5451 vel
1774 5398 1932 5468 ipsos
1981 5398 2137 5453 locos

492 5480 589 5553 qui
616 5479 909 5549 in‘,_codice
932 5483 1367 5540 \"indobonensi
1400 5484 1458 5538 in
1486 5486 1612 5556 ipso
1642 5491 1820 5554 textu,
1846 5489 2000 5558 apud
2032 5505 2136 5542 ca:-

2246 4778 2343 4848 qui
2385 4776 2480 4831 hic
2519 4775 2836 4829 laudantur
2866 4773 3201 4829 Adalwardi
3232 4773 3616 4846 stipatoribus
3649 4772 3915 4827 fortasse

2245 4865 2679 4920 communicata
2698 4868 2883 4918 erant.
2910 4862 3090 4918 Iidem
3115 4880 3346 4933 quoque
3368 4862 3461 4917 his
3483 4862 3539 4915 in
3563 4861 3734 4930 locis,
3764 4880 3919 4933 prae-

2246 4954 2446 5009 sertim
2488 4953 2526 5007 l.
2576 4971 2648 5019 IV,
2704 4970 2752 5006 c.
2802 4954 2869 5005 38
2918 4958 2977 5007 et
3015 4954 3104 5020 40,
3137 4957 3404 5008 auctores
3436 4953 3713 5017 citantur,
3756 4969 3915 5022 quos

2246 5043 2469 5097 Adamo
2499 5042 2761 5113 cognitos
2792 5041 2973 5096 fuisse
2995 5042 3120 5111 jam
3152 5041 3427 5096 vidimus.
3455 5042 3920 5097 Attendendum

2247 5147 2481 5204 quoque
2501 5131 2791 5185 Adamum
2819 5130 2858 5185 l.
2893 5148 2955 5197 ιι,
2983 5147 3031 5186 c.
3063 5132 3155 5197 24,
3178 5146 3245 5185 ea
3275 5130 3535 5202 polliceri
3561 5147 3687 5201 quae
3722 5131 3926 5186 tradit

2247 5221 2306 5275 in
2340 5222 2453 5274 fine
2483 5219 2690 5291 capitis
2717 5221 2807 5287 70,
2838 5220 3105 5291 quamvis
3136 5221 3196 5275 in
3228 5219 3427 5277 codice
3450 5219 3921 5276 Vindobonensi

2247 5309 2461 5364 desint.
2486 5310 2703 5363 Umnes
2733 5307 2855 5363 haec
2876 5308 3205 5365 additiones
3234 5308 3405 5364 etiam
3440 5308 3499 5363 in
3531 5307 3862 5365 codicibus
3892 5309 3928 5362 3

2247 5404 2303 5453 et
2333 5400 2361 5452 4
2396 5398 2785 5469 reperiuntur.
2818 5398 3121 5454 Nonnullae
3153 5398 3304 5453 inter
3331 5414 3430 5453 eas
3468 5398 3527 5453 in
3571 5397 3777 5468 ipsius
3816 5414 3931 5453 au-

2249 5486 2421 5543 ctoris
2444 5486 2760 5559 exemplari
2788 5488 2909 5559 jam
2937 5505 3043 5544 suo
3070 5487 3193 5544 loco
3216 5486 3617 5559 comparuisse
3644 5491 3928 5558 constat,

476 5655 657 5740 Fimm
708 5643 941 5740 mydia
994 5646 1345 5719 geographia
1397 5646 1645 5717 aliisque
1693 5649 2034 5707 auctoribus
2086 5650 2386 5720 Romanis,
2422 5666 2569 5723 quos
2616 5648 2703 5706 vel
2751 5649 2878 5722 ipse
2907 5665 3330 5722 nonnunquam
3362 5647 3936 5721 malsinterpreta-

471 5733 569 5788 tus
605 5741 709 5795 est.
