4030 6186
171 334 264 393 449
1076 319 1394 382 NOTITIA
1438 318 1856 380 HISTORICA
1899 318 2000 380 ET
2043 318 2597 381 BlBLlOGRAPH.
3420 322 3542 383 450

168 472 217 520 ut
241 479 403 535 supra
425 462 552 532 jam
583 460 674 514 de.
708 475 792 512 111.
829 474 877 512 c.
907 453 1298 521 36,adnotavi.
1325 452 1625 523 Pleraeque
1645 468 1780 507 vero
1813 453 1867 518 Α
1897 451 2105 506 Adami
2132 452 2637 522 praestantissimo,
2663 452 2852 524 qualis
2875 453 2986 509 fuit
3009 453 3540 525 Lugdunensis,de-

167 555 302 626 prius
329 549 580 622 margini
612 546 878 618 ascripta:
914 546 1146 600 fuerant
1165 549 1222 599 et
1250 544 1324 598 ab
1355 542 1467 597 alio
1499 542 1784 613 scriptore
1898 544 2165 610 sumpta,
2199 542 2492 609 acmteris,
2529 546 2724 612 utpote
2755 543 2904 598 scitu
2932 561 3139 614 parum
3175 543 3373 615 digna,
3408 561 3538 600 esse

168 643 319 700 textui
347 641 582 696 inserta;
615 640 774 703 sunt,
806 634 992 690 veluci
1025 634 1084 688 in
1118 634 1244 689 cod.
1276 634 1310 686 2
1341 648 1475 687 cum
1509 629 1728 686 scholio
1751 632 1787 683 2
1894 629 2134 694 omissa,
2169 629 2419 700 qualiter
2449 630 2562 685 alia
2593 631 2815 686 scholia
2843 632 2900 686 in
2928 633 3124 688 codice
3155 633 3532 704 Lugdunensi

167 733 355 788 factum
385 733 496 798 est,
520 727 678 799 quod
710 725 770 779 in
801 723 1052 780 aliorum
1079 723 1349 778 codicum
1380 736 1610 792 semper
1634 735 1782 773 mar.
1896 721 2125 772 tantum
2161 723 2392 790 recepta
2425 723 2583 772 sunt.

164 821 279 893 gine
306 820 569 891 apparet.

223 905 543 964 lnserendis
566 905 659 960 his
696 901 1121 974 marginalibus
1146 903 1338 955 textus
1361 898 1486 970 ipse
1513 911 1789 952 nonnun-

160 996 812 1071 quamimmutatusest,
837 991 1084 1060 ideoque
1115 989 1296 1044 lector
1329 986 1582 1059 diligens
1623 983 1791 1040 facile

163 1103 324 1161 quam
345 1084 628 1141 violenter
640 1086 696 1137 et
716 1082 1038 1152 incongrue
1055 1078 1162 1134 hoc
1185 1078 1404 1132 factum
1422 1073 1793 1144 sit,animad-

159 1181 349 1246 vertet,
377 1173 559 1229 veluti
590 1171 628 1227 l.
663 1188 724 1238 ιι,
752 1187 801 1225 c.
824 1171 931 1236 7/1;
968 1169 1004 1222 l.
1041 1185 1126 1235 111,
1145 1183 1194 1222 c.
1215 1167 1303 1220 33.
1326 1167 1411 1220 Ita
1431 1164 1608 1219 etiam
1630 1161 1792 1218 vide-

159 1264 291 1322 bitl.
325 1280 409 1334 111,
435 1280 484 1318 c.
515 1262 605 1326 68,
642 1257 858 1314 codicis
889 1259 922 1310 3
950 1256 988 1310 l.
1021 1273 1094 1323 ιν,
1131 1272 1181 1310 c.
1234 1256 1324 1322 39,
1369 1253 1568 1308 statim
1619 1252 1796 1306 finem

157 1353 358 1426 capitis
387 1353 457 1406 37
488 1353 755 1406 secutum
801 1363 952 1415 esse,
986 1363 1020 1400 a
1049 1362 1164 1416 quo
1205 1361 1308 1416 per
1365 1347 1541 1414 caput
1593 1342 1661 1394 38
1704 1337 1797 1394 hic

161 1446 450 1500 introsum
483 1442 819 1511 separatum
851 1440 956 1491 est.
989 1439 1138 1489 Sunt
1166 1433 1253 1488 vel
1285 1433 1498 1488 harum
1527 1434 1799 1486 notarum

162 1529 574 1604 marginalium
602 1524 896 1582 nonnullae
928 1541 1058 1596 qua:
1097 1523 1158 1578 in
1209 1520 1454 1578 diversis
1504 1517 1802 1575 codicibus

163 1621 400 1677 diversis
433 1617 578 1673 locis
608 1621 801 1672 textus
834 1615 1066 1669 insertae
1098 1615 1256 1679 sunt,
1290 1609 1447 1666 velut
1476 1625 1544 1664 ea
1573 1623 1702 1678 qua:
1733 1606 1803 1660 de

161 1706 542 1766 Ascomannis
574 1705 953 1778 proferuntur
978 1701 1017 1758 1.
1055 1719 1114 1768 ιι,
1149 1717 1200 1756 c.
1231 1701 1322 1755 74.

229 1797 506 1854 Omnium
525 1795 1059 1850 additamentorum
1080 1789 1244 1844 nulla
1264 1788 1379 1843 fere
1395 1787 1801 1857 suntquaetam

169 1889 456 1945 evidenter
485 1883 694 1939 Adami
727 1882 914 1954 ipsius
945 1895 1187 1936 manum
1220 1877 1488 1951 prodant,
1524 1891 1702 1947 quam
1735 1890 1803 1928 ea

176 1976 369 2050 quaain
403 1975 516 2029 fine
545 1972 677 2028 libri
711 1988 774 2026 ιιι
805 1971 888 2042 (in
921 1969 1046 2025 cod.
1081 1967 1276 2037 31.1v,
1323 1983 1448 2038 cap.
1485 1966 1574 2031 38,
1611 1962 1804 2031 41-46)

181 2065 556 2138 reperiuntur.
589 2061 852 2116 Adamus
886 2059 945 2113 in
978 2058 1167 2130 prima
1197 2056 1482 2112 librorum
1522 2055 1601 2108 De
1629 2051 1808 2125 gestis

1971 827 2032 881 In
2065 825 2260 880 codice
2293 827 2321 879 4
2353 843 2484 881 vero
2517 844 2631 881 non
2664 830 2893 882 tantum
2926 829 3139 883 desunt
3164 846 3293 900 quae
3314 831 3540 886 deside-

1900 920 2106 970 rantur
2136 914 2436 970 codicibus
2463 919 2497 969 2
2529 920 2587 970 et
2616 918 2670 983 3,
2703 919 2796 970 sed
2830 920 2960 971 tota:
3002 917 3179 973 etiam
3239 921 3542 975 sententia:

1901 1004 2078 1060 veluti
2108 1003 2147 1059 1.
2185 1022 2223 1068 1,
2256 1021 2305 1058 c.
2338 1006 2402 1057 51
2434 1004 2512 1068 ;1.
2551 1023 2612 1068 11,
2645 1022 2694 1060 c.
2735 1007 2791 1059 11
2831 1031 2844 1072 ;
2881 1005 3039 1073 1.111,
3075 1023 3123 1062 c.
3157 1009 3248 1072 21,
3279 1009 3348 1062 45
3377 1010 3543 1064 et03.

1903 1093 2225 1148 Przescrtim
2258 1110 2390 1148 vero
2422 1093 2541 1148 bene
2565 1095 2825 1150 recensio
2857 1112 2889 1149 a
2921 1095 3141 1151 caeteris
3173 1097 3462 1167 discrepat
3480 1114 3546 1152 eo

1904 1183 2058 1254 quod
2093 1183 2486 1238 narrationem
2518 1183 2834 1252 abbreviat,
2859 1189 2915 1239 et
2947 1201 3048 1255 pro
3072 1189 3228 1239 certo
3271 1185 3548 1252 affirmat,

1907 1271 2005 1326 ubi
2039 1271 2096 1324 in
2128 1271 2426 1326 codicibus
2459 1272 2886 1343 antiquioribus
2929 1274 2998 1327 ad
3032 1273 3406 1329 traditionem
3465 1291 3547 1338 se,

1908 1360 2216 1426 referebat,
2245 1359 2420 1414 veluti
2456 1377 2491 1413 1.
2527 1378 2587 1416 11.
2623 1378 2673 1415 c.
2725 1363 2773 1426 1,
2798 1363 2852 1428 5,
2889 1363 2973 1432 11,
3009 1363 3077 1416 34
3109 1362 3207 1428 bis,
3256 1361 3344 1417 vel
3395 1361 3552 1433 ipsos

1910 1451 2100 1505 fontes
2132 1450 2203 1504 ab
2234 1450 2453 1504 Adamo
2486 1449 2694 1504 citatos
2728 1455 2893 1517 tacet,
2924 1449 3099 1505 veluti
3125 1449 3162 1504 l.
3197 1468 3234 1516 1,
3260 1453 3553 1520 c.51,acta

1911 1537 2153 1594 concili:
2186 1537 2224 1593 l.
2262 1556 2342 1606 111,
2377 1555 2425 1592 c.
2455 1540 2544 1608 21,
2576 1538 2828 1594 nobilem
2863 1539 3159 1594 hominem
3183 1539 3252 1594 de
3310 1539 3556 1594 Nordal-

1910 1625 2129 1698 bingia,
2155 1625 2194 1678 l.
2231 1643 2291 1693 ιι,
2324 1643 2372 1679 c.
2404 1627 2493 1690 36,
2526 1627 2815 1681 Adamum
2849 1627 3065 1697 ipsum.

1983 1733 2276 1788 Nonnulla
2304 1733 2361 1786 in
2420 1733 2614 1787 codice
2674 1737 2700 1786 4
2758 1733 2838 1787 ita
2886 1733 3219 1788 abbreviata
3275 1739 3434 1798 sunt,
3487 1739 3550 1789 ut

1838 1822 2407 1891 Bomittanturquze
2457 1826 2661 1875 auctor
2708 1820 2944 1875 disertis
2996 1819 3186 1876 verbis
3234 1823 3557 1892 exprimere
3654 1844 3661 1850 ·

1913 1909 2113 1979 voluit,
2145 1909 2322 1964 veluti
2355 1909 2392 1964 l.
2427 1927 2492 1976 ιι,
2524 1926 2572 1964 c.
2607 1911 2694 1975 36,
2730 1909 2828 1963 ubi
2865 1914 3108 1965 mortem
3145 1912 3296 1981 regis
3332 1911 3559 1967 llcnrici

1915 1999 2013 2052 diu
2045 2006 2285 2069 optatam
2316 1997 2494 2053 fuisse
2521 1997 2763 2063 dixerat,
2825 1997 3002 2051 codex
3032 1999 3062 2050 4
3095 2003 3287 2053 autem
3341 1999 3559 2055 solum-

1920 2089 2091 2144 modo
2123 2089 2331 2142 refert:
2368 2087 2574 2142 Mortuo
2610 2090 2734 2156 post
2775 2087 2894 2142 ha’c
2939 2087 3145 2142 Πενία).
3195 2087 3356 2143 Adde
3401 2090 3557 2160 quod

187 2153 741 2226 archiepiscoporum
773 2146 1445 2219 Hammenburgensium
1478 2142 1810 2199 recensione

188 2244 284 2299 bos
312 2240 610 2313 scriptoris
641 2237 1012 2296 excusatione
1043 2241 1099 2292 et
1127 2234 1360 2290 lectoris
1393 2231 1808 2295 admonitione,

190 2350 303 2404 qua:
334 2333 388 2386 in
429 2330 624 2386 codice
654 2330 688 2383 3
717 2328 852 2396 l.1v,
884 2344 932 2382 c.
966 2327 1034 2379 40
1065 2325 1456 2397 reperiuntur,
1491 2321 1738 2376 finierat.

255 2439 445 2510 Capita
466 2436 504 2491 l.
543 2453 596 2490 ιν
623 2436 812 2500 41-46,
837 2432 1206 2488 solummodo
1230 2434 1412 2504 agunt
1434 2429 1502 2483 de
1525 2425 1814 2500 legatione

191 2527 430 2583 ecclesiae
452 2522 1078 2594 Hammenburgiensis
1101 2522 1219 2576 sive
1241 2521 1310 2575 de
1327 2517 1587 2575 ecclesiis
1611 2518 1818 2588 prmter

191 2617 493 2673 Saxonicas
526 2615 577 2669 ei
609 2612 912 2684 subjectis,
945 2611 1003 2666 in
1035 2610 1205 2666 terris
1237 2624 1492 2680 quarum
1539 2605 1718 2660 situm
1764 2605 1852 2656 et-

189 2705 397 2760 incolas
415 2702 650 2759 libellus
673 2708 745 2757 De
759 2700 1147 2772 descriptione
1168 2697 1495 2754 insularum
1510 2691 1819 2766 Aquilonis

187 2795 456 2850 illustrat.
487 2794 676 2856 Quare
701 2792 816 2846 haec
837 2791 1048 2862 capita,
1074 2793 1138 2843 ut
1159 2788 1326 2843 nobis
1339 2787 1581 2851 videtur,
1607 2782 1820 2838 rectius

186 2883 320 2939 huic
361 2882 554 2939 libello
605 2879 1038 2955 praeposuisset,
1087 2895 1210 2950 qua:
1259 2876 1407 2932 libro
1457 2869 1820 2930 antecedenti

185 2972 407 3027 addidit
437 2977 493 3027 et
535 2969 623 3026 vel
681 2986 783 3041 per
827 2969 1013 3041 ipsam
1063 2965 1410 3040 particulam
1450 2971 1630 3020 autem
1689 2977 1822 3016 cum

182 3061 371 3134 capite
393 3062 459 3115 40
479 3057 799 3130 conjunxit.
819 3057 937 3112 Hoc
959 3057 1038 3112 ita
1065 3073 1166 3128 per
1179 3055 1464 3110 Adamum
1487 3053 1825 3107 institutum

181 3167 312 3207 esse
345 3153 435 3206 vix
466 3149 784 3205 credimus.
818 3147 902 3202 Ab
933 3145 1045 3202 alio
1090 3162 1268 3217 quam
1310 3145 1380 3198 ab
1432 3143 1559 3214 ipso
1594 3145 1828 3196 auctore

185 3231 318 3296 tum
342 3239 482 3306 haec,
509 3242 638 3294 tum
660 3236 925 3309 repetitio
953 3251 1178 3306 magna:
1201 3233 1382 3306 partis
1407 3233 1540 3288 l.111.
1565 3248 1611 3286 c.
1641 3232 1734 3294 23,
1767 3229 1825 3282 in

181 3329 380 3402 capite
396 3330 470 3382 70
502 3328 649 3398 (cod.
681 3327 714 3379 3
745 3325 784 3380 l.
811 3342 884 3396 ιν,
908 3341 958 3380 c.
984 3325 1074 3395 42)
1101 3322 1330 3378 facilius
1353 3321 1472 3376 fieri
1494 3321 1830 3392 potuerunt,

180 3418 242 3472 Si
277 3433 424 3472 vero
459 3417 531 3471 ad
560 3415 782 3471 dicendi
816 3431 1001 3486 genus
1031 3418 1088 3468 et
1135 3411 1395 3468 Sallustii
1445 3408 1831 3463 imitationem

181 3504 540 3569 attenderis,
571 3505 758 3577 capita
789 3502 998 3558 ultima
1027 3501 1159 3556 libri
1182 3501 1336 3556 tertii
1369 3499 1460 3554 vix
1516 3497 1614 3577 alii
1655 3511 1834 3567 quam

186 3594 303 3666 ipsi
340 3593 563 3648 Adamo
597 3592 888 3648 ascribere
921 3591 1158 3664 poteris.
1557 3575 1561 3580 ί

260 3685 436 3739 Recte
463 3683 645 3756 igitur
673 3682 865 3755 egisse
888 3681 1057 3737 nobis
1077 3680 1365 3743 videmur,
1393 3693 1460 3732 ea
1482 3692 1606 3748 quze
1626 3675 1840 3729 desunt

193 3772 378 3827 codici
410 3769 871 3836 Vindobonensi,
905 3771 1002 3826 sed
1036 3787 1162 3841 quae
1186 3766 1373 3822 czeteri
1405 3766 1632 3821 codices
1657 3759 1840 3818 textui

198 3877 400 3918 omnes
430 3859 941 3927 intercalaverunt,
975 3864 1032 3914 et
1059 3856 1168 3929 ipsi
1191 3856 1378 3910 eidem
1397 3855 1842 3925 jungentes,un-

202 3949 280 4003 cis
316 3955 509 4004 tamen
544 3948 782 4014 additis,
813 3953 880 4002 ut
911 3946 1139 4002 facilius
1172 3945 1284 4000 ista
1313 3961 1346 3999 a
1367 3945 1522 3998 textu
1555 3939 1842 4011 antiquis-

204 4037 350 4092 simo
380 4037 842 4110 distinguantur,
886 4040 942 4092 et
967 4052 1145 4108 quam
1179 4035 1372 4106 inepte
1419 4046 1844 4101 nonnunquam

206 4125 355 4180 facta
383 4127 459 4181 sit
495 4125 735 4181 insertio
766 4124 932 4180 facile
963 4123 1479 4179 animadvertatur.
1515 4119 1621 4174 Ubi
1672 4117 1846 4172 inter-

206 4213 517 4271 calationes
549 4216 606 4270 in
641 4215 940 4270 codicibus
987 4212 1230 4268 diversis
1285 4211 1426 4266 locis
1474 4209 1635 4265 facta:
1685 4211 1846 4271 sunt,

204 4305 459 4360 codicem
492 4303 1011 4377 Guellerbytanum
1037 4302 1218 4358 secuti
1253 4315 1481 4356 sumus.

276 4392 551 4448 Pluribus
595 4409 728 4448 vero
775 4392 868 4448 hic
912 4391 1203 4464 agendum
1261 4389 1491 4444 videtur
1539 4387 1609 4441 de
1657 4383 1851 4440 codice

207 4481 518 4538 Havniensi
547 4484 647 4553 (4),
703 4486 831 4536 tum
863 4481 1000 4553 quia
1031 4481 1090 4534 in
1123 4479 1221 4534 illo
1263 4476 1586 4549 reperimus
1627 4477 1850 4528 textum

1921 2177 2222 2232 sententiae
2253 2180 2309 2230 et
2339 2176 2662 2230 locutiones
2693 2175 3029 2230 auctoribus
3053 2175 3314 2232 classicis
3329 2177 3560 2232 desum-

1924 2272 2030 2338 piae
2080 2265 2138 2319 in
2194 2265 2387 2319 codice
2419 2265 2449 2316 4
2482 2281 2516 2318 a
2548 2263 2826 2334 scriptore
2858 2268 2922 2318 ut
2951 2263 3180 2318 videtur
3206 2264 3406 2335 ignaro
3451 2267 3561 2322 im-

1925 2357 2180 2409 mutatae.
2221 2356 2303 2408 Ita
2335 2352 2372 2407 l.
2423 2370 2504 2422 111,
2540 2369 2588 2406 c.
2633 2354 2668 2405 5
2715 2355 2770 2406 et
2813 2353 2902 2417 38,
2963 2352 3061 2406 ubi
3117 2358 3318 2408 auctor
3373 2355 3564 2410 Sallu-

1925 2444 2106 2498 stium
2140 2442 2408 2496 imitatus
2439 2445 2582 2495 erat.
2617 2441 2761 2505 Quid
2798 2441 2951 2511 quod
2983 2439 3073 2495 vol
3098 2441 3224 2512 ipsa
3244 2444 3416 2497 verba
3438 2461 3562 2515 quae
3603 2462 3606 2466 ·

1926 2551 1994 2588 ex
2020 2531 2279 2586 fontibus
2313 2530 2437 2585 suis
2465 2530 2725 2584 Adamus
2758 2530 3217 2600 deprompserat,
3252 2531 3310 2585 in
3334 2531 3444 2586 isto
3477 2550 3564 2588 co-

1927 2621 2052 2676 dice
2083 2637 2197 2674 non
2230 2617 2486 2690 amplius
2514 2617 2601 2672 vel
2635 2617 3108 2690 aliterlegantur.
3133 2636 3185 2673 v.
3210 2619 3376 2685 c.l.1,
3402 2638 3451 2675 c.
3479 2622 3564 2691 41,

1928 2711 2102 2765 verba
2131 2707 2395 2775 Bovonis,
2429 2724 2478 2762 c.
2513 2708 2599 2772 46,
2633 2707 2895 2777 verbum,
2930 2707 3082 2778 quod
3118 2707 3240 2778 ipse
3275 2710 3570 2780 praedicat,

1931 2796 2123 2854 nobile
2156 2795 2458 2851 Rimborti.
2493 2796 2554 2848 L.
2580 2812 2617 2863 1,
2643 2812 2692 2848 c.
2723 2795 2810 2859 41,
2830 2793 3367 2864 quaelaudanturcx
3391 2799 3570 2870 gestis

1930 2893 1985 2941 S.
2022 2885 2298 2940 Rimherti
2332 2884 2412 2938 ita
2461 2884 2772 2938 immutata
2814 2887 2954 2938 sunt
3007 2888 3064 2938 et
3113 2884 3455 2952 adulterata,
3509 2893 3574 2943 ut

1934 2993 2049 3031 non
2082 2975 2192 3046 ipsi
2234 2973 2454 3029 auctori
2500 2977 2717 3038 nostro,
2765 2973 2863 3027 sed
2919 2973 3219 3044 scriptoris
3263 2977 3572 3046 cujusdam

1935 3063 2304 3136 ineptissimo
2362 3061 2687 3134 corrigendi
2745 3061 2954 3132 spritui
3015 3063 3270 3120 tribuere
3343 3070 3574 3122 tantum

1859 3193 1902 3260 C
1939 3154 2152 3252 possis.

2010 3243 2064 3296 Si
2099 3241 2238 3313 quid
2271 3241 2499 3296 deesset
2527 3241 2598 3295 ad
2629 3241 2993 3312 probandum
3025 3242 3178 3312 quod
3231 3243 3410 3298 codex
3441 3246 3472 3298 4
3506 3246 3576 3298 ab

1943 3333 2163 3387 Adamo
2194 3330 2319 3402 ipso
2344 3330 2633 3401 profectus
2656 3345 2770 3382 non
2800 3329 2894 3392 sit,
2929 3328 3200 3383 facillime
3243 3330 3486 3404 intelligi
3519 3332 3578 3385 id

1944 3424 2154 3493 potest,
2188 3418 2235 3473 si
2269 3418 2602 3472 attendatur
2631 3433 2807 3487 quam
2842 3417 3032 3488 inepte
3055 3417 3584 3490 scholiamargina-

1944 3510 2022 3564 lia
2054 3507 2231 3563 textui
2265 3506 2384 3560 sint
2415 3506 2658 3560 inserta.
2700 3503 2890 3558 Veluti
2923 3505 2959 3558 l.
2994 3521 3034 3569 1,
3066 3521 3115 3558 c.
3150 3505 3240 3568 51,
3276 3505 3375 3558 ubi
3425 3522 3585 3578 repe-

1947 3599 2179 3654 riuntur
2200 3613 2326 3667 qua:
2358 3596 2427 3650 de
2460 3593 2683 3648 Arnulﬁ
2709 3593 2861 3665 regis
2886 3598 3068 3648 morte
3088 3593 3142 3647 in
3167 3593 3468 3649 scholioiO
3495 3595 3587 3650 iti-

1948 3689 2079 3742 dem
2115 3685 2268 3740 dicta
2295 3688 2452 3738 sunt.
2488 3681 2680 3737 Schol.
2718 3683 2802 3745 44,
2833 3681 3012 3736 textui
3043 3681 3082 3736 l.
3118 3699 3178 3735 ιι.
3225 3699 3275 3736 c.
3324 3684 3393 3736 00
3439 3683 3588 3740 male

1951 3777 2233 3830 insertum
2261 3791 2273 3839 ;
2308 3777 2363 3827 et
2393 3770 2574 3826 schol.
2607 3771 2697 3838 52,
2731 3770 2881 3841 quod
2907 3769 2977 3824 ad
3001 3770 3280 3842 temporis
3304 3771 3587 3827 rationem

1953 3867 2204 3920 multum
2233 3862 2430 3928 servit,
2464 3860 2750 3914 omissum
2783 3863 2889 3913 est.
2924 3858 3192 3913 Scholion
3224 3860 3293 3912 54
3324 3859 3381 3913 ἱιι
3435 3859 3473 3914 l.
3529 3878 3588 3928 11,

1953 3971 2003 4009 c.
2035 3955 2104 4006 67
2138 3969 2249 4006 non
2284 3954 2414 4022 post
2442 3947 2830 4019 comprehensa
2861 3947 3218 4012 addendum,
3268 3949 3368 4003 sed
3420 3949 3591 4020 paulo

1956 4047 2086 4116 post
2117 4042 2268 4096 inter
2297 4039 2502 4105 verba;
2535 4037 2810 4092 diceretur
2840 4038 3067 4092 verbum
3097 4041 3153 4090 et
3183 4038 3321 4091 Nam
3350 4037 3591 4106 ctctau-

1955 4143 2132 4188 slrum
2150 4129 2528 4184 inserendum
2551 4125 3000 4182 erat.Scholium
3018 4127 3087 4178 82
3110 4125 3178 4180 de
3202 4126 3597 4182 destructione

1957 4219 2208 4277 civitatis
2238 4216 2480 4272 Sleswic
2512 4216 2570 4269 in
2604 4214 2641 4268 l.
2676 4232 2758 4281 111,
2793 4231 2840 4268 c.
2873 4215 2944 4269 50
2968 4214 3209 4268 minime
3226 4218 3360 4270 ante
3381 4231 3449 4271 ea
3469 4232 3596 4286 quae

1959 4312 2029 4365 de
2060 4306 2456 4364 destructione
2489 4305 2650 4359 urbis
2694 4303 3134 4375 Hammenburg
3178 4302 3395 4360 ibidem
3444 4305 3600 4359 dicta

1961 4402 2118 4464 sunt,
2152 4393 2639 4467 interponendum
2671 4396 2813 4446 erat.
2845 4391 3098 4461 Insignis
3121 4407 3354 4464 quoque
3374 4392 3602 4447 videtur

1962 4486 2181 4558 ineptia
2212 4502 2326 4556 qua
2358 4483 2393 4537 ι.
2428 4500 2489 4548 ιι,
2525 4498 2572 4535 c.
2620 4482 2689 4534 42
2738 4480 2918 4535 codici
2954 4480 2984 4532 4
3017 4479 3234 4534 inserta
3285 4483 3424 4534 sunt
3473 4495 3599 4549 quae

211 4572 310 4642 qui
343 4589 404 4627 ex
437 4571 852 4643 Lindenbrogii
884 4570 1137 4626 editione
1168 4571 1283 4624 fere
1315 4566 1473 4622 solus
1506 4568 1681 4620 notus
1739 4567 1827 4618 est

1960 4576 2186 4632 codices
2219 4569 2488 4628 meliores
2519 4568 2768 4640 margini
2802 4569 3239 4634 adnotaverunt,
3275 4567 3372 4620 ubi
3405 4567 3475 4621 de
3506 4583 3604 4636 op-

213 4664 333 4716 tum
357 4660 497 4733 quia
519 4660 760 4732 quaestio
782 4665 869 4714 est
887 4658 1183 4730 proposita
1205 4660 1400 4711 utrum
1425 4657 1618 4708 textus
1640 4650 1856 4706 codicis

212 4750 240 4802 «1
274 4751 486 4806 Adami
518 4749 710 4822 ipsius
739 4748 1015 4805 secundis
1072 4745 1227 4802 curis
1292 4745 1591 4813 debeatur,
1639 4746 1694 4796 et
1733 4741 1857 4812 ipse

218 4845 433 4896 textum
466 4839 685 4895 codicis
719 4840 742 4893 1
775 4837 932 4911 prelo
964 4835 1366 4906 subjiciendus
1399 4832 1520 4887 sit?

283 4945 512 5002 Nemini
539 4946 783 5002 dubium
807 4949 1128 5002 esttextum
1151 4939 1366 4997 codicis
1386 4940 1420 4992 2
1442 4943 1498 4994 et
1519 4939 1572 5003 3,
1599 4936 1698 5008 qui
1725 4953 1859 4992 cum

221 5036 514 5092 codicibus
551 5037 575 5090 1
610 5038 720 5091 ett}
750 5035 938 5106 magis
970 5032 1256 5095 convenit,
1291 5027 1681 5099 antiquiorem
1734 5041 1862 5080 esse

222 5123 316 5180 illo
345 5125 565 5183 codicie
597 5127 650 5180 4.
673 5123 759 5181 Illi
793 5124 1020 5180 codices
1052 5121 1382 5191 omniajam
1406 5117 1625 5172 habent
1651 5133 1777 5188 quae
1800 5115 1860 5168 in

222 5214 409 5270 codice
442 5214 697 5271 -’1lectori
730 5214 1063 5279 traduntur,
1098 5210 1145 5266 si
1189 5207 1441 5280 excipias
1490 5205 1528 5260 l.
1563 5222 1624 5274 11,
1687 5221 1736 5258 c.
1772 5203 1859 5269 41,

223 5301 372 5358 diem
404 5302 793 5360 emortualem
825 5301 1040 5358 Oddari
1097 5295 1425 5373 praepositi;
1477 5295 1516 5349 l.
1560 5311 1623 5361 ιι,
1669 5310 1718 5347 e.
1770 5293 1861 5361 5‘3,

223 5390 631 5448 fundationem
664 5392 1001 5448 monasterii
1033 5387 1354 5446 Rosanveld
1381 5404 1395 5454 ;
1427 5385 1466 5439 l.
1501 5401 1561 5454 11,
1587 5401 1637 5438 c.
1661 5384 1752 5447 76,
1793 5382 1863 5436 de

221 5479 376 5536 Gisla
407 5482 612 5556 regina
643 5482 910 5537 Bremam
944 5481 1271 5546 accedente,
1306 5480 1363 5533 et
1392 5471 1616 5530 scholia
1653 5473 1742 5536 58,
1795 5471 1866 5523 59

217 5576 272 5625 et
301 5573 395 5638 66,
458 5589 584 5644 qua:
644 5571 1076 5627 accurationem
1136 5564 1476 5623 monasterii
1531 5560 1868 5616 Bremensis

209 5661 619 5746 cognitionem
648 5665 802 5719 certe
830 5661 1100 5735 probant.
1133 5653 1388 5732 Conjicio
1425 5653 1548 5710 haec
1576 5667 1645 5708 ex
1674 5648 1870 5707 codice

1968 4665 2265 4739 pressione
2297 4661 2633 4715 Sclavorum
2666 4675 2768 4730 per
2825 4656 3223 4711 Bernhardum
3282 4656 3490 4709 ducem
3541 4655 3606 4708 fit

1973 4770 2185 4810 sermo.
2219 4751 2330 4805 Res
2362 4752 2536 4820 gesta:
2571 4762 2856 4802 annorum
2895 4744 3000 4797 970
3029 4745 3134 4798 082
3165 4744 3259 4798 hic
3289 4743 3360 4799 ad
3384 4760 3604 4798 annum

1971 4845 2107 4898 1000
2136 4839 2223 4895 vél
2258 4839 2327 4894 ad
2361 4839 2555 4909 ipsum
2587 4851 2806 4889 annum
2843 4833 2977 4887 1010
3020 4833 3371 4899 referuntur,
3402 4837 3459 4887 et
3488 4849 3611 4887 ma-

1969 4933 2128 4988 xima
2156 4929 2288 4984 inde
2314 4925 2463 4998 apud
2499 4923 2808 4979 historicos
2830 4921 3178 4977 recentiores
3202 4921 3464 4978 confusio
3485 4923 3611 4976 orta

1972 5026 2078 5078 est.

2045 5112 2214 5165 Error
2245 5105 2414 5172 alius,
2447 5103 2668 5159 Adamo
2699 5100 2944 5157 minime
2965 5099 3368 5173 imputandus,
3398 5098 3612 5171 reperi-

1973 5207 2070 5256 tur
2099 5199 2154 5252 in
2189 5195 2384 5252 codice
2410 5195 2461 5259 4,
2498 5192 2555 5246 in
2587 5191 2809 5247 scholio
2840 5193 2930 5255 61,
2963 5191 3114 5263 quod
3153 5207 3220 5245 ex
3251 5189 3437 5257 ipsius
3475 5204 3614 5241 nar-

1975 5263 2216 5344 rationis
2239 5287 2397 5339 textu
2427 5279 2807 5353 deprompsit.
2839 5280 3158 5336 Craccabcn
3188 5277 3340 5349 quod
3389 5279 3616 5330 constat

1975 5393 2103 5434 esse
2135 5387 2456 5445 cognomen
2488 5369 2640 5442 regis
2662 5369 3170 5423 Nordmannorum
3193 5365 3372 5432 Olavi,
3395 5363 3617 5420 Thruc-

1977 5466 2139 5521 conis
2172 5461 2298 5527 filii,
2331 5477 2432 5532 pro
2464 5457 2700 5513 nomine
2730 5455 3042 5512 adversarii
3092 5457 3216 5524 ejus
3267 5453 3518 5508 habetur
3563 5457 3620 5509 et

1977 5552 2356 5614 confunditur
2386 5547 2849 5604 cum'Danorum
2883 5562 3015 5617 rege
3042 5545 3237 5600 Suend
3296 5542 3615 5613 'I‘veskizeg,

1979 5645 2081 5722 qui
2112 5643 2282 5700 illum
2305 5639 2365 5696 in
2397 5653 2596 5714 pugna
2623 5635 2858 5694 vicerat.
2893 5634 3029 5694 Siet
3056 5633 3182 5710 ipse
3213 5631 3428 5690 codicis
3448 5628 3617 5688 Guel-
