4030 6186
460 288 569 348 451

1576 281 1830 343 ADAMI
1874 282 2234 343 CANONICI
2280 282 2751 347 BREMENSIS.

3746 299 3847 358 452

463 418 751 491 ferbytani
786 420 976 472 textus
1025 414 1280 470 similem
1312 430 1565 469 errorem
1590 415 1784 482 habet,
1816 416 1925 471 hoc
1955 433 2020 471 eo
2042 414 2107 469 lit
2134 428 2185 489 Α
2216 414 2255 469 l.
2290 433 2351 482 ιι,
2379 434 2427 470 c.
2462 418 2532 470 42
2561 419 2632 472 ab
2664 418 2969 476 Helmoldo
3001 438 3117 477 non
3151 424 3341 479 solum
3377 427 3581 483 eodem
3605 428 3747 485 falso
3767 448 3851 487 or-

466 510 618 580 quod
656 509 775 562 haec
807 522 1039 577 quoque
1070 504 1327 560 recensio
1357 504 1578 559 Adamo
1610 505 1949 560 ascribcnda
1990 522 2105 559 non

463 603 868 732 eStl‘lotaudum
902 676 1077 731 etiam
1109 678 1196 730 est
1227 674 1456 729 nullum
1490 676 1679 731 afferri
1714 692 1886 747 posse
1941 664 2110 748 argu-

464 769 728 821 mentum
764 782 879 836 quo
911 765 1188 836 probetur
1210 768 1431 818 textum
1458 763 1622 818 illum
1657 765 1872 818 codicis
1896 766 1927 818 4
1950 765 2106 819 curis

468 854 749 912 secundis
781 853 1035 925 politum
1068 852 1157 907 vel
1190 852 1402 907 smculo
1437 853 1779 908 duodecimo
1808 853 2106 925 cognitum

462 946 667 1000 fuisse.
691 944 889 1014 Neque
916 941 1217 997 Annalista
1249 942 1416 1011 Saxo,
1450 958 1637 1013 neque
1668 942 2008 999 Helmoldus
2040 960 2106 999 eo

464 1032 554 1088 usi
578 1036 736 1099 sunt,
762 1031 1029 1103 quamvis
1052 1030 1273 1085 scholia
1289 1029 1543 1101 plurima
1565 1032 1637 1085 ad
1659 1031 1952 1087 Adamum
1980 1049 2109 1104 ope-

466 1121 630 1175 ribus
662 1120 787 1175 suis
817 1119 962 1191 ipsis
994 1119 1111 1173 t'ere
1140 1119 1332 1175 verbis
1350 1118 1445 1172 vix
1468 1120 1711 1175 mutatis
1732 1120 2103 1179 inseruerint.

463 1208 715 1278 Objiciat
746 1207 890 1262 mihi
922 1208 1117 1262 forsan
1151 1207 1366 1277 aliquis
1397 1224 1488 1262 res
1519 1212 1715 1279 gestas
1746 1209 1803 1262 in
1838 1211 2032 1266 codice
2054 1212 2106 1266 4.

2214 504 2349 559 dine
2378 504 2784 579 chronologico
2816 510 2989 579 tradi,
3044 512 3145 566 sed
3200 513 3377 569 etiam
3410 515 3479 571 ab
3541 533 3606 572 eo
3640 522 3851 577 narrari

2218 592 2407 647 lilium
2441 594 2607 649 ducis
2637 596 3019 654 Winulorum
3051 617 3085 655 a
3121 602 3444 659 Saxonibus
3495 604 3698 663 Canem
3741 627 3855 667 esse

2216 682 2593 753 appellatum.
2627 686 2736 740 Sed
2769 687 3018 759 scriptor
3049 690 3271 746 codicis
3300 693 3331 745 4
3353 708 3515 765 aeque
3540 700 3714 768 atque
3735 699 3853 756 Hel-

2217 770 2450 826 moldus
2473 772 2624 827 hanc
2644 773 2952 831 lectionem
2980 778 3035 832 in
3064 778 3323 851 antiquis
3341 782 3549 837 Adami
3573 787 3858 846 codicibus

2217 860 2475 915 invenire
2506 862 2715 932 potuit.
2750 863 2865 918 Nec
2896 865 3067 936 plane
3090 866 3430 925 incredibile
3453 874 3621 930 nobis
3641 876 3857 934 videtur

2216 948 2484 1020 scriptori
2531 951 2745 1007 codicis
2778 955 2807 1006 4
2854 954 3140 1011 Helmoldi
3203 958 3520 1017 Historiam
3572 968 3855 1037 cognitam

2219 1035 2420 1105 fuisse,
2457 1055 2592 1093 cum
2626 1041 2696 1095 de
2726 1042 3006 1098 vocabulo
3040 1046 3216 1101 Canis
3248 1047 3436 1104 fusius
3486 1054 3723 1110 omnino
3768 1057 3857 1115 hic

2223 1130 2377 1197 agat

467 1388 3860 1439 ___ﬁ___ﬂ_ﬂﬂ_.*__________‘_‘_______~_m_.~___

1550 1570 2785 1755 MAG.ADAMI

1974 1827 2373 1924 GESTA

460 1955 1893 2208 HAlllMABUBGENSlS
1984 2056 2791 2216 ECCLESLE
2870 2066 3832 2241 PONTIFICUM

3837 2218 3871 2263 ’

1290 2315 1674 2389 EDENTE
1732 2316 1817 2389 V.
1866 2318 2006 2392 GL.
2064 2320 2330 2395 JOAN.
2389 2324 3022 2406 LAPPENBERG

1548 2529 1902 2569 REIPUBLIC/E
1940 2532 2384 2574 HAMBURGENSIS
2420 2534 2525 2576 TAB
2537 2537 2765 2580 ULARIO.

1204 2680 1548 2736 Monumenta
1579 2680 1893 2739 Germania:
1923 2684 2208 2752 historica,
2240 2687 2451 2761 Script.
2483 2694 2624 2746 tom.
2656 2693 2775 2765 VII,
2810 2712 2941 2769 pag.
2965 2698 3116 2771 280.)

1610 2978 2091 3055 INCIPIUNT
2154 2983 2620 3061 CAPITULA
2653 3000 2695 3061 ¹.

496 3183 540 3236 1.
568 3181 891 3252 Descriptio
921 3181 1203 3236 Saxonim.
1240 3182 1581 3252 Ilysloriam.

489 3273 543 3324 2.
584 3269 898 3341 Descriptio
933 3269 1214 3324 Saxonico.
1242 3270 1607 3326 Nobilissimi.

491 3361 541 3412 3.
577 3359 680 3421 Qui
717 3357 991 3413 mortales
1007 3358 1176 3430 primi
1203 3359 1575 3415 incoluerunt
1592 3361 1923 3416 Savoniam.
1964 3362 2099 3430 Que-

526 3449 791 3503 rentibus.

491 3537 541 3589 4.
578 3536 719 3590 Item
752 3538 823 3590 de
853 3552 1062 3607 genere
1095 3538 1410 3591 Saxonum.
1434 3537 1739 3595 Saxonum.

488 3625 543 3678 5.
579 3629 652 3678 De
683 3624 911 3695 legibus
942 3629 997 3679 et
1026 3624 1288 3679 moribus
1320 3625 1635 3682 Saxonum.
1672 3632 1925 3684 Generis.

488 3713 541 3764 6.
576 3712 874 3775 Quomodo
905 3727 1050 3782 gens
1080 3717 1373 3767 Saxonum
1407 3715 1581 3771 ﬁdem
1614 3719 1893 3789 suscepit.
1949 3721 2095 3787 Qua-

526 3799 672 3855 liter.

486 3888 542 3941 7.
578 3887 903 3942 Martirium
938 3887 1089 3941 sanli
1118 3888 1406 3942 Bonefacii
1432 3890 1490 3943 in
1526 3891 1739 3946 Fresia.
1775 3896 2022 3952 Primus.

485 3976 538 4029 8.
564 3974 867 4029 Bonefacio
900 3974 1266 4029 Willebadus
1298 3978 1575 4033 succedit.
1608 3981 1735 4035 Post
1762 3988 2091 4052 passionem.

486 4064 538 4116 0.
578 4062 789 4116 Divisio
821 4062 1068 4117 Saxonic
1100 4063 1158 4118 in
1191 4064 1580 4138 episcopatus.
1616 4071 1677 4123 In
1708 4076 1947 4130 nomine.

454 4150 538 4203 10.
574 4149 729 4204 Obiit
758 4157 995 4207 sanctus
1028 4151 1412 4210 Willehadus.
1448 4156 1593 4211 Sedit
1616 4161 1807 4226 igitur.

454 4240 537 4293 11.
571 4237 899 4295 Willehado
932 4239 1260 4296 Willericus
1292 4247 1571 4301 succedit.
1613 4249 1955 4308 Proximum.

451 4328 535 4381 12.
569 4328 891 4399 Ansgarius
919 4329 1091 4384 Danis
1113 4346 1178 4385 ac
1193 4330 1521 4389 Sueonibus
1536 4338 1849 4407 prmdicare
1870 4342 2090 4414 incipit.

518 4415 825 4471 Ludwicus.

449 4505 534 4560 13.
568 4504 891 4577 Ansgarius
921 4505 979 4560 in
1011 4506 1314 4581 Hamburg
1347 4509 1573 4580 primus
1614 4516 2092 4592 archiepiscopus

515 4594 847 4649 ordinatur.
884 4596 1027 4650 Tune
1058 4598 1386 4668 imperator.

448 4683 533 4736 14.
566 4684 891 4755 Ansgarius
922 4701 1076 4739 nunc
1104 4686 1284 4742 Danis
1306 4704 1462 4743 nunc
1494 4690 1940 4753 Transalbianis
1968 4716 2091 4770 pre-

516 4771 688 4827 dicat.
725 4773 1054 4829 Sueonibus
1088 4775 1425 4847 episc0pum
1461 4779 1657 4835 mittit.
1694 4785 2013 4853 Ansgarius.

444 4858 529 4912 15.
568 4858 919 4931 Willericus,
956 4862 1285 4919 Bremensis
1316 4867 1645 4939 episcopus,
1682 4873 1946 4929 moritur.
1993 4880 2085 4932 1n-

514 4954 684 4999 terea.

512 5120 583 5174 de
614 5123 901 5193 Ansgario
932 5126 1227 5198 episc0po.
1262 5132 1616 5189 Leudericus.
1726 5168 1730 5174 -

442 5209 526 5265 17.
563 5209 708 5265 Dani
743 5211 1022 5268 Fresones
1057 5216 1275 5272 tributo
1307 5221 1625 5289 subiciunt,
1666 5227 1966 5303 llamburg
1988 5250 2081 5289 ex-

512 5306 709 5368 urunt,
742 5301 1038 5359 Coloniam
1070 5306 1358 5365 obsident.
1384 5312 1617 5368 Interea.

2125 3190 2171 3254 Β
2206 3190 2289 3244 18.
2318 3189 2631 3249 Ludwicus
2660 3194 2977 3268 imperator
2998 3203 3137 3270 obit,
3170 3208 3227 3261 et
3266 3224 3512 3281 regnum
3546 3215 3832 3274 dividitur.

2282 3280 2454 3336 Anno.

2212 3368 2296 3422 19.
2330 3373 2653 3443 Ansgarius
2685 3377 2992 3434 cenobium
3025 3384 3290 3453 exstruit,
3317 3389 3496 3446 Danis
3522 3409 3586 3447 ac
3607 3393 3831 3450 Sueoni-

2281 3458 2392 3514 bus
2413 3462 2818 3530 przedicatores
2837 3467 3249 3537 mittit,Brema
3264 3475 3830 3555 pellitur.Episcopus

2280 3547 2483 3603 Breme
2514 3552 2780 3608 moritur.
2817 3556 2879 3610 At
2905 3557 3019 3613 ille.

2205 3633 2294 3687 20.
2328 3637 2649 3709 Ansgarius
2677 3640 3049 3703 Bremensem
3100 3651 3502 3725 episcopatum
3561 3661 3831 3733 suscepit.

2280 3725 2422 3779 Tune
2450 3728 2758 3787 Ludwicus.

2205 3831 2294 3885 21.
2324 3833 2649 3906 Anogarius
2679 3840 2980 3914 Horicum,
3013 3862 3207 3919 regem
3242 3853 3536 3910 Danorum
3574 3855 3839 3929 baptizat.

2232 3948 2237 3949 ί
2277 3920 2509 3977 Sanctus
2532 3927 2735 3997 itaque.

2204 4008 2293 4062 22.
2326 4012 2649 4084 Ansgarius
2681 4016 3011 4077 Sueonibus
3043 4026 3341 4095 predicare
3370 4033 3550 4089 vadit.
3590 4036 3808 4104 Quibus.

2203 4116 2291 4171 23.
2325 4116 2627 4193 Hamburg
2654 4127 2710 4179 et
2739 4128 2946 4183 Brema
2977 4146 3130 4187 unus
3161 4134 3537 4210 episcopatus
3561 4140 3721 4197 ﬁunt.
3754 4142 3841 4197 Ιη-

2274 4207 2446 4264 terea.

2202 4295 2290 4349 2‘1.
2323 4298 2641 4371 Ansgarius
2671 4320 2865 4377 regem
2897 4305 3195 4367 Danorum
3254 4314 3607 4376 christianos
3649 4336 3835 4394 perse-

2274 4392 2547 4456 quentem
2579 4394 2989 4462 praedicatione
3016 4399 3230 4471 placat.
3254 4405 3383 4461 Post
3405 4406 3529 4464 hec.

2121 4562 2164 4628 Ο
2200 4492 2289 4548 25.
2317 4494 2638 4567 Ansgarius
2691 4516 2903 4573 corpus
2934 4506 3120 4561 sancti
3172 4509 3489 4570 Willehadi
3554 4517 3829 4573 transfert.

2276 4583 2401 4628 lnge,

2272 4583 2404 4638 Ipse.

2272 4600 2404 4653 Ipse.

2197 4670 2286 4725 26.
2320 4672 2541 4730 Mencio
2572 4675 2859 4736 bonorum
2892 4699 3133 4755 operum
3166 4692 3463 4763 Ansgarii.
3496 4696 3724 4752 Interea.

2196 4761 2285 4813 27.
2320 4763 2634 4833 Ansgarius
2668 4767 2808 4823 obit.
2845 4769 3180 4832 Rimbertus
3199 4761 3479 4839 succedit.
3505 4784 3823 4857 Supen'ixit-

2194 4867 2283 4920 28.
2319 4870 2682 4928 Consecratio
2713 4873 3014 4935 Rimberti.
3048 4886 3285 4940 Sanctus
3303 4889 3629 4948 Rimbertus.

2194 4955 2283 5010 29.
2318 4956 2655 5016 Rimbertus
2686 4966 2929 5037 paganis
2962 4971 3239 5041 predicat.
3272 4980 3554 5035 Preterea.

444 5032 528 5086 16.
565 5031 860 5089 Willerico
884 5036 1235 5095 Leudericus
1260 5041 1458 5098 ordine
1494 5047 1709 5103 tercius
1730 5054 2006 5123 succedit,
2032 5060 2086 5110 et
2192 5063 2280 5117 30.
2316 5065 2389 5119 Le

2393 5068 2511 5134 gati
2542 5070 2756 5126 cesaris
2786 5076 2843 5128 et
2869 5074 3167 5134 Danorum
3200 5082 3271 5137 ad
3303 5083 3594 5157 Egdoram
3637 5101 3828 5160 pacem

2257 5154 2481 5222 jurant.
2507 5160 2620 5232 Qui
2647 5176 2816 5231 reges.

2191 5240 2620 5302 31.Ludwicus
2651 5265 2814 5305 cesar
2842 5254 3003 5311 obiit.
3051 5259 3196 5314 Dani
3248 5264 3559 5323 Saxoniam
3612 5269 3835 5325 vastant

2262 5330 2562 5390 Coloniam
2594 5341 2651 5393 et
2681 5339 2956 5399 Treveros
2988 5343 3326 5409 incendunt.
3349 5355 3705 5430 Aquisgrani
3736 5373 3839 5430 ρο.-

1794 5461 2032 5521 VARI/E
2073 5470 2480 5531 LECTIONES.

513 5570 529 5605 ¹
560 5569 668 5624 llic
695 5572 827 5626 ordo
856 5576 1227 5647 capitulorum
1254 5594 1365 5635 non
1396 5583 1676 5649 reperitur
1703 5588 1818 5641 nisi
1838 5596 1961 5661 post
1983 5596 2282 5671 prologum
2313 5602 2371 5657 in
2400 5603 2516 5661 cod.
2553 5607 3007 5685 Guelferbytano.
