4030 6186
232 271 341 331 453

916 264 1167 327 GESTA
1216 264 1693 328 PONTIFICUM
1738 264 2465 331 HAMMABURGENSIS
2509 270 2934 334 ECCLESIIE.

3511 281 3629 341 454

297 401 507 459 lacium
537 396 838 456 stabulum
869 398 1040 470 equis
1069 384 1310 455 faciunt.
1336 397 1656 455 Ludwicus
1686 399 1756 454 de
1787 398 1870 456 eis
1899 400 1954 465 Α
2056 400 2147 454 cui
2183 404 2409 456 mortuo
2441 402 2572 459 Otto
2604 404 2818 461 tercius
2850 407 3128 464 succedit.
3152 410 3307 466 Anno
3333 413 3629 483 pontiﬁcis.

301 488 643 561 triumphat.
675 488 852 544 Anno.

226 582 316 637 32.
356 576 691 636 Bremensis
748 576 1060 649 episcopus
1120 576 1378 651 captivos
1424 577 1678 633 redimit.
1735 576 1876 645 Quid

298 673 502 727 autem.

224 761 315 817 33.
357 757 565 815 Merita
592 755 878 812 Rimberti
909 754 1185 828 episcopi.
1212 757 1317 812 Nec
1346 757 1730 827 incongruum.

226 850 314 904 34.
357 849 507 904 Item
538 845 750 902 merita
776 843 1083 900 Rimberti.
1114 846 1360 901 Frustra.

223 940 313 996 35.
354 935 706 992 Miraculum
738 935 867 1007 ejus
899 933 957 990 in
990 933 1295 990 Sleswich.
1329 936 1462 990 Erat
1491 936 1686 1006 igitur.

222 1029 313 1084 36.
356 1027 508 1084 Item
538 1025 609 1081 de
634 1024 806 1081 bonis
834 1022 1109 1097 operibus
1141 1024 1290 1095 ejus.
1318 1025 1381 1080 Et
1404 1027 1554 1097 quia.

222 1119 315 1173 37.
358 1108 529 1173 Unde
556 1130 735 1186 supra
762 1117 820 1170 et
849 1113 920 1169 de
950 1112 1114 1168 obitu
1147 1114 1297 1184 ejus.
1328 1114 1746 1171 Senodochium.

219 1208 315 1264 38.
354 1203 683 1278 Ansgarius
713 1202 1015 1259 Rimberto
1044 1202 1324 1261 succedit.
1348 1203 1698 1275 Adalgarius.

221 1298 314 1353 39.
358 1292 735 1352 Consecratio
763 1291 1055 1366 Ansgarii.
1086 1293 1358 1349 Ferulam.

224 1388 316 1444 40.
362 1382 649 1441 Arnulfus
674 1398 775 1438 rex
802 1381 997 1437 Danos
1026 1381 1256 1438 sternit.
1290 1383 1361 1439 De
1392 1382 1656 1455 hystoria.

225 1477 316 1531 41.
359 1471 676 1531 Contencio
722 1469 1086 1528 Coloniensis
1133 1471 1389 1545 episcopi
1421 1488 1488 1529 ac
1527 1471 1881 1529 Bremensis.

300 1563 520 1621 Audivi.

234 1656 319 1711 42.
363 1650 629 1710 Formosi
677 1666 828 1723 pape
873 1654 931 1706 et
976 1648 1203 1704 Arnulfi
1246 1650 1617 1724 imperatoris
1665 1652 1883 1708 obitus.

1981 490 2071 544 68.
2113 493 2407 546 Danorum
2438 508 2538 548 rex
2580 493 2755 549 ﬁdem
2784 495 3000 552 Christi
3048 497 3298 572 benigne
3346 501 3626 574 suscepit.

2056 578 2343 636 Haroldus.

1983 666 2072 721 69.
2112 667 2448 741 Adaldagus
2479 669 2538 726 in
2567 669 2754 729 Dania
2797 673 2996 745 plures
3034 675 3346 750 episcopos
3377 679 3629 737 ordinat.

2055 756 2384 828 Adaldagus.

1984 845 2073 900 70.
2116 845 2525 905 Christianitas
2567 849 2628 905 in
2658 848 2842 906 Dania
2890 855 3181 925 turbatur,
3216 860 3272 911 et
3301 857 3639 932 Adaldagus

2058 933 2305 990 decedit.
2337 937 2681 993 Novissimis.

1985 1023 2075 1078 71.
2117 1023 2416 1097 Adaldago
2471 1026 2780 1085 Libencius
2831 1031 3114 1087 succedit.
3165 1033 3283 1089 Rex
3342 1039 3635 1093 Danorum

2061 1112 2414 1170 christianos
2444 1118 2839 1189 persequitur.
2872 1120 3183 1178 Libencius.

1986 1202 2077 1256 72.
2121 1201 2383 1257 Sueones
2414 1203 2680 1275 optinent
2708 1204 2976 1263 Daniam.
3002 1208 3152 1265 Tunc
3176 1213 3608 1282 potentissimus.

1988 1290 2078 1345 73.
2121 1290 2381 1346 Sueones
2411 1297 2469 1347 et
2499 1293 2644 1348 Dani
2678 1295 2936 1352 Saxones
2976 1298 3267 1369 quosdam
3319 1298 3471 1357 bello
3522 1301 3647 1357 vin-

2063 1384 2221 1435 cunt.
2254 1384 2488 1437 Ferunt.

1988 1468 2080 1523 74.
2120 1467 2392 1525 Vindicta
2420 1469 2718 1528 Saxonum
2747 1472 2806 1528 in
2840 1473 3099 1532 Sueones
3128 1480 3186 1532 et
3228 1482 3440 1535 Danos.
3469 1480 3645 1548 Quam

2058 1557 2308 1628 plagam.

1992 1647 2083 1702 75.
2123 1648 2315 1704 Pirate
2344 1649 2578 1705 crebros
2607 1665 2889 1707 excursus
2921 1652 3165 1710 faciunt.
3198 1656 3282 1711 Ex
3309 1656 3428 1711 illo.

306 1741 541 1816 Eruptio
571 1739 925 1813 Ungrorum.
960 1739 1293 1796 Persecutio
1323 1740 1722 1797 ecclesiarum.
1746 1741 1881 1797 Obi—
1915 1778 1964 1844 Β
2126 1737 2319 1844 Ξιιθέο
2352 1737 2484 1793 exul
2514 1739 2798 1844 No‘rvegia
2826 1746 2883 1798 et
2909 1742 3117 1816 Anglia
3144 1743 3400 1816 pellitur.
3432 1748 3581 1803 Post.

309 1839 402 1890 tus
427 1828 747 1903 Adalgarii.
769 1829 925 1885 Anno
954 1829 1207 1885 secundo.

247 1925 329 1980 43.
365 1918 680 1993 Adalgario
700 1919 963 1992 Hogerus
990 1918 1270 1987 succedit,
1291 1919 1393 1993 qui
1414 1924 1472 1976 et
1492 1919 1550 1975 in
1576 1920 1733 1977 brevi
1756 1924 1889 1994 post

315 2012 576 2069 moritur.
606 2014 879 2080 Hogerus.
1378 2032 1381 2033 ν

251 2104 332 2158 44.
368 2106 592 2173 Hogero
615 2098 1034 2172 Reginwardus
1056 2096 1335 2166 succedit,
1358 2098 1458 2169 qui
1481 2103 1537 2154 et
1565 2098 1689 2171 ipse
1715 2098 1887 2172 paulo

319 2195 441 2265 post
469 2188 634 2245 obiit.
660 2186 1079 2260 Reginwardus.

254 2282 337 2338 45.
378 2277 767 2353 Reginwardo
807 2276 962 2333 Unni
1014 2275 1293 2333 succedit.
1327 2276 1531 2345 Gurm,
1565 2293 1664 2333 rex
1694 2277 1889 2334 Dano-

323 2386 470 2438 rum,
499 2366 856 2425 christianos
883 2366 1274 2439 persequitur.
1312 2367 1472 2424 Unni.

259 2460 341 2516 46.
377 2457 659 2515 Henricus
702 2456 1023 2529 imperator
1063 2455 1308 2529 Ungros,
1341 2456 1608 2525 Boemos,
1640 2457 1892 2515 Sorabos

328 2553 379 2605 et
405 2546 634 2604 Sclavos
655 2545 816 2619 gravi
837 2543 989 2601 bello
1021 2545 1334 2618 percussit,
1356 2545 1549 2603 Danos
1568 2561 1700 2602 cum
1732 2561 1893 2602 exer-

327 2638 435 2693 citu
465 2637 710 2693 invadit.
744 2635 812 2690 At
843 2651 983 2691 vero.

260 2728 340 2783 47.
379 2725 525 2783 Unni
556 2724 735 2780 Danis
767 2724 1063 2796 pradicet,
1098 2724 1169 2781 de
1188 2723 1362 2781 Dacia
1383 2725 1454 2780 ad
1478 2725 1736 2781 Sueones
1769 2741 1895 2797 per-

323 2816 422 2889 git.
451 2821 610 2873 Tunc
643 2814 856 2870 beatus.

261 2906 340 2960 48.
379 2904 525 2961 Unni
556 2904 819 2960 Sueonos
849 2902 921 2958 ad
953 2902 1129 2958 fidem
1161 2906 1411 2959 revocat.
1445 2904 1509 2958 In
1537 2919 1596 2960 eo
1624 2907 1805 2975 portu.

262 2994 341 3051 49.
380 2993 530 3050 Unni
562 2993 623 3048 in
653 2990 902 3048 Sueonia
933 2990 1199 3047 moritur.
1230 2993 1491 3064 Perfecto.

249 3084 335 3139 50.
375 3082 708 3155 Adaldagus
748 3080 900 3137 Unni
948 3080 1226 3137 succedit.
1259 3080 1390 3136 Otto
1438 3097 1604 3137 cesar
1648 3081 1893 3137 Daniam

318 3176 526 3242 vastat,
561 3176 754 3227 Danos
783 3171 856 3226 ad
886 3169 1063 3225 ﬁdem
1095 3169 1269 3243 cogit.
1301 3170 1640 3244 Adaldagus.

252 3264 334 3318 51.
379 3262 511 3318 Otto
539 3277 703 3316 cesar
730 3259 1065 3316 Sclavorum
1098 3258 1345 3332 populos
1376 3276 1484 3316 suo
1510 3259 1755 3332 imperio
1784 3261 1894 3316 tri-

318 3353 466 3408 buto
496 3354 555 3406 et
582 3349 712 3405 ﬁdei
753 3348 1072 3405 christiane
1103 3348 1337 3409 subicit.
1360 3351 1563 3405 Ferunt
1592 3350 1786 3405 eciam.

250 3441 341 3497 52.
387 3445 466 3496 De
496 3437 781 3512 Adaldago
812 3438 1107 3511 episcopo.
1138 3438 1362 3510 Nempe.

253 3529 339 3585 53.
384 3529 516 3585 Otto
547 3544 709 3584 cesar
754 3525 1067 3584 Saxoniam
1097 3530 1432 3583 Hcrmanno
1472 3527 1706 3583 cuidam
1738 3545 1897 3584 com-

320 3617 520 3674 mittit.
556 3619 682 3673 Post
710 3617 825 3673 hec.

261 3707 343 3762 54.
374 3706 452 3762 De
482 3704 747 3762 moribus
778 3709 835 3761 et
863 3705 1139 3777 operibus
1172 3704 1515 3761 Hermanni.
1552 3707 1643 3762 Vir
1669 3709 1788 3762 iste.

261 3795 341 3850 55.
382 3794 510 3851 Otto
562 3810 729 3851 cesar
786 3793 1034 3851 Leonem
1096 3811 1307 3867 papam
1366 3794 1689 3867 constituit,
1722 3797 1901 3867 Igitur

323 3884 447 3939 tali.

266 3972 344 4027 56.
382 3973 508 4037 Otto
539 3972 1007 4045 quinquennium
1035 3973 1094 4028 in
1126 3972 1296 4029 Italia
1320 3973 1474 4029 facit.
1497 3975 1574 4029 Eo
1603 3978 1861 4046 tempore.

268 4060 346 4115 57.
385 4062 717 4135 Adaldagus
740 4062 811 4118 ab
837 4061 1003 4118 Italia
1020 4062 1252 4119 rediens
1276 4050 1656 4119 Benedictum
1687 4079 1899 4135 papam

333 4164 521 4208 secum
554 4152 735 4207 ducit.
769 4155 1047 4208 Reversus.

276 4238 354 4294 58.
392 4242 454 4296 Et
478 4240 757 4313 reliquias
806 4245 1143 4298 sanctorum
1192 4239 1497 4312 plurimas.
1530 4241 1901 4316 Archiepisco-

278 4345 753 4486 591.,ugenodochii,
786 4418 943 4489 quod
991 4421 1080 4473 est
1134 4417 1382 4485 Bremis,
1429 4433 1631 4473 curam
1670 4419 1899 4476 habuit.

344 4505 585 4579 Cumque.

282 4593 356 4649 60.
393 4595 513 4653 Otto
560 4612 727 4653 cesar
772 4595 1203 4669 Magedeburgh
1251 4595 1474 4653 Sclavis
1522 4595 1901 4669 metropolem

340 4683 480 4742 facit.
510 4691 636 4758 Ipso
667 4693 920 4758 temmre.

285 4770 357 4826 61.
393 4773 468 4830 De
523 4774 915 4847 sufi'raganeis
975 4767 1528 4847 Magedeburgensis
1582 4774 1902 4847 archiepis-

342 4863 475 4934 copi.
511 4863 1012 4935 Magedeburgensi.

282 4945 355 5003 62.
392 4949 465 5006 De
494 4950 764 5007 orientali
791 4949 978 5005 limite
1008 4950 1274 5007 Saxonis.
1308 4951 1640 5008 Invenimus.

282 5032 358 5089 63.
396 5038 467 5094 De
496 5044 708 5095 natura
736 5043 793 5096 et
823 5038 1057 5112 populis
1085 5038 1404 5096 Sclavanie.
1436 5042 1542 5097 Hec
1569 5041 1686 5097 ille.

285 5122 358 5176 65.
387 5130 701 5186 Sclavania.

289 5207 354 5267 65.
383 5219 526 5275 Inter
554 5234 689 5291 quos
716 5218 904 5276 medii.

293 5292 349 5355 δθο
387 5308 539 5366 Ultra
576 5310 868 5365 Leutictos.

283 5379 348 5446 67.
383 5396 581 5454 Ottoni
600 5413 816 5470 magno
839 5396 1110 5454 morienti
1130 5397 1261 5454 Otto
1287 5397 1599 5455 medianus
1619 5399 1899 5470 succedit,

1992 1826 2085 1879 77.
2126 1825 2206 1881 De
2234 1826 2460 1899 P0pone
2491 1831 2548 1882 et
2576 1828 2807 1886 duobus
2837 1830 3139 1888 miraculis
3170 1849 3284 1904 que
3316 1835 3471 1891 fecit.

1994 1914 2085 1969 78.
2126 1915 2241 1970 Alii
2268 1914 2476 1972 dicunt.
2654 1925 2659 1929 '

1994 2003 2084 2058 79.
2128 2002 2328 2060 Ericus
2358 2021 2458 2061 rex
2485 2006 2836 2078 baptizatur.
2866 2010 3061 2066 Ericus
3090 2012 3286 2081 igitur.

1996 2093 2087 2147 80.
2129 2092 2337 2149 Obitus
2364 2094 2539 2166 Erici,
2562 2096 2655 2152 cui
2674 2100 2864 2155 Sueno
2895 2101 3159 2158 succedit
3188 2102 3245 2158 in
3279 2119 3494 2177 regem.
3518 2107 3649 2164 Post

2065 2186 2320 2239 mortem.

1997 2274 2087 2339 81,.
2130 2273 2487 2329 Nordmanni
2521 2279 2834 2332 struuntur
2861 2294 2895 2333 a
2923 2279 3122 2336 Danis.
3152 2281 3413 2339 Audiens.

2000 2363 2090 2417 82.
2132 2361 2487 2419 Gotebaldus
2556 2364 2798 2437 quidam
2856 2367 3185 2426 Sueonibus
3259 2372 3522 2442 predicat
3592 2380 3651 2431 et

2076 2450 2490 2509 Nordmannis.
2526 2453 2639 2521 Quo
2664 2454 2971 2526 interfecto.

2001 2542 2091 2595 83.
2134 2539 2318 2596 Sclavi
2351 2541 2702 2599 christianos
2732 2549 3138 2614 persecuntur.
3170 2548 3408 2606 Interea.

2002 2630 2089 2685 84.
2134 2629 2456 2702 Ma(r)tyria
2485 2630 2962 2689 christianorum.
2995 2636 3157 2705 Apud
3184 2639 3482 2712 Hamburg.

2001 2721 2090 2774 85.
2135 2719 2444 2777 Libencius
2474 2721 2533 2776 in
2559 2721 2804 2777 Daniam
2835 2723 3140 2798 episcopos
3170 2727 3403 2785 ordinat
3432 2733 3490 2785 et
3517 2735 3651 2803 post

2074 2811 2245 2866 breve
2276 2809 2542 2865 moritur.
2572 2813 2677 2867 Hec
2702 2813 2872 2883 facta.

2001 2901 2092 2955 86.
2134 2898 2405 2956 Libencio
2436 2899 2712 2957 Unvanus
2741 2903 3023 2958 succedit.
3060 2906 3335 2963 Unvanus.

2003 2990 2092 3043 87.
2135 2989 2411 3045 Unvanus
2460 2988 2856 3047 Nordmannis
2902 2997 2960 3049 et
3004 2992 3336 3053 Sueonibus
3388 2998 3654 3055 doctores

2079 3078 2285 3133 mittit.
2318 3078 2397 3133 Ad
2425 3080 2600 3150 cujus.

1924 3151 1967 3218 C
2005 3168 2093 3221 88.
2135 3166 2216 3222 De
2244 3167 2587 3224 muneribus
2616 3168 2865 3225 Unvani.
2898 3172 3175 3230 Unvanus.

2003 3257 2092 3310 89.
2135 3255 2281 3311 Dani
2308 3253 2579 3327 Angliam
2610 3258 2909 3330 navigant.
2939 3260 3115 3317 δαεηο
3140 3278 3259 3317 rex.
3588 3326 3601 3333 κ

2003 3348 2090 3400 90.
2134 3345 2328 3400 Chnut
2355 3344 2607 3400 triennio
2646 3345 2916 3418 Angliam
2967 3355 3286 3421 oppugnat.
3312 3352 3651 3409 Triennium.

2003 3436 2093 3490 91.
2135 3434 2326 3489 Chnut
2381 3449 2627 3506 regnum
2685 3438 2742 3489 et
2796 3451 3034 3491 uxorem
3075 3437 3348 3494 Adelradi
3407 3442 3651 3513 accepit.

2079 3524 2274 3579 Chnut.

2004 3614 2095 3668 92.
2137 3612 2332 3668 Chnut
2366 3612 2671 3685 episcopos
2702 3613 2761 3669 in
2805 3615 3053 3672 Daniam
3097 3617 3256 3673 ducit
3302 3619 3375 3674 ab
3423 3619 3650 3693 Anglia.

2084 3704 2277 3760 Victor.

2005 3793 2095 3846 93.
2139 3795 2313 3847 Cesar
2339 3793 2643 3848 Conradus
2672 3809 2806 3848 cum
2852 3809 2985 3867 rege
3018 3798 3309 3852 Danorum
3340 3813 3543 3869 pacem
3573 3800 3658 3854 fa-

2080 3881 2176 3936 cit.
2209 3881 2363 3936 Anno
2395 3881 2695 3951 pontiﬁcis.

2006 3971 2097 4025 94.
2140 3969 2298 4024 Knut
2325 3974 2382 4024 et
2410 3968 2546 4025 Olaf'
2569 3986 2733 4043 reges
2765 3973 3040 4028 continue
3067 3973 3310 4030 bellant.
3343 3977 3513 4031 Inter.

2006 4061 2097 4114 95.
2140 4058 2416 4115 Unvanus
2450 4060 2751 4132 llamburg
2780 4066 3033 4117 renovat.
3064 4064 3142 4117 Eo
3172 4067 3432 4133 tempore.

2007 4150 2097 4203 96.
2138 4147 2465 4204 Martirium
2494 4147 2654 4204 Olavi
2685 4149 2859 4222 regis.
2894 4150 3039 4222 Otaf.

2008 4239 2099 4294 97.
2139 4236 2463 4293 Martirium
2492 4236 2799 4294 Wolfredi.
2831 4245 2942 4296 Per
2971 4240 3136 4296 idem.

2007 4328 2095 4383 98.
2141 4328 2379 4384 Unvano
2408 4326 2708 4383 Libencias
2739 4329 3017 4384 succedit.
3051 4330 3364 4390 Libencius.

2008 4418 2097 4472 99.
2143 4416 2300 4471 Knut
2324 4415 2439 4470 tria
2467 4432 2645 4488 regna
2677 4417 2953 4487 possedit.
2992 4420 3243 4490 Tempore
3271 4422 3388 4477 illo.

1929 4525 1978 4588 D
2010 4507 2134 4563 100.
2174 4504 2359 4560 Trans
2386 4503 2615 4560 Albiam
2647 4522 2758 4577 pax
2787 4504 2915 4560 fuit.
2948 4506 3415 4580 ArchiepisoOpus.

2014 4596 2136 4650 101.
2180 4593 2491 4649 Libencius
2521 4593 2661 4649 obit.
2692 4595 2925 4650 Interea.

2014 4685 2136 4739 102.
2179 4683 2551 4739 Hermannus
2587 4682 2846 4739 succedit
2887 4688 2944 4738 et
2992 4688 3124 4755 post
3171 4685 3340 4739 breve
3387 4684 3656 4741 moritur.

2082 4775 2445 4827 Hermannus.

2014 4863 2135 4916 103.
2178 4861 2447 4917 Ezelinus
2468 4862 2489 4895 ε
2518 4860 2797 4917 succedit.
2829 4859 3137 4916 [Stetimus

2014 4951 2135 5007 104.
2176 4953 2282 5007 Hec
2308 4952 2435 5006 dum
2462 4953 2673 5006 Brome.

2014 5042 2135 5096 105.
2178 5043 2348 5096 Trans
2371 5041 2585 5095 Albiam
2615 5056 2732 5097 suo.

2014 5132 2135 5186 106.
2178 5129 2667 5202 Archiepiscopus
2696 5130 3002 5204 episcopos
3048 5132 3110 5188 in
3156 5132 3404 5189 Daniam
3456 5132 3657 5188 mittit.

2082 5220 2547 5292 Archiepiscopus.

2014 5312 2136 5364 107.
2178 5313 2499 5381 Imperator
2558 5311 2682 5367 obit
2737 5316 2793 5368 et
2838 5313 2911 5369 de
2942 5311 3181 5385 regibus
3219 5310 3655 5385 septentrionis.

2084 5399 2239 5454 Anno
2263 5398 2564 5470 pontiﬁcis.

1606 5524 1846 5582 VARUE
1885 5524 2300 5583 LECTIONES.

291 5585 337 5691 ’
366 5613 492 5692 Leg.
525 5613 849 5672 Bezelinus.
