4030 6186
226 334 322 398 451
900 336 1156 400 GESTA
1203 336 1682 401 PONTIFICUM
1729 336 2464 400 HAMMABURGENSIS
2508 339 2930 404 ECCLESIE.
3503 344 3620 404 458

259 469 336 523 06.
366 469 442 523 De
472 468 766 539 episcopis
797 469 951 540 quod
985 469 1241 525 domnus
1277 468 1633 525 Adalbertus
1675 469 1862 525 diver-
1893 470 1947 535 Α
1977 470 2249 525 Hactenus
2278 469 2344 524 de
2375 472 2572 527 insulis
2602 472 2902 528 Danorum.
2935 474 3090 529 Nunc
3120 472 3185 528 de
3212 473 3410 529 insulis
3458 473 3624 530 Sueo-

282 556 355 613 sis
384 556 730 629 regionibus
762 558 1094 614 constituit.
1128 560 1243 630 Ipsi
1268 574 1411 615 vero.
2039 576 2173 613 num
2203 560 2314 614 sive
2346 560 2809 617 Nor-marinorum.

228 647 337 701 207.
365 644 672 719 Eodemque
692 644 895 702 studio.
1967 648 2093 703 230.
2127 648 2207 704 De
2238 648 2490 704 Sueonia
2533 653 2591 705 et
2638 650 2901 707 moribus
2946 653 3233 724 gentium.
3268 653 3619 709 Transeunti-

2041 738 2156 793 bus.

1968 826 2094 880 231.
2132 831 2207 881 De
2238 826 2621 883 multitudine
2649 833 2963 885 Sueonum.
2998 832 3223 902 Populi.

226 915 340 970 208.
370 914 452 970 De
479 912 720 969 Jutland
752 916 809 969 et
841 914 1272 985 episcopatibus
1325 914 1384 970 in
1432 931 1518 971 ea.
1568 916 1861 970 Prouincia
1967 916 2093 970 232.
2129 915 2210 971 De
2238 916 2530 989 episcopis
2562 918 2880 973 Sueonum.
2916 922 2998 974 Ex
3026 920 3180 989 ipsis.

545 790 842 861 Descriptio
875 789 1194 845 insularum
1226 791 1525 862 aquilonis.

288 1005 584 1060 Danorum.
1963 1004 2093 1059 233.
2128 1005 2449 1077 Descriptio
2480 1007 2729 1063 Sueonie
2760 1011 2816 1062 et
2844 1011 3110 1063 monstra
3139 1009 3411 1080 quedam.
3446 1011 3623 1081 Igitur

225 1093 339 1149 209.
367 1092 612 1149 Jutland
640 1092 783 1149 olim
813 1092 962 1148 duos
991 1093 1363 1167 episcopatus
1394 1093 1617 1150 habuit.
1670 1098 1863 1150 Postea
2040 1102 2122 1149 ut.
3402 1146 3405 1149 .

291 1197 430 1239 vero.
1970 1183 2096 1237 234.
2124 1187 2204 1238 De
2235 1184 2762 1256 supersticionibus
2812 1186 3130 1242 Sueonum.
3181 1186 3620 1244 Nobilissimum.

221 1272 335 1327 210.
364 1271 447 1327 De
480 1271 665 1328 tribus
694 1271 874 1327 Danie
903 1271 1196 1344 episcopis
1248 1276 1307 1328 et
1352 1272 1423 1327 de
1472 1271 1737 1344 Eligland
1778 1272 1863 1327 in-
1973 1272 2099 1326 235.
2134 1271 2215 1326 De
2244 1273 2668 1342 sacerdotibus,
2701 1274 2869 1330 festis
2886 1277 2943 1330 et
2964 1274 3135 1332 donis
3165 1275 3628 1332 Sueonum.0m-

287 1359 430 1416 sula.
461 1360 904 1433 Archiepiscopus
934 1376 1079 1417 vero.
2045 1362 2210 1416 nibus
2240 1363 2443 1432 itaque.

218 1451 335 1505 211.
369 1454 447 1505 De
474 1449 653 1505 Fiune
682 1449 901 1505 insula.
936 1451 1156 1506 Fiunis.
1973 1450 2098 1504 236.
2133 1449 2483 1505 Miraculum
2516 1452 2834 1524 quoddam.
2868 1454 2931 1507 In
2959 1452 3170 1509 eadem.

219 1539 337 1593 212.
368 1538 450 1594 De
476 1536 684 1594 Seland
716 1537 933 1594 insula.
964 1538 1185 1594 Seland.
1973 1539 2098 1594 237.
2132 1543 2210 1594 De
2239 1537 2590 1595 Adalwardo
2622 1540 2915 1613 episcopo.
2950 1542 3160 1609 Quibus
3205 1543 3627 1600 miraculorum.

218 1627 339 1683 213.
371 1626 452 1682 De
484 1643 625 1682 auro
657 1630 974 1683 Danorum.
1007 1627 1242 1682 Aurum.
1974 1628 2100 1683 238.
2136 1632 2213 1683 De
2247 1626 2599 1684 Adalwardo
2648 1633 2704 1685 et
2749 1629 3003 1701 Eginone
3060 1629 3352 1704 episcopis
3397 1637 3454 1688 et
3497 1648 3631 1705 rege

219 1717 339 1771 214.
370 1716 452 1772 De
480 1715 716 1772 Skania.
750 1722 793 1773 Α
826 1715 1045 1772 Seland.
2048 1716 2303 1772 Stenkel.

374 1808 456 1905 13:3
483 1804 822 1905 episcopatu
853 1804 1077 1905 Setinis.
1105 1805 1170 1903 In
1196 1804 1405 1903 eadem.
1569 1896 1606 1905 _
1898 1841 1946 1905 B
1978 1893 2081 1905 mn
2136 1893 2175 1905 ﬁ
2247 1894 2292 1905 ῃ
2478 1893 2487 1905 .
2597 1807 2680 1905 ‘De
2707 1809 2998 1905 Norvegia.

223 1895 344 1949 216.
376 1894 460 1950 De
491 1893 748 1966 Eginone
773 1897 975 1965 postea
1003 1893 1210 1948 Scanie
1234 1893 1529 1965 episcOpo.
1561 1896 1776 1973 Fertur,
1898 1893 1945 1905 ν
1975 1893 2101 1948 239.
2135 1893 2215 1948 De
2247 1893 2530 1966 Norvegia
2558 1899 2615 1950 et
2644 1896 2907 1951 moribus
2936 1895 3146 1968 gentis.
3180 1896 3583 1955 Nordmannia.

223 1985 340 2039 217.
374 1982 456 2038 De
488 1986 700 2038 natura
730 1981 937 2037 Baltici
970 1982 1171 2037 maris.
1206 1983 1364 2038 Nunc
1391 1989 1598 2038 autem.
1977 1984 2103 2037 240.
2138 1983 2218 2039 De
2248 1985 2395 2039 bene
2424 1984 2773 2041 Christianis
2802 1990 2860 2041 et
2893 1986 3083 2059 magis
3132 1986 3191 2041 in
3225 1986 3533 2061 Norvegia.
3574 1991 3633 2045 In

226 2074 344 2127 218.
378 2077 458 2128 De
489 2071 854 2144 longitudine
884 2072 1033 2142 ejus.
1061 2072 1212 2139 Quod
1239 2079 1442 2127 autem.
2049 2074 2258 2129 multis.

224 2161 343 2215 219.
379 2165 455 2215 De
485 2158 798 2216 latitudine
826 2160 975 2231 ejus.
1009 2160 1397 2217 Latitudinem.
1980 2163 2104 2217 241.
2140 2163 2221 2219 De
2270 2163 2561 2219 Trondem
2589 2164 2895 2236 metropoli
2925 2170 2981 2220 et
3010 2164 3185 2222 Olavo
3229 2167 3483 2223 martire.
3533 2168 3636 2223 Ille-

225 2252 347 2305 220.
379 2249 461 2305 De
489 2249 762 2321 gentibus
784 2249 939 2304 circa
959 2265 1118 2305 mare
1144 2248 1460 2305 Balticum.
1485 2251 1655 2316 Hunc,
1671 2251 1869 2323 inquit.
2057 2252 2300 2324 tropolis.

223 2340 347 2395 221.
382 2338 597 2395 Gentes
631 2339 703 2393 ad
734 2341 1003 2394 austrum
1035 2337 1213 2408 hujus
1242 2338 1395 2394 freti.
1423 2340 1609 2411 Itaque
1637 2342 1827 2412 primi.
1984 2342 2109 2395 242.
2143 2346 2221 2396 De
2251 2341 2458 2413 primis
2485 2341 2545 2397 in
2575 2341 2860 2415 Norvegia
2889 2342 3201 2415 episcopis.
3237 2344 3300 2398 In
3328 2344 3635 2401 Nordman-

221 2430 346 2483 222.
380 2427 595 2483 Gentes
623 2426 989 2498 aquilonales
1020 2426 1171 2498 ejus.
1205 2429 1272 2482 At
1301 2443 1449 2484 vero.
2059 2432 2173 2485 nia.

224 2519 347 2573 223.
381 2515 634 2572 Nomina
658 2514 989 2571 insularum
1021 2514 1366 2571 multarum.
1401 2516 1568 2573 Multe
1592 2522 1741 2573 sunt.
1986 2519 2111 2574 243.
2145 2519 2224 2574 De
2256 2518 2620 2574 Orchadibus
2650 2518 2881 2574 insulis.
2915 2526 3039 2575 Post
3067 2520 3528 2579 Nordmanniam.

225 2607 349 2660 224.
384 2604 464 2661 De
488 2603 728 2660 Estland
761 2603 977 2660 insula.
1008 2605 1288 2660 Preterea.
1985 2609 2112 2663 244.
2145 2608 2225 2663 De
2256 2607 2449 2663 insule
2479 2607 2617 2681 Tyle
2648 2613 2704 2663 et
2733 2607 2965 2680 populis
2997 2610 3057 2663 in
3090 2624 3176 2665 ea.
3210 2610 3400 2666 Insula
3431 2612 3575 2683 Tyle.

223 2696 347 2750 225.
382 2694 463 2749 De
498 2694 735 2749 Fembre
766 2692 983 2749 insula.
1020 2693 1122 2749 Ille
1147 2702 1358 2749 autem.
1504 2766 1515 2773 ⁶
1986 2698 2113 2751 245.
2147 2697 2228 2753 De
2259 2696 2556 2752 Gronland
2588 2696 2802 2753 insula.
2840 2696 2975 2752 Sunt
3006 2706 3209 2754 autem.

227 2784 353 2839 226.
385 2782 467 2838 De
497 2782 625 2838 Rivi
653 2782 676 2817 ⁹
703 2787 762 2838 et
791 2781 961 2838 Rami
992 2780 1208 2838 insula.
1239 2783 1424 2839 Altera
1450 2792 1548 2839 est.
1987 2786 2114 2841 246.
2152 2787 2229 2841 De
2261 2784 2580 2859 Halagland
2612 2785 2825 2842 insula.
2865 2788 3050 2843 Tercia
3081 2794 3174 2843 est.

228 2873 352 2928 227.
383 2872 465 2928 De
488 2870 767 2927 Semland
798 2870 994 2927 insula
1021 2873 1079 2927 et
1111 2871 1368 2928 martirio
1417 2871 1714 2928 Adalberti
1758 2873 1878 2946 epi-
1987 2876 2093 2929 247
2101 2918 2113 2930 .
2147 2874 2227 2929 De
2258 2874 2559 2929 Winland.
2592 2877 2870 2931 Preterea.

303 2960 484 3034 scopi.
516 2961 702 3016 Tercia
727 2968 828 3016 est.
1986 2966 2112 3020 248.
2145 2964 2227 3019 De
2258 2963 2613 3036 quibusdam
2646 2963 3077 3036 navigantibus.
3112 2966 3243 3021 Item
3272 2967 3479 3022 retulit.

239 3051 357 3106 228.
388 3054 468 3106 De
499 3048 913 3120 Amazonibus,
945 3048 1383 3121 Cynocephalis,
1416 3049 1637 3124 Alanis,
1669 3054 1882 3107 Macro-
1986 3054 2112 3108 249.
2146 3054 2291 3108 Item
2321 3052 2391 3107 de
2422 3051 2665 3108 eisdem.
2698 3053 2762 3108 At
2782 3053 2924 3125 jam.

307 3139 419 3195 biis
445 3144 503 3195 et
527 3138 659 3196 aliis
690 3138 989 3195 monstris.
1017 3137 1155 3193 Sunt
1182 3146 1237 3194 et
1264 3140 1396 3195 alie.
1990 3144 2117 3197 250.
2151 3141 2288 3197 Sunt
2317 3145 2370 3197 et
2400 3140 2549 3198 alia.

236 3229 362 3284 229.
395 3229 536 3285 Item
566 3228 640 3284 de
670 3227 890 3284 Baltico
940 3227 1087 3283 freto
1130 3231 1189 3282 et
1235 3228 1444 3284 abbate
1488 3227 1725 3287 Hiltino.
1778 3234 1883 3289 Hec
1912 3199 1956 3267 α
1991 3233 2117 3289 251.
2151 3232 2271 3286 Hac
2295 3237 2425 3285 sunt
2452 3246 2573 3301 que.

308 3318 499 3374 habui.
1933 3373 1936 3376 .
1992 3322 2118 3377 252.
2150 3320 2282 3376 Ecce
2308 3320 2411 3375 illa
2440 3319 2805 3390 ferocissima.

1526 3443 1953 3504 EXPLICIUNT
1991 3444 2359 3504 CAPITULA.

358 3664 468 3756 M.
545 3664 862 3756 ADAMI
909 3663 1228 3757 GESTA
1272 3664 2188 3759 HAMMABUBGENSIS
2251 3664 2753 3758 ECGLESIIE
2799 3664 3400 3801 PONTiFICUM
3439 3650 3515 3757 ¹⁰.

303 3880 629 3936 Beatissimo
680 3880 831 3952 patri
893 3887 946 3935 et
1012 3879 1179 3936 electo
1234 3876 1426 3937 celitus
1491 3883 1890 3955 archiepiscopo
2000 3898 2132 3938 ecce
2163 3884 2479 3938 occurrunt
2501 3881 2547 3916 ²⁰
2578 3879 2759 3935 michi
2787 3879 3063 3952 plurima,
3095 3881 3390 3937 interdum
3435 3880 3651 3954 legenti

234 3968 746 4038 Hammaburgensi
775 3969 816 4005 ¹¹
850 3969 1109 4024 LIBMARO
1158 3975 1253 4040 Α.,
1285 3971 1551 4026 minimus
1599 3972 1644 4007 ¹²
1688 3976 1893 4027 sanctae
2000 3970 2087 4027 vel
2118 3970 2378 4026 audienti
2412 3970 2562 4025 facta
2592 3969 2664 4023 ab
2695 3968 3165 4025 antecessoribus
3192 3970 3401 4026 vestris
3423 3971 3488 4037 '1,
3523 3987 3649 4042 quae

237 4060 549 4115 Bremensis
574 4057 825 4115 ecclesiae
850 4059 1166 4123 canonicus,
1199 4060 1423 4130 integrae
1452 4060 1753 4117 devotionis
1771 4077 1895 4132 ραν-
2001 4064 2127 4115 tum
2161 4059 2251 4115 sui
2284 4057 2707 4131 magnitudine,
2740 4061 2868 4114 tum
2898 4057 3155 4114 ecclesias
3184 4058 3360 4129 hujus
3392 4058 3651 4114 necessi-

240 4163 371 4203 vum
397 4165 643 4225 munus“
2002 4152 2120 4204 tate
2147 4149 2461 4203 videantur
2490 4148 2668 4219 digna
2707 4147 2910 4203 relatu.
2962 4148 3074 4203 Sed
3128 4148 3408 4219 quoniam
3452 4164 3650 4204 rerum

321 4236 465 4294 Cum
496 4237 557 4292 in
588 4253 904 4293 numerum
952 4238 1147 4311 gregis
1188 4238 1362 4294 vestri
1396 4239 1460 4307 ‘3,
1493 4243 1694 4311 pastor
1721 4255 1893 4295 evan-
2004 4237 2290 4293 memoria
2317 4236 2475 4305 latet,
2510 4241 2568 4292 et
2600 4237 2935 4310 pontiﬁcem
2966 4235 3078 4292 loci
3108 4235 3367 4309 hystoria
3416 4254 3531 4293 non
3562 4244 3655 4293 est

245 4323 643 4399 gelice,nuper
670 4327 715 4361 ¹⁴
743 4343 779 4381 a
806 4326 1109 4383 decessore
1138 4326 1181 4361 ¹⁶
1210 4330 1401 4382 vestro
1435 4326 1737 4400 colligerer
1759 4327 1894 4399 (84),
2006 4326 2223 4381 tradita
2249 4324 2484 4395 litteris,
2516 4327 2761 4381 fortasse
2792 4324 3000 4381 dixerit
3028 4324 3264 4397 aliquis;
3288 4329 3391 4381 aut
3409 4326 3453 4360 ²²
3473 4323 3655 4380 nichil

252 4413 454 4470 sedulo
480 4431 717 4488 operam
748 4414 906 4483 dedi,
936 4430 1010 4471 ne
1040 4414 1355 4487 proselitus
1386 4419 1445 4471 et
1472 4415 1695 4471 advena
1745 4414 1895 4471 tanti
1924 4419 1972 4484 D
2003 4430 2103 4471 eos
2133 4414 2380 4486 dignum
2412 4413 2697 4469 memoria
2727 4412 2934 4469 fecisse
2966 4412 3027 4468 in
3059 4413 3269 4469 diebus
3299 4413 3443 4485 suis,
3474 4417 3578 4469 aut
3605 4412 3658 4468 si

263 4505 508 4560 muneris
534 4503 817 4561 beneficio
847 4503 1117 4577 ingratus
1146 4502 1615 4561 existerem.Mox
1642 4504 1823 4577 igitur
1850 4506 1893 4541 ¹⁶
2002 4503 2261 4560 fecerant
2288 4503 2333 4537 ³³
2366 4501 2689 4574 quippiam,
2723 4500 3077 4573 scriptorum
3118 4502 3219 4572 qui
3254 4501 3363 4557 hoc
3407 4500 3660 4572 posteris

270 4592 327 4642 ut
351 4592 528 4649 oculis
578 4596 756 4665 atque
806 4593 1052 4649 auribus
1104 4592 1297 4665 accepi
1329 4593 1443 4665 (85)
1474 4592 1781 4649 ecclesiam
1809 4609 1903 4649 ve-
2010 4592 2308 4648 traderent
2335 4589 2641 4663 diligentia
2671 4589 2952 4645 caruisse.
2996 4589 3111 4644 Hac
3160 4605 3266 4660 ego
3315 4589 3664 4644 necessitate

274 4680 442 4736 stram
472 4683 511 4717 ¹⁷
542 4682 769 4754 antiqui
811 4681 1052 4738 honoris
1081 4680 1383 4754 privilegio
1415 4682 1593 4738 nimis
1625 4687 1903 4738 extenua-
2013 4678 2669 4754 persuasus,appu1ime
2683 4678 2752 4733 ad
2767 4678 3143 4733 scribendum
3166 4678 3236 4732 de
3257 4676 3664 4732 Bremensium

272 4764 379 4823 tam
438 4771 498 4838 η,
557 4769 764 4826 multis
829 4786 996 4843 egere
1066 4774 1539 4825 constructorum
1608 4770 1903 4838 manibus,
2017 4770 2137 4826 sive
2169 4767 2804 4839 Hammaburgensium
2835 4766 2984 4822 serie
3013 4766 3354 4839 praestitum,
3387 4782 3503 4821 non
3535 4765 3668 4821 alie-

270 4857 583 4929 cogitabam
614 4859 739 4931 diu,
771 4876 886 4931 quo
932 4858 1150 4915 laboris
1199 4859 1381 4915 nostri
1420 4860 1463 4894 ¹⁹
1519 4859 1905 4927 monimento,
2018 4876 2161 4914 num
2210 4858 2454 4914 credens
2485 4872 2625 4911 mea:
2667 4854 2994 4910 devotionis
3043 4855 3232 4912 ofﬁcio
3283 4872 3385 4911 seu
3435 4854 3667 4927 negotio

268 4944 604 5003 exhaustam
650 4947 874 5004 viribus
924 4952 1176 5004 matrem
1223 4948 1516 5020 potuerim
1559 4949 1779 5019 juvare.
1840 4948 1913 5004 Et
2020 4951 2223 5003 vestrae
2252 4947 2297 4980 ²⁴
2336 4942 2666 5018 legationis,
2719 4942 2789 5011 si,
2843 4960 2977 4999 cum
3025 4943 3137 5000 sim
3187 4943 3345 5000 filius
3388 4942 3669 5040 ecclesias,

1622 5072 1868 5127 νΑΒΙιΕ
1904 5069 2316 5126 LECTIONES.

232 5217 275 5242 _._
343 5167 364 5201 ⁹
391 5169 523 5241 Lege
548 5168 747 5242 Runi.
803 5170 846 5204 ¹⁰
875 5171 1178 5242 Inscriptio
1204 5169 1346 5226 deest
1374 5172 1433 5226 in
1465 5169 1516 5225 l.
1551 5169 1759 5242 Incipit
1792 5169 2067 5242 prologue
2097 5132 2501 5242 (prologu‘meﬁn
2531 5167 2566 5219 2
2594 5166 2674 5242 a._)
2704 5165 2983 5242 canonici
2989 5166 3307 5242 cujusdam
3346 5164 3674 5242 bremensis

221 5235 329 5315 ζει
363 5235 527 5311 gesta
555 5240 907 5315 pontificum,
931 5235 1333 5315 bremensium
1364 5244 1417 5295 2.
1450 5242 1567 5315 2a.
1603 5235 1815 5314 Incipit
1836 5235 2408 5315 AHammab'urgeﬁsis
2438 5235 2701 5315 hystoria
2731 5238 2792 5315 _li.
2871 5238 2911 5273 “
2963 5235 3408 5315 Hamburgensi
3438 5239 3491 5290 2.
3541 5237 3575 5289 2
3622 5253 3676 5291 a.

210 5304 299 5385 (3-
355 5304 579 5385 semper:
662 5314 707 5349 ¹²
733 5314 799 5367 Ai
832 5313 1052 5369 mimus
1081 5328 1223 5368 corr.
1253 5313 1583 5368 Aimundus
1611 5316 1648 5367 2
1674 5304 1748 5368 αἶ
1810 5313 1854 5348 ¹³
1885 5312 2154 5385 nostri}.
2199 5304 2279 5385 7‘
2310 5304 2499 5385 nuper
2524 5309 2685 5385 deest.
2722 5310 2770 5363 1.
2805 5312 3021 5385 nu_nc2
3048 5326 3105 5385 a.
3156 5304 3258 5385 “5'
3274 5308 3681 5385 predecessors

199 5360 233 5457 ἑ
270 5360 625 5457 ς’Ἶῖτὲιέέο
681 5360 1051 5454 2ἓ’ὲ.εἷρὲίἷ.ςῗ”
1081 5360 2154 5457 “nostram-3:"'BVattenuatam-M;'
2196 5360 3013 5457 ίο-νέεἷῖίἐὲ.”⁷ἰδ’ῥᾱόμῖιῖῑῐῇζ
3046 5360 3104 5434 Ξ.
3146 5379 3199 5435 4.
3237 5360 3678 5436 οὲίὶιᾶἷτιῖῖίὶόἷνζ

186 5446 590 5512 ο-Ξοιιιταιῆ
616 5458 653 5511 2
680 5474 734 5512 a.
835 5446 878 5490 εἶ
911 5456 1129 5513 nostris
1155 5459 1193 5511 2
1221 5472 1274 5512 a.
1307 5458 1360 5511 3.
1438 5457 1484 5490 ²¹
1517 5459 1581 5510 ut
1615 5458 1663 5512 1.
1743 5456 1788 5490 ’³
1814 5455 2058 5513 fecerint
2086 5455 2122 5508 2
2148 5471 2202 5508 a.
2234 5455 2288 5509 3.
2363 5454 2410 5487 "
2439 5456 2647 5508 nostris
2677 5453 2731 5507 3.
2764 5451 2897 5507 date
2925 5452 2959 5503 2
2988 5468 3042 5517 a,
3075 5466 3105 5505 e
3132 5467 3273 5507 corr.

1858 5583 1906 5637 Ν
1912 5579 2090 5637 ΟΤᾸΞ).

350 5677 465 5753 (84)
492 5681 584 5738 Sc.
617 5695 772 5737 anno
804 5681 962 5737 1068.
1312 5707 1321 5712 -
2111 5677 2227 5754 (85)
2259 5676 2441 5735 Oculis
2473 5676 2721 5750 accipere
2752 5674 2882 5748 Vig.
2908 5673 3035 5732 Ain.
3067 5674 3106 5733 l.
3143 5693 3215 5749 IV,
3334 5676 3461 5731 531.

552 5809 826 5903 Psrnon.
873 5807 1134 5873 CXLVI.
3299 5804 3373 5862 15
