4030 6186
387 272 504 331 463

1515 262 1769 324 ADAMI
1812 262 2178 323 GANONICI
2224 260 2671 322 BREMENSIS

3637 271 3736 330 464

386 403 470 459 eis
518 400 789 475 occupari
814 417 928 455 non
951 398 1157 471 potuit,
1174 401 1397 470 partem
1428 397 1749 467 illius,eam
1782 397 2034 453 maxime
2061 397 2113 463 Α
2146 394 2395 450 maxime
2426 395 2831 451 observabant.
2867 394 3120 449 Sortium
3153 397 3498 453 consuetudo
3525 398 3743 472 simplex

387 511 512 566 quae
564 490 799 563 respicit
848 488 1149 552 orientem,
1211 486 1431 543 colonis
1475 488 1785 543 tradebant
1832 487 2032 557 singu-

385 582 460 638 lis
495 584 579 652 ¹³⁰,
610 596 713 652 pro
746 595 853 633 sua
900 581 1054 633 sorte
1087 577 1196 631 sub
1246 577 1464 631 tributo
1500 577 1565 611 ¹³ί
1613 576 2030 641 exercendam;

387 673 591 723 caetera
616 682 747 722 vero
781 664 908 720 loca
932 663 1044 735 ipsi
1077 664 1481 735 possederunt.

456 758 508 811 5.
542 758 587 810 A
618 754 863 809 meridie
912 754 1150 825 quidem
1184 754 1432 808 Francos
1482 754 1763 808 habentes
1813 757 1869 807 et
1902 769 2031 823 par-

388 850 505 900 tem
546 843 1007 915 Thuringorum,
1042 860 1185 914 quos
1222 845 1552 913 praecedens
1600 842 1829 898 hostilis
1862 843 2033 896 turbo

387 952 501 989 non
533 934 725 1005 tetigit
748 934 833 1003 ‘3’,
859 932 1137 1003 alveoque
1170 932 1430 986 fluminis
1455 932 1724 987 Unstrote
1747 932 2032 986 dirimun-

390 1028 490 1077 tur
514 1040 527 1089 ;
563 1040 596 1077 a
627 1022 1025 1093 septentrione
1053 1038 1187 1076 vero
1205 1020 1632 1088 Nordmannos,
1653 1025 1855 1091 gentes
1888 1020 2033 1073 fero-

388 1110 697 1177 cissimas;
743 1110 813 1164 ab
864 1114 993 1163 ortu
1043 1108 1184 1162 solis
1234 1108 1543 1162 Obodritos
1592 1108 1693 1173 ‘33;
1744 1112 1799 1161 et
1851 1108 1914 1140 ‘3‘
1962 1106 2032 1159 ab

387 1216 596 1255 occasu
651 1199 867 1265 Frisos,
917 1215 949 1251 a
997 1197 1211 1269 quibus
1278 1196 1403 1251 sine
1457 1195 1890 1250 intermissione
1947 1193 2033 1248 vel

391 1290 581 1344 federe
610 1287 699 1343 vel
731 1286 1154 1342 concertatione
1184 1286 1511 1340 necessaria
1549 1285 1752 1338 ﬁnium
1793 1299 2033 1338 suorum

389 1377 589 1448 spacia
621 1378 685 1413 135
714 1377 1047 1430 tuebantur.
1088 1376 1263 1429 Erant
1292 1374 1446 1428 enim
1498 1374 1744 1445 inquieti
1779 1372 1953 1427 nimis
1980 1376 2037 1425 et

390 1466 773 1520 ﬁnitimorum
828 1464 1068 1519 sedibus
1120 1463 1315 1517 infesti
1355 1464 1438 1532 ίῖίδ,
1471 1462 1629 1518 domi
1674 1478 1805 1517 vero
1847 1460 2034 1532 pacati

388 1558 446 1609 et
476 1555 687 1609 civium
737 1553 1089 1608 utilitatibus
1135 1552 1360 1623 placida
1412 1551 1771 1623 benignitate
1824 1567 2032 1604 consu-

388 1642 593 1700 lentes.

459 1734 512 1787 6.
547 1734 670 1805 ([5.]
712 1732 849 1804 Cap.
880 1733 959 1801 5.)
1010 1754 1037 1781 ‹‹
1068 1730 1309 1785 Generis
1351 1745 1583 1800 quoque
1615 1746 1679 1783 ac
1712 1726 2032 1826 nobilitatis
2065 1762 2113 1826 B

389 1839 508 1878 suae
557 1821 1030 1893 providissimam
1088 1836 1286 1873 curam
1346 1819 1647 1882 habentes,
1706 1833 1810 1871 nec
1870 1814 2035 1870 facile

391 1910 527 1965 ullis
557 1909 807 1965 aliarum
836 1908 1105 1979 gentium
1126 1906 1214 1962 vel
1250 1907 1360 1961 sibi
1394 1907 1734 1961 inferiorum
1769 1904 2037 1959 conubiis

388 1998 607 2063 infecti,
642 1998 935 2069 propriam
985 2002 1042 2052 et
1086 1996 1394 2061 sinceram,
1430 2000 1773 2065 tantumque
1828 1994 1918 2048 sui
1970 1994 2037 2028 ¹³⁷

390 2087 644 2143 similem
675 2092 906 2158 gentem
941 2085 1126 2140 facere
1174 2085 1365 2140 conati
1414 2090 1569 2140 sunt.
1606 2084 1766 2139 Unde
1800 2084 2037 2138 habitus

390 2192 622 2248 quoque
636 2193 700 2231 ac
722 2175 1062 2245 magnitudo
1079 2191 1387 2245 corporum
1414 2190 1833 2244 comarumque
1855 2172 2033 2239 color,

390 2267 544 2322 sicut
576 2266 643 2301 1³⁸
671 2265 729 2319 in
772 2268 933 2319 tanto
966 2280 1208 2319 numero
1243 2264 1571 2333 hominum,
1605 2262 1759 2317 idem
1797 2263 1861 2297 ‘39
1892 2278 2037 2334 pene

389 2355 687 2411 omnibus.
721 2356 979 2419 Quatuor
1006 2353 1185 2423 igitur
1215 2353 1557 2408 ditlerentiis
1597 2369 1738 2423 gens
1770 2350 1868 2405 illa
1899 2368 2034 2406 eon-

387 2446 567 2515 sistit,
602 2443 884 2499 nobilium
919 2441 1211 2497 scilicetet
1238 2441 1575 2509 liberorum,
1600 2441 1943 2496 libertorum
1971 2439 2037 2473 ¹⁴⁰

388 2538 566 2603 atque
588 2547 909 2588 servorum.
926 2532 995 2585 Et
1022 2531 1081 2583 id
1105 2530 1329 2600 legibus
1352 2532 1670 2595 ﬁrmatum,
1697 2534 1759 2582 ut
1781 2528 1944 2582 nulla
1968 2530 2031 2563 ¹⁴ί

391 2638 529 2693 pars
562 2621 621 2675 in
655 2620 1001 2692 copulandis
1032 2618 1320 2689 conjugiis
1350 2618 1594 2689 propria:
1626 2618 1799 2673 sortis
1834 2618 2034 2672 termi-

390 2728 498 2766 nos
527 2710 876 2777 transferat;
913 2709 1014 2763 sed
1048 2707 1261 2763 nobilis
1307 2706 1561 2761 nobilem
1595 2708 1768 2761 ducat
1798 2723 2035 2761 uxorem

387 2804 445 2854 et
483 2799 630 2853 liber
674 2797 938 2862 liberam,
968 2796 1215 2851 libertus
1261 2797 1651 2867 conjungatur
1696 2797 1761 2849 “3
1814 2795 2034 2849 libertae

387 2891 445 2944 et
476 2903 676 2943 servus
707 2884 951 2941 ancilla}.
977 2884 1037 2940 Si
1068 2901 1200 2940 vero
1231 2884 1522 2955 quispiam
1546 2884 1756 2939 horum
1783 2883 1895 2938 sibi
1921 2901 2035 2939 non

390 2979 807 3048 congruentem
844 2975 910 3009 1‘3
940 2977 995 3029 et
1024 2989 1234 3045 genere
1267 2974 1728 3044 praestantiorem
1762 2974 1830 3008 1“
1857 2973 2035 3028 duxe-

390 3065 467 3119 rit
496 3080 758 3131 uxorem,
782 3080 916 3119 cum
938 3063 1070 3118 vita:
1100 3079 1217 3117 suae
1240 3063 1495 3133 dampno
1518 3066 1851 3133 componat.
1878 3062 2037 3133 Legi-

2142 488 2283 539 erat.
2316 483 2551 555 Virgam
2608 484 2672 518 “‘3
2718 483 3006 554 frugiferae
3062 483 3130 517 ‘5‘
3180 484 3369 538 arbori
3413 486 3662 554 decisam,
3688 491 3740 546 in

2144 572 2411 629 surculos
2469 573 2874 644 amputabant,
2936 588 3151 643 eosque
3216 572 3365 627 notis
3429 575 3743 645 quibusdam

2144 663 2425 718 discretos
2483 679 2659 734 super
2707 662 3014 717 candidam
3062 666 3279 717 vestem
3328 667 3529 719 temere
3578 666 3636 700 “‘5
3687 684 3743 722 ac

2146 752 2382 807 fortuito
2418 752 2484 786 1⁵⁸
2510 751 2865 823 spargebant
2893 769 2905 818 ;
2940 768 3069 806 mox
3103 750 3149 805 si
3182 750 3408 822 publica
3436 752 3749 810 consultatio

2144 841 2271 907 fuit,
2307 842 2577 896 sacerdos
2612 839 2831 911 populi,
2866 840 2914 893 si
2948 840 3190 911 privata,
3216 838 3338 910 ipse
3368 841 3748 911 paterfamilias

2145 934 2415 1001 precatus
2450 935 2612 997 Deos,
2637 930 2945 1001 celumque
2967 928 3293 1001 suspiciens
3323 931 3481 984 ter”1
3515 929 3752 1003 singulos

2144 1018 2299 1082 tulit,
2332 1018 2595 1073 sublatos
2620 1020 2681 1052 ’⁵⁸
2709 1020 3030 1073 secundum
3054 1018 3399 1089 impressam
3431 1022 3557 1073 ante
3579 1023 3751 1074 notam

2146 1108 2561 1178 interpretatus
2591 1112 2697 1162 est.
2734 1107 2793 1161 Si
2825 1107 3270 1179 prohibuerunt,
3294 1105 3454 1161 nulla
3482 1108 3549 1161 de
3579 1108 3757 1163 eadem

2146 1214 2205 1250 re
2226 1197 2354 1267 ipsa
2378 1198 2468 1251 die
2486 1196 2835 1252 consultatio
2858 1215 2871 1265 ;
2893 1196 2942 1250 si
2965 1196 3323 1267 permissum
3347 1199 3453 1262 est,
3476 1201 3759 1252 eventuum

2144 1286 2335 1339 adhuc
2368 1285 2510 1340 ﬁdes
2542 1286 2902 1358 exigebatur.

2214 1376 2266 1428 8.
2293 1396 2319 1422 «
2346 1374 2550 1428 Avium
2572 1390 2739 1430 voces
2768 1377 2824 1428 et
2843 1372 3073 1429 volatus
3102 1373 3462 1445 interrogare
3492 1373 3764 1445 proprium

2145 1468 2268 1517 erat
2288 1462 2446 1518 illius
2469 1463 2680 1534 gentis.
2709 1467 3000 1533 Equorum
3028 1479 3265 1534 quoque
3288 1461 3555 1533 presagia
3572 1478 3633 1517 ac
3655 1478 3766 1515 mo-

2144 1556 2240 1607 tus
2275 1552 2341 1586 ‘59
2372 1551 2638 1623 experiri,
2672 1550 3051 1621 hinnitusque
3081 1567 3147 1605 ac
3170 1551 3441 1605 fremitus
3472 1550 3769 1605 observare.

2143 1641 2257 1696 Nec
2290 1641 2393 1695 ulli
2426 1640 2686 1712 auspicio
2720 1641 2909 1710 major
2940 1640 3106 1705 ﬁdes,
3132 1657 3249 1695 non
3283 1639 3475 1695 solum
3499 1640 3647 1710 apud
3674 1637 3774 1710 ple-

2144 1730 2298 1796 bem,
2335 1731 2434 1785 sed
2469 1730 2643 1785 etiam
2694 1730 2848 1801 apud
2882 1745 3148 1801 proceres
3197 1729 3547 1785 habebatur.
3580 1728 3705 1782 Erat
3728 1730 3775 1782 et

2146 1820 2257 1874 alia
2309 1819 2634 1874 observatio
2684 1817 3102 1889 auspiciorum,
3137 1835 3259 1887 qua
3309 1816 3575 1890 gravium
3619 1815 3777 1871 bello-

2147 1926 2279 1962 rum
2302 1912 2541 1964 eventus
2560 1907 2860 1979 explorare
2879 1907 3166 1963 solebant.
3192 1908 3340 1978 Ejus
3372 1908 3587 1979 quippe
3611 1905 3777 1977 gentis

2146 2015 2280 2053 cum
2313 2014 2429 2069 qua
2459 1996 2794 2052 bellandum
2844 1997 2977 2067 fuit,
3011 1998 3312 2067 captivum
3364 2012 3597 2068 quoquo
3628 1994 3777 2049 modo

2146 2086 2553 2157 interceptum,
2588 2103 2721 2141 cum
2770 2086 2952 2141 electo
3003 2088 3071 2121 ¹⁶⁰
3124 2085 3511 2159 popularium
3541 2100 3780 2150 suorum,

2147 2174 2351 2246 patriis
2410 2191 2704 2246 quemque
2761 2174 2941 2229 armis
2991 2175 3371 2230 committere
3402 2177 3460 2230 et
3510 2172 3782 2228 victoriam

2146 2264 2325 2334 hujus
2355 2264 2442 2319 vel
2468 2264 2626 2318 illius
2650 2263 2990 2335 projudicio
3019 2263 3257 2319 habere.
3282 2264 3588 2329 Quomodo
3612 2266 3785 2317 autem

2146 2352 2317 2408 certis
2367 2352 2596 2418 diebus,
2631 2368 2763 2407 cum
2809 2356 2912 2407 aut
2944 2352 3006 2387 ¹⁶¹
3056 2352 3379 2408 inchoatur
3428 2352 3570 2407 luna
3609 2356 3701 2406 aut
3730 2350 3786 2385 ¹⁶²

2144 2441 2443 2512 impletur,
2498 2440 2740 2512 agendis
2790 2441 2965 2496 rebus
3018 2442 3084 2476 1⁸³
3134 2440 3681 2513 auspicatissimum
3735 2440 3791 2474 ¹⁶⁸

2145 2530 2379 2584 initium
2412 2529 2784 2595 crediderint,
2806 2529 3034 2601 aliaque
3054 2530 3528 2586 innumerabilia
3553 2531 3615 2565 ¹⁶⁵
3634 2545 3787 2583 vana-

2147 2635 2276 2672 rum
2325 2618 2819 2688 supersticionum
2870 2634 3102 2689 genera,
3147 2620 3379 2690 quibus
3430 2617 3705 2691 implicati
3737 2618 3791 2652 ’⁵⁵

2145 2711 2301 2774 sunt,
2381 2707 2830 2773 observaverint,
2906 2712 3205 2778 praetereo.
3271 2713 3409 2763 Haec
3487 2725 3618 2763 vero
3680 2707 3790 2760 ideo

2146 2795 2619 2863 commemoravi,
2673 2812 2787 2866 quo
2845 2796 3101 2867 prudens
3162 2796 3358 2853 lector
3420 2800 3715 2870 agnoscat,
3768 2811 3796 2848 a

2146 2884 2382 2955 quantis
2403 2901 2662 2939 errorum
2688 2884 2942 2939 tenebris
2966 2902 3068 2957 per
3091 2885 3194 2941 Dei
3219 2887 3486 2959 gratiam
3511 2891 3566 2942 et
3587 2884 3796 2941 miseri-

2147 2973 2405 3028 cordiam
2440 2972 2560 3028 sint
2590 2972 2845 3040 liberati,
2878 2974 3147 3044 quandos
3180 2991 3287 3031 eos
3322 2976 3396 3031 ad
3423 2974 3797 3049 cognitionem

2148 3061 2239 3118 sui
2272 3062 2528 3116 nominis
2576 3061 2802 3117 lumine
2832 3079 2975 3119 verae
3007 3063 3140 3118 ﬁdei
3174 3065 3517 3135 perducere
3546 3065 3802 3136 dignatus

385 3154 499 3209 bus
555 3154 730 3208 etiam
789 3153 859 3207 ad
917 3151 1233 3207 vindictam
1295 3150 1735 3205 malefactorum
1796 3150 2033 3222 optimis
2065 3125 2107 3192 Ο
2147 3156 2253 3207 est.
2297 3151 2474 3206 Erant
2503 3150 2679 3218 enim,
2714 3151 2867 3206 sicut
2914 3168 3117 3207 omnes
3152 3154 3217 3187 ¹⁶⁷
3288 3155 3417 3209 fere
3450 3125 3807 3210 Germuaniam

386 3242 879 3298 abutebantur‘“.
899 3241 968 3295 Et
997 3239 1184 3295 multa
1214 3239 1378 3294 utilia
1414 3239 1478 3274 ¹⁴⁶
1500 3244 1673 3311 atque
1705 3241 2029 3296 secundum

385 3332 575 3405 legem
598 3336 818 3387 naturas
849 3330 1190 3396 honesta,in
1224 3345 1453 3384 morum
1478 3329 1765 3400 probitate
1795 3331 2032 3385 studue-

384 3425 523 3477 runt
551 3420 800 3487 habere;
835 3436 959 3490 qua:
992 3417 1074 3473 eis
1102 3418 1172 3473 ad
1204 3433 1398 3472 veram
1444 3418 1863 3474 beatitudinem
1900 3437 2030 3490 pro-

384 3511 725 3567 merendam
758 3510 1034 3580 proﬁcere
1069 3508 1132 3542 “'7
1178 3507 1523 3577 potuissent,
1559 3507 1607 3562 si
1638 3506 2029 3579 ignorantiam

385 3600 662 3656 creatoris
710 3598 801 3654 sui
835 3615 949 3653 non
1000 3596 1284 3651 haberent
1323 3602 1380 3651 et
1428 3614 1461 3651 a
1502 3597 1741 3651 veritate
1790 3598 2029 3653 culturae

381 3688 544 3745 illius
574 3704 687 3744 non
718 3691 915 3743 essent
944 3686 1136 3740 alieni.

458 3781 512 3833 7.
548 3778 648 3849 [6.]
669 3800 689 3826 α
706 3776 1024 3832 Coluerunt
1041 3774 1271 3829 “enim
1287 3791 1384 3829 eos
1398 3776 1496 3845 qui
1514 3780 1722 3830 natura
1736 3793 1848 3830 non
1865 3780 2031 3831 erant

386 3870 488 3935 dii,
523 3869 674 3923 inter
703 3884 849 3938 quos
882 3864 1169 3936 praecipue
1198 3863 1548 3918 Mercurium
1580 3865 2026 3934 venerabantur,

385 3959 478 4013 cui
532 3957 708 4011 certis
756 3956 963 4010 diebus
1009 3953 1285 4008 humanis
1333 3969 1561 4022 quoque
1609 3954 1815 4009 hostiis
1863 3955 2029 4011 litare

384 4049 825 4102 consueverant.
842 4044 988 4098 Deos
1002 4059 1140 4097 suos
1163 4059 1349 4113 neque
1367 4043 1430 4077 "9
1452 4043 1685 4114 templis
1708 4043 2026 4111 includere,

384 4152 574 4206 neque
627 4132 745 4188 ulla
797 4132 1041 4188 humani
1091 4132 1208 4188 oris
1246 4133 1311 4167 “‘0
1342 4132 1534 4204 specie
1584 4134 1927 4206 assimilare,
1960 4152 2027 4190 ex

383 4222 791 4295 magnitudine
822 4225 878 4278 et
906 4220 1189 4293 dignitate
1220 4220 1540 4276 ccelestium
1570 4222 1834 4277 arbitrati
1866 4228 2021 4279 sunt.

382 4314 570 4370 Lucos
626 4329 692 4367 ac
752 4312 817 4347 1⁵1
880 4328 1119 4367 nemora
1189 4315 1595 4365 consecrantes
1666 4312 2026 4384 deorumque

376 4402 715 4459 nominibus
734 4400 1115 4475 appellantes,
1139 4403 1425 4456 secretum
1449 4400 1593 4455 illud
1617 4399 1741 4456 sola
1761 4418 2024 4458 reveren-

2142 3240 2484 3308 incolentes,
2517 3244 2573 3295 et
2630 3243 2839 3296 natura
2887 3242 3106 3297 feroces
3151 3246 3208 3297 et
3279 3242 3473 3298 cultui
3506 3244 3803 3298 demonum

2143 3330 2343 3395 dediti,
2393 3345 2654 3401 veraeque
2707 3330 2976 3401 religioni
3027 3332 3346 3401 contrarii,
3384 3348 3584 3405 neque
3633 3329 3809 3387 divina

2142 3435 2330 3490 neque
2360 3418 2621 3473 humana
2662 3419 2801 3489 jura
2843 3418 2929 3473 vel
2962 3419 3025 3453 ¹⁶⁸
3059 3418 3340 3491 polluere
3372 3422 3465 3477 vel
3498 3416 3806 3489 transgredi

2140 3509 2514 3563 inhonestum
2581 3508 2645 3542 ¹⁶⁹
2695 3507 3153 3565 arbitrabantur.
3203 3509 3374 3566 Nam
3423 3514 3485 3567 et
3535 3505 3810 3566 frondosis

2139 3596 2445 3652 arboribus
2492 3596 2827 3669 fontibusqe
2875 3597 2939 3631 ¹⁷⁰
2967 3598 3426 3655 venerationem
3451 3598 3810 3656 exhibebant.

2140 3687 2437 3741 Truncum
2470 3702 2702 3757 quoque
2733 3684 2877 3757 ligni
2909 3702 3025 3741 non
3057 3703 3256 3758 parva
3288 3686 3733 3763 magnitudinis
3760 3684 3810 3739 in

2140 3774 2320 3829 altum
2367 3780 2625 3830 erectum
2659 3775 2768 3829 sub
2799 3774 2930 3830 divo
2984 3777 3047 3810 ¹⁷¹
3101 3775 3419 3849 colebant,
3470 3777 3665 3851 patria
3691 3790 3811 3832 eum

2138 3864 2340 3937 lingua
2368 3863 2646 3919 Irminsul
2673 3865 2739 3899 ¹⁷²
2769 3864 3150 3935 appellantes,
3168 3868 3341 3938 quod
3375 3868 3591 3924 Latine
3614 3865 3811 3922 dicitur

2139 3953 2488 4008 universalis
2535 3952 2870 4025 columpna,
2928 3955 3097 4025 quasi
3161 3956 3497 4013 sustinens
3546 3957 3813 4013 omnia.»

2138 4044 2265 4097 Haec
2304 4042 2546 4097 tulimus
2595 4047 2861 4113 excerpta
2909 4061 2978 4099 ex
3027 4044 3272 4117 scriptis
3330 4048 3627 4103 Einhardi
3661 4046 3724 4081 ¹τ³
3753 4044 3814 4099 de

2138 4134 2410 4199 adventu,
2443 4133 2707 4188 moribus
2735 4136 2791 4189 et
2835 4133 3259 4204 superstitione
3291 4140 3619 4193 Saxonum
3654 4149 3817 4209 quam

2138 4222 2328 4277 adhuc
2375 4220 2561 4277 Sclavi
2627 4227 2684 4277 et
2730 4223 2989 4278 Sueones
3055 4223 3169 4279 ritu
3225 4228 3546 4298 paganico
3601 4236 3818 4284 servare

2134 4311 2424 4366 videntur.

2293 4403 2417 4472 ([7.]
2450 4401 2585 4473 Cap.
2618 4401 2961 4470 6.)Qualiter
2998 4365 3193 4459 autem
3236 4420 3403 4477 gens
3454 4407 3616 4463 dura
3647 4404 3819 4462 Saxo-

380 4494 463 4552 tia
512 4491 1063 4563 contemplabantur
1094 4491 1179 4543 ‘5’.
1214 4489 1490 4562 Auspicia
1528 4494 1585 4545 et
1632 4495 1818 4547 sortes
1850 4509 2025 4563 quam
2057 4499 2104 4563 Ι)
2138 4510 2277 4547 num
2302 4492 2449 4563 i103)
2473 4491 2880 4563 perveneritad
2900 4492 3302 4563 cognitionem
3319 4497 3525 4554 divini
3550 4495 3824 4558 nominis,

1738 4611 1974 4666 VARl/E
2013 4610 2426 4669 LECTIONES.

450 4702 515 4737 ¹³⁰
546 4699 762 4772 singuli
794 4698 1003 4772 Transi.
1086 4699 1148 4733 ¹³¹
1180 4693 1433 4772 redactis
1463 4697 1624 4772 addit
1671 4699 1843 4772 ‘3_._2a.

375 4772 518 4827 deest
544 4775 593 4826 4.
644 4768 742 4807 "35
776 4771 987 4827 infensi
1018 4772 1071 4824 3.
1154 4770 1217 4804 1³⁷
1242 4768 1351 4823 sibi
1384 4771 1436 4821 2.
1458 4770 1511 4821 3.
1542 4770 1592 4821 4.

370 4842 833 4912 libertorumque
863 4845 916 4896 3.
948 4845 1001 4895 5.
1084 4843 1145 4876 ιιι
1175 4857 1245 4895 ne
1263 4839 1380 4893 ulla
1411 4842 1461 4893 3.

374 4915 428 4965 3.
510 4915 575 4947 “'5
608 4910 921 4967 utebantur
950 4914 984 4965 5
1020 4914 1229 4967 Transi.
1312 4913 1376 4945 ¹⁴⁶
1423 4910 1538 4965 alia
1564 4912 1618 4965 3.

378 4984 445 5018 ¹⁵⁰
474 4982 633 5039 horis
663 4985 717 5036 2.

375 5056 426 5109 1.
508 5056 573 5089 ¹⁵⁶
604 5053 847 5109 fortuitu
879 5055 930 5108 4.

373 5128 584 5182 Transi.
665 5128 731 5161 ¹⁶⁰
760 5142 895 5181 cum
943 5123 1125 5178 electo
1173 5124 1319 5178 deest
1366 5125 1387 5177 1
1439 5126 1600 5180 male.

372 5199 439 5233 ²⁶⁴
467 5197 1049 5271 auspiciatissimum
1072 5198 1124 5248 :3.
1162 5196 1213 5271 li.

370 5267 719 5326 mutavimus.
802 5271 868 5305 ¹⁶⁸
895 5268 983 5323 vel
1015 5267 1159 5323 deest
1187 5268 1239 5321 5.

370 5342 423 5396 3.
504 5344 570 5380 ³⁷³
601 5341 874 5397 Einhardi
901 5340 1045 5397 deest
1073 5340 1124 5394 3.

1324 5268 1388 5301 ‘69
1418 5266 1729 5323 honestum
1762 5274 1813 5325 2.
1846 5273 1936 5329 Ba.

363 5616 397 5666 γ
438 5529 586 5658 (11ἓ3)
617 5531 901 5588 Saxonum
945 5534 1163 5605 pectora
1205 5529 1363 5587 dura.
1400 5529 1572 5586 Poeta
1622 5536 1767 5588 Saxo
1795 5549 1845 5589 a.
1880 5535 2005 5603 772,

1926 4702 1990 4735 ¹³²
2020 4701 2236 4773 detegit
2265 4704 2316 4773 2.
2400 4699 2463 4773 {33
2491 4697 2878 4773 Obodittosg1.

1676 4770 1739 4805 ‘38
1771 4776 2050 4842 tanquam
2074 4770 2294 4827 Trdnsl.
2376 4771 2442 4805 ¹³⁹
2458 4775 2546 4824 est
2566 4772 2783 4825 addunt
2803 4771 2856 4842 2.
2876 4771 2928 4824 3.

1546 4841 1610 4913 “f’
1636 4841 1983 4913 conjugatur
2005 4846 2052 4898 1.

1700 4913 1762 4946 “7
1817 4915 2081 4971 sufﬁcere
2111 4916 2163 4970 3.

800 4984 863 5017 ‘51
895 4988 955 5056 et
997 4983 1120 5056 1.75.
1153 4983 1333 5056 male.
1408 4984 1473 5019 ¹⁵²
1502 4983 1973 5056 contemplantur
2026 4989 2074 5041 1.
2106 4988 2271 5043 male.
2355 4986 2420 5020 ¹⁵³
2469 4984 2630 5055 virga
2662 4985 2711 5038 1.

1010 5053 1080 5130 “‘7
1110 5054 1264 5130 Idem
1309 5054 1383 5130 1..
1418 5055 1583 5130 male,
1632 5053 1998 5130 ubi'im‘tium
2051 5076 2170 5130 cap.
2204 5060 2258 5120 8,
2304 5065 2355 5112 ei
2402 5053 2586 5130 male.—
2615 5057 2707 5130 _‘53
2741 5055 3105 5130 sublatisque
3137 5058 3366 5113 Transi.

1684 5128 1745 5161 ¹⁶¹
1782 5134 1884 5183 aut
1930 5130 2079 5185 deest
2110 5128 2163 5184 3.

1296 5196 1384 5271 165”
1410 5194 1719 5271 innumera
1768 5200 1975 5256 Transi.
2056 5203 2121 5236 ¹⁶⁶
2172 5199 2436 5271 impliciti
2485 5200 2537 5252 4.

2016 5274 2082 5308 ¹⁷⁰
2112 5289 2225 5344 que
2256 5272 2399 5328 deest
2432 5272 2479 5324 1.

2960 4699 3027 4733 1³⁸
3057 4700 3326 4772 θράσσει
3370 4703 3432 4755 3.
3526 4702 3599 4738 ‘35
3640 4699 3829 4772 spacia

3012 4772 3077 4804 “0
3108 4768 3559 4828 libertinorum
3588 4776 3639 4828 1.
3660 4768 3826 4831 male:

2138 4845 2201 4879 "3
2222 4846 2575 4909 congruente
2594 4843 2641 4895 1.
2724 4843 2789 4876 1“
2816 4840 3623 4911 horum—praestantiorem
3645 4845 3833 4900 desunt

2246 4916 2311 4950 “8
2342 4913 2664 4967 Noluerunt
2705 4916 2758 4967 1.
2803 4915 3029 4983 pictoris
3077 4929 3290 4968 errore.
3388 4918 3466 4951 “9
3501 4918 3565 4971 in
3600 4917 3757 4971 addit
3780 4913 3829 4967 3.

2794 4986 2858 5019 ίδδ
2902 4984 3210 5039 fructiferae
3262 4986 3326 5039 2.
3366 4988 3429 5041 3.
3526 4989 3599 5024 ¹⁸⁵
3631 4988 3835 5043 timere

3464 5061 3540 5095 “‘9
3572 5059 3835 5115 monitus

2734 5127 2800 5161 ¹⁶³
2849 5143 2981 5181 cum
3033 5131 3133 5181 aut
3163 5158 3230 5167 —
3266 5130 3477 5186 rebus
3530 5132 3737 5186 desunt
3784 5129 3831 5181 1.

2619 5198 2813 5275 “(qui
2846 5202 3028 5275 erant
3060 5200 3207 5275 sicut
3262 5199 3511 5275 Transi.
3548 5201 3705 5275 quod
3728 5214 3837 5275 gnos

2561 5271 2624 5305 ιη
2659 5269 2754 5324 dio
2784 5270 2837 5323 3.
2920 5270 2985 5305 '7’
3016 5269 3163 5325 irme
3196 5270 3376 5327 insul
3412 5275 3474 5328 2.
3504 5268 3836 5330 Ifmindsul

2245 5130 2309 5163 ¹⁶²
2357 5127 2444 5182 vel
2498 5127 2551 5183 3.
2602 5128 2652 5179 4.

1956 5434 2182 5492 NOT/E.

2304 5531 2561 5582 Duritiam
2593 5536 2808 5597 propter
2837 5530 2961 5584 dicti
2993 5532 3329 5599 cOgnomine
3368 5537 3535 5593 Sexi.

2119 5604 2370 5665 Alcwin.
2405 5604 2484 5662 De
2515 5604 2775 5679 pontiﬁc.
2806 5606 3012 5689 eccles.
3049 5607 3302 5688 Eborac.
3340 5610 3447 5669 47.
