4044 6164
201 373 315 434 477

894 373 1145 437 GESTA
1189 371 1674 438 PONTIFICUM
1719 375 2456 439 llAMMABURGENSlS
2500 375 2919 439 ECCLESIIE.

3485 371 3603 436 478

203 505 352 579 apud
386 503 755 576 Heligonstat
783 506 850 540 ‘3‘
870 504 1017 577 (172)
1049 507 1329 578 reposuit,
1354 507 1496 563 Sixti
1529 510 1596 556 ‘35
1628 525 1760 565 vero
1788 513 1844 565 et
1873 509 1928 576 Α
1959 510 2193 565 caesaris
2261 509 2536 581 possedit,
2606 509 2857 565 Turbolz
2903 509 2923 530 *
2981 507 3245 575 visitans,
3316 507 3602 564 fratribus

205 593 446 651 Sinnicii
494 594 581 666 ‘3“,
642 611 776 650 cum
838 594 967 650 aliis
997 596 1062 630 ‘37
1115 600 1434 669 martyrum
1482 599 1842 668 patrociniis,

206 683 502 740 collocavit
531 683 590 738 in
621 683 766 740 urbe
813 684 1212 757 Hammaburg
1243 686 1417 756 [beati
1447 703 1580 742 vero
1602 687 1848 760 Remigii

204 772 420 830 cimilia
450 789 582 828 cum
617 773 842 828 decenti
877 774 942 808 ‘33
1006 773 1223 830 honore
1255 776 1400 847 (173)
1432 777 1682 831 servavit
1713 777 1846 832 Bre-

205 863 331 933 mze]
360 862 450 916 ‘39.
494 861 827 918 Willericus
876 863 1056 934 igitur
1103 863 1323 918 clerum
1375 865 1693 920 maximum
1723 865 1848 920 col-

203 951 362 1024 legit,
395 951 469 1005 de
499 950 713 1022 populo
744 968 876 1006 vero
927 968 1201 1024 magnam
1249 953 1504 1008 ecclosiae
1548 953 1848 1009 Bremensi

202 1040 580 1096 hereditatem
614 1038 942 1110 acquisivit.
978 1040 1039 1094 In
1091 1039 1296 1096 diebus
1348 1041 1464 1096 illis
1507 1043 1572 1076 “0
1603 1043 1847 1098 Karolus

202 1127 581 1186 elemosinam
614 1127 826 1200 optulit
857 1127 1138 1184 Salvatori
1161 1130 1231 1184 ad
1264 1130 1637 1186 Bremensem
1670 1131 1848 1187 eccle-

201 1218 350 1273 siam
381 1220 620 1272 centum
654 1233 912 1272 mansos.
945 1217 1242 1290 Scriptum
1273 1224 1365 1274 est
1398 1220 1457 1273 in
1490 1219 1636 1275 libro
1668 1221 1847 1276 dona-

201 1306 428 1361 tionum
461 1304 654 1371 tertio,
683 1305 936 1378 capitulo
986 1308 1039 1374 1,
1089 1307 1184 1362 ubi
1219 1307 1393 1363 etiam
1447 1309 1646 1364 crebro
1678 1327 1848 1365 versu

202 1395 307 1451 hoc
337 1394 658 1466 repetitur:
690 1394 1063 1452 Sacrosanctaz
1092 1397 1355 1466 basilicae,
1383 1413 1503 1470 quae
1533 1403 1850 1456 constructa

203 1489 279 1540 est
309 1487 368 1538 in
397 1485 610 1539 honore
638 1485 814 1539 sancti
859 1485 1015 1540 Petri
1042 1487 1292 1557 apostoli,
1344 1488 1404 1541 in
1431 1487 1544 1542 loco
1589 1505 1688 1542 seu
1717 1489 1852 1544 villa

202 1574 426 1646 publica
449 1582 766 1645 nuncupata
796 1575 860 1608 ⁴⁴¹
912 1579 1134 1641 Brema,
1165 1575 1265 1630 ubi
1315 1577 1621 1632 Witterz'cus
1649 1580 1849 1650 episco-

199 1681 319 1735 pus,
355 1679 544 1719 servus
571 1679 858 1719 seruorum
884 1665 1004 1734 Dei,
1028 1679 1264 1736 praeesse
1298 1665 1536 1721 videtur.
1570 1667 1677 1732 Qui
1710 1667 1855 1723 obiit

204 1767 380 1808 senex
408 1756 468 1807 et
496 1751 708 1822 plenus
760 1752 988 1808 dierum
1035 1770 1188 1808 anno
1220 1754 1450 1810 Domini
1499 1756 1604 1809 837
1633 1757 1720 1818 ⁸⁸³,
1753 1756 1852 1828 qui

205 1845 289 1897 est
317 1857 514 1896 annus
547 1841 786 1896 Ludvici
831 1843 903 1896 26
932 1842 1002 1877 “3
1045 1847 1102 1897 et
1153 1842 1516 1914 penultiinus
1549 1845 1717 1915 (174).
1751 1850 1852 1901 Se-

204 1928 405 2001 pultus
437 1930 508 1962 ‘“
554 1933 644 1984 est
691 1929 751 1984 in
783 1930 956 1985 domo
1017 1931 1206 1986 sancti
1264 1931 1436 1999 Petri,
1483 1932 1539 1986 in
1594 1933 1662 1967 “5
1694 1938 1856 2004 parte

201 2018 403 2073 altaris
433 2017 756 2090 aquilonali
789 2020 856 2054 “5
886 2020 919 2073 4
948 2019 1143 2074 Nonas
1170 2019 1328 2074 Maii.

269 2109 361 2163 21.
397 2109 536 2176 ([20]
562 2112 700 2178 Cap.
733 2109 846 2179 16.)
883 2108 1237 2164 Leudericus
1267 2110 1354 2173 “7,
1386 2109 1588 2165 ordine
1616 2111 1855 2183 tercius,

202 2195 352 2254 sedit
382 2213 593 2263 annos,
628 2202 778 2253 octo.
810 2198 950 2269 Ejus
991 2213 1176 2253 annos
1223 2214 1355 2253 cum
1388 2215 1490 2270 pro
1523 2202 1676 2253 certo
1707 2199 1857 2254 scire

203 2285 525 2356 nequimus
557 2285 645 2351 διε,
679 2300 748 2340 ex
778 2286 981 2340 eodem
1010 2283 1160 2341 libro
1199 2287 1586 2341 traditionum
1619 2286 1855 2342 didisci-

204 2391 337 2429 mus
367 2375 456 2440 “9,
485 2378 546 2429 et
576 2373 861 2429 Willerici
893 2374 1197 2430 diaconem
1219 2375 1286 2417 ιδο
1317 2375 1518 2442 fuisse,
1545 2379 1604 2430 et
1631 2376 1858 2432 sedisse

203 2479 395 2535 usque
425 2463 498 2518 ad
531 2479 754 2518 annum
785 2463 846 2497 ⁸⁵¹
881 2462 1114 2518 Ludvici
1136 2463 1392 2534 junioris
1423 2467 1652 2519 sextum
1684 2466 1854 2536 (174),

207 2552 466 2624 capitulo
483 2553 556 2607 58
573 2551 881 2624 scriptum.
901 2552 1068 2608 Hunc
1085 2552 1260 2608 etiam
1281 2553 1522 2608 tradunt
1536 2555 1854 2626 superbum

208 2641 390 2697 fuisse
410 2658 422 2695 :
443 2641 600 2713 quod
619 2641 825 2696 exinde
844 2641 1049 2712 conjici
1075 2646 1284 2713 potest,
1309 2642 1448 2714 quia
1463 2658 1525 2698 se
1542 2641 1856 2714 aliquando

210 2731 506 2786 custodem
542 2729 860 2802 aliquando
902 2734 1196 2801 pastorem
1243 2730 1574 2788 Bremensis
1603 2731 1856 2789 ecclesiae

209 2817 527 2889 gloriabatu
539 2837 566 2872 r
587 2819 678 2872 ιδ’.

277 2908 364 2961 22.
400 2909 459 2962 In
490 2909 699 2963 diebus
723 2907 842 2962 illis
872 2912 1116 2964 sanctus
1139 2913 1305 2980 pater
1326 2913 1526 2964 noster
1553 2910 1621 2944 ‘53
1640 2913 1858 2982 Ansga-

215 2994 334 3050 rius
360 2995 710 3068 legationem
740 2996 850 3052 sibi
883 2997 1164 3052 creditam
1187 2997 1432 3053 viriliter
1459 2999 1528 3033 ‘5‘
1556 3005 1852 3070 executus,

219 3085 363 3154 apud
411 3084 815 3158 Hammaburg
857 3085 1093 3141 novellae
1138 3085 1488 3156 plantationi
1537 3087 1858 3160 insudavit,

223 3171 474 3228 doctrina
503 3174 620 3230 oris
669 3178 728 3229 et
760 3191 932 3246 opere
964 3191 1248 3230 manuum
1275 3191 1549 3231 exercens
1575 3177 1643 3211 ‘55
1673 3177 1855 3232 eccle-

1954 598 2174 654 ibidem
2208 603 2319 653 Deo
2353 599 2746 653 militantibus
2768 597 3040 654 salutaris
3070 597 3279 670 regulw
3301 598 3598 654 tramitem

1955 688 2128 743 verbo
2167 687 2552 759 exemploque
2603 687 2966 742 monstravit.
3025 688 3085 741 In
3137 703 3388 758 quorum
3419 686 3602 742 nobili

1957 776 2338 832 contubernio
2375 778 2500 846 jam
2550 780 2690 830 tunc
2731 777 2797 809 ‘53
2848 792 3062 846 apuero
3113 780 3351 832 sanctus
3384 775 3604 832 effulsit

1958 866 2291 921 Rimbertus
2321 865 2407 928 “7,
2440 859 2614 936 quem
2647 868 2888 920 sanctus
2918 869 3084 936 pater
3114 865 3438 936 Ansgarius
3468 865 3602 920 ado-

1958 959 2131 1027 ptans
2163 955 2219 1009 in
2245 954 2432 1009 filium
2461 953 2799 1026 prophetico
2823 953 3056 1024 spiritu,
3085 970 3199 1024 quo
3222 953 3430 1024 plenus
3455 958 3598 1022 erat,

1957 1043 2128 1115 longe
2157 1047 2289 1099 ante
2320 1043 2604 1114 praedixit,
2638 1041 2802 1096 illum
2835 1059 2954 1096 sua:
2983 1041 3214 1096 virtutis
3234 1041 3514 1096 amulum
3543 1048 3602 1096 et

1957 1133 2018 1186 in
2050 1133 2328 1187 cathedra
2347 1131 2663 1202 pontificali
2688 1131 3016 1198 succedere,
3042 1130 3346 1202 gratiaque
3369 1129 3604 1184 merito-

1959 1238 2088 1276 rum
2123 1221 2182 1275 in
2216 1220 2429 1275 caelesti
2461 1237 2639 1291 regno
2685 1224 3012 1276 consortem
3047 1220 3166 1274 fore
3195 1217 3364 1289 (176).
3399 1219 3458 1273 In
3489 1235 3606 1289 qua

1960 1326 2020 1365 re
2051 1309 2416 1380 providentia
2460 1308 2880 1380 omnipotentis
2926 1307 3048 1373 Dei,
3099 1325 3226 1377 quae
3258 1307 3397 1362 olim
3429 1306 3603 1361 Helia:

1961 1400 2274 1456 substituit
2291 1399 2621 1470 Helyseum,
2642 1398 2700 1452 in
2723 1397 3016 1452 Rimberto
3032 1413 3145 1451 non
3172 1395 3610 1468 fefellitAnsga-

1961 1489 2135 1545 rium.

2031 1581 2119 1634 23.
2155 1581 2313 1650 ([21.]
2365 1579 2496 1649 Cap.
2536 1578 2894 1648 17.)Interea
2940 1574 3285 1630 Norlruanni
3333 1575 3398 1609 ‘38
3450 1575 3608 1646 pira-

1961 1667 2093 1723 ticis
2123 1667 2568 1722 excursionibus
2600 1681 3024 1737 usquequaque
3047 1663 3392 1734 degrassati,
3423 1663 3610 1720 Friso-

1963 1773 2066 1812 nes
2096 1757 2162 1791 “9
2193 1755 2410 1811 tributo
2442 1754 2768 1824 subjiciunt
2803 1755 2972 1822 (177).
3005 1753 3342 1824 Eodemque
3371 1754 3438 1788 ⁴⁶⁰
3466 1756 3611 1808 tem-

1963 1861 2100 1917 pore
2130 1861 2233 1916 per
2261 1843 2528 1898 Rhenum
2560 1841 2705 1898 vecti
2727 1841 3022 1897 Coloniam
3056 1841 3414 1897 obsederunt
3434 1842 3608 1912 (178),

1966 1951 2069 2005 per
2097 1933 2326 1988 Albium
2359 1949 2492 1987 vero
2525 1931 2925 2002 Hammaburg
2954 1929 3358 1986 incenderunt.
3393 1929 3611 2002 Inclyta

1965 2021 2167 2077 civitas
2193 2025 2312 2076 tota
2351 2025 2452 2075 aut
2497 2020 2694 2092 praeda
2739 2023 2840 2074 aut
2889 2019 3156 2074 incendio
3201 2018 3490 2090 disperiit.
3528 2018 3611 2077 Ibi

1964 2107 2226 2176 ecclesia,
2250 2107 2330 2162 ibi
2354 2107 2699 2177 claustrum,
2723 2107 2802 2162 ibi
2824 2106 3134 2162 biblioteca
3151 2123 3387 2162 summo
3410 2108 3475 2143 ⁶⁶¹
3501 2108 3614 2162 col-

1965 2197 2111 2252 lecta
2140 2197 2353 2262 studio,
2388 2200 2736 2267 consumpta
2766 2204 2873 2252 est.
2903 2201 3148 2250 Sanctus
3172 2195 3240 2230 ⁴⁶²
3270 2195 3613 2267 Ansgarius,

1966 2290 2031 2340 ut
2059 2284 2358 2352 scribitur,
2407 2299 2539 2339 cum
2588 2283 2853 2354 reliquiis
2901 2288 3240 2340 sanctorum
3288 2290 3609 2356 martyrum

1966 2373 2056 2428 vix
2085 2375 2152 2408 ‘53
2181 2374 2377 2428 nudus
2424 2372 2607 2428 evasit
2653 2373 2822 2444 (179).
2879 2373 3183 2428 Excidium
3211 2373 3610 2445 Hammaburg

1965 2462 2228 2536 hysteria
2270 2463 2620 2516 Francorum
2652 2478 2767 2516 non
2814 2465 2967 2516 tacet
2995 2462 3165 2533 (180),
3221 2465 3277 2516 et
3306 2460 3610 2533 privilegia

1965 2551 2360 2607 Romanorum
2393 2551 2560 2621 (181).
2596 2550 2734 2616 Hoc,
2767 2553 2834 2604 ut
2863 2551 3048 2620 aiunt,
3089 2550 3307 2605 factum
3339 2552 3429 2605 est
3453 2565 3606 2604 anno

1964 2639 2204 2695 Ludvici
2235 2639 2484 2695 senioris
2523 2637 2839 2694 novissimo
2871 2639 3040 2709 (182).

2035 2731 2201 2784 Tunc
2231 2745 2466 2800 quoque
2495 2728 2864 2784 Gaudbertus
2910 2727 3223 2800 episcopus
3271 2726 3392 2782 zelo
3423 2726 3612 2800 genti-

1964 2818 2110 2874 lium
2142 2835 2176 2873 a
2205 2817 2457 2874 Sueonia
2485 2816 2768 2889 depulsus
2793 2818 2880 2887 ωδ,
2908 2822 2966 2872 et
2989 2816 3330 2886 Nithardus,
3363 2816 3608 2888 capella-

1964 2925 2076 2962 nus
2107 2909 2234 2978 ejus
2267 2906 2542 2978 martyrio
2564 2909 2876 2960 coronatus
2905 2909 2996 2959 est
3019 2921 3152 2960 cum
3185 2904 3315 2959 aliis
3337 2906 3508 2977 (183).
3541 2905 3612 2959 Et

1964 2997 2169 3052 exinde
2198 2995 2266 3031 ‘65
2296 2995 2550 3050 Sueonia
2573 2993 2875 3067 septennio
2903 2993 3091 3049 caruit
3120 2994 3462 3050 sacerdotali
3498 3011 3611 3065 prae

1964 3084 2170 3142 sentia.
2204 3085 2326 3148 Quo
2357 3089 2615 3154 tempore
2642 3083 2928 3139 Anundus
2958 3084 3024 3118 ⁸⁵⁸
3063 3099 3241 3156 regno
3291 3082 3518 3155 pulsus,
3552 3082 3610 3137 in

1964 3175 2323 3231 Christianos
2347 3173 2813 3244 persecutionem
2834 3173 3042 3228 habuit
3065 3173 3154 3227 ⁸⁸⁷.
3185 3172 3521 3242 Herigarius
3548 3173 3615 3208 “8

229 3275 382 3314 31am.
416 3262 575 3334 Saepe
603 3263 782 3318 etiam
814 3264 1236 3319 monasterium
1267 3263 1486 3333 Galliae,
1517 3267 1666 3336 quod
1703 3267 1854 3322 dono
1885 3251 1926 3317 C
1968 3265 2139 3321 Bircaa
2166 3262 2490 3332 praefectus,
2521 3260 3007 3316 christianitatem
3032 3260 3111 3316 ibi
3158 3260 3320 3316 solus
3350 3265 3615 3316 sustenta

347 3456 516 3512 Schol.
548 3460 602 3513 6.
637 3458 892 3536 Turbolz
920 3461 988 3494 ‘69
1019 3460 1444 3536 monasterium
1474 3465 1564 3536 est
1591 3373 2362 3536 Flantlsrggglohllissimum,
2397 3456 2624 3536 insigne
2649 3454 2952 3536 monachis
2983 3456 3069 3522 ‘70,
3105 3470 3206 3536 pro
3237 3471 3352 3536 quo
3380 3470 3615 3536 recupe:

605 3531 798 3606 rando.
817 3535 986 3587 vetus
1011 3531 1246 3606 querela
1275 3538 1363 3587 est
1391 3533 1646 3606 ecclesiae
1679 3539 1888 3589 nostra:
1919 3527 2694 3606 pontificibusgAdelbertus
2714 3529 2779 3563 ’τί
2815 3531 3009 3606 autem
3039 3527 3513 3606 archiepiscopus
3541 3545 3572 3581 a

601 3601 943 3675 eumjinem
973 3599 1245 3675 perduxit
1279 3605 1599 3675 negotium,
1633 3610 1696 3660 ut
1727 3607 1862 3662 dato
1902 3599 2242 3661 concambio
2272 3605 2339 3637 ‘7’
2390 3601 2634 3673 quaestio
2685 3603 3114 3665 removeretur;
3147 3599 3301 3669 quod
3335 3615 3515 3654 caesar
3543 3614 3613 3653 ex

595 3673 713 3728 dux
736 3673 1019 3729 Flandrize
1047 3673 1462 3731 collaudabant
1489 3676 1574 3730 ‘73.
1609 3677 1683 3746 (2.
1714 3679 1749 3731 2
1774 3695 1827 3734 α.
1861 3677 1915 3732 3.
1949 3678 2002 3733 4.
2037 3678 2116 3748 5.)

1562 3774 1798 3830 νΑΗΙίΕ
1851 3771 2264 3830 LECTIONES.

287 3866 351 3942 ‘f‘
375 3866 747 3942 Hel‘ingastad
769 3871 822 3923 2.
856 3868 1198 3942 Helingstad
1229 3871 1282 3925 3.
1319 3870 1696 3942 Heliganstad
1732 3873 1782 3927 4.
1815 3872 1882 3907 ‘35
1912 3871 2060 3926 Xisti
2090 3874 2143 3924 2.
2178 3871 2229 3922 3.
2260 3870 2312 3942 4.
2347 3868 2412 3942 fl"
2469 3865 2692 3938 Signini
2724 3867 2780 3922 2'.
2810 3863 3608 3942 Signini_3.._‘_37_él_igr_um__2_.

220 3935 265 4011 3.
298 3938 347 4011 4.
378 3935 690 4011 “fingenti
724 3941 776 3995 4.
821 3941 892 3975 ‘3'
950 3935 1398 3996 beati—Bremze
1450 3935 1648 3998 desunt
1681 3945 1730 3998 1.
1781 3945 1848 3977 "'0
1880 3943 2004 3999 suis
2053 3945 2105 3996 2.
2139 3944 2192 3996 3.
2245 3941 2296 3993 4.
2347 3939 2411 3973 ⁸⁴¹
2459 3935 2798 4011 nuncupata
2837 3935 2903 3992 2.
2941 3938 2993 4011 3.
3031 3939 3082 4011 4_.
3114 3937 3183 4011 ξδ’
3213 3936 3611 4011 DCCCXXXIX

299 4009 360 4042 us
409 4007 575 4095 xxv;
607 4015 664 4095 2':
695 4013 750 4095 3.,
784 4011 1387 4095 42:“..sepultus‘gue‘
1404 4015 1465 4095 2._
1518 4015 1591 4095 ἒξ-
1634 4016 1684 4095 4;

1744 4015 1811 4048 “5
1855 4017 1950 4068 ag

1959 4055 1970 4068 .
2029 4015 2082 4068 3.
2143 4015 2193 4066 4.
2254 4013 2320 4045 “6
2368 4009 2695 4082 aquilonari
2753 4012 2806 4063 3.
2839 4011 2904 4043 “7
2963 4009 3253 4082 Ludvicus
3288 4009 3349 4082 2.
3393 4009 3459 4041 ⁴⁸⁸
3492 4025 3608 4082 non

214 4094 514 4148 possumus
542 4085 596 4137 2.
631 4085 684 4136 3.
719 4083 770 4136 4.
831 4084 900 4119 “9
928 4080 1214 4139 discimus
1245 4080 1299 4138 2'.
1356 4087 1408 4138 3.
1442 4086 1494 4138 4.
1527 4086 1593 4119 ⁴⁵⁰
1649 4085 1960 4142 diaconum
1989 4089 2044 4139 2.
2077 4087 2129 4139 3.
2192 4085 2242 4137 4.
2277 4083 2339 4117 ‘5'
2399 4080 2618 4137 annum
2663 4082 2808 4136 deest
2845 4083 2898 4135 5.
2959 4080 3026 4114 ⁴⁸²
3055 4080 3388 4136 Bremensis
3415 4080 3608 4152 gregis

207 4152 481 4221 gloriatur
507 4156 566 4208 2.
607 4155 662 4223 3,
698 4155 749 4208 4.
780 4155 850 4189 ⁸⁵³
880 4160 1045 4226 pater
1102 4159 1303 4210 noster
1343 4157 1536 4212 desunt
1563 4157 1616 4211 5.
1678 4158 1745 4190 ‘5‘
1779 4157 1997 4212 utiliter
2027 4159 2080 4210 3.
2143 4154 2389 4209 ﬁdeliter
2421 4155 2469 4206 4'
2532 4155 2598 4187 ‘55
2655 4169 2926 4226 exercens
2953 4154 3230 4226 frequenti
3259 4167 3444 4207 errore
3471 4154 3606 4206 scri-

203 4226 349 4292 ptum
377 4239 517 4294 pro:
552 4241 823 4280 exserens
852 4224 965 4281 sive
995 4243 1255 4283 exerens.
1288 4227 1354 4261 ‘5“
1385 4232 1512 4282 tum
1543 4228 1595 4282 3.
1628 4229 1682 4284 5.
1716 4228 1782 4262 ⁵⁵⁷
1839 4228 2186 4285 Rembertus
2217 4228 2271 4280 5.
2303 4228 2510 4294 smptus
2536 4226 2601 4258 ⁸⁵⁸
2638 4225 2996 4280 Nordmanni
3025 4225 3080 4278 2.
3111 4224 3164 4278 3.
3198 4225 3252 4278 4.

203 4297 399 4366 εςτριαε
427 4296 495 4331 ⁸⁵9
524 4297 808 4352 Fresones
833 4299 888 4355 2.
946 4299 1004 4354 4.
1035 4299 1102 4333 ⁴⁶⁰
1159 4299 1362 4354 eodem

1425 4314 1658 4370 quoque
1713 4301 1766 4354 3.
1828 4302 1893 4336 ⁸⁶¹
1953 4315 2186 4355 summa
2245 4298 2296 4351 4.

2359 4298 2426 4331 ἰδ’
2455 4301 2648 4351 autem
2679 4296 2830 4351 addit
2886 4296 2937 4350 4.
2971 4296 3038 4330 ⁸⁵⁸
3091 4295 3182 4349 vix
3211 4295 3355 4350 deest
3383 4297 3434 4351 2.
3469 4297 3521 4348 3.
3553 4295 3604 4349 4.

201 4366 264 4440 ff
296 4365 569 4440 repulsus
625 4371 692 4440 2.Δ
743 4369 811 4440 “f
842 4369 978 4424 inde
1032 4371 1085 4425 3.
1144 4370 1213 4404 ⁸⁸⁸
1245 4365 1520 4426 ΑιιιιᾶῚ.
1562 4365 1890 4428 Ἀιιιυιιάυε
1945 4372 2000 4426 5.
2061 4370 2125 4404 ⁸⁸⁷
2187 4367 2366 4423 movit
2404 4368 2905 4440 persecutionem
2946 4368 2996 4422 4.
3058 4367 3145 4440 ‘53,
3183 4383 3314 4440 vero
3369 4367 3522 4440 addit
3554 4366 3606 4420 4.

199 4436 264 4470 ⁸⁸⁵
292 4436 471 4494 Turol
501 4440 536 4492 2
565 4456 600 4493 a
627 4437 925 4495 Thurholz
955 4441 1008 4494 4.
1040 4441 1295 4496 Turholz
1324 4441 1379 4495 5.
1423 4440 1657 4495 Tulitur
1686 4444 1743 4496 F.
1774 4444 1842 4478 ‘70
1894 4443 2028 4498 nob.
2081 4444 2169 4497 est
2200 4456 2356 4495 mon.
2400 4436 2492 4494 ins
2543 4440 2593 4496 4.
2627 4440 2690 4474 ⁴⁷¹
2745 4437 3095 4494 Adalbertus
3125 4439 3159 4490 2
3189 4455 3242 4492 (ι.
3280 4438 3330 4492 4.
3363 4439 3432 4472 ⁴⁷²
3463 4453 3606 4508 quo-

197 4508 453 4566 niambio
482 4513 535 4566 2.
569 4511 636 4545 ‘73
668 4511 1017 4568 Adelbertus
1047 4543 1116 4554 ——
1146 4512 1564 4568 collaudabant
1583 4513 1774 4569 desunt
1804 4515 1857 4568 3.

1803 4611 2017 4667 NOT/E
2086 4580 2098 4591 ’

263 4706 414 4777 (172)
441 4704 922 4779 Heiligensteten,
953 4705 1092 4763 villa
1121 4706 1418 4763 Holsatiae.

264 4779 416 4846 (173)
446 4777 582 4832 Cum
605 4777 839 4833 'dccentz'
868 4779 1086 4834 honore.
1145 4780 1226 4834 [ta
1249 4784 1304 4834 et
1330 4779 1368 4832 l.
1418 4795 1480 4848 ιι,
1510 4794 1560 4833 e.
1615 4779 1705 4846 59,
1737 4781 1806 4834 64
1833 4799 1845 4846 ;

198 4845 235 4899 l.
271 4865 358 4904 ιιι.
389 4866 439 4903 c.
472 4850 580 4904 70:
615 4849 652 4903 l.
688 4866 762 4904 ιν.
796 4867 845 4904 c.
883 4851 970 4904 44.

224 4991 232 5003 .
263 4893 410 5003 (174)
442 4892 766 5003 Ουίἶιὲιιοιλέ
795 4938 929 5002 vero
961 4922 1197 5003 est839.
1229 4921 1564 5003 Secundum
1587 4923 1845 4978 Annales

193 4987 573 5072 Corbeienses
604 4991 941 5048 Willericus
972 4992 1114 5048 obiit
1141 5010 1294 5072 anno
1325 4995 1454 5072 838ἰ
1534 5065 1548 5072 _
1634 5064 1644 5072 _
1689 5064 1698 5072 _

261 5063 413 5134 (175)
442 5067 678 5120 Sextum
718 5081 799 5119 sc.
850 5081 922 5120 ex
966 5070 1153 5121 morte
1202 5064 1385 5134 patris
1435 5064 1698 5120 Ludovici
1738 5064 1845 5132 lv'ii,

189 5131 295 5207 hoc
323 5131 411 5188 est
441 5136 568 5191 845.
593 5134 903 5191 Annalista
923 5136 1072 5191 Saxo
1095 5140 1151 5191 et
1173 5131 1490 5207 Cbronogr.
1521 5136 1654 5190 Sax.
1690 5137 1761 5190 ad
1790 5131 1842 5192 a.

187 5204 288 5260 849
312 5221 536 5262 annum
559 5211 793 5264 sextum
815 5223 883 5263 ex
901 5225 1052 5263 anno
1077 5208 1234 5280 pacis
1270 5204 1671 5262 Verdunensis
1691 5224 1844 5262 com-

188 5281 508 5490 p
540 5350 728 5406 Vitam
760 5350 818 5405 s.
856 5349 1141 5406 Rimberti
1171 5367 1221 5404 c.
1253 5351 1308 5421 5,
1341 5351 1397 5405 6.

286 5421 408 5487 177)
444 5426 519 5475 De
550 5420 769 5476 tributo
801 5437 904 5490 per
932 5421 1343 5477 Nordmannos
1374 5440 1397 5476 δ

286 5421 422 5494 177)
444 5426 519 5475 De
548 5420 769 5494 tributo
801 5437 904 5494 per
932 5421 1343 5494 Nordmannos
1374 5440 1406 5477 a
1444 5420 1624 5475 Frisis
1645 5425 1843 5494 exacto

185 5505 242 5542 ν.
276 5491 452 5547 Prud.
513 5493 676 5548 Trec.
740 5491 962 5561 a.'857,
1023 5493 1154 5550 coll.
1212 5496 1336 5563 836,
1399 5495 1523 5547 847.
1571 5492 1840 5548 Ruodolt‘.

193 5561 368 5616 Fuld.
397 5579 450 5618 a.
484 5564 611 5619 845.

671 5633 906 5718 bienon
939 5639 1186 5726 constat.
1211 5636 1356 5691 Nam
1388 5651 1456 5690 ea
1477 5649 1605 5706 quae
1631 5633 1838 5716 Annal.

259 5734 260 5748 ι
291 5723 524 5761 oniens-
547 5708 876 5761 brewssxmi
897 5725 950 5761 a.
976 5708 1083 5761 806
1098 5709 1340 5761 tradunt
1359 5706 1432 5761 de
1447 5706 1838 5761 Nordmannis

182 5704 526 5780 Coloniens,
547 5706 876 5765 brevissimi
897 5725 950 5764 a.
976 5708 1083 5764 856
1098 5709 1340 5766 tradunt
1359 5706 1432 5764 de
1447 5704 1842 5765 Nordmannis

1882 4712 1928 4776 D
1957 4706 2206 4764 Coloniae
2237 4704 2468 4773 occisis,
2515 4703 2907 4776 intelligenda!
2940 4702 3182 4776 suntde
3212 4700 3418 4776 legatis
3447 4701 3603 4776 Nord

1959 4794 2335 4841 mannorum,
2369 4780 2433 4830 ut
2463 4773 2729 4846 patetex'
2762 4774 3037 4829 Prudent.
3079 4775 3352 4846 Trecens.
3383 4774 3531 4827 Ann.
3567 4773 3603 4828 h

1957 4869 2010 4906 a.
2057 4851 2324 4904 Fortasse
2373 4845 2568 4901 tamen
2601 4845 2701 4900 illa
2753 4845 3039 4916 expeditio
3096 4845 3604 4901 Nordmannorum

1957 4927 2161 4976 contra
2182 4919 2478 4975 Coloniam
2503 4918 2611 4971 fuit
2629 4918 2688 4972 in
2709 4917 2886 4988 hujus
2907 4917 3082 4973 caedis
3112 4918 3429 4973 vindictam
3456 4918 3606 4973 hanc

1958 4994 2142 5047 multo
2176 4995 2306 5064 post
2336 4994 2626 5064 suscepta.

2027 5061 2192 5136 (179)-
2209 5062 2342 5116 Vita
2370 5065 2426 5115 S.
2460 5061 2708 5136 Anskar.
2741 5077 2791 5114 c.

2025 5131 2174 5206 (180}
2205 5132 2739 5206 ditateposteriora
2787 5131 3063 5206 videntur
3099 5149 3228 5206 esse
3259 5147 3398 5206 qua:
3429 5132 3605 5206 r_efert

1956 5203 2340 5277 Ruodo'lphus
2373 5203 2646 5258 Fuldens.
2672 5221 2732 5277 _a.
2787 5206 2913 5269 845,
2958 5203 3404 5277 coll._Prud_ent:
3435 5203 3600 5277 Trec.

1954 5279 2014 5334 h.
2046 5296 2125 5347 a.,
2163 5271 2262 5333 ubi
2292 5292 2424 5332 vero
2473 5275 2795 5330 cavendum
2831 5292 2898 5330 ne
2932 5292 3058 5345 quae
3091 5275 3162 5328 de
3198 5274 3340 5347 urbe
3372 5271 3601 5347 Sclavo-

1955 5344 2221 5432 rum‘per
2251 5349 2506 5404 Saxones
2538 5351 2708 5418 capta
2738 5347 2930 5412 refert,
2951 5344 2962 5345 ί
2983 5347 3053 5402 de
3084 5345 3422 5417 Hamburgo
3449 5344 3602 5401 male

1955 5421 2509 5707 mliglgalgrivilegia
2541 5487 2978 5543 Ramesloensia
3008 5505 3144 5544 mox
3173 5486 3489 5545 laudanda.

2027 5565 2152 5619 ’182
2205 5565 2297 5618 Sc.
2326 5562 2419 5617 die
2448 5563 2518 5614 20
2545 5561 2681 5617 Jun.
2715 5559 2966 5612 839-840.

2023 5605 2150 5707 (183
2197 5635 2277 5690 Ex
2308 5633 2442 5690 Vita
2470 5633 2529 5689 S.
2566 5631 2815 5688 Anskar.
2850 5647 2899 5688 c.
2937 5632 3000 5690 17

2027 5559 2172 5619 (182)
2205 5565 2297 5618 Sc.
2326 5559 2518 5617 die'20
2545 5561 2681 5617 Jun.
2715 5559 2966 5612 839-840.

2023 5605 2171 5707 H.355
2197 5605 2529 5690 mea".
2546 5605 2815 5688 ᾜτῖἐιέᾶυἶ
2847 5605 3000 5690 8.717
