  <div class='ocr_page' id='page_1' title='image "/cluster/home/n/w/nwhite01/storage/ocr_20150623/146/hvd.32044054760053/248.png"; bbox 0 0 4030 6186; ppageno 0'>
   <div class='ocr_carea' id='block_1_1' title="bbox 162 218 3527 288">
    <p class='ocr_par' dir='ltr' id='par_1_1' title="bbox 162 218 3527 288">
     <span class='ocr_line' id='line_1_1' title="bbox 162 218 3527 288; baseline 0.001 -4"><span class='ocrx_word' id='word_1_1' title='bbox 162 221 253 284; x_wconf 71' lang='grc'><strong><em>685</em></strong></span> <span class='ocrx_word' id='word_1_2' title='bbox 812 218 1061 281; x_wconf 86' lang='lat' dir='ltr'><strong>GESTA</strong></span> <span class='ocrx_word' id='word_1_3' title='bbox 1103 218 1586 283; x_wconf 76' lang='lat' dir='ltr'><strong><em>PONTIFICUM</em></strong></span> <span class='ocrx_word' id='word_1_4' title='bbox 1631 218 2361 283; x_wconf 78' lang='lat' dir='ltr'><strong><em>HAMMABURGENSIS</em></strong></span> <span class='ocrx_word' id='word_1_5' title='bbox 2405 219 2822 285; x_wconf 66' lang='lat' dir='ltr'><strong><em>ECCLESIIE.</em></strong></span> <span class='ocrx_word' id='word_1_6' title='bbox 3408 225 3527 288; x_wconf 75' lang='lat'><strong><em>486</em></strong></span> 
     </span>
    </p>
   </div>
   <div class='ocr_carea' id='block_1_2' title="bbox 160 349 3528 435">
    <p class='ocr_par' dir='ltr' id='par_1_2' title="bbox 160 349 3528 435">
     <span class='ocr_line' id='line_1_2' title="bbox 160 349 3528 435; baseline 0.002 -26"><span class='ocrx_word' id='word_1_7' title='bbox 160 368 243 425; x_wconf 85' lang='lat' dir='ltr'><strong><em>pro</em></strong></span> <span class='ocrx_word' id='word_1_8' title='bbox 283 349 588 408; x_wconf 84' lang='lat' dir='ltr'><strong><em>christiana</em></strong></span> <span class='ocrx_word' id='word_1_9' title='bbox 631 351 747 408; x_wconf 79' lang='lat' dir='ltr'><strong><em>{ide</em></strong></span> <span class='ocrx_word' id='word_1_10' title='bbox 794 353 996 410; x_wconf 89' lang='lat' dir='ltr'><strong><em>crebro</em></strong></span> <span class='ocrx_word' id='word_1_11' title='bbox 1040 353 1358 409; x_wconf 80' lang='lat' dir='ltr'><strong><em>mandavit.</em></strong></span> <span class='ocrx_word' id='word_1_12' title='bbox 1391 353 1601 409; x_wconf 77' lang='lat' dir='ltr'><strong>Extant</strong></span> <span class='ocrx_word' id='word_1_13' title='bbox 1630 353 1755 425; x_wconf 88' lang='lat' dir='ltr'><strong><em>epi-</em></strong></span> <span class='ocrx_word' id='word_1_14' title='bbox 1783 368 1837 435; x_wconf 73' lang='grc' dir='ltr'>Α</span> <span class='ocrx_word' id='word_1_15' title='bbox 1877 355 2111 425; x_wconf 75' lang='lat' dir='ltr'><strong><em>suscepit</em></strong></span> <span class='ocrx_word' id='word_1_16' title='bbox 2156 370 2282 410; x_wconf 87' lang='lat' dir='ltr'><strong><em>cum</em></strong></span> <span class='ocrx_word' id='word_1_17' title='bbox 2325 356 2661 426; x_wconf 75' lang='lat' dir='ltr'><strong><em>professione</em></strong></span> <span class='ocrx_word' id='word_1_18' title='bbox 2702 357 3022 413; x_wconf 86' lang='lat' dir='ltr'><strong><em>monastica.</em></strong></span> <span class='ocrx_word' id='word_1_19' title='bbox 3057 357 3162 413; x_wconf 84' lang='lat' dir='ltr'><strong><em>Cui</em></strong></span> <span class='ocrx_word' id='word_1_20' title='bbox 3187 357 3528 430; x_wconf 85' lang='lat' dir='ltr'><strong><em>Adalgarius</em></strong></span> 
     </span>
    </p>
   </div>
   <div class='ocr_carea' id='block_1_3' title="bbox 160 439 3524 517">
    <p class='ocr_par' dir='ltr' id='par_1_3' title="bbox 160 439 3524 517">
     <span class='ocr_line' id='line_1_3' title="bbox 160 439 3524 517; baseline 0.001 -20"><span class='ocrx_word' id='word_1_21' title='bbox 160 440 289 498; x_wconf 65' lang='lat' dir='ltr'><strong><em>stolae</em></strong></span> <span class='ocrx_word' id='word_1_22' title='bbox 330 440 453 511; x_wconf 88' lang='lat' dir='ltr'><strong><em>ejus</em></strong></span> <span class='ocrx_word' id='word_1_23' title='bbox 498 439 698 512; x_wconf 88' lang='lat' dir='ltr'><strong><em>plures</em></strong></span> <span class='ocrx_word' id='word_1_24' title='bbox 747 440 1108 511; x_wconf 79' lang='lat' dir='ltr'><strong><em>huiusmodi.</em></strong></span> <span class='ocrx_word' id='word_1_25' title='bbox 1153 441 1337 497; x_wconf 82' lang='lat' dir='ltr'><strong><em>Unam</em></strong></span> <span class='ocrx_word' id='word_1_26' title='bbox 1396 458 1551 514; x_wconf 89' lang='lat' dir='ltr'><strong><em>vero,</em></strong></span> <span class='ocrx_word' id='word_1_27' title='bbox 1584 459 1761 514; x_wconf 85' lang='lat' dir='ltr'><strong><em>quam</em></strong></span> <span class='ocrx_word' id='word_1_28' title='bbox 1882 444 2024 498; x_wconf 86' lang='lat' dir='ltr'><strong><em>abba</em></strong></span> <span class='ocrx_word' id='word_1_29' title='bbox 2052 444 2124 479; x_wconf 73' lang='grc'><strong><em>⁸⁸⁵</em></strong></span> <span class='ocrx_word' id='word_1_30' title='bbox 2167 459 2492 514; x_wconf 87' lang='lat' dir='ltr'><strong><em>germanum</em></strong></span> <span class='ocrx_word' id='word_1_31' title='bbox 2537 448 2590 501; x_wconf 87' lang='lat' dir='ltr'><strong><em>et</em></strong></span> <span class='ocrx_word' id='word_1_32' title='bbox 2644 448 2983 517; x_wconf 67' lang='lat' dir='ltr'><strong><em>aequivocum</em></strong></span> <span class='ocrx_word' id='word_1_33' title='bbox 3027 464 3189 503; x_wconf 87' lang='lat' dir='ltr'><strong><em>suum</em></strong></span> <span class='ocrx_word' id='word_1_34' title='bbox 3243 453 3524 505; x_wconf 75' lang='lat' dir='ltr'><strong><em>concessit.</em></strong></span> 
     </span>
    </p>
   </div>
   <div class='ocr_carea' id='block_1_4' title="bbox 164 529 3532 609">
    <p class='ocr_par' dir='ltr' id='par_1_4' title="bbox 164 529 3532 609">
     <span class='ocr_line' id='line_1_4' title="bbox 164 529 3532 609; baseline 0.002 -22"><span class='ocrx_word' id='word_1_35' title='bbox 164 529 622 587; x_wconf 85' lang='lat' dir='ltr'><strong><em>scribitomnibus</em></strong></span> <span class='ocrx_word' id='word_1_36' title='bbox 640 529 931 604; x_wconf 84' lang='lat' dir='ltr'><strong><em>episcopis</em></strong></span> <span class='ocrx_word' id='word_1_37' title='bbox 952 531 1023 587; x_wconf 91' lang='lat' dir='ltr'><strong><em>de</em></strong></span> <span class='ocrx_word' id='word_1_38' title='bbox 1047 548 1155 588; x_wconf 91' lang='lat' dir='ltr'><strong><em>sua</em></strong></span> <span class='ocrx_word' id='word_1_39' title='bbox 1174 530 1677 605; x_wconf 84' lang='lat' dir='ltr'><strong><em>legatione,quam</em></strong></span> <span class='ocrx_word' id='word_1_40' title='bbox 1699 533 1772 588; x_wconf 94' lang='lat' dir='ltr'><strong><em>ab</em></strong></span> <span class='ocrx_word' id='word_1_41' title='bbox 1881 532 2240 604; x_wconf 86' lang='lat' dir='ltr'><strong><em>Adalgarium</em></strong></span> <span class='ocrx_word' id='word_1_42' title='bbox 2269 532 2438 605; x_wconf 87' lang='lat'><strong><em>(222).</em></strong></span> <span class='ocrx_word' id='word_1_43' title='bbox 2493 534 2600 596; x_wconf 89' lang='lat' dir='ltr'><strong><em>Qui</em></strong></span> <span class='ocrx_word' id='word_1_44' title='bbox 2649 539 2851 606; x_wconf 85' lang='lat' dir='ltr'><strong><em>postea</em></strong></span> <span class='ocrx_word' id='word_1_45' title='bbox 2901 541 2958 591; x_wconf 89' lang='lat' dir='ltr'><strong><em>et</em></strong></span> <span class='ocrx_word' id='word_1_46' title='bbox 3004 536 3200 593; x_wconf 91' lang='lat' dir='ltr'><strong><em>socius</em></strong></span> <span class='ocrx_word' id='word_1_47' title='bbox 3246 538 3532 609; x_wconf 67' lang='lat' dir='ltr'><strong><em>praedica-</em></strong></span> 
     </span>
    </p>
   </div>
   <div class='ocr_carea' id='block_1_5' title="bbox 161 618 3532 696">
    <p class='ocr_par' dir='ltr' id='par_1_5' title="bbox 161 618 3532 696">
     <span class='ocr_line' id='line_1_5' title="bbox 161 618 3532 696; baseline 0.002 -21"><span class='ocrx_word' id='word_1_48' title='bbox 161 621 321 675; x_wconf 86' lang='lat' dir='ltr'><strong><em>Ebone</em></strong></span> <span class='ocrx_word' id='word_1_49' title='bbox 346 635 537 675; x_wconf 91' lang='lat' dir='ltr'><strong><em>orsam</em></strong></span> <span class='ocrx_word' id='word_1_50' title='bbox 569 618 802 688; x_wconf 81' lang='lat' dir='ltr'><strong><em>asserit,</em></strong></span> <span class='ocrx_word' id='word_1_51' title='bbox 835 620 918 675; x_wconf 84' lang='lat' dir='ltr'><strong><em>ita</em></strong></span> <span class='ocrx_word' id='word_1_52' title='bbox 946 621 1013 655; x_wconf 67' lang='lat'><strong><em>59‘</em></strong></span> <span class='ocrx_word' id='word_1_53' title='bbox 1053 620 1273 677; x_wconf 80' lang='lat' dir='ltr'><strong><em>claudit</em></strong></span> <span class='ocrx_word' id='word_1_54' title='bbox 1304 637 1318 677; x_wconf 84' lang='lat'><strong>:</strong></span> <span class='ocrx_word' id='word_1_55' title='bbox 1370 622 1649 693; x_wconf 78' lang='lat' dir='ltr'><strong><em>Deprecor,</em></strong></span> <span class='ocrx_word' id='word_1_56' title='bbox 1684 621 1771 676; x_wconf 90' lang='lat' dir='ltr'><strong><em>in-</em></strong></span> <span class='ocrx_word' id='word_1_57' title='bbox 1881 622 2079 690; x_wconf 85' lang='lat' dir='ltr'><strong><em>tionis,</em></strong></span> <span class='ocrx_word' id='word_1_58' title='bbox 2097 626 2155 678; x_wconf 87' lang='lat' dir='ltr'><strong><em>et</em></strong></span> <span class='ocrx_word' id='word_1_59' title='bbox 2175 622 2388 681; x_wconf 87' lang='lat' dir='ltr'><strong><em>meruit</em></strong></span> <span class='ocrx_word' id='word_1_60' title='bbox 2408 622 2661 678; x_wconf 61' lang='lat' dir='ltr'><strong><em>heres”</em></strong></span> <span class='ocrx_word' id='word_1_61' title='bbox 2685 640 2812 680; x_wconf 88' lang='lat' dir='ltr'><strong><em>esse</em></strong></span> <span class='ocrx_word' id='word_1_62' title='bbox 2833 624 3171 696; x_wconf 86' lang='lat' dir='ltr'><strong><em>dignatatis.</em></strong></span> <span class='ocrx_word' id='word_1_63' title='bbox 3191 626 3532 683; x_wconf 83' lang='lat' dir='ltr'><strong><em>Pontiﬁcale</em></strong></span> 
     </span>
    </p>
   </div>
   <div class='ocr_carea' id='block_1_6' title="bbox 162 707 3529 783">
    <p class='ocr_par' dir='ltr' id='par_1_6' title="bbox 162 707 3529 783">
     <span class='ocr_line' id='line_1_6' title="bbox 162 707 3529 783; baseline 0.003 -20"><span class='ocrx_word' id='word_1_64' title='bbox 162 708 337 780; x_wconf 88' lang='lat' dir='ltr'><strong><em>quiens</em></strong></span> <span class='ocrx_word' id='word_1_65' title='bbox 363 707 452 776; x_wconf 68' lang='grc'>⁸⁸⁸,</span> <span class='ocrx_word' id='word_1_66' title='bbox 498 716 561 763; x_wconf 86' lang='lat' dir='ltr'><strong><em>ut</em></strong></span> <span class='ocrx_word' id='word_1_67' title='bbox 598 707 751 781; x_wconf 86' lang='lat' dir='ltr'><strong><em>apud</em></strong></span> <span class='ocrx_word' id='word_1_68' title='bbox 777 709 950 764; x_wconf 85' lang='lat' dir='ltr'><strong><em>Deum</em></strong></span> <span class='ocrx_word' id='word_1_69' title='bbox 990 710 1360 779; x_wconf 85' lang='lat' dir='ltr'><strong><em>intercedatis,</em></strong></span> <span class='ocrx_word' id='word_1_70' title='bbox 1390 711 1652 781; x_wconf 79' lang='lat' dir='ltr'><strong><em>quatinus</em></strong></span> <span class='ocrx_word' id='word_1_71' title='bbox 1708 710 1773 744; x_wconf 71' lang='grc'>⁵⁸³⁷</span> <span class='ocrx_word' id='word_1_72' title='bbox 1884 710 2140 782; x_wconf 90' lang='lat' dir='ltr'><strong><em>palleum</em></strong></span> <span class='ocrx_word' id='word_1_73' title='bbox 2170 712 2236 746; x_wconf 77' lang='grc'><strong><em>⁶¹⁷</em></strong></span> <span class='ocrx_word' id='word_1_74' title='bbox 2285 710 2548 783; x_wconf 82' lang='lat' dir='ltr'><strong><em>suscepit</em></strong></span> <span class='ocrx_word' id='word_1_75' title='bbox 2598 728 2631 765; x_wconf 86' lang='lat' dir='ltr'><strong><em>a</em></strong></span> <span class='ocrx_word' id='word_1_76' title='bbox 2681 729 2832 783; x_wconf 87' lang='lat' dir='ltr'><strong><em>papa</em></strong></span> <span class='ocrx_word' id='word_1_77' title='bbox 2876 712 3111 769; x_wconf 88' lang='lat' dir='ltr'><strong><em>Nicolao</em></strong></span> <span class='ocrx_word' id='word_1_78' title='bbox 3141 715 3231 782; x_wconf 70' lang='grc'><strong><em>⁸³⁸,</em></strong></span> <span class='ocrx_word' id='word_1_79' title='bbox 3284 715 3529 772; x_wconf 76' lang='lat' dir='ltr'><strong><em>ferulam</em></strong></span> 
     </span>
    </p>
   </div>
   <div class='ocr_carea' id='block_1_7' title="bbox 162 798 3532 877">
    <p class='ocr_par' dir='ltr' id='par_1_7' title="bbox 162 798 3532 877">
     <span class='ocr_line' id='line_1_7' title="bbox 162 798 3532 877; baseline 0.002 -23"><span class='ocrx_word' id='word_1_80' title='bbox 162 799 255 854; x_wconf 70' lang='lat' dir='ltr'><strong><em>hac</em></strong></span> <span class='ocrx_word' id='word_1_81' title='bbox 280 798 468 868; x_wconf 88' lang='lat' dir='ltr'><strong><em>legatio</em></strong></span> <span class='ocrx_word' id='word_1_82' title='bbox 509 813 755 853; x_wconf 81' lang='lat' dir='ltr'><strong><em>crescere</em></strong></span> <span class='ocrx_word' id='word_1_83' title='bbox 800 802 853 853; x_wconf 89' lang='lat' dir='ltr'><strong><em>et</em></strong></span> <span class='ocrx_word' id='word_1_84' title='bbox 898 799 1240 870; x_wconf 80' lang='lat' dir='ltr'><strong><em>fructificare</em></strong></span> <span class='ocrx_word' id='word_1_85' title='bbox 1274 806 1554 855; x_wconf 86' lang='lat' dir='ltr'><strong><em>mereatur</em></strong></span> <span class='ocrx_word' id='word_1_86' title='bbox 1584 800 1644 853; x_wconf 82' lang='lat' dir='ltr'><strong><em>in</em></strong></span> <span class='ocrx_word' id='word_1_87' title='bbox 1671 800 1773 854; x_wconf 93' lang='lat' dir='ltr'><strong><em>Do-</em></strong></span> <span class='ocrx_word' id='word_1_88' title='bbox 1884 799 2230 872; x_wconf 79' lang='lat' dir='ltr'><strong><em>pastoralem</em></strong></span> <span class='ocrx_word' id='word_1_89' title='bbox 2254 818 2287 855; x_wconf 93' lang='lat' dir='ltr'><strong><em>a</em></strong></span> <span class='ocrx_word' id='word_1_90' title='bbox 2306 817 2516 856; x_wconf 73' lang='lat' dir='ltr'><strong><em>cessare</em></strong></span> <span class='ocrx_word' id='word_1_91' title='bbox 2529 800 3035 866; x_wconf 88' lang='lat' dir='ltr'><strong><em>Ludvico,sicutin</em></strong></span> <span class='ocrx_word' id='word_1_92' title='bbox 3055 802 3532 877; x_wconf 80' lang='lat' dir='ltr'><strong><em>privilegiis(223)</em></strong></span> 
     </span>
    </p>
   </div>
   <div class='ocr_carea' id='block_1_8' title="bbox 157 887 3555 960">
    <p class='ocr_par' dir='ltr' id='par_1_8' title="bbox 157 887 3555 960">
     <span class='ocr_line' id='line_1_8' title="bbox 157 887 3555 960; baseline 0.001 -17"><span class='ocrx_word' id='word_1_93' title='bbox 157 889 300 943; x_wconf 85' lang='lat' dir='ltr'><strong><em>mino.</em></strong></span> <span class='ocrx_word' id='word_1_94' title='bbox 328 887 448 943; x_wconf 80' lang='lat' dir='ltr'><strong><em>lam</em></strong></span> <span class='ocrx_word' id='word_1_95' title='bbox 478 887 627 943; x_wconf 85' lang='lat' dir='ltr'><strong><em>enim</em></strong></span> <span class='ocrx_word' id='word_1_96' title='bbox 655 887 759 943; x_wconf 88' lang='lat' dir='ltr'><strong><em>Deo</em></strong></span> <span class='ocrx_word' id='word_1_97' title='bbox 788 888 1038 959; x_wconf 87' lang='lat' dir='ltr'><strong><em>Propitio</em></strong></span> <span class='ocrx_word' id='word_1_98' title='bbox 1066 892 1120 944; x_wconf 89' lang='lat' dir='ltr'><strong><em>et</em></strong></span> <span class='ocrx_word' id='word_1_99' title='bbox 1145 887 1292 960; x_wconf 77' lang='lat' dir='ltr'><strong><em>apud</em></strong></span> <span class='ocrx_word' id='word_1_100' title='bbox 1320 889 1497 944; x_wconf 90' lang='lat' dir='ltr'><strong><em>Danos</em></strong></span> <span class='ocrx_word' id='word_1_101' title='bbox 1539 896 1590 944; x_wconf 92' lang='lat' dir='ltr'><strong><em>et</em></strong></span> <span class='ocrx_word' id='word_1_102' title='bbox 1631 887 1775 960; x_wconf 86' lang='lat' dir='ltr'><strong><em>apud</em></strong></span> <span class='ocrx_word' id='word_1_103' title='bbox 1884 888 2111 944; x_wconf 90' lang='lat' dir='ltr'><strong><em>dinosci</em></strong></span> <span class='ocrx_word' id='word_1_104' title='bbox 2132 889 2200 923; x_wconf 75' lang='grc'><strong><em>⁶¹⁹</em></strong></span> <span class='ocrx_word' id='word_1_105' title='bbox 2229 893 2444 960; x_wconf 80' lang='lat' dir='ltr'><strong><em>potest.</em></strong></span> <span class='ocrx_word' id='word_1_106' title='bbox 2477 890 2612 954; x_wconf 80' lang='lat' dir='ltr'><strong><em>Quae</em></strong></span> <span class='ocrx_word' id='word_1_107' title='bbox 2642 891 2840 943; x_wconf 88' lang='lat' dir='ltr'><strong><em>autem</em></strong></span> <span class='ocrx_word' id='word_1_108' title='bbox 2872 893 3153 945; x_wconf 87' lang='lat' dir='ltr'><strong><em>secuntur</em></strong></span> <span class='ocrx_word' id='word_1_109' title='bbox 3170 891 3257 958; x_wconf 64' lang='grc' dir='ltr'><strong><em>δίο,</em></strong></span> <span class='ocrx_word' id='word_1_110' title='bbox 3285 907 3354 947; x_wconf 82' lang='lat' dir='ltr'><strong><em>ex</em></strong></span> <span class='ocrx_word' id='word_1_111' title='bbox 3382 891 3555 948; x_wconf 88' lang='lat' dir='ltr'><strong><em>libro</em></strong></span> 
     </span>
    </p>
   </div>
   <div class='ocr_carea' id='block_1_9' title="bbox 155 975 3292 1049">
    <p class='ocr_par' dir='ltr' id='par_1_9' title="bbox 155 975 3292 1049">
     <span class='ocr_line' id='line_1_9' title="bbox 155 975 3292 1049; baseline 0.001 -18"><span class='ocrx_word' id='word_1_112' title='bbox 155 977 356 1033; x_wconf 85' lang='lat' dir='ltr'><strong><em>Sueones</em></strong></span> <span class='ocrx_word' id='word_1_113' title='bbox 398 975 635 1047; x_wconf 87' lang='lat' dir='ltr'><strong><em>fundata</em></strong></span> <span class='ocrx_word' id='word_1_114' title='bbox 686 984 768 1031; x_wconf 89' lang='lat' dir='ltr'><strong><em>est</em></strong></span> <span class='ocrx_word' id='word_1_115' title='bbox 811 977 1053 1032; x_wconf 79' lang='lat' dir='ltr'><strong><em>Ecclesia</em></strong></span> <span class='ocrx_word' id='word_1_116' title='bbox 1105 977 1335 1045; x_wconf 78' lang='lat' dir='ltr'><strong><em>Christi,</em></strong></span> <span class='ocrx_word' id='word_1_117' title='bbox 1377 981 1429 1032; x_wconf 91' lang='lat' dir='ltr'><strong><em>et</em></strong></span> <span class='ocrx_word' id='word_1_118' title='bbox 1476 976 1777 1033; x_wconf 82' lang='lat' dir='ltr'><strong><em>sacerdotes</em></strong></span> <span class='ocrx_word' id='word_1_119' title='bbox 1882 976 2026 1031; x_wconf 82' lang='lat' dir='ltr'><strong><em>Vitae</em></strong></span> <span class='ocrx_word' id='word_1_120' title='bbox 2048 978 2114 1012; x_wconf 67' lang='grc' dir='ltr'><strong><em>⁸η</em></strong></span> <span class='ocrx_word' id='word_1_121' title='bbox 2148 978 2277 1047; x_wconf 89' lang='lat' dir='ltr'><strong><em>ejus</em></strong></span> <span class='ocrx_word' id='word_1_122' title='bbox 2307 977 2709 1049; x_wconf 81' lang='lat' dir='ltr'><strong><em>decerpsimus</em></strong></span> <span class='ocrx_word' id='word_1_123' title='bbox 2729 976 2798 1012; x_wconf 75' lang='lat'><strong><em>5”</em></strong></span> <span class='ocrx_word' id='word_1_124' title='bbox 2827 977 3083 1049; x_wconf 88' lang='lat' dir='ltr'><strong><em>capitqu</em></strong></span> <span class='ocrx_word' id='word_1_125' title='bbox 3107 980 3176 1014; x_wconf 79' lang='grc'><strong><em>⁶²³</em></strong></span> <span class='ocrx_word' id='word_1_126' title='bbox 3208 980 3292 1035; x_wconf 86' lang='grc'>16.</span> 
     </span>
    </p>
   </div>
   <div class='ocr_carea' id='block_1_10' title="bbox 155 1064 3533 1141">
    <p class='ocr_par' dir='ltr' id='par_1_10' title="bbox 155 1064 3533 1141">
     <span class='ocr_line' id='line_1_10' title="bbox 155 1064 3533 1141; baseline 0.001 -20"><span class='ocrx_word' id='word_1_127' title='bbox 155 1067 323 1138; x_wconf 81' lang='lat' dir='ltr'><strong><em>absque</em></strong></span> <span class='ocrx_word' id='word_1_128' title='bbox 348 1066 714 1136; x_wconf 78' lang='lat' dir='ltr'><strong><em>prohibitione</em></strong></span> <span class='ocrx_word' id='word_1_129' title='bbox 735 1067 965 1137; x_wconf 83' lang='lat' dir='ltr'><strong><em>proprio</em></strong></span> <span class='ocrx_word' id='word_1_130' title='bbox 994 1068 1312 1138; x_wconf 88' lang='lat' dir='ltr'><strong><em>funguntur</em></strong></span> <span class='ocrx_word' id='word_1_131' title='bbox 1351 1067 1550 1138; x_wconf 83' lang='lat' dir='ltr'><strong><em>ofﬁcio.</em></strong></span> <span class='ocrx_word' id='word_1_132' title='bbox 1584 1066 1774 1121; x_wconf 85' lang='lat' dir='ltr'><strong><em>Omni-</em></strong></span> <span class='ocrx_word' id='word_1_133' title='bbox 1954 1068 2042 1120; x_wconf 91' lang='lat'><strong><em>38.</em></strong></span> <span class='ocrx_word' id='word_1_134' title='bbox 2075 1067 2093 1138; x_wconf 94' lang='lat'><strong><em>(</em></strong></span> <span class='ocrx_word' id='word_1_135' title='bbox 2117 1066 2258 1137; x_wconf 89' lang='lat'><strong><em>[33.]</em></strong></span> <span class='ocrx_word' id='word_1_136' title='bbox 2287 1064 2423 1137; x_wconf 89' lang='lat' dir='ltr'><strong><em>Cap.</em></strong></span> <span class='ocrx_word' id='word_1_137' title='bbox 2456 1066 2571 1137; x_wconf 86' lang='lat'><strong><em>29.)</em></strong></span> <span class='ocrx_word' id='word_1_138' title='bbox 2600 1072 2878 1123; x_wconf 68' lang='lat' dir='ltr'><strong><em>Praeterea</em></strong></span> <span class='ocrx_word' id='word_1_139' title='bbox 2907 1068 3203 1136; x_wconf 87' lang='lat' dir='ltr'><strong><em>legationis</em></strong></span> <span class='ocrx_word' id='word_1_140' title='bbox 3239 1084 3358 1140; x_wconf 76' lang='lat' dir='ltr'><strong><em>suae</em></strong></span> <span class='ocrx_word' id='word_1_141' title='bbox 3403 1070 3533 1141; x_wconf 78' lang='lat' dir='ltr'><strong><em>ofﬁ-</em></strong></span> 
     </span>
    </p>
   </div>
   <div class='ocr_carea' id='block_1_11' title="bbox 158 1153 3535 1228">
    <p class='ocr_par' dir='ltr' id='par_1_11' title="bbox 158 1153 3535 1228">
     <span class='ocr_line' id='line_1_11' title="bbox 158 1153 3535 1228; baseline 0.001 -18"><span class='ocrx_word' id='word_1_142' title='bbox 158 1158 319 1228; x_wconf 78' lang='lat' dir='ltr'><strong><em>potens</em></strong></span> <span class='ocrx_word' id='word_1_143' title='bbox 344 1155 485 1210; x_wconf 85' lang='lat' dir='ltr'><strong><em>Deus</em></strong></span> <span class='ocrx_word' id='word_1_144' title='bbox 508 1156 677 1226; x_wconf 78' lang='lat' dir='ltr'><strong><em>faciat</em></strong></span> <span class='ocrx_word' id='word_1_145' title='bbox 715 1170 803 1210; x_wconf 91' lang='lat' dir='ltr'><strong><em>vos</em></strong></span> <span class='ocrx_word' id='word_1_146' title='bbox 845 1170 1032 1210; x_wconf 87' lang='lat' dir='ltr'><strong><em>omnes</em></strong></span> <span class='ocrx_word' id='word_1_147' title='bbox 1078 1154 1244 1225; x_wconf 76' lang='lat' dir='ltr'><strong><em>huius</em></strong></span> <span class='ocrx_word' id='word_1_148' title='bbox 1293 1155 1469 1226; x_wconf 87' lang='lat' dir='ltr'><strong><em>operis</em></strong></span> <span class='ocrx_word' id='word_1_149' title='bbox 1492 1158 1593 1227; x_wconf 87' lang='lat' dir='ltr'><strong><em>pia</em></strong></span> <span class='ocrx_word' id='word_1_150' title='bbox 1625 1156 1775 1211; x_wconf 85' lang='lat' dir='ltr'><strong><em>beni-</em></strong></span> <span class='ocrx_word' id='word_1_151' title='bbox 1883 1157 2050 1222; x_wconf 88' lang='lat' dir='ltr'><strong><em>cium,</em></strong></span> <span class='ocrx_word' id='word_1_152' title='bbox 2083 1154 2223 1225; x_wconf 88' lang='lat' dir='ltr'><strong><em>quod</em></strong></span> <span class='ocrx_word' id='word_1_153' title='bbox 2268 1153 2340 1210; x_wconf 87' lang='lat' dir='ltr'><strong><em>ad</em></strong></span> <span class='ocrx_word' id='word_1_154' title='bbox 2383 1154 2800 1224; x_wconf 68' lang='lat' dir='ltr'><strong><em>praedicandum</em></strong></span> <span class='ocrx_word' id='word_1_155' title='bbox 2856 1157 3109 1226; x_wconf 81' lang='lat' dir='ltr'><strong><em>gentibus</em></strong></span> <span class='ocrx_word' id='word_1_156' title='bbox 3155 1157 3381 1213; x_wconf 88' lang='lat' dir='ltr'><strong><em>verbum</em></strong></span> <span class='ocrx_word' id='word_1_157' title='bbox 3436 1159 3535 1215; x_wconf 89' lang='lat' dir='ltr'><strong><em>Dei</em></strong></span> 
     </span>
    </p>
   </div>
   <div class='ocr_carea' id='block_1_12' title="bbox 156 1244 3534 1319">
    <p class='ocr_par' dir='ltr' id='par_1_12' title="bbox 156 1244 3534 1319">
     <span class='ocr_line' id='line_1_12' title="bbox 156 1244 3534 1319; baseline 0 -17"><span class='ocrx_word' id='word_1_158' title='bbox 156 1245 366 1302; x_wconf 81' lang='lat' dir='ltr'><strong><em>volentia</em></strong></span> <span class='ocrx_word' id='word_1_159' title='bbox 390 1244 458 1280; x_wconf 64' lang='lat'><strong><em>&quot;3</em></strong></span> <span class='ocrx_word' id='word_1_160' title='bbox 484 1245 805 1316; x_wconf 87' lang='lat' dir='ltr'><strong><em>participes,</em></strong></span> <span class='ocrx_word' id='word_1_161' title='bbox 834 1250 890 1300; x_wconf 89' lang='lat' dir='ltr'><strong><em>et</em></strong></span> <span class='ocrx_word' id='word_1_162' title='bbox 920 1246 981 1300; x_wconf 88' lang='lat' dir='ltr'><strong><em>in</em></strong></span> <span class='ocrx_word' id='word_1_163' title='bbox 1005 1245 1213 1301; x_wconf 76' lang='lat' dir='ltr'><strong><em>ccelesti</em></strong></span> <span class='ocrx_word' id='word_1_164' title='bbox 1240 1244 1417 1316; x_wconf 88' lang='lat' dir='ltr'><strong><em>gloria</em></strong></span> <span class='ocrx_word' id='word_1_165' title='bbox 1447 1244 1659 1301; x_wconf 81' lang='lat' dir='ltr'><strong><em>Christi</em></strong></span> <span class='ocrx_word' id='word_1_166' title='bbox 1686 1260 1776 1301; x_wconf 89' lang='lat' dir='ltr'><strong><em>co-</em></strong></span> <span class='ocrx_word' id='word_1_167' title='bbox 1880 1246 2141 1317; x_wconf 82' lang='lat' dir='ltr'><strong><em>primitus</em></strong></span> <span class='ocrx_word' id='word_1_168' title='bbox 2170 1261 2205 1299; x_wconf 91' lang='lat' dir='ltr'><strong><em>a</em></strong></span> <span class='ocrx_word' id='word_1_169' title='bbox 2233 1244 2506 1300; x_wconf 86' lang='lat' dir='ltr'><strong><em>decessore</em></strong></span> <span class='ocrx_word' id='word_1_170' title='bbox 2532 1260 2629 1300; x_wconf 90' lang='lat' dir='ltr'><strong><em>suo</em></strong></span> <span class='ocrx_word' id='word_1_171' title='bbox 2658 1252 2966 1315; x_wconf 86' lang='lat' dir='ltr'><strong><em>susceptum</em></strong></span> <span class='ocrx_word' id='word_1_172' title='bbox 2992 1254 3090 1314; x_wconf 87' lang='lat' dir='ltr'><strong><em>est,</em></strong></span> <span class='ocrx_word' id='word_1_173' title='bbox 3112 1251 3166 1302; x_wconf 87' lang='lat' dir='ltr'><strong><em>et</em></strong></span> <span class='ocrx_word' id='word_1_174' title='bbox 3191 1247 3534 1319; x_wconf 87' lang='lat' dir='ltr'><strong><em>postmodum</em></strong></span> 
     </span>
    </p>
   </div>
   <div class='ocr_carea' id='block_1_13' title="bbox 159 1333 3532 1409">
    <p class='ocr_par' dir='ltr' id='par_1_13' title="bbox 159 1333 3532 1409">
     <span class='ocr_line' id='line_1_13' title="bbox 159 1333 3532 1409; baseline 0 -18"><span class='ocrx_word' id='word_1_175' title='bbox 159 1333 348 1391; x_wconf 75' lang='lat' dir='ltr'><strong><em>heredes</em></strong></span> <span class='ocrx_word' id='word_1_176' title='bbox 376 1333 545 1406; x_wconf 90' lang='lat'><strong><em>(218).</em></strong></span> <span class='ocrx_word' id='word_1_177' title='bbox 1885 1334 1984 1389; x_wconf 87' lang='lat' dir='ltr'><strong><em>sub</em></strong></span> <span class='ocrx_word' id='word_1_178' title='bbox 2028 1334 2161 1405; x_wconf 86' lang='lat' dir='ltr'><strong><em>jure</em></strong></span> <span class='ocrx_word' id='word_1_179' title='bbox 2207 1334 2566 1389; x_wconf 84' lang='lat' dir='ltr'><strong><em>successionis</em></strong></span> <span class='ocrx_word' id='word_1_180' title='bbox 2610 1335 2778 1404; x_wconf 89' lang='lat' dir='ltr'><strong><em>quasi</em></strong></span> <span class='ocrx_word' id='word_1_181' title='bbox 2824 1333 3217 1391; x_wconf 86' lang='lat' dir='ltr'><strong><em>hereditarium</em></strong></span> <span class='ocrx_word' id='word_1_182' title='bbox 3263 1339 3532 1409; x_wconf 78' lang='lat' dir='ltr'><strong><em>provenit,</em></strong></span> 
     </span>
    </p>
   </div>
   <div class='ocr_carea' id='block_1_14' title="bbox 207 1421 3536 1497">
    <p class='ocr_par' dir='ltr' id='par_1_14' title="bbox 207 1421 3536 1497">
     <span class='ocr_line' id='line_1_14' title="bbox 207 1421 3536 1497; baseline 0.001 -18"><span class='ocrx_word' id='word_1_183' title='bbox 207 1424 290 1479; x_wconf 87' lang='lat'><strong><em>36.</em></strong></span> <span class='ocrx_word' id='word_1_184' title='bbox 336 1422 496 1496; x_wconf 87' lang='lat' dir='ltr'><strong><em>(Cap.</em></strong></span> <span class='ocrx_word' id='word_1_185' title='bbox 545 1421 664 1495; x_wconf 87' lang='lat'><strong><em>27.)</em></strong></span> <span class='ocrx_word' id='word_1_186' title='bbox 717 1423 1044 1496; x_wconf 87' lang='lat' dir='ltr'><strong><em>Supervixit</em></strong></span> <span class='ocrx_word' id='word_1_187' title='bbox 1089 1426 1285 1479; x_wconf 87' lang='lat' dir='ltr'><strong><em>autem</em></strong></span> <span class='ocrx_word' id='word_1_188' title='bbox 1316 1424 1383 1458; x_wconf 68' lang='lat'><strong><em>59°</em></strong></span> <span class='ocrx_word' id='word_1_189' title='bbox 1430 1427 1565 1496; x_wconf 92' lang='lat' dir='ltr'><strong><em>post</em></strong></span> <span class='ocrx_word' id='word_1_190' title='bbox 1613 1421 1777 1480; x_wconf 82' lang='lat' dir='ltr'><strong><em>illam</em></strong></span> <span class='ocrx_word' id='word_1_191' title='bbox 1886 1424 2119 1495; x_wconf 88' lang='lat' dir='ltr'><strong><em>impigre</em></strong></span> <span class='ocrx_word' id='word_1_192' title='bbox 2145 1427 2401 1479; x_wconf 74' lang='lat' dir='ltr'><strong><em>executus</em></strong></span> <span class='ocrx_word' id='word_1_193' title='bbox 2431 1426 2533 1478; x_wconf 89' lang='lat' dir='ltr'><strong><em>est.</em></strong></span> <span class='ocrx_word' id='word_1_194' title='bbox 2565 1423 2684 1494; x_wconf 87' lang='lat' dir='ltr'><strong><em>Ipse</em></strong></span> <span class='ocrx_word' id='word_1_195' title='bbox 2707 1422 2929 1495; x_wconf 86' lang='lat' dir='ltr'><strong><em>quidem</em></strong></span> <span class='ocrx_word' id='word_1_196' title='bbox 2955 1440 3053 1496; x_wconf 87' lang='lat' dir='ltr'><strong><em>per</em></strong></span> <span class='ocrx_word' id='word_1_197' title='bbox 3081 1441 3158 1494; x_wconf 89' lang='lat' dir='ltr'><strong><em>se,</em></strong></span> <span class='ocrx_word' id='word_1_198' title='bbox 3195 1428 3443 1497; x_wconf 88' lang='lat' dir='ltr'><strong><em>quotiens</em></strong></span> <span class='ocrx_word' id='word_1_199' title='bbox 3465 1426 3536 1463; x_wconf 74' lang='grc'><strong><em>⁶²⁴</em></strong></span> 
     </span>
    </p>
   </div>
   <div class='ocr_carea' id='block_1_15' title="bbox 157 1511 3635 1586">
    <p class='ocr_par' dir='ltr' id='par_1_15' title="bbox 157 1511 3635 1586">
     <span class='ocr_line' id='line_1_15' title="bbox 157 1511 3635 1586; baseline 0.001 -18"><span class='ocrx_word' id='word_1_200' title='bbox 157 1511 450 1585; x_wconf 75' lang='lat' dir='ltr'><strong><em>plenariam</em></strong></span> <span class='ocrx_word' id='word_1_201' title='bbox 505 1511 907 1585; x_wconf 86' lang='lat' dir='ltr'><strong><em>Hammaburg</em></strong></span> <span class='ocrx_word' id='word_1_202' title='bbox 964 1516 1023 1568; x_wconf 87' lang='lat' dir='ltr'><strong><em>et</em></strong></span> <span class='ocrx_word' id='word_1_203' title='bbox 1075 1512 1292 1568; x_wconf 83' lang='lat' dir='ltr'><strong><em>Bremas</em></strong></span> <span class='ocrx_word' id='word_1_204' title='bbox 1343 1511 1777 1586; x_wconf 89' lang='lat' dir='ltr'><strong><em>copulationem</em></strong></span> <span class='ocrx_word' id='word_1_205' title='bbox 1886 1519 2260 1584; x_wconf 75' lang='lat' dir='ltr'><strong><em>occupationes</em></strong></span> <span class='ocrx_word' id='word_1_206' title='bbox 2297 1512 2433 1570; x_wconf 65' lang='lat' dir='ltr'><strong><em>alia?</em></strong></span> <span class='ocrx_word' id='word_1_207' title='bbox 2470 1512 2718 1567; x_wconf 85' lang='lat' dir='ltr'><strong><em>sinerent</em></strong></span> <span class='ocrx_word' id='word_1_208' title='bbox 2745 1513 2834 1582; x_wconf 63' lang='grc' dir='ltr'><strong><em>επ,</em></strong></span> <span class='ocrx_word' id='word_1_209' title='bbox 2881 1511 3062 1568; x_wconf 84' lang='lat' dir='ltr'><strong><em>eidem</em></strong></span> <span class='ocrx_word' id='word_1_210' title='bbox 3089 1514 3355 1582; x_wconf 82' lang='lat' dir='ltr'><strong><em>legationi</em></strong></span> <span class='ocrx_word' id='word_1_211' title='bbox 3391 1515 3534 1571; x_wconf 85' lang='lat' dir='ltr'><strong><em>insi-</em></strong></span> <span class='ocrx_word' id='word_1_212' title='bbox 3630 1542 3635 1547; x_wconf 68' lang='grc' dir='ltr'><strong><em>τ</em></strong></span> 
     </span>
    </p>
   </div>
   <div class='ocr_carea' id='block_1_16' title="bbox 157 1600 3533 1676">
    <p class='ocr_par' dir='ltr' id='par_1_16' title="bbox 157 1600 3533 1676">
     <span class='ocr_line' id='line_1_16' title="bbox 157 1600 3533 1676; baseline 0.001 -18"><span class='ocrx_word' id='word_1_213' title='bbox 157 1618 315 1658; x_wconf 86' lang='lat' dir='ltr'><strong><em>annos</em></strong></span> <span class='ocrx_word' id='word_1_214' title='bbox 343 1604 588 1673; x_wconf 83' lang='lat' dir='ltr'><strong><em>septem.</em></strong></span> <span class='ocrx_word' id='word_1_215' title='bbox 620 1600 783 1657; x_wconf 81' lang='lat' dir='ltr'><strong><em>Sedit</em></strong></span> <span class='ocrx_word' id='word_1_216' title='bbox 801 1600 871 1635; x_wconf 81' lang='grc'><strong><em>⁶⁰⁰</em></strong></span> <span class='ocrx_word' id='word_1_217' title='bbox 903 1615 1109 1657; x_wconf 90' lang='lat' dir='ltr'><strong><em>omnes</em></strong></span> <span class='ocrx_word' id='word_1_218' title='bbox 1138 1617 1327 1657; x_wconf 89' lang='lat' dir='ltr'><strong><em>annos</em></strong></span> <span class='ocrx_word' id='word_1_219' title='bbox 1354 1601 1446 1656; x_wconf 86' lang='lat'><strong><em>34.</em></strong></span> <span class='ocrx_word' id='word_1_220' title='bbox 1468 1601 1649 1672; x_wconf 85' lang='lat' dir='ltr'><strong><em>Cujus</em></strong></span> <span class='ocrx_word' id='word_1_221' title='bbox 1679 1601 1779 1656; x_wconf 91' lang='lat' dir='ltr'><strong><em>de-</em></strong></span> <span class='ocrx_word' id='word_1_222' title='bbox 1886 1609 2050 1667; x_wconf 85' lang='lat' dir='ltr'><strong><em>stens,</em></strong></span> <span class='ocrx_word' id='word_1_223' title='bbox 2070 1617 2282 1673; x_wconf 87' lang='lat' dir='ltr'><strong><em>semper</em></strong></span> <span class='ocrx_word' id='word_1_224' title='bbox 2302 1610 2487 1656; x_wconf 88' lang='lat' dir='ltr'><strong><em>autem</em></strong></span> <span class='ocrx_word' id='word_1_225' title='bbox 2506 1601 2574 1635; x_wconf 79' lang='grc'><strong><em>⁶²⁶</em></strong></span> <span class='ocrx_word' id='word_1_226' title='bbox 2601 1603 2928 1657; x_wconf 84' lang='lat' dir='ltr'><strong><em>constitutos</em></strong></span> <span class='ocrx_word' id='word_1_227' title='bbox 2948 1601 3149 1658; x_wconf 86' lang='lat' dir='ltr'><strong><em>habens</em></strong></span> <span class='ocrx_word' id='word_1_228' title='bbox 3168 1604 3533 1676; x_wconf 84' lang='lat' dir='ltr'><strong><em>presbyteros,</em></strong></span> 
     </span>
    </p>
   </div>
   <div class='ocr_carea' id='block_1_17' title="bbox 158 1688 3537 1764">
    <p class='ocr_par' dir='ltr' id='par_1_17' title="bbox 158 1688 3537 1764">
     <span class='ocr_line' id='line_1_17' title="bbox 158 1688 3537 1764; baseline 0.001 -17"><span class='ocrx_word' id='word_1_229' title='bbox 158 1690 341 1764; x_wconf 79' lang='lat' dir='ltr'><strong><em>positio</em></strong></span> <span class='ocrx_word' id='word_1_230' title='bbox 362 1706 600 1747; x_wconf 88' lang='lat' dir='ltr'><strong><em>summa</em></strong></span> <span class='ocrx_word' id='word_1_231' title='bbox 621 1689 996 1746; x_wconf 89' lang='lat' dir='ltr'><strong><em>veneratione</em></strong></span> <span class='ocrx_word' id='word_1_232' title='bbox 1025 1688 1237 1745; x_wconf 85' lang='lat' dir='ltr'><strong><em>colitur</em></strong></span> <span class='ocrx_word' id='word_1_233' title='bbox 1264 1690 1320 1744; x_wconf 92' lang='lat'><strong><em>3.</em></strong></span> <span class='ocrx_word' id='word_1_234' title='bbox 1353 1689 1501 1745; x_wconf 89' lang='lat' dir='ltr'><strong><em>Non.</em></strong></span> <span class='ocrx_word' id='word_1_235' title='bbox 1534 1690 1781 1745; x_wconf 85' lang='lat' dir='ltr'><strong><em>Februa-</em></strong></span> <span class='ocrx_word' id='word_1_236' title='bbox 1811 1740 1854 1764; x_wconf 66' lang='grc' dir='ltr'><strong>η</strong></span> <span class='ocrx_word' id='word_1_237' title='bbox 1887 1706 1985 1763; x_wconf 87' lang='lat' dir='ltr'><strong><em>per</em></strong></span> <span class='ocrx_word' id='word_1_238' title='bbox 2014 1706 2145 1761; x_wconf 88' lang='lat' dir='ltr'><strong><em>quos</em></strong></span> <span class='ocrx_word' id='word_1_239' title='bbox 2171 1690 2242 1745; x_wconf 90' lang='lat' dir='ltr'><strong><em>ad</em></strong></span> <span class='ocrx_word' id='word_1_240' title='bbox 2265 1690 2489 1745; x_wconf 89' lang='lat' dir='ltr'><strong><em>verbum</em></strong></span> <span class='ocrx_word' id='word_1_241' title='bbox 2501 1689 2601 1745; x_wconf 83' lang='lat' dir='ltr'><strong><em>Dei</em></strong></span> <span class='ocrx_word' id='word_1_242' title='bbox 2649 1690 2878 1761; x_wconf 77' lang='lat' dir='ltr'><strong><em>gentiles</em></strong></span> <span class='ocrx_word' id='word_1_243' title='bbox 2906 1690 3169 1747; x_wconf 82' lang='lat' dir='ltr'><strong><em>audirent</em></strong></span> <span class='ocrx_word' id='word_1_244' title='bbox 3195 1697 3247 1748; x_wconf 86' lang='lat' dir='ltr'><strong><em>et</em></strong></span> <span class='ocrx_word' id='word_1_245' title='bbox 3274 1694 3537 1749; x_wconf 88' lang='lat' dir='ltr'><strong><em>solatium</em></strong></span> 
     </span>
    </p>
   </div>
   <div class='ocr_carea' id='block_1_18' title="bbox 159 1740 3539 1854">
    <p class='ocr_par' dir='ltr' id='par_1_18' title="bbox 159 1740 3539 1854">
     <span class='ocr_line' id='line_1_18' title="bbox 159 1740 3539 1854; baseline 0.001 -18"><span class='ocrx_word' id='word_1_246' title='bbox 247 1779 399 1836; x_wconf 86' lang='lat' dir='ltr'><strong><em>Obiit</em></strong></span> <span class='ocrx_word' id='word_1_247' title='bbox 421 1779 487 1814; x_wconf 79' lang='grc'><strong><em>⁶⁰¹</em></strong></span> <span class='ocrx_word' id='word_1_248' title='bbox 520 1795 674 1835; x_wconf 91' lang='lat' dir='ltr'><strong><em>anno</em></strong></span> <span class='ocrx_word' id='word_1_249' title='bbox 694 1777 940 1835; x_wconf 86' lang='lat' dir='ltr'><strong><em>Domino</em></strong></span> <span class='ocrx_word' id='word_1_250' title='bbox 960 1779 1086 1833; x_wconf 88' lang='lat'><strong><em>865.</em></strong></span> <span class='ocrx_word' id='word_1_251' title='bbox 1114 1777 1431 1834; x_wconf 88' lang='lat' dir='ltr'><strong><em>indictione</em></strong></span> <span class='ocrx_word' id='word_1_252' title='bbox 1458 1778 1544 1846; x_wconf 94' lang='lat'><strong><em>13,</em></strong></span> <span class='ocrx_word' id='word_1_253' title='bbox 1568 1777 1668 1850; x_wconf 89' lang='lat' dir='ltr'><strong><em>qui</em></strong></span> <span class='ocrx_word' id='word_1_254' title='bbox 1690 1781 1781 1835; x_wconf 86' lang='lat' dir='ltr'><strong><em>est</em></strong></span> <span class='ocrx_word' id='word_1_255' title='bbox 1811 1740 1857 1804; x_wconf 80' lang='grc' dir='ltr'>Β</span> <span class='ocrx_word' id='word_1_256' title='bbox 1885 1740 2096 1851; x_wconf 62' lang='lat' dir='ltr'><strong><em>captivi</em></strong></span> <span class='ocrx_word' id='word_1_257' title='bbox 2138 1779 2438 1836; x_wconf 85' lang='lat' dir='ltr'><strong><em>christiani</em></strong></span> <span class='ocrx_word' id='word_1_258' title='bbox 2472 1740 2749 1845; x_wconf 58' lang='lat' dir='ltr'><strong><em>habergnt,</em></strong></span> <span class='ocrx_word' id='word_1_259' title='bbox 2778 1779 2853 1835; x_wconf 90' lang='lat' dir='ltr'><strong><em>ad</em></strong></span> <span class='ocrx_word' id='word_1_260' title='bbox 2901 1781 3157 1836; x_wconf 81' lang='lat' dir='ltr'><strong><em>ecclesias</em></strong></span> <span class='ocrx_word' id='word_1_261' title='bbox 3201 1740 3539 1854; x_wconf 55' lang='lat' dir='ltr'><strong><em>inter</em></strong></span> 
     </span>
    </p>
   </div>
   <div class='ocr_carea' id='block_1_19' title="bbox 162 1866 3539 1941">
    <p class='ocr_par' dir='ltr' id='par_1_19' title="bbox 162 1866 3539 1941">
     <span class='ocr_line' id='line_1_19' title="bbox 162 1866 3539 1941; baseline 0.001 -16"><span class='ocrx_word' id='word_1_262' title='bbox 162 1868 368 1926; x_wconf 89' lang='lat' dir='ltr'><strong><em>Ludvici</em></strong></span> <span class='ocrx_word' id='word_1_263' title='bbox 388 1867 629 1925; x_wconf 87' lang='lat' dir='ltr'><strong><em>secundi</em></strong></span> <span class='ocrx_word' id='word_1_264' title='bbox 644 1866 1137 1941; x_wconf 87' lang='lat' dir='ltr'><strong><em>26,sepultusque</em></strong></span> <span class='ocrx_word' id='word_1_265' title='bbox 1153 1871 1243 1924; x_wconf 90' lang='lat' dir='ltr'><strong><em>est</em></strong></span> <span class='ocrx_word' id='word_1_266' title='bbox 1260 1867 1318 1922; x_wconf 90' lang='lat' dir='ltr'><strong><em>in</em></strong></span> <span class='ocrx_word' id='word_1_267' title='bbox 1335 1866 1579 1924; x_wconf 87' lang='lat' dir='ltr'><strong><em>basilica</em></strong></span> <span class='ocrx_word' id='word_1_268' title='bbox 1594 1867 1781 1923; x_wconf 87' lang='lat' dir='ltr'><strong><em>sancti</em></strong></span> <span class='ocrx_word' id='word_1_269' title='bbox 1883 1884 2132 1940; x_wconf 87' lang='lat' dir='ltr'><strong><em>paganos</em></strong></span> <span class='ocrx_word' id='word_1_270' title='bbox 2171 1868 2327 1940; x_wconf 85' lang='lat' dir='ltr'><strong><em>longe</em></strong></span> <span class='ocrx_word' id='word_1_271' title='bbox 2362 1870 2688 1924; x_wconf 88' lang='lat' dir='ltr'><strong><em>constitutas</em></strong></span> <span class='ocrx_word' id='word_1_272' title='bbox 2713 1868 2801 1936; x_wconf 73' lang='lat'><strong><em>“7,</em></strong></span> <span class='ocrx_word' id='word_1_273' title='bbox 2852 1868 3099 1941; x_wconf 87' lang='lat' dir='ltr'><strong><em>quodque</em></strong></span> <span class='ocrx_word' id='word_1_274' title='bbox 3144 1874 3539 1941; x_wconf 88' lang='lat' dir='ltr'><strong><em>gravissimum</em></strong></span> 
     </span>
    </p>
   </div>
   <div class='ocr_carea' id='block_1_20' title="bbox 163 1955 3538 2030">
    <p class='ocr_par' dir='ltr' id='par_1_20' title="bbox 163 1955 3538 2030">
     <span class='ocr_line' id='line_1_20' title="bbox 163 1955 3538 2030; baseline 0.001 -17"><span class='ocrx_word' id='word_1_275' title='bbox 163 1958 289 2015; x_wconf 84' lang='lat' dir='ltr'><strong><em>Petri</em></strong></span> <span class='ocrx_word' id='word_1_276' title='bbox 339 1962 475 2014; x_wconf 87' lang='lat' dir='ltr'><strong><em>ante</em></strong></span> <span class='ocrx_word' id='word_1_277' title='bbox 531 1956 713 2013; x_wconf 86' lang='lat' dir='ltr'><strong><em>altare</em></strong></span> <span class='ocrx_word' id='word_1_278' title='bbox 773 1961 989 2014; x_wconf 64' lang='lat' dir='ltr'><strong><em>sanctis</em></strong></span> <span class='ocrx_word' id='word_1_279' title='bbox 1046 1955 1147 2012; x_wconf 82' lang='lat' dir='ltr'><strong><em>Dei</em></strong></span> <span class='ocrx_word' id='word_1_280' title='bbox 1202 1955 1502 2029; x_wconf 84' lang='lat' dir='ltr'><strong><em>genitricis</em></strong></span> <span class='ocrx_word' id='word_1_281' title='bbox 1562 1955 1778 2013; x_wconf 76' lang='lat' dir='ltr'><strong><em>Mariae.</em></strong></span> <span class='ocrx_word' id='word_1_282' title='bbox 1888 1966 2025 2025; x_wconf 89' lang='lat' dir='ltr'><strong><em>erat,</em></strong></span> <span class='ocrx_word' id='word_1_283' title='bbox 2059 1958 2757 2014; x_wconf 78' lang='lat' dir='ltr'><strong><em>marinis’discriminibus</em></strong></span> <span class='ocrx_word' id='word_1_284' title='bbox 2806 1957 3111 2014; x_wconf 73' lang='lat' dir='ltr'><strong><em>adeimdas.</em></strong></span> <span class='ocrx_word' id='word_1_285' title='bbox 3152 1963 3287 2030; x_wconf 73' lang='lat' dir='ltr'><strong><em>Quae</em></strong></span> <span class='ocrx_word' id='word_1_286' title='bbox 3338 1961 3538 2018; x_wconf 87' lang='lat' dir='ltr'><strong><em>discri-</em></strong></span> 
     </span>
    </p>
   </div>
   <div class='ocr_carea' id='block_1_21' title="bbox 157 2044 3540 2122">
    <p class='ocr_par' dir='ltr' id='par_1_21' title="bbox 157 2044 3540 2122">
     <span class='ocr_line' id='line_1_21' title="bbox 157 2044 3540 2122; baseline 0.001 -19"><span class='ocrx_word' id='word_1_287' title='bbox 157 2048 348 2104; x_wconf 79' lang='lat' dir='ltr'><strong><em>Eadem</em></strong></span> <span class='ocrx_word' id='word_1_288' title='bbox 367 2048 437 2082; x_wconf 81' lang='grc'>⁶⁰²</span> <span class='ocrx_word' id='word_1_289' title='bbox 467 2046 582 2118; x_wconf 87' lang='lat' dir='ltr'><strong><em>die,</em></strong></span> <span class='ocrx_word' id='word_1_290' title='bbox 606 2064 726 2118; x_wconf 91' lang='lat' dir='ltr'><strong><em>qua</em></strong></span> <span class='ocrx_word' id='word_1_291' title='bbox 753 2046 879 2119; x_wconf 89' lang='lat' dir='ltr'><strong><em>ipse</em></strong></span> <span class='ocrx_word' id='word_1_292' title='bbox 910 2046 1357 2102; x_wconf 88' lang='lat' dir='ltr'><strong><em>commendatus</em></strong></span> <span class='ocrx_word' id='word_1_293' title='bbox 1381 2049 1493 2118; x_wconf 90' lang='lat' dir='ltr'><strong><em>est,</em></strong></span> <span class='ocrx_word' id='word_1_294' title='bbox 1516 2044 1782 2102; x_wconf 84' lang='lat' dir='ltr'><strong><em>Rimber-</em></strong></span> <span class='ocrx_word' id='word_1_295' title='bbox 1888 2049 2049 2103; x_wconf 83' lang='lat' dir='ltr'><strong><em>mina</em></strong></span> <span class='ocrx_word' id='word_1_296' title='bbox 2079 2049 2194 2119; x_wconf 88' lang='lat' dir='ltr'><strong><em>ipse</em></strong></span> <span class='ocrx_word' id='word_1_297' title='bbox 2219 2048 2565 2119; x_wconf 87' lang='lat' dir='ltr'><strong><em>frequentius</em></strong></span> <span class='ocrx_word' id='word_1_298' title='bbox 2601 2050 2900 2115; x_wconf 84' lang='lat' dir='ltr'><strong><em>sustinens,</em></strong></span> <span class='ocrx_word' id='word_1_299' title='bbox 2943 2065 3068 2103; x_wconf 88' lang='lat' dir='ltr'><strong><em>cum</em></strong></span> <span class='ocrx_word' id='word_1_300' title='bbox 3113 2051 3356 2121; x_wconf 87' lang='lat' dir='ltr'><strong><em>apostolo</em></strong></span> <span class='ocrx_word' id='word_1_301' title='bbox 3401 2068 3540 2122; x_wconf 72' lang='lat' dir='ltr'><strong><em>saepe</em></strong></span> 
     </span>
    </p>
   </div>
   <div class='ocr_carea' id='block_1_22' title="bbox 162 2133 3540 2211">
    <p class='ocr_par' dir='ltr' id='par_1_22' title="bbox 162 2133 3540 2211">
     <span class='ocr_line' id='line_1_22' title="bbox 162 2133 3540 2211; baseline 0.001 -19"><span class='ocrx_word' id='word_1_302' title='bbox 162 2142 257 2205; x_wconf 84' lang='lat' dir='ltr'><strong><em>tus,</em></strong></span> <span class='ocrx_word' id='word_1_303' title='bbox 286 2136 565 2192; x_wconf 84' lang='lat' dir='ltr'><strong><em>diaconus</em></strong></span> <span class='ocrx_word' id='word_1_304' title='bbox 594 2136 663 2170; x_wconf 78' lang='grc'><strong><em>⁶⁰³</em></strong></span> <span class='ocrx_word' id='word_1_305' title='bbox 691 2136 843 2207; x_wconf 87' lang='lat' dir='ltr'><strong><em>ejus,</em></strong></span> <span class='ocrx_word' id='word_1_306' title='bbox 878 2153 912 2191; x_wconf 90' lang='lat' dir='ltr'><strong><em>a</em></strong></span> <span class='ocrx_word' id='word_1_307' title='bbox 941 2134 1093 2191; x_wconf 89' lang='lat' dir='ltr'><strong><em>clero</em></strong></span> <span class='ocrx_word' id='word_1_308' title='bbox 1124 2134 1302 2190; x_wconf 88' lang='lat' dir='ltr'><strong><em>simul</em></strong></span> <span class='ocrx_word' id='word_1_309' title='bbox 1336 2141 1394 2190; x_wconf 87' lang='lat' dir='ltr'><strong><em>et</em></strong></span> <span class='ocrx_word' id='word_1_310' title='bbox 1422 2134 1636 2207; x_wconf 88' lang='lat' dir='ltr'><strong><em>populo</em></strong></span> <span class='ocrx_word' id='word_1_311' title='bbox 1667 2133 1781 2190; x_wconf 89' lang='lat' dir='ltr'><strong><em>ele-</em></strong></span> <span class='ocrx_word' id='word_1_312' title='bbox 1889 2136 2249 2207; x_wconf 83' lang='lat' dir='ltr'><strong><em>naufragium</em></strong></span> <span class='ocrx_word' id='word_1_313' title='bbox 2300 2136 2551 2207; x_wconf 77' lang='lat' dir='ltr'><strong><em>pertulit,</em></strong></span> <span class='ocrx_word' id='word_1_314' title='bbox 2600 2150 2744 2207; x_wconf 68' lang='lat' dir='ltr'><strong><em>saepe</em></strong></span> <span class='ocrx_word' id='word_1_315' title='bbox 2797 2138 2968 2192; x_wconf 88' lang='lat' dir='ltr'><strong><em>etiam</em></strong></span> <span class='ocrx_word' id='word_1_316' title='bbox 2994 2138 3061 2172; x_wconf 80' lang='grc'><strong><em>⁶²⁸</em></strong></span> <span class='ocrx_word' id='word_1_317' title='bbox 3108 2139 3231 2194; x_wconf 88' lang='lat' dir='ltr'><strong><em>alia</em></strong></span> <span class='ocrx_word' id='word_1_318' title='bbox 3282 2142 3540 2211; x_wconf 87' lang='lat' dir='ltr'><strong><em>pericula</em></strong></span> 
     </span>
    </p>
   </div>
   <div class='ocr_carea' id='block_1_23' title="bbox 161 2223 3543 2300">
    <p class='ocr_par' dir='ltr' id='par_1_23' title="bbox 161 2223 3543 2300">
     <span class='ocr_line' id='line_1_23' title="bbox 161 2223 3543 2300; baseline 0.001 -19"><span class='ocrx_word' id='word_1_319' title='bbox 161 2231 271 2283; x_wconf 88' lang='lat' dir='ltr'><strong><em>ctus</em></strong></span> <span class='ocrx_word' id='word_1_320' title='bbox 288 2230 392 2283; x_wconf 85' lang='lat' dir='ltr'><strong><em>est.</em></strong></span> <span class='ocrx_word' id='word_1_321' title='bbox 418 2225 527 2291; x_wconf 88' lang='lat' dir='ltr'><strong><em>Qui</em></strong></span> <span class='ocrx_word' id='word_1_322' title='bbox 547 2225 724 2281; x_wconf 89' lang='lat' dir='ltr'><strong><em>etiam</em></strong></span> <span class='ocrx_word' id='word_1_323' title='bbox 742 2224 924 2281; x_wconf 89' lang='lat' dir='ltr'><strong><em>vitam</em></strong></span> <span class='ocrx_word' id='word_1_324' title='bbox 950 2223 1311 2280; x_wconf 89' lang='lat' dir='ltr'><strong><em>sanctissimi</em></strong></span> <span class='ocrx_word' id='word_1_325' title='bbox 1330 2224 1400 2259; x_wconf 76' lang='grc'><strong><em>⁶⁰⁴</em></strong></span> <span class='ocrx_word' id='word_1_326' title='bbox 1428 2223 1610 2296; x_wconf 88' lang='lat' dir='ltr'><strong><em>patris</em></strong></span> <span class='ocrx_word' id='word_1_327' title='bbox 1635 2223 1784 2279; x_wconf 89' lang='lat' dir='ltr'><strong><em>veri-</em></strong></span> <span class='ocrx_word' id='word_1_328' title='bbox 1891 2225 2178 2293; x_wconf 89' lang='lat' dir='ltr'><strong><em>sustinuit,</em></strong></span> <span class='ocrx_word' id='word_1_329' title='bbox 2217 2240 2313 2296; x_wconf 90' lang='lat' dir='ltr'><strong><em>spe</em></strong></span> <span class='ocrx_word' id='word_1_330' title='bbox 2362 2227 2564 2296; x_wconf 67' lang='lat' dir='ltr'><strong><em>fatum</em></strong></span> <span class='ocrx_word' id='word_1_331' title='bbox 2612 2224 2972 2281; x_wconf 86' lang='lat' dir='ltr'><strong><em>beatitudinis</em></strong></span> <span class='ocrx_word' id='word_1_332' title='bbox 3016 2229 3204 2283; x_wconf 88' lang='lat' dir='ltr'><strong><em>omnia</em></strong></span> <span class='ocrx_word' id='word_1_333' title='bbox 3248 2232 3543 2300; x_wconf 71' lang='lat' dir='ltr'><strong><em>praesentis</em></strong></span> 
     </span>
    </p>
   </div>
   <div class='ocr_carea' id='block_1_24' title="bbox 165 2312 3541 2387">
    <p class='ocr_par' dir='ltr' id='par_1_24' title="bbox 165 2312 3541 2387">
     <span class='ocr_line' id='line_1_24' title="bbox 165 2312 3541 2387; baseline 0.001 -16"><span class='ocrx_word' id='word_1_334' title='bbox 165 2317 275 2372; x_wconf 86' lang='lat' dir='ltr'><strong><em>dico</em></strong></span> <span class='ocrx_word' id='word_1_335' title='bbox 293 2331 563 2372; x_wconf 87' lang='lat' dir='ltr'><strong><em>sermone</em></strong></span> <span class='ocrx_word' id='word_1_336' title='bbox 582 2313 1117 2386; x_wconf 89' lang='lat' dir='ltr'><strong><em>describens,more</em></strong></span> <span class='ocrx_word' id='word_1_337' title='bbox 1140 2312 1595 2369; x_wconf 86' lang='lat' dir='ltr'><strong><em>beatiJohannis</em></strong></span> <span class='ocrx_word' id='word_1_338' title='bbox 1616 2312 1786 2384; x_wconf 89' lang='lat' dir='ltr'><strong><em>quasi</em></strong></span> <span class='ocrx_word' id='word_1_339' title='bbox 1892 2316 2017 2370; x_wconf 75' lang='lat' dir='ltr'><strong><em>vitze</em></strong></span> <span class='ocrx_word' id='word_1_340' title='bbox 2041 2315 2110 2350; x_wconf 79' lang='grc'><strong><em>⁶²⁹</em></strong></span> <span class='ocrx_word' id='word_1_341' title='bbox 2136 2330 2331 2385; x_wconf 89' lang='lat' dir='ltr'><strong><em>aspera</em></strong></span> <span class='ocrx_word' id='word_1_342' title='bbox 2364 2312 2596 2379; x_wconf 79' lang='lat' dir='ltr'><strong><em>leniens,</em></strong></span> <span class='ocrx_word' id='word_1_343' title='bbox 2619 2314 2863 2385; x_wconf 85' lang='lat' dir='ltr'><strong><em>illudque</em></strong></span> <span class='ocrx_word' id='word_1_344' title='bbox 2891 2315 3251 2387; x_wconf 87' lang='lat' dir='ltr'><strong><em>apostolicum</em></strong></span> <span class='ocrx_word' id='word_1_345' title='bbox 3281 2320 3541 2377; x_wconf 87' lang='lat' dir='ltr'><strong><em>continua</em></strong></span> 
     </span>
    </p>
   </div>
   <div class='ocr_carea' id='block_1_25' title="bbox 163 2400 3543 2477">
    <p class='ocr_par' dir='ltr' id='par_1_25' title="bbox 163 2400 3543 2477">
     <span class='ocr_line' id='line_1_25' title="bbox 163 2400 3543 2477; baseline 0.001 -17"><span class='ocrx_word' id='word_1_346' title='bbox 163 2406 220 2461; x_wconf 87' lang='lat' dir='ltr'><strong><em>de</em></strong></span> <span class='ocrx_word' id='word_1_347' title='bbox 245 2404 353 2461; x_wconf 86' lang='lat' dir='ltr'><strong><em>alio</em></strong></span> <span class='ocrx_word' id='word_1_348' title='bbox 378 2403 664 2471; x_wconf 90' lang='lat' dir='ltr'><strong><em>scribens,</em></strong></span> <span class='ocrx_word' id='word_1_349' title='bbox 685 2402 880 2459; x_wconf 87' lang='lat' dir='ltr'><strong><em>innuit</em></strong></span> <span class='ocrx_word' id='word_1_350' title='bbox 907 2419 972 2459; x_wconf 90' lang='lat' dir='ltr'><strong><em>se</em></strong></span> <span class='ocrx_word' id='word_1_351' title='bbox 990 2401 1348 2458; x_wconf 84' lang='lat' dir='ltr'><strong><em>ﬁdissimum</em></strong></span> <span class='ocrx_word' id='word_1_352' title='bbox 1372 2403 1440 2437; x_wconf 59' lang='lat'><strong><em>6°“</em></strong></span> <span class='ocrx_word' id='word_1_353' title='bbox 1468 2402 1598 2473; x_wconf 89' lang='lat' dir='ltr'><strong><em>ejus</em></strong></span> <span class='ocrx_word' id='word_1_354' title='bbox 1619 2400 1789 2458; x_wconf 91' lang='lat' dir='ltr'><strong><em>disci-</em></strong></span> <span class='ocrx_word' id='word_1_355' title='bbox 1893 2404 2250 2459; x_wconf 86' lang='lat' dir='ltr'><strong><em>meditatione</em></strong></span> <span class='ocrx_word' id='word_1_356' title='bbox 2273 2403 2552 2459; x_wconf 87' lang='lat' dir='ltr'><strong><em>revolvens</em></strong></span> <span class='ocrx_word' id='word_1_357' title='bbox 2582 2421 2601 2458; x_wconf 91' lang='lat'><em>:</em></span> <span class='ocrx_word' id='word_1_358' title='bbox 2645 2418 2758 2458; x_wconf 88' lang='lat' dir='ltr'><strong><em>non</em></strong></span> <span class='ocrx_word' id='word_1_359' title='bbox 2793 2408 2925 2459; x_wconf 85' lang='lat' dir='ltr'><strong><em>sunt</em></strong></span> <span class='ocrx_word' id='word_1_360' title='bbox 2951 2405 3237 2474; x_wconf 68' lang='lat' dir='ltr'><strong><em>condignas</em></strong></span> <span class='ocrx_word' id='word_1_361' title='bbox 3260 2410 3543 2477; x_wconf 87' lang='lat' dir='ltr'><strong><em>passiones</em></strong></span> 
     </span>
    </p>
   </div>
   <div class='ocr_carea' id='block_1_26' title="bbox 160 2490 3545 2566">
    <p class='ocr_par' dir='ltr' id='par_1_26' title="bbox 160 2490 3545 2566">
     <span class='ocr_line' id='line_1_26' title="bbox 160 2490 3545 2566; baseline 0.001 -16"><span class='ocrx_word' id='word_1_362' title='bbox 160 2494 419 2566; x_wconf 81' lang='lat' dir='ltr'><strong><em>polorum</em></strong></span> <span class='ocrx_word' id='word_1_363' title='bbox 463 2493 611 2565; x_wconf 89' lang='lat'><strong><em>(219)</em></strong></span> <span class='ocrx_word' id='word_1_364' title='bbox 660 2492 1066 2548; x_wconf 86' lang='lat' dir='ltr'><strong><em>testimonium</em></strong></span> <span class='ocrx_word' id='word_1_365' title='bbox 1115 2491 1419 2564; x_wconf 87' lang='lat' dir='ltr'><strong><em>perhibere</em></strong></span> <span class='ocrx_word' id='word_1_366' title='bbox 1466 2491 1786 2559; x_wconf 89' lang='lat' dir='ltr'><strong><em>sanctitati,</em></strong></span> <span class='ocrx_word' id='word_1_367' title='bbox 1896 2494 2058 2565; x_wconf 85' lang='lat' dir='ltr'><strong><em>hujus</em></strong></span> <span class='ocrx_word' id='word_1_368' title='bbox 2100 2493 2366 2563; x_wconf 83' lang='lat' dir='ltr'><strong><em>temporis</em></strong></span> <span class='ocrx_word' id='word_1_369' title='bbox 2394 2490 2465 2546; x_wconf 89' lang='lat' dir='ltr'><strong><em>ad</em></strong></span> <span class='ocrx_word' id='word_1_370' title='bbox 2490 2494 2740 2563; x_wconf 89' lang='lat' dir='ltr'><strong><em>futuram</em></strong></span> <span class='ocrx_word' id='word_1_371' title='bbox 2767 2492 3023 2565; x_wconf 87' lang='lat' dir='ltr'><strong><em>gloriam,</em></strong></span> <span class='ocrx_word' id='word_1_372' title='bbox 3046 2508 3173 2565; x_wconf 69' lang='lat' dir='ltr'><strong><em>quae</em></strong></span> <span class='ocrx_word' id='word_1_373' title='bbox 3203 2495 3545 2553; x_wconf 87' lang='lat' dir='ltr'><strong><em>revelabitur</em></strong></span> 
     </span>
    </p>
   </div>
   <div class='ocr_carea' id='block_1_27' title="bbox 160 2567 3429 2655">
    <p class='ocr_par' dir='ltr' id='par_1_27' title="bbox 160 2567 3429 2655">
     <span class='ocr_line' id='line_1_27' title="bbox 160 2567 3429 2655; baseline -0.002 -15"><span class='ocrx_word' id='word_1_374' title='bbox 160 2599 320 2655; x_wconf 86' lang='lat' dir='ltr'><strong><em>quam</em></strong></span> <span class='ocrx_word' id='word_1_375' title='bbox 350 2585 699 2655; x_wconf 83' lang='lat' dir='ltr'><strong><em>cognoverat</em></strong></span> <span class='ocrx_word' id='word_1_376' title='bbox 729 2580 791 2637; x_wconf 90' lang='lat' dir='ltr'><strong><em>in</em></strong></span> <span class='ocrx_word' id='word_1_377' title='bbox 820 2580 945 2637; x_wconf 89' lang='lat' dir='ltr'><strong><em>viro</em></strong></span> <span class='ocrx_word' id='word_1_378' title='bbox 980 2579 1098 2637; x_wconf 90' lang='lat' dir='ltr'><strong><em>Dei.</em></strong></span> <span class='ocrx_word' id='word_1_379' title='bbox 1130 2579 1297 2636; x_wconf 89' lang='lat' dir='ltr'><strong><em>Hunc</em></strong></span> <span class='ocrx_word' id='word_1_380' title='bbox 1331 2579 1546 2636; x_wconf 90' lang='lat' dir='ltr'><strong><em>librum</em></strong></span> <span class='ocrx_word' id='word_1_381' title='bbox 1576 2578 1674 2636; x_wconf 89' lang='lat' dir='ltr'><strong><em>ille</em></strong></span> <span class='ocrx_word' id='word_1_382' title='bbox 1715 2580 1787 2635; x_wconf 90' lang='lat' dir='ltr'><strong><em>ad</em></strong></span> <span class='ocrx_word' id='word_1_383' title='bbox 1897 2583 1959 2638; x_wconf 89' lang='lat' dir='ltr'><strong><em>in</em></strong></span> <span class='ocrx_word' id='word_1_384' title='bbox 1986 2583 2143 2638; x_wconf 87' lang='lat' dir='ltr'><strong><em>nobis</em></strong></span> <span class='ocrx_word' id='word_1_385' title='bbox 2170 2581 2343 2653; x_wconf 82' lang='lat' dir='ltr'><strong><em>(Rom.</em></strong></span> <span class='ocrx_word' id='word_1_386' title='bbox 2378 2597 2500 2649; x_wconf 82' lang='lat' dir='ltr'><strong><em>vm,</em></strong></span> <span class='ocrx_word' id='word_1_387' title='bbox 2540 2581 2652 2652; x_wconf 92' lang='lat'><strong><em>18).</em></strong></span> <span class='ocrx_word' id='word_1_388' title='bbox 3417 2567 3429 2581; x_wconf 76' lang='grc'><em>’</em></span> 
     </span>
    </p>
   </div>
   <div class='ocr_carea' id='block_1_28' title="bbox 158 2667 3548 2746">
    <p class='ocr_par' dir='ltr' id='par_1_28' title="bbox 158 2667 3548 2746">
     <span class='ocr_line' id='line_1_28' title="bbox 158 2667 3548 2746; baseline 0.001 -20"><span class='ocrx_word' id='word_1_389' title='bbox 158 2671 348 2730; x_wconf 79' lang='lat' dir='ltr'><strong><em>fratres</em></strong></span> <span class='ocrx_word' id='word_1_390' title='bbox 379 2670 630 2727; x_wconf 75' lang='lat' dir='ltr'><strong><em>ctenobii</em></strong></span> <span class='ocrx_word' id='word_1_391' title='bbox 658 2669 871 2726; x_wconf 82' lang='lat' dir='ltr'><strong><em>direxit</em></strong></span> <span class='ocrx_word' id='word_1_392' title='bbox 908 2669 1078 2725; x_wconf 64' lang='lat' dir='ltr'><strong><em>Novae</em></strong></span> <span class='ocrx_word' id='word_1_393' title='bbox 1107 2668 1361 2725; x_wconf 58' lang='lat' dir='ltr'><strong><em>Corbeia».</em></strong></span> <span class='ocrx_word' id='word_1_394' title='bbox 1392 2669 1562 2741; x_wconf 85' lang='lat'><strong><em>(230),</em></strong></span> <span class='ocrx_word' id='word_1_395' title='bbox 1607 2668 1789 2726; x_wconf 84' lang='lat' dir='ltr'><strong><em>beati-</em></strong></span> <span class='ocrx_word' id='word_1_396' title='bbox 1968 2671 2057 2725; x_wconf 92' lang='lat'><strong><em>39.</em></strong></span> <span class='ocrx_word' id='word_1_397' title='bbox 2090 2669 2250 2741; x_wconf 87' lang='lat' dir='ltr'><strong><em>(Cap.</em></strong></span> <span class='ocrx_word' id='word_1_398' title='bbox 2280 2668 2391 2740; x_wconf 90' lang='lat'><strong><em>39).</em></strong></span> <span class='ocrx_word' id='word_1_399' title='bbox 2425 2667 2534 2732; x_wconf 90' lang='lat' dir='ltr'><strong><em>Qui</em></strong></span> <span class='ocrx_word' id='word_1_400' title='bbox 2578 2683 2746 2741; x_wconf 83' lang='lat' dir='ltr'><strong><em>reges</em></strong></span> <span class='ocrx_word' id='word_1_401' title='bbox 2783 2669 3079 2726; x_wconf 90' lang='lat' dir='ltr'><strong><em>Danorum</em></strong></span> <span class='ocrx_word' id='word_1_402' title='bbox 3128 2687 3235 2727; x_wconf 91' lang='lat' dir='ltr'><strong><em>suo</em></strong></span> <span class='ocrx_word' id='word_1_403' title='bbox 3282 2677 3548 2746; x_wconf 86' lang='lat' dir='ltr'><strong><em>tempore</em></strong></span> 
     </span>
    </p>
   </div>
   <div class='ocr_carea' id='block_1_29' title="bbox 160 2756 3547 2835">
    <p class='ocr_par' dir='ltr' id='par_1_29' title="bbox 160 2756 3547 2835">
     <span class='ocr_line' id='line_1_29' title="bbox 160 2756 3547 2835; baseline 0.001 -19"><span class='ocrx_word' id='word_1_404' title='bbox 160 2762 327 2818; x_wconf 81' lang='lat' dir='ltr'><strong><em>ﬁcans</em></strong></span> <span class='ocrx_word' id='word_1_405' title='bbox 355 2759 511 2828; x_wconf 87' lang='lat' dir='ltr'><strong><em>illos,</em></strong></span> <span class='ocrx_word' id='word_1_406' title='bbox 545 2759 698 2832; x_wconf 88' lang='lat' dir='ltr'><strong><em>quod</em></strong></span> <span class='ocrx_word' id='word_1_407' title='bbox 732 2757 909 2816; x_wconf 83' lang='lat' dir='ltr'><strong><em>talem</em></strong></span> <span class='ocrx_word' id='word_1_408' title='bbox 942 2757 1232 2827; x_wconf 88' lang='lat' dir='ltr'><strong><em>miserint,</em></strong></span> <span class='ocrx_word' id='word_1_409' title='bbox 1262 2761 1322 2814; x_wconf 89' lang='lat' dir='ltr'><strong><em>et</em></strong></span> <span class='ocrx_word' id='word_1_410' title='bbox 1349 2757 1518 2815; x_wconf 90' lang='lat' dir='ltr'><strong><em>nobis</em></strong></span> <span class='ocrx_word' id='word_1_411' title='bbox 1548 2774 1790 2830; x_wconf 83' lang='lat' dir='ltr'><strong><em>congra-</em></strong></span> <span class='ocrx_word' id='word_1_412' title='bbox 1900 2758 2135 2827; x_wconf 86' lang='lat' dir='ltr'><strong><em>fuerint,</em></strong></span> <span class='ocrx_word' id='word_1_413' title='bbox 2169 2774 2285 2813; x_wconf 92' lang='lat' dir='ltr'><strong><em>non</em></strong></span> <span class='ocrx_word' id='word_1_414' title='bbox 2333 2756 2630 2813; x_wconf 88' lang='lat' dir='ltr'><strong><em>invenitur</em></strong></span> <span class='ocrx_word' id='word_1_415' title='bbox 2670 2757 2731 2814; x_wconf 92' lang='lat' dir='ltr'><strong><em>in</em></strong></span> <span class='ocrx_word' id='word_1_416' title='bbox 2778 2758 2959 2831; x_wconf 82' lang='lat' dir='ltr'><strong><em>gestis</em></strong></span> <span class='ocrx_word' id='word_1_417' title='bbox 2989 2760 3139 2831; x_wconf 89' lang='lat' dir='ltr'><strong><em>ejus.</em></strong></span> <span class='ocrx_word' id='word_1_418' title='bbox 3172 2761 3235 2816; x_wconf 91' lang='lat' dir='ltr'><strong><em>In</em></strong></span> <span class='ocrx_word' id='word_1_419' title='bbox 3287 2762 3547 2835; x_wconf 82' lang='lat' dir='ltr'><strong><em>hystoria</em></strong></span> 
     </span>
    </p>
   </div>
   <div class='ocr_carea' id='block_1_30' title="bbox 158 2846 3546 2924">
    <p class='ocr_par' dir='ltr' id='par_1_30' title="bbox 158 2846 3546 2924">
     <span class='ocr_line' id='line_1_30' title="bbox 158 2846 3546 2924; baseline 0.001 -19"><span class='ocrx_word' id='word_1_420' title='bbox 158 2850 364 2919; x_wconf 74' lang='lat' dir='ltr'><strong><em>iulans,</em></strong></span> <span class='ocrx_word' id='word_1_421' title='bbox 394 2849 552 2923; x_wconf 89' lang='lat' dir='ltr'><strong><em>quod</em></strong></span> <span class='ocrx_word' id='word_1_422' title='bbox 582 2847 758 2905; x_wconf 86' lang='lat' dir='ltr'><strong><em>talem</em></strong></span> <span class='ocrx_word' id='word_1_423' title='bbox 787 2847 1086 2921; x_wconf 84' lang='lat' dir='ltr'><strong><em>suscipere</em></strong></span> <span class='ocrx_word' id='word_1_424' title='bbox 1116 2848 1443 2904; x_wconf 88' lang='lat' dir='ltr'><strong><em>meruimus</em></strong></span> <span class='ocrx_word' id='word_1_425' title='bbox 1474 2851 1790 2920; x_wconf 86' lang='lat' dir='ltr'><strong><em>pastorem.</em></strong></span> <span class='ocrx_word' id='word_1_426' title='bbox 1903 2848 2255 2903; x_wconf 86' lang='lat' dir='ltr'><strong><em>Francorum</em></strong></span> <span class='ocrx_word' id='word_1_427' title='bbox 2268 2846 2516 2919; x_wconf 87' lang='lat' dir='ltr'><strong><em>Sigal&#39;rid</em></strong></span> <span class='ocrx_word' id='word_1_428' title='bbox 2536 2863 2670 2903; x_wconf 89' lang='lat' dir='ltr'><strong><em>cum</em></strong></span> <span class='ocrx_word' id='word_1_429' title='bbox 2689 2847 2865 2904; x_wconf 83' lang='lat' dir='ltr'><strong><em>fratre</em></strong></span> <span class='ocrx_word' id='word_1_430' title='bbox 2878 2847 3253 2921; x_wconf 67' lang='lat' dir='ltr'><strong><em>Halpdani“~&quot;o</em></strong></span> <span class='ocrx_word' id='word_1_431' title='bbox 3270 2868 3546 2924; x_wconf 84' lang='lat' dir='ltr'><strong><em>regnasse</em></strong></span> 
     </span>
    </p>
   </div>
   <div class='ocr_carea' id='block_1_31' title="bbox 220 2935 3548 3011">
    <p class='ocr_par' dir='ltr' id='par_1_31' title="bbox 220 2935 3548 3011">
     <span class='ocr_line' id='line_1_31' title="bbox 220 2935 3548 3011; baseline 0 -17"><span class='ocrx_word' id='word_1_432' title='bbox 220 2940 306 2994; x_wconf 85' lang='lat'><strong><em>37.</em></strong></span> <span class='ocrx_word' id='word_1_433' title='bbox 355 2940 373 3002; x_wconf 88' lang='lat'><strong><em>(</em></strong></span> <span class='ocrx_word' id='word_1_434' title='bbox 396 2938 535 3011; x_wconf 85' lang='lat'><strong><em>[32.]</em></strong></span> <span class='ocrx_word' id='word_1_435' title='bbox 583 2938 722 3010; x_wconf 87' lang='lat' dir='ltr'><strong><em>Cap.</em></strong></span> <span class='ocrx_word' id='word_1_436' title='bbox 769 2937 886 3009; x_wconf 90' lang='lat'><strong><em>28.)</em></strong></span> <span class='ocrx_word' id='word_1_437' title='bbox 942 2937 1192 2993; x_wconf 88' lang='lat' dir='ltr'><strong><em>Sanctus</em></strong></span> <span class='ocrx_word' id='word_1_438' title='bbox 1246 2936 1585 2993; x_wconf 83' lang='lat' dir='ltr'><strong><em>Rimbertus</em></strong></span> <span class='ocrx_word' id='word_1_439' title='bbox 1642 2936 1796 2994; x_wconf 87' lang='lat' dir='ltr'><strong><em>sedit</em></strong></span> <span class='ocrx_word' id='word_1_440' title='bbox 1902 2936 2178 3009; x_wconf 85' lang='lat' dir='ltr'><strong><em>leguntur</em></strong></span> <span class='ocrx_word' id='word_1_441' title='bbox 2196 2936 2287 2991; x_wconf 68' lang='lat'><strong><em>‘3‘.</em></strong></span> <span class='ocrx_word' id='word_1_442' title='bbox 2311 2935 2419 3001; x_wconf 90' lang='lat' dir='ltr'><strong><em>Qui</em></strong></span> <span class='ocrx_word' id='word_1_443' title='bbox 2451 2935 2627 2991; x_wconf 89' lang='lat' dir='ltr'><strong><em>etiam</em></strong></span> <span class='ocrx_word' id='word_1_444' title='bbox 2658 2953 2905 2993; x_wconf 91' lang='lat' dir='ltr'><strong><em>munera</em></strong></span> <span class='ocrx_word' id='word_1_445' title='bbox 2926 2937 3180 2995; x_wconf 89' lang='lat' dir='ltr'><strong><em>Ludvico</em></strong></span> <span class='ocrx_word' id='word_1_446' title='bbox 3212 2940 3408 2996; x_wconf 75' lang='lat' dir='ltr'><strong><em>cessari</em></strong></span> <span class='ocrx_word' id='word_1_447' title='bbox 3442 2941 3548 2997; x_wconf 85' lang='lat' dir='ltr'><strong><em>mi-</em></strong></span> 
     </span>
    </p>
   </div>
   <div class='ocr_carea' id='block_1_32' title="bbox 158 3024 3559 3099">
    <p class='ocr_par' dir='ltr' id='par_1_32' title="bbox 158 3024 3559 3099">
     <span class='ocr_line' id='line_1_32' title="bbox 158 3024 3559 3099; baseline 0 -14"><span class='ocrx_word' id='word_1_448' title='bbox 158 3045 332 3085; x_wconf 85' lang='lat' dir='ltr'><strong><em>annos</em></strong></span> <span class='ocrx_word' id='word_1_449' title='bbox 353 3029 427 3084; x_wconf 88' lang='grc'>23</span> <span class='ocrx_word' id='word_1_450' title='bbox 444 3028 535 3082; x_wconf 69' lang='grc' dir='ltr'><strong><em>ωδ.</em></strong></span> <span class='ocrx_word' id='word_1_451' title='bbox 558 3030 760 3083; x_wconf 78' lang='lat' dir='ltr'><strong><em>Annos</em></strong></span> <span class='ocrx_word' id='word_1_452' title='bbox 780 3027 908 3099; x_wconf 90' lang='lat' dir='ltr'><strong><em>ejus</em></strong></span> <span class='ocrx_word' id='word_1_453' title='bbox 932 3029 990 3082; x_wconf 88' lang='lat' dir='ltr'><strong><em>et</em></strong></span> <span class='ocrx_word' id='word_1_454' title='bbox 1006 3026 1073 3062; x_wconf 83' lang='grc'><strong><em>⁶⁰⁷</em></strong></span> <span class='ocrx_word' id='word_1_455' title='bbox 1104 3025 1331 3082; x_wconf 91' lang='lat' dir='ltr'><strong><em>obitum</em></strong></span> <span class='ocrx_word' id='word_1_456' title='bbox 1357 3026 1681 3083; x_wconf 88' lang='lat' dir='ltr'><strong><em>decessoris</em></strong></span> <span class='ocrx_word' id='word_1_457' title='bbox 1701 3026 1793 3083; x_wconf 85' lang='lat' dir='ltr'><strong><em>sui</em></strong></span> <span class='ocrx_word' id='word_1_458' title='bbox 1904 3029 2127 3092; x_wconf 84' lang='lat' dir='ltr'><strong><em>serunt,</em></strong></span> <span class='ocrx_word' id='word_1_459' title='bbox 2160 3024 2423 3097; x_wconf 83' lang='lat' dir='ltr'><strong><em>gladium</em></strong></span> <span class='ocrx_word' id='word_1_460' title='bbox 2452 3024 2721 3081; x_wconf 87' lang='lat' dir='ltr'><strong><em>videlicet</em></strong></span> <span class='ocrx_word' id='word_1_461' title='bbox 2748 3026 2957 3099; x_wconf 91' lang='lat' dir='ltr'><strong><em>capulo</em></strong></span> <span class='ocrx_word' id='word_1_462' title='bbox 2987 3031 3160 3084; x_wconf 88' lang='lat' dir='ltr'><strong><em>tenus</em></strong></span> <span class='ocrx_word' id='word_1_463' title='bbox 3201 3046 3445 3085; x_wconf 91' lang='lat' dir='ltr'><strong><em>aureum</em></strong></span> <span class='ocrx_word' id='word_1_464' title='bbox 3494 3034 3559 3087; x_wconf 87' lang='lat' dir='ltr'><strong><em>et</em></strong></span> 
     </span>
    </p>
   </div>
   <div class='ocr_carea' id='block_1_33' title="bbox 158 3108 3557 3191">
    <p class='ocr_par' dir='ltr' id='par_1_33' title="bbox 158 3108 3557 3191">
     <span class='ocr_line' id='line_1_33' title="bbox 158 3108 3557 3191; baseline 0.001 -19"><span class='ocrx_word' id='word_1_465' title='bbox 158 3118 512 3191; x_wconf 86' lang='lat' dir='ltr'><strong><em>repperimus</em></strong></span> <span class='ocrx_word' id='word_1_466' title='bbox 540 3116 608 3151; x_wconf 81' lang='grc'><strong><em>⁶⁰⁸</em></strong></span> <span class='ocrx_word' id='word_1_467' title='bbox 658 3115 721 3172; x_wconf 90' lang='lat' dir='ltr'><strong><em>in</em></strong></span> <span class='ocrx_word' id='word_1_468' title='bbox 768 3115 1026 3187; x_wconf 87' lang='lat' dir='ltr'><strong><em>quodam</em></strong></span> <span class='ocrx_word' id='word_1_469' title='bbox 1058 3119 1327 3187; x_wconf 90' lang='lat' dir='ltr'><strong><em>compoto</em></strong></span> <span class='ocrx_word' id='word_1_470' title='bbox 1356 3115 1427 3150; x_wconf 78' lang='grc'><strong><em>⁶⁰⁹</em></strong></span> <span class='ocrx_word' id='word_1_471' title='bbox 1473 3132 1508 3171; x_wconf 90' lang='lat' dir='ltr'><strong><em>a</em></strong></span> <span class='ocrx_word' id='word_1_472' title='bbox 1558 3114 1802 3172; x_wconf 90' lang='lat' dir='ltr'><strong><em>Corbeia</em></strong></span> <span class='ocrx_word' id='word_1_473' title='bbox 1828 3108 1871 3175; x_wconf 88' lang='lat' dir='ltr'><strong><em>C</em></strong></span> <span class='ocrx_word' id='word_1_474' title='bbox 1911 3113 2024 3170; x_wconf 88' lang='lat' dir='ltr'><strong><em>alia</em></strong></span> <span class='ocrx_word' id='word_1_475' title='bbox 2039 3114 2126 3182; x_wconf 66' lang='lat'><strong><em>53’,</em></strong></span> <span class='ocrx_word' id='word_1_476' title='bbox 2150 3129 2352 3185; x_wconf 90' lang='lat' dir='ltr'><strong><em>pacem</em></strong></span> <span class='ocrx_word' id='word_1_477' title='bbox 2374 3117 2743 3185; x_wconf 84' lang='lat' dir='ltr'><strong><em>rogantes,et</em></strong></span> <span class='ocrx_word' id='word_1_478' title='bbox 2764 3115 2965 3171; x_wconf 89' lang='lat' dir='ltr'><strong><em>missis</em></strong></span> <span class='ocrx_word' id='word_1_479' title='bbox 2985 3117 3263 3190; x_wconf 88' lang='lat' dir='ltr'><strong><em>utrinque</em></strong></span> <span class='ocrx_word' id='word_1_480' title='bbox 3287 3120 3356 3175; x_wconf 87' lang='lat' dir='ltr'><strong><em>ad</em></strong></span> <span class='ocrx_word' id='word_1_481' title='bbox 3372 3121 3557 3191; x_wconf 85' lang='lat' dir='ltr'><strong><em>Egdo-</em></strong></span> 
     </span>
    </p>
   </div>
   <div class='ocr_carea' id='block_1_34' title="bbox 157 3201 3555 3280">
    <p class='ocr_par' dir='ltr' id='par_1_34' title="bbox 157 3201 3555 3280">
     <span class='ocr_line' id='line_1_34' title="bbox 157 3201 3555 3280; baseline 0 -17"><span class='ocrx_word' id='word_1_482' title='bbox 157 3207 341 3264; x_wconf 88' lang='lat' dir='ltr'><strong><em>delato</em></strong></span> <span class='ocrx_word' id='word_1_483' title='bbox 367 3207 540 3280; x_wconf 89' lang='lat'><strong><em>(221).</em></strong></span> <span class='ocrx_word' id='word_1_484' title='bbox 564 3205 831 3262; x_wconf 89' lang='lat' dir='ltr'><strong><em>Ceterum</em></strong></span> <span class='ocrx_word' id='word_1_485' title='bbox 859 3204 994 3260; x_wconf 88' lang='lat' dir='ltr'><strong><em>Vita</em></strong></span> <span class='ocrx_word' id='word_1_486' title='bbox 1018 3205 1147 3275; x_wconf 87' lang='lat' dir='ltr'><strong><em>ejus</em></strong></span> <span class='ocrx_word' id='word_1_487' title='bbox 1178 3221 1213 3260; x_wconf 92' lang='lat' dir='ltr'><strong><em>a</em></strong></span> <span class='ocrx_word' id='word_1_488' title='bbox 1232 3204 1514 3261; x_wconf 87' lang='lat' dir='ltr'><strong><em>fratribus</em></strong></span> <span class='ocrx_word' id='word_1_489' title='bbox 1534 3204 1801 3276; x_wconf 89' lang='lat' dir='ltr'><strong><em>ejusdem</em></strong></span> <span class='ocrx_word' id='word_1_490' title='bbox 1912 3220 2035 3260; x_wconf 87' lang='lat' dir='ltr'><strong><em>ram</em></strong></span> <span class='ocrx_word' id='word_1_491' title='bbox 2051 3201 2292 3257; x_wconf 85' lang='lat' dir='ltr'><strong><em>ﬂuvium</em></strong></span> <span class='ocrx_word' id='word_1_492' title='bbox 2310 3202 2749 3270; x_wconf 87' lang='lat' dir='ltr'><strong><em>mediatoribus,</em></strong></span> <span class='ocrx_word' id='word_1_493' title='bbox 2765 3220 2965 3275; x_wconf 89' lang='lat' dir='ltr'><strong><em>pacem</em></strong></span> <span class='ocrx_word' id='word_1_494' title='bbox 2980 3204 3209 3260; x_wconf 86' lang='lat' dir='ltr'><strong><em>ﬁrmam</em></strong></span> <span class='ocrx_word' id='word_1_495' title='bbox 3232 3207 3347 3261; x_wconf 87' lang='lat' dir='ltr'><strong><em>ritu</em></strong></span> <span class='ocrx_word' id='word_1_496' title='bbox 3364 3208 3555 3279; x_wconf 84' lang='lat' dir='ltr'><strong><em>gentis</em></strong></span> 
     </span>
    </p>
   </div>
   <div class='ocr_carea' id='block_1_35' title="bbox 157 3290 3554 3366">
    <p class='ocr_par' dir='ltr' id='par_1_35' title="bbox 157 3290 3554 3366">
     <span class='ocr_line' id='line_1_35' title="bbox 157 3290 3554 3366; baseline 0 -15"><span class='ocrx_word' id='word_1_497' title='bbox 157 3295 401 3352; x_wconf 75' lang='lat' dir='ltr'><strong><em>cmnobii</em></strong></span> <span class='ocrx_word' id='word_1_498' title='bbox 449 3295 520 3350; x_wconf 89' lang='lat' dir='ltr'><strong><em>ad</em></strong></span> <span class='ocrx_word' id='word_1_499' title='bbox 563 3300 792 3351; x_wconf 88' lang='lat' dir='ltr'><strong><em>nostros</em></strong></span> <span class='ocrx_word' id='word_1_500' title='bbox 819 3294 890 3330; x_wconf 82' lang='grc'><strong><em>⁶¹⁰</em></strong></span> <span class='ocrx_word' id='word_1_501' title='bbox 918 3295 1076 3361; x_wconf 89' lang='lat' dir='ltr'><strong><em>data,</em></strong></span> <span class='ocrx_word' id='word_1_502' title='bbox 1101 3294 1235 3365; x_wconf 92' lang='lat' dir='ltr'><strong><em>quis</em></strong></span> <span class='ocrx_word' id='word_1_503' title='bbox 1265 3293 1440 3349; x_wconf 80' lang='lat' dir='ltr'><strong><em>fuerit</em></strong></span> <span class='ocrx_word' id='word_1_504' title='bbox 1466 3297 1524 3349; x_wconf 90' lang='lat' dir='ltr'><strong><em>et</em></strong></span> <span class='ocrx_word' id='word_1_505' title='bbox 1551 3292 1806 3365; x_wconf 87' lang='lat' dir='ltr'><strong><em>qualiter</em></strong></span> <span class='ocrx_word' id='word_1_506' title='bbox 1914 3309 2016 3366; x_wconf 90' lang='lat' dir='ltr'><strong><em>per</em></strong></span> <span class='ocrx_word' id='word_1_507' title='bbox 2048 3308 2212 3349; x_wconf 90' lang='lat' dir='ltr'><strong><em>arma</em></strong></span> <span class='ocrx_word' id='word_1_508' title='bbox 2244 3292 2591 3362; x_wconf 88' lang='lat' dir='ltr'><strong><em>juraverunt</em></strong></span> <span class='ocrx_word' id='word_1_509' title='bbox 2628 3290 2794 3362; x_wconf 88' lang='lat'><strong><em>(224).</em></strong></span> <span class='ocrx_word' id='word_1_510' title='bbox 2828 3291 3007 3347; x_wconf 88' lang='lat' dir='ltr'><strong><em>Erant</em></strong></span> <span class='ocrx_word' id='word_1_511' title='bbox 3035 3295 3092 3348; x_wconf 91' lang='lat' dir='ltr'><strong><em>et</em></strong></span> <span class='ocrx_word' id='word_1_512' title='bbox 3118 3292 3215 3348; x_wconf 90' lang='lat' dir='ltr'><strong><em>alii</em></strong></span> <span class='ocrx_word' id='word_1_513' title='bbox 3248 3310 3413 3366; x_wconf 83' lang='lat' dir='ltr'><strong><em>reges</em></strong></span> <span class='ocrx_word' id='word_1_514' title='bbox 3442 3296 3554 3351; x_wconf 90' lang='lat' dir='ltr'><strong><em>Da-</em></strong></span> 
     </span>
    </p>
   </div>
   <div class='ocr_carea' id='block_1_36' title="bbox 154 3379 3557 3454">
    <p class='ocr_par' dir='ltr' id='par_1_36' title="bbox 154 3379 3557 3454">
     <span class='ocr_line' id='line_1_36' title="bbox 154 3379 3557 3454; baseline -0 -14"><span class='ocrx_word' id='word_1_515' title='bbox 154 3384 387 3452; x_wconf 78' lang='lat' dir='ltr'><strong><em>vixerit,</em></strong></span> <span class='ocrx_word' id='word_1_516' title='bbox 409 3383 653 3439; x_wconf 83' lang='lat' dir='ltr'><strong><em>breviter</em></strong></span> <span class='ocrx_word' id='word_1_517' title='bbox 677 3388 734 3440; x_wconf 88' lang='lat' dir='ltr'><strong><em>et</em></strong></span> <span class='ocrx_word' id='word_1_518' title='bbox 766 3381 1023 3439; x_wconf 90' lang='lat' dir='ltr'><strong><em>dilucide</em></strong></span> <span class='ocrx_word' id='word_1_519' title='bbox 1053 3382 1515 3454; x_wconf 86' lang='lat' dir='ltr'><strong><em>comprehendit.</em></strong></span> <span class='ocrx_word' id='word_1_520' title='bbox 1539 3383 1679 3450; x_wconf 73' lang='lat' dir='ltr'><strong><em>Mox,</em></strong></span> <span class='ocrx_word' id='word_1_521' title='bbox 1711 3381 1807 3436; x_wconf 90' lang='lat' dir='ltr'><strong><em>in-</em></strong></span> <span class='ocrx_word' id='word_1_522' title='bbox 1916 3379 2127 3437; x_wconf 80' lang='lat' dir='ltr'><strong><em>norum</em></strong></span> <span class='ocrx_word' id='word_1_523' title='bbox 2156 3379 2244 3435; x_wconf 88' lang='lat' dir='ltr'><strong><em>vel</em></strong></span> <span class='ocrx_word' id='word_1_524' title='bbox 2272 3379 2790 3450; x_wconf 84' lang='lat' dir='ltr'><strong><em>Nortmannorum,</em></strong></span> <span class='ocrx_word' id='word_1_525' title='bbox 2823 3380 2925 3451; x_wconf 88' lang='lat' dir='ltr'><strong><em>qui</em></strong></span> <span class='ocrx_word' id='word_1_526' title='bbox 2954 3380 3215 3451; x_wconf 88' lang='lat' dir='ltr'><strong><em>piraticis</em></strong></span> <span class='ocrx_word' id='word_1_527' title='bbox 3262 3383 3557 3439; x_wconf 85' lang='lat' dir='ltr'><strong><em>excursio-</em></strong></span> 
     </span>
    </p>
   </div>
   <div class='ocr_carea' id='block_1_37' title="bbox 158 3466 3561 3546">
    <p class='ocr_par' dir='ltr' id='par_1_37' title="bbox 158 3466 3561 3546">
     <span class='ocr_line' id='line_1_37' title="bbox 158 3466 3561 3546; baseline -0.001 -16"><span class='ocrx_word' id='word_1_528' title='bbox 158 3475 303 3546; x_wconf 85' lang='lat' dir='ltr'><strong><em>quit,</em></strong></span> <span class='ocrx_word' id='word_1_529' title='bbox 338 3478 398 3530; x_wconf 85' lang='lat' dir='ltr'><strong><em>ut</em></strong></span> <span class='ocrx_word' id='word_1_530' title='bbox 446 3473 640 3530; x_wconf 87' lang='lat' dir='ltr'><strong><em>electus</em></strong></span> <span class='ocrx_word' id='word_1_531' title='bbox 686 3477 785 3541; x_wconf 89' lang='lat' dir='ltr'><strong><em>est,</em></strong></span> <span class='ocrx_word' id='word_1_532' title='bbox 817 3490 851 3529; x_wconf 93' lang='lat' dir='ltr'><strong><em>a</em></strong></span> <span class='ocrx_word' id='word_1_533' title='bbox 896 3472 1221 3528; x_wconf 86' lang='lat' dir='ltr'><strong><em>Theoderico</em></strong></span> <span class='ocrx_word' id='word_1_534' title='bbox 1250 3472 1345 3537; x_wconf 73' lang='grc' dir='ltr'><strong><em>δυ,</em></strong></span> <span class='ocrx_word' id='word_1_535' title='bbox 1394 3470 1664 3527; x_wconf 84' lang='lat' dir='ltr'><strong><em>Mindensi</em></strong></span> <span class='ocrx_word' id='word_1_536' title='bbox 1691 3472 1807 3543; x_wconf 87' lang='lat' dir='ltr'><strong><em>epi-</em></strong></span> <span class='ocrx_word' id='word_1_537' title='bbox 1917 3470 2092 3526; x_wconf 86' lang='lat' dir='ltr'><strong><em>nibus</em></strong></span> <span class='ocrx_word' id='word_1_538' title='bbox 2113 3485 2179 3525; x_wconf 90' lang='lat' dir='ltr'><strong><em>eo</em></strong></span> <span class='ocrx_word' id='word_1_539' title='bbox 2199 3473 2460 3540; x_wconf 88' lang='lat' dir='ltr'><strong><em>tempore</em></strong></span> <span class='ocrx_word' id='word_1_540' title='bbox 2480 3466 2725 3524; x_wconf 88' lang='lat' dir='ltr'><strong><em>Galliam</em></strong></span> <span class='ocrx_word' id='word_1_541' title='bbox 2748 3469 3052 3525; x_wconf 88' lang='lat' dir='ltr'><strong><em>vexabant.</em></strong></span> <span class='ocrx_word' id='word_1_542' title='bbox 3079 3472 3337 3534; x_wconf 89' lang='lat' dir='ltr'><strong><em>Quorum</em></strong></span> <span class='ocrx_word' id='word_1_543' title='bbox 3366 3471 3561 3542; x_wconf 68' lang='lat' dir='ltr'><strong><em>prisci-</em></strong></span> 
     </span>
    </p>
   </div>
   <div class='ocr_carea' id='block_1_38' title="bbox 155 3556 3558 3636">
    <p class='ocr_par' dir='ltr' id='par_1_38' title="bbox 155 3556 3558 3636">
     <span class='ocr_line' id='line_1_38' title="bbox 155 3556 3558 3636; baseline -0.001 -16"><span class='ocrx_word' id='word_1_544' title='bbox 155 3579 324 3636; x_wconf 84' lang='lat' dir='ltr'><strong><em>scopo,</em></strong></span> <span class='ocrx_word' id='word_1_545' title='bbox 344 3571 397 3619; x_wconf 84' lang='lat' dir='ltr'><strong><em>et</em></strong></span> <span class='ocrx_word' id='word_1_546' title='bbox 424 3562 740 3633; x_wconf 70' lang='lat' dir='ltr'><strong><em>.tdalgario,</em></strong></span> <span class='ocrx_word' id='word_1_547' title='bbox 763 3562 955 3617; x_wconf 88' lang='lat' dir='ltr'><strong><em>abbate</em></strong></span> <span class='ocrx_word' id='word_1_548' title='bbox 978 3561 1290 3617; x_wconf 86' lang='lat' dir='ltr'><strong><em>Corbeiensi</em></strong></span> <span class='ocrx_word' id='word_1_549' title='bbox 1307 3560 1376 3595; x_wconf 81' lang='grc'>⁶¹²</span> <span class='ocrx_word' id='word_1_550' title='bbox 1396 3560 1557 3632; x_wconf 87' lang='lat' dir='ltr'><strong><em>jussu</em></strong></span> <span class='ocrx_word' id='word_1_551' title='bbox 1583 3561 1811 3617; x_wconf 73' lang='lat' dir='ltr'><strong><em>caesaris</em></strong></span> <span class='ocrx_word' id='word_1_552' title='bbox 1918 3558 2018 3631; x_wconf 90' lang='lat' dir='ltr'><strong><em>pui</em></strong></span> <span class='ocrx_word' id='word_1_553' title='bbox 2066 3562 2231 3613; x_wconf 88' lang='lat' dir='ltr'><strong><em>erant</em></strong></span> <span class='ocrx_word' id='word_1_554' title='bbox 2279 3556 2489 3612; x_wconf 88' lang='lat' dir='ltr'><strong><em>Horich</em></strong></span> <span class='ocrx_word' id='word_1_555' title='bbox 2521 3557 2589 3591; x_wconf 76' lang='grc'><strong><em>⁸³³</em></strong></span> <span class='ocrx_word' id='word_1_556' title='bbox 2636 3557 2808 3628; x_wconf 88' lang='grc'>(255),</span> <span class='ocrx_word' id='word_1_557' title='bbox 2838 3556 3053 3630; x_wconf 80' lang='lat' dir='ltr'><strong><em>Orwyg</em></strong></span> <span class='ocrx_word' id='word_1_558' title='bbox 3078 3559 3149 3594; x_wconf 69' lang='lat'><strong><em>53‘</em></strong></span> <span class='ocrx_word' id='word_1_559' title='bbox 3184 3559 3353 3632; x_wconf 91' lang='lat'><strong><em>(226),</em></strong></span> <span class='ocrx_word' id='word_1_560' title='bbox 3387 3560 3558 3616; x_wconf 88' lang='lat' dir='ltr'><strong><em>Gota-</em></strong></span> 
     </span>
    </p>
   </div>
   <div class='ocr_carea' id='block_1_39' title="bbox 163 3644 3559 3724">
    <p class='ocr_par' dir='ltr' id='par_1_39' title="bbox 163 3644 3559 3724">
     <span class='ocr_line' id='line_1_39' title="bbox 163 3644 3559 3724; baseline -0.001 -17"><span class='ocrx_word' id='word_1_561' title='bbox 163 3654 486 3724; x_wconf 68' lang='lat' dir='ltr'><strong><em>Hogontiam</em></strong></span> <span class='ocrx_word' id='word_1_562' title='bbox 512 3652 584 3687; x_wconf 76' lang='grc'><strong><em>⁶¹⁸</em></strong></span> <span class='ocrx_word' id='word_1_563' title='bbox 632 3651 826 3707; x_wconf 87' lang='lat' dir='ltr'><strong><em>ductus</em></strong></span> <span class='ocrx_word' id='word_1_564' title='bbox 875 3653 973 3706; x_wconf 90' lang='lat' dir='ltr'><strong><em>est.</em></strong></span> <span class='ocrx_word' id='word_1_565' title='bbox 1011 3650 1112 3707; x_wconf 92' lang='lat' dir='ltr'><strong><em>Ubi</em></strong></span> <span class='ocrx_word' id='word_1_566' title='bbox 1147 3667 1178 3705; x_wconf 87' lang='lat' dir='ltr'><strong><em>a</em></strong></span> <span class='ocrx_word' id='word_1_567' title='bbox 1217 3650 1521 3705; x_wconf 88' lang='lat' dir='ltr'><strong><em>clarissimo</em></strong></span> <span class='ocrx_word' id='word_1_568' title='bbox 1559 3649 1814 3722; x_wconf 81' lang='lat' dir='ltr'><strong><em>pontiﬁce</em></strong></span> <span class='ocrx_word' id='word_1_569' title='bbox 1920 3647 2032 3703; x_wconf 80' lang='lat' dir='ltr'><strong><em>frid</em></strong></span> <span class='ocrx_word' id='word_1_570' title='bbox 2061 3648 2130 3682; x_wconf 74' lang='grc'><strong><em>(⁵³⁵</em></strong></span> <span class='ocrx_word' id='word_1_571' title='bbox 2170 3646 2341 3719; x_wconf 87' lang='lat'><strong><em>(227),</em></strong></span> <span class='ocrx_word' id='word_1_572' title='bbox 2376 3644 2594 3702; x_wconf 79' lang='lat' dir='ltr'><strong><em>Rudolf</em></strong></span> <span class='ocrx_word' id='word_1_573' title='bbox 2614 3645 2683 3681; x_wconf 75' lang='grc'><strong><em>⁸³⁸</em></strong></span> <span class='ocrx_word' id='word_1_574' title='bbox 2753 3646 2909 3717; x_wconf 90' lang='lat'><strong><em>(228)</em></strong></span> <span class='ocrx_word' id='word_1_575' title='bbox 2952 3651 3010 3702; x_wconf 89' lang='lat' dir='ltr'><strong><em>et</em></strong></span> <span class='ocrx_word' id='word_1_576' title='bbox 3038 3646 3252 3720; x_wconf 79' lang='lat' dir='ltr'><strong><em>Ingusr</em></strong></span> <span class='ocrx_word' id='word_1_577' title='bbox 3306 3647 3559 3720; x_wconf 84' lang='lat' dir='ltr'><strong><em>tyranni.</em></strong></span> 
     </span>
    </p>
   </div>
   <div class='ocr_carea' id='block_1_40' title="bbox 164 3728 3566 3812">
    <p class='ocr_par' dir='ltr' id='par_1_40' title="bbox 164 3728 3566 3812">
     <span class='ocr_line' id='line_1_40' title="bbox 164 3728 3566 3812; baseline -0.001 -15"><span class='ocrx_word' id='word_1_578' title='bbox 164 3742 437 3799; x_wconf 80' lang='lat' dir='ltr'><strong><em>Liutberto</em></strong></span> <span class='ocrx_word' id='word_1_579' title='bbox 459 3742 534 3778; x_wconf 76' lang='grc'>⁶¹⁴</span> <span class='ocrx_word' id='word_1_580' title='bbox 577 3747 944 3812; x_wconf 84' lang='lat' dir='ltr'><strong><em>consecratus,</em></strong></span> <span class='ocrx_word' id='word_1_581' title='bbox 978 3739 1266 3796; x_wconf 83' lang='lat' dir='ltr'><strong><em>Corbeiam</em></strong></span> <span class='ocrx_word' id='word_1_582' title='bbox 1310 3740 1482 3810; x_wconf 86' lang='lat' dir='ltr'><strong><em>venit,</em></strong></span> <span class='ocrx_word' id='word_1_583' title='bbox 1512 3747 1817 3812; x_wconf 87' lang='lat' dir='ltr'><strong><em>vestemque</em></strong></span> <span class='ocrx_word' id='word_1_584' title='bbox 1922 3734 2376 3793; x_wconf 87' lang='lat' dir='ltr'><strong><em>Crudelissimus</em></strong></span> <span class='ocrx_word' id='word_1_585' title='bbox 2408 3734 2673 3791; x_wconf 89' lang='lat' dir='ltr'><strong><em>omnium</em></strong></span> <span class='ocrx_word' id='word_1_586' title='bbox 2706 3734 2815 3790; x_wconf 87' lang='lat' dir='ltr'><strong><em>fuit</em></strong></span> <span class='ocrx_word' id='word_1_587' title='bbox 2844 3728 3077 3807; x_wconf 86' lang='lat' dir='ltr'><strong><em>Inguar,</em></strong></span> <span class='ocrx_word' id='word_1_588' title='bbox 3101 3734 3260 3792; x_wconf 83' lang='lat' dir='ltr'><strong><em>ﬁlius</em></strong></span> <span class='ocrx_word' id='word_1_589' title='bbox 3283 3736 3566 3810; x_wconf 87' lang='lat' dir='ltr'><strong><em>Loadpar-</em></strong></span> 
     </span>
    </p>
   </div>
   <div class='ocr_carea' id='block_1_41' title="bbox 1454 3870 2207 3967">
    <p class='ocr_par' dir='ltr' id='par_1_41' title="bbox 1454 3870 2207 3967">
     <span class='ocr_line' id='line_1_41' title="bbox 1454 3870 2207 3967; baseline -0.001 -3"><span class='ocrx_word' id='word_1_590' title='bbox 1454 3870 1457 3871; x_wconf 21' lang='grc' dir='ltr'>ί</span> <span class='ocrx_word' id='word_1_591' title='bbox 1513 3908 1760 3967; x_wconf 64' lang='lat' dir='ltr'><strong><em>manu</em></strong></span> <span class='ocrx_word' id='word_1_592' title='bbox 1796 3906 2207 3965; x_wconf 86' lang='lat' dir='ltr'><strong><em>LECTIONES.</em></strong></span> 
     </span>
    </p>
   </div>
   <div class='ocr_carea' id='block_1_42' title="bbox 234 4021 3572 4100">
    <p class='ocr_par' dir='ltr' id='par_1_42' title="bbox 234 4021 3572 4100">
     <span class='ocr_line' id='line_1_42' title="bbox 234 4021 3572 4100; baseline -0.002 -14"><span class='ocrx_word' id='word_1_593' title='bbox 234 4030 303 4066; x_wconf 69' lang='grc'><strong><em>⁸³⁵</em></strong></span> <span class='ocrx_word' id='word_1_594' title='bbox 327 4035 385 4086; x_wconf 86' lang='lat' dir='ltr'><strong><em>et</em></strong></span> <span class='ocrx_word' id='word_1_595' title='bbox 410 4028 495 4086; x_wconf 86' lang='lat' dir='ltr'><strong><em>ita</em></strong></span> <span class='ocrx_word' id='word_1_596' title='bbox 526 4032 578 4086; x_wconf 91' lang='lat'><strong><em>1.</em></strong></span> <span class='ocrx_word' id='word_1_597' title='bbox 654 4029 721 4065; x_wconf 68' lang='lat'><strong><em>5”</em></strong></span> <span class='ocrx_word' id='word_1_598' title='bbox 750 4028 942 4100; x_wconf 89' lang='lat' dir='ltr'><strong><em>inquit</em></strong></span> <span class='ocrx_word' id='word_1_599' title='bbox 968 4031 1023 4084; x_wconf 91' lang='lat'><strong><em>2.</em></strong></span> <span class='ocrx_word' id='word_1_600' title='bbox 1047 4028 1101 4084; x_wconf 92' lang='lat'><strong><em>3.</em></strong></span> <span class='ocrx_word' id='word_1_601' title='bbox 1124 4026 1177 4083; x_wconf 93' lang='lat'><strong><em>4.</em></strong></span> <span class='ocrx_word' id='word_1_602' title='bbox 1256 4027 1646 4100; x_wconf 55' lang='lat' dir='ltr'><strong><em>“Tquatenus</em></strong></span> <span class='ocrx_word' id='word_1_603' title='bbox 1673 4028 1728 4081; x_wconf 89' lang='lat'><strong><em>2.</em></strong></span> <span class='ocrx_word' id='word_1_604' title='bbox 1759 4027 1815 4081; x_wconf 89' lang='lat'><strong><em>3.</em></strong></span> <span class='ocrx_word' id='word_1_605' title='bbox 1845 4026 1914 4100; x_wconf 87' lang='lat'><strong><em>5._</em></strong></span> <span class='ocrx_word' id='word_1_606' title='bbox 1939 4022 2475 4100; x_wconf 56' lang='lat' dir='ltr'><strong><em>7_5°8_ben_eyolentia</em></strong></span> <span class='ocrx_word' id='word_1_607' title='bbox 2503 4023 2555 4077; x_wconf 93' lang='lat'><strong><em>3.</em></strong></span> <span class='ocrx_word' id='word_1_608' title='bbox 2577 4022 2636 4100; x_wconf 51' lang='grc'><strong><em>5.</em></strong></span> <span class='ocrx_word' id='word_1_609' title='bbox 2709 4022 3046 4100; x_wconf 52' lang='grc' dir='ltr'><strong><em>δξξβεωοιᾳβ</em></strong></span> <span class='ocrx_word' id='word_1_610' title='bbox 3067 4021 3389 4100; x_wconf 58' lang='lat' dir='ltr'><strong><em>Ansgarips</em></strong></span> <span class='ocrx_word' id='word_1_611' title='bbox 3413 4022 3572 4100; x_wconf 87' lang='lat' dir='ltr'><strong><em>_a_dd_it</em></strong></span> 
     </span>
    </p>
   </div>
   <div class='ocr_carea' id='block_1_43' title="bbox 168 4045 3571 4173">
    <p class='ocr_par' dir='ltr' id='par_1_43' title="bbox 168 4045 3571 4173">
     <span class='ocr_line' id='line_1_43' title="bbox 234 4045 3571 4156; baseline -0.002 -70"><span class='ocrx_word' id='word_1_612' title='bbox 234 4045 303 4066; x_wconf 63' lang='grc' dir='ltr'><strong><em>’π’</em></strong></span> <span class='ocrx_word' id='word_1_613' title='bbox 327 4045 385 4086; x_wconf 77' lang='lat' dir='ltr'><strong><em>et</em></strong></span> <span class='ocrx_word' id='word_1_614' title='bbox 410 4045 495 4086; x_wconf 77' lang='lat' dir='ltr'><strong><em>na</em></strong></span> <span class='ocrx_word' id='word_1_615' title='bbox 526 4045 578 4086; x_wconf 84' lang='grc' dir='ltr'>ι.</span> <span class='ocrx_word' id='word_1_616' title='bbox 654 4045 721 4065; x_wconf 69' lang='grc' dir='ltr'><strong><em>⁵³η</em></strong></span> <span class='ocrx_word' id='word_1_617' title='bbox 750 4045 942 4156; x_wconf 60' lang='lat' dir='ltr'><strong><em>milia</em></strong></span> <span class='ocrx_word' id='word_1_618' title='bbox 968 4045 1023 4084; x_wconf 74' lang='grc' dir='ltr'>κ.</span> <span class='ocrx_word' id='word_1_619' title='bbox 1047 4045 1101 4084; x_wconf 69' lang='grc' dir='ltr'>ὅ.</span> <span class='ocrx_word' id='word_1_620' title='bbox 1124 4045 1177 4083; x_wconf 75' lang='grc' dir='ltr'><strong><em>ιι.</em></strong></span> <span class='ocrx_word' id='word_1_621' title='bbox 1256 4045 1319 4065; x_wconf 68' lang='grc' dir='ltr'><strong><em>π’</em></strong></span> <span class='ocrx_word' id='word_1_622' title='bbox 1354 4045 1646 4100; x_wconf 76' lang='lat' dir='ltr'><strong><em>quatenus</em></strong></span> <span class='ocrx_word' id='word_1_623' title='bbox 1673 4045 1728 4081; x_wconf 68' lang='grc' dir='ltr'>κ.</span> <span class='ocrx_word' id='word_1_624' title='bbox 1759 4045 1815 4081; x_wconf 76' lang='grc' dir='ltr'>ό.</span> <span class='ocrx_word' id='word_1_625' title='bbox 1845 4045 1900 4082; x_wconf 77' lang='lat'><strong><em>0.</em></strong></span> <span class='ocrx_word' id='word_1_626' title='bbox 1977 4045 2043 4060; x_wconf 71' lang='grc' dir='ltr'><strong><em>πο</em></strong></span> <span class='ocrx_word' id='word_1_627' title='bbox 2073 4045 2475 4080; x_wconf 78' lang='lat' dir='ltr'><strong><em>Denevmenua</em></strong></span> <span class='ocrx_word' id='word_1_628' title='bbox 2503 4045 2555 4077; x_wconf 77' lang='grc' dir='ltr'>ῡ.</span> <span class='ocrx_word' id='word_1_629' title='bbox 2577 4045 2632 4077; x_wconf 80' lang='grc' dir='ltr'><strong><em>ἱ)-</em></strong></span> <span class='ocrx_word' id='word_1_630' title='bbox 2709 4045 2776 4058; x_wconf 72' lang='grc' dir='ltr'><strong><em>π·</em></strong></span> <span class='ocrx_word' id='word_1_631' title='bbox 2805 4045 3046 4078; x_wconf 67' lang='lat' dir='ltr'><strong><em>senatus</em></strong></span> <span class='ocrx_word' id='word_1_632' title='bbox 3067 4045 3389 4129; x_wconf 51' lang='grc' dir='ltr'><strong><em>Λιιδξὲιηυδ</em></strong></span> <span class='ocrx_word' id='word_1_633' title='bbox 3417 4045 3571 4079; x_wconf 84' lang='lat' dir='ltr'><strong><em>auau</em></strong></span> 
     </span>
     <span class='ocr_line' id='line_1_44' title="bbox 168 4093 3571 4173; baseline -0.002 -17"><span class='ocrx_word' id='word_1_634' title='bbox 168 4102 218 4157; x_wconf 84' lang='lat'><strong><em>4.</em></strong></span> <span class='ocrx_word' id='word_1_635' title='bbox 294 4103 361 4137; x_wconf 77' lang='lat'><strong><em>°°°</em></strong></span> <span class='ocrx_word' id='word_1_636' title='bbox 389 4105 591 4159; x_wconf 88' lang='lat' dir='ltr'><strong><em>autem</em></strong></span> <span class='ocrx_word' id='word_1_637' title='bbox 637 4100 789 4173; x_wconf 87' lang='lat' dir='ltr'><strong><em>addit</em></strong></span> <span class='ocrx_word' id='word_1_638' title='bbox 822 4146 913 4173; x_wconf 39' lang='lat'><em>“.77</em></span> <span class='ocrx_word' id='word_1_639' title='bbox 950 4100 1015 4135; x_wconf 81' lang='grc'>⁶⁰¹</span> <span class='ocrx_word' id='word_1_640' title='bbox 1047 4115 1184 4173; x_wconf 85' lang='lat' dir='ltr'><strong><em>ergo</em></strong></span> <span class='ocrx_word' id='word_1_641' title='bbox 1216 4099 1399 4173; x_wconf 74' lang='lat' dir='ltr'><strong><em>addit</em></strong></span> <span class='ocrx_word' id='word_1_642' title='bbox 1435 4100 1490 4173; x_wconf 63' lang='lat'><strong><em>47.</em></strong></span> <span class='ocrx_word' id='word_1_643' title='bbox 1566 4096 1997 4173; x_wconf 34' lang='lat' dir='ltr'><strong><em>“fveroAaddit</em></strong></span> <span class='ocrx_word' id='word_1_644' title='bbox 2023 4096 2096 4173; x_wconf 88' lang='lat'><strong><em>_4.</em></strong></span> <span class='ocrx_word' id='word_1_645' title='bbox 2143 4095 2240 4173; x_wconf 53' lang='lat' dir='ltr'><strong><em>ff“</em></strong></span> <span class='ocrx_word' id='word_1_646' title='bbox 2272 4094 2557 4173; x_wconf 79' lang='lat' dir='ltr'><strong><em>thaconus</em></strong></span> <span class='ocrx_word' id='word_1_647' title='bbox 2607 4095 2661 4173; x_wconf 79' lang='lat'><strong><em>2.</em></strong></span> <span class='ocrx_word' id='word_1_648' title='bbox 2710 4093 3023 4173; x_wconf 31' lang='grc' dir='ltr'><strong><em>*θοι-θεωρῇ</em></strong></span> <span class='ocrx_word' id='word_1_649' title='bbox 3070 4094 3124 4149; x_wconf 88' lang='grc'><strong><em>4.</em></strong></span> <span class='ocrx_word' id='word_1_650' title='bbox 3249 4093 3571 4173; x_wconf 59' lang='lat' dir='ltr'><strong><em>fﬁdelissi—</em></strong></span> 
     </span>
    </p>
   </div>
   <div class='ocr_carea' id='block_1_44' title="bbox 169 4165 3571 4254">
    <p class='ocr_par' dir='ltr' id='par_1_44' title="bbox 169 4165 3571 4254">
     <span class='ocr_line' id='line_1_45' title="bbox 169 4165 3571 4254; baseline -0.003 -25"><span class='ocrx_word' id='word_1_651' title='bbox 169 4189 332 4254; x_wconf 59' lang='lat' dir='ltr'><strong><em>gnum</em></strong></span> <span class='ocrx_word' id='word_1_652' title='bbox 375 4177 432 4254; x_wconf 78' lang='lat'><strong><em>2.</em></strong></span> <span class='ocrx_word' id='word_1_653' title='bbox 592 4173 681 4254; x_wconf 50' lang='lat'><strong><em>4:“</em></strong></span> <span class='ocrx_word' id='word_1_654' title='bbox 820 4170 917 4254; x_wconf 62' lang='grc' dir='ltr'><strong><em>Χξ(</em></strong></span> <span class='ocrx_word' id='word_1_655' title='bbox 968 4165 1155 4254; x_wconf 66' lang='lat' dir='ltr'><strong><em>annos</em></strong></span> <span class='ocrx_word' id='word_1_656' title='bbox 1206 4172 1283 4254; x_wconf 54' lang='lat'><strong><em>1_:_</em></strong></span> <span class='ocrx_word' id='word_1_657' title='bbox 1315 4171 1560 4254; x_wconf 44' lang='lat' dir='ltr'><strong><em>3°7‘ejus</em></strong></span> <span class='ocrx_word' id='word_1_658' title='bbox 1595 4170 1759 4254; x_wconf 60' lang='lat' dir='ltr'><strong><em>deest</em></strong></span> <span class='ocrx_word' id='word_1_659' title='bbox 1802 4168 2064 4254; x_wconf 43' lang='lat'><strong><em>22.03;.4.</em></strong></span> <span class='ocrx_word' id='word_1_660' title='bbox 2139 4165 2571 4254; x_wconf 52' lang='lat' dir='ltr'><strong><em>“ff7reperimus</em></strong></span> <span class='ocrx_word' id='word_1_661' title='bbox 2598 4169 2673 4254; x_wconf 42' lang='lat'><strong><em>2..</em></strong></span> <span class='ocrx_word' id='word_1_662' title='bbox 2804 4167 2888 4254; x_wconf 50' lang='lat'><strong><em>74.&quot;</em></strong></span> <span class='ocrx_word' id='word_1_663' title='bbox 2934 4166 3005 4254; x_wconf 50' lang='grc' dir='ltr'><strong><em>εἶθ’</em></strong></span> <span class='ocrx_word' id='word_1_664' title='bbox 3033 4165 3484 4254; x_wconf 49' lang='lat' dir='ltr'><strong><em>computo&#39;2.‘3.</em></strong></span> 
     </span>
    </p>
   </div>
   <div class='ocr_carea' id='block_1_45' title="bbox 168 4236 3576 4310">
    <p class='ocr_par' dir='ltr' id='par_1_45' title="bbox 168 4236 3576 4310">
     <span class='ocr_line' id='line_1_46' title="bbox 168 4236 3576 4310; baseline -0.003 -9"><span class='ocrx_word' id='word_1_665' title='bbox 168 4243 239 4278; x_wconf 76' lang='lat'><strong><em>“°</em></strong></span> <span class='ocrx_word' id='word_1_666' title='bbox 265 4249 466 4301; x_wconf 89' lang='lat' dir='ltr'><strong><em>nostra</em></strong></span> <span class='ocrx_word' id='word_1_667' title='bbox 487 4244 539 4300; x_wconf 87' lang='lat'><strong><em>1.</em></strong></span> <span class='ocrx_word' id='word_1_668' title='bbox 614 4245 685 4279; x_wconf 80' lang='grc'>⁶¹¹</span> <span class='ocrx_word' id='word_1_669' title='bbox 705 4242 1061 4301; x_wconf 87' lang='lat' dir='ltr'><strong><em>Theoderico</em></strong></span> <span class='ocrx_word' id='word_1_670' title='bbox 1084 4243 1137 4297; x_wconf 87' lang='lat'><strong><em>4.</em></strong></span> <span class='ocrx_word' id='word_1_671' title='bbox 1215 4242 1283 4278; x_wconf 73' lang='grc'><strong><em>⁸³³</em></strong></span> <span class='ocrx_word' id='word_1_672' title='bbox 1312 4236 1610 4298; x_wconf 81' lang='lat' dir='ltr'><strong><em>Corbiensi</em></strong></span> <span class='ocrx_word' id='word_1_673' title='bbox 1635 4258 1689 4297; x_wconf 92' lang='lat' dir='ltr'><strong><em>a.</em></strong></span> <span class='ocrx_word' id='word_1_674' title='bbox 1719 4242 1770 4295; x_wconf 90' lang='lat'><strong><em>4.</em></strong></span> <span class='ocrx_word' id='word_1_675' title='bbox 1846 4240 1917 4276; x_wconf 71' lang='lat'><strong><em>“3</em></strong></span> <span class='ocrx_word' id='word_1_676' title='bbox 1940 4236 2377 4310; x_wconf 51' lang='lat' dir='ltr'><strong><em>Moguntiam&#39;3.</em></strong></span> <span class='ocrx_word' id='word_1_677' title='bbox 2412 4238 2524 4310; x_wconf 52' lang='lat' dir='ltr'><em>7F”</em></span> <span class='ocrx_word' id='word_1_678' title='bbox 2542 4237 2823 4310; x_wconf 82' lang='lat' dir='ltr'><strong><em>_Liube7rto</em></strong></span> <span class='ocrx_word' id='word_1_679' title='bbox 2844 4238 2908 4310; x_wconf 61' lang='lat'><em>737.</em></span> <span class='ocrx_word' id='word_1_680' title='bbox 2936 4236 3218 4310; x_wconf 55' lang='lat' dir='ltr'><strong><em>butberto</em></strong></span> <span class='ocrx_word' id='word_1_681' title='bbox 3240 4237 3291 4310; x_wconf 75' lang='lat'><strong><em>47.</em></strong></span> <span class='ocrx_word' id='word_1_682' title='bbox 3325 4236 3576 4310; x_wconf 84' lang='lat' dir='ltr'><strong><em>Hyberto</em></strong></span> 
     </span>
    </p>
   </div>
   <div class='ocr_carea' id='block_1_46' title="bbox 168 4307 3579 4380">
    <p class='ocr_par' dir='ltr' id='par_1_46' title="bbox 168 4307 3579 4380">
     <span class='ocr_line' id='line_1_47' title="bbox 168 4307 3579 4380; baseline -0.002 -11"><span class='ocrx_word' id='word_1_683' title='bbox 168 4318 224 4369; x_wconf 89' lang='lat'><strong><em>2.</em></strong></span> <span class='ocrx_word' id='word_1_684' title='bbox 302 4317 368 4351; x_wconf 80' lang='grc'><strong><em>⁶¹⁸</em></strong></span> <span class='ocrx_word' id='word_1_685' title='bbox 398 4316 583 4373; x_wconf 89' lang='lat' dir='ltr'><strong><em>abbas</em></strong></span> <span class='ocrx_word' id='word_1_686' title='bbox 630 4317 685 4369; x_wconf 90' lang='lat'><strong><em>2.</em></strong></span> <span class='ocrx_word' id='word_1_687' title='bbox 739 4315 793 4369; x_wconf 92' lang='lat'><strong><em>3.</em></strong></span> <span class='ocrx_word' id='word_1_688' title='bbox 843 4315 894 4369; x_wconf 89' lang='lat'><strong><em>4.</em></strong></span> <span class='ocrx_word' id='word_1_689' title='bbox 971 4315 1040 4348; x_wconf 80' lang='grc'><strong><em>⁶¹⁶</em></strong></span> <span class='ocrx_word' id='word_1_690' title='bbox 1069 4313 1238 4369; x_wconf 88' lang='lat' dir='ltr'><strong><em>heres</em></strong></span> <span class='ocrx_word' id='word_1_691' title='bbox 1285 4312 1503 4369; x_wconf 88' lang='lat' dir='ltr'><strong><em>meruit</em></strong></span> <span class='ocrx_word' id='word_1_692' title='bbox 1550 4316 1605 4367; x_wconf 90' lang='lat'><strong><em>2.</em></strong></span> <span class='ocrx_word' id='word_1_693' title='bbox 1657 4313 1711 4367; x_wconf 91' lang='lat'><strong><em>3.</em></strong></span> <span class='ocrx_word' id='word_1_694' title='bbox 1757 4312 1809 4366; x_wconf 88' lang='lat'><strong><em>4.</em></strong></span> <span class='ocrx_word' id='word_1_695' title='bbox 1884 4312 1953 4346; x_wconf 80' lang='grc'>⁶¹⁷</span> <span class='ocrx_word' id='word_1_696' title='bbox 1984 4307 2231 4365; x_wconf 74' lang='lat' dir='ltr'><strong><em>Pallium</em></strong></span> <span class='ocrx_word' id='word_1_697' title='bbox 2263 4308 2592 4380; x_wconf 83' lang='lat' dir='ltr'><strong><em>pontiﬁcale</em></strong></span> <span class='ocrx_word' id='word_1_698' title='bbox 2619 4310 2673 4363; x_wconf 88' lang='lat'><strong><em>2.</em></strong></span> <span class='ocrx_word' id='word_1_699' title='bbox 2705 4309 2759 4364; x_wconf 89' lang='lat'><strong><em>3.</em></strong></span> <span class='ocrx_word' id='word_1_700' title='bbox 2836 4308 2906 4343; x_wconf 75' lang='grc' dir='ltr'><strong><em>θιθ</em></strong></span> <span class='ocrx_word' id='word_1_701' title='bbox 2935 4307 3214 4380; x_wconf 86' lang='lat' dir='ltr'><strong><em>Nicholao</em></strong></span> <span class='ocrx_word' id='word_1_702' title='bbox 3262 4308 3314 4362; x_wconf 90' lang='lat'><strong><em>4.</em></strong></span> <span class='ocrx_word' id='word_1_703' title='bbox 3369 4307 3579 4380; x_wconf 66' lang='lat' dir='ltr'><strong><em>saepius</em></strong></span> 
     </span>
    </p>
   </div>
   <div class='ocr_carea' id='block_1_47' title="bbox 168 4376 3579 4460">
    <p class='ocr_par' dir='ltr' id='par_1_47' title="bbox 168 4376 3579 4460">
     <span class='ocr_line' id='line_1_48' title="bbox 168 4376 3579 4460; baseline -0.003 -19"><span class='ocrx_word' id='word_1_704' title='bbox 168 4388 243 4460; x_wconf 65' lang='grc' dir='ltr'>Ψ</span> <span class='ocrx_word' id='word_1_705' title='bbox 270 4386 532 4460; x_wconf 81' lang='lat' dir='ltr'><strong><em>dignosci</em></strong></span> <span class='ocrx_word' id='word_1_706' title='bbox 560 4388 616 4441; x_wconf 93' lang='lat'><strong><em>3.</em></strong></span> <span class='ocrx_word' id='word_1_707' title='bbox 646 4388 742 4460; x_wconf 53' lang='lat'><em>5.777</em></span> <span class='ocrx_word' id='word_1_708' title='bbox 777 4385 845 4460; x_wconf 72' lang='lat'><strong><em>“7°</em></strong></span> <span class='ocrx_word' id='word_1_709' title='bbox 874 4388 1204 4460; x_wconf 81' lang='lat' dir='ltr'><strong><em>sequuntur</em></strong></span> <span class='ocrx_word' id='word_1_710' title='bbox 1231 4385 1370 4460; x_wconf 36' lang='lat'><strong><em>3.75.</em></strong></span> <span class='ocrx_word' id='word_1_711' title='bbox 1446 4385 1513 4420; x_wconf 79' lang='grc'><strong><em>⁶²¹</em></strong></span> <span class='ocrx_word' id='word_1_712' title='bbox 1544 4384 1663 4439; x_wconf 89' lang='lat' dir='ltr'><strong><em>vita</em></strong></span> <span class='ocrx_word' id='word_1_713' title='bbox 1690 4384 1742 4460; x_wconf 90' lang='lat'><strong><em>4_.</em></strong></span> <span class='ocrx_word' id='word_1_714' title='bbox 1818 4383 1887 4460; x_wconf 74' lang='lat'><strong><em>°_”</em></strong></span> <span class='ocrx_word' id='word_1_715' title='bbox 1915 4376 2335 4460; x_wconf 69' lang='lat' dir='ltr'><strong><em>discerpsimus</em></strong></span> <span class='ocrx_word' id='word_1_716' title='bbox 2364 4381 2733 4460; x_wconf 33' lang='lat'><strong><em>3.2615061‘943</em></strong></span> <span class='ocrx_word' id='word_1_717' title='bbox 2777 4380 3008 4460; x_wconf 41' lang='lat' dir='ltr'><strong><em>spati.</em></strong></span> <span class='ocrx_word' id='word_1_718' title='bbox 3075 4378 3143 4460; x_wconf 63' lang='lat'><strong><em>5:3</em></strong></span> <span class='ocrx_word' id='word_1_719' title='bbox 3170 4376 3492 4460; x_wconf 64' lang='lat' dir='ltr'><strong><em>capitulum</em></strong></span> 
     </span>
    </p>
   </div>
   <div class='ocr_carea' id='block_1_48' title="bbox 169 4447 3579 4515">
    <p class='ocr_par' dir='ltr' id='par_1_48' title="bbox 169 4447 3579 4515">
     <span class='ocr_line' id='line_1_49' title="bbox 169 4447 3579 4515; baseline -0.004 1"><span class='ocrx_word' id='word_1_720' title='bbox 169 4458 240 4491; x_wconf 71' lang='lat'><strong><em>‘“</em></strong></span> <span class='ocrx_word' id='word_1_721' title='bbox 270 4447 496 4515; x_wconf 73' lang='lat' dir='ltr'><strong><em>quoties</em></strong></span> <span class='ocrx_word' id='word_1_722' title='bbox 544 4459 601 4513; x_wconf 89' lang='grc'>5.</span> <span class='ocrx_word' id='word_1_723' title='bbox 677 4458 745 4492; x_wconf 75' lang='grc'>⁶²⁵</span> <span class='ocrx_word' id='word_1_724' title='bbox 775 4447 991 4513; x_wconf 72' lang='lat' dir='ltr'><strong><em>sineret</em></strong></span> <span class='ocrx_word' id='word_1_725' title='bbox 1043 4458 1092 4512; x_wconf 89' lang='lat'><strong><em>1.</em></strong></span> <span class='ocrx_word' id='word_1_726' title='bbox 1141 4457 1195 4511; x_wconf 91' lang='lat'><strong><em>3.</em></strong></span> <span class='ocrx_word' id='word_1_727' title='bbox 1271 4456 1341 4491; x_wconf 69' lang='grc'>⁸³⁸</span> <span class='ocrx_word' id='word_1_728' title='bbox 1371 4459 1566 4511; x_wconf 88' lang='lat' dir='ltr'><strong><em>autem</em></strong></span> <span class='ocrx_word' id='word_1_729' title='bbox 1615 4455 1760 4509; x_wconf 86' lang='lat' dir='ltr'><strong><em>male</em></strong></span> <span class='ocrx_word' id='word_1_730' title='bbox 1812 4454 1963 4509; x_wconf 84' lang='lat' dir='ltr'><strong><em>deest</em></strong></span> <span class='ocrx_word' id='word_1_731' title='bbox 2014 4453 2063 4507; x_wconf 92' lang='lat'><strong><em>1.</em></strong></span> <span class='ocrx_word' id='word_1_732' title='bbox 2108 4447 2217 4486; x_wconf 57' lang='lat'><strong><em>&#39;6”</em></strong></span> <span class='ocrx_word' id='word_1_733' title='bbox 2249 4449 2600 4506; x_wconf 88' lang='lat' dir='ltr'><strong><em>constitutos</em></strong></span> <span class='ocrx_word' id='word_1_734' title='bbox 2636 4447 2698 4504; x_wconf 36' lang='lat'><strong><em>‘5.</em></strong></span> <span class='ocrx_word' id='word_1_735' title='bbox 2784 4450 2852 4484; x_wconf 65' lang='lat'><strong><em>6’3</em></strong></span> <span class='ocrx_word' id='word_1_736' title='bbox 2881 4453 2938 4504; x_wconf 89' lang='lat' dir='ltr'><strong><em>et</em></strong></span> <span class='ocrx_word' id='word_1_737' title='bbox 2991 4451 3040 4503; x_wconf 94' lang='lat'><strong><em>1.</em></strong></span> <span class='ocrx_word' id='word_1_738' title='bbox 3090 4450 3145 4504; x_wconf 91' lang='lat'><strong><em>3.</em></strong></span> <span class='ocrx_word' id='word_1_739' title='bbox 3221 4448 3293 4481; x_wconf 78' lang='grc'>⁶²⁹</span> <span class='ocrx_word' id='word_1_740' title='bbox 3321 4447 3473 4503; x_wconf 85' lang='lat' dir='ltr'><strong><em>deest</em></strong></span> <span class='ocrx_word' id='word_1_741' title='bbox 3525 4448 3579 4502; x_wconf 90' lang='lat'><strong><em>4.</em></strong></span> 
     </span>
    </p>
   </div>
   <div class='ocr_carea' id='block_1_49' title="bbox 164 4518 3579 4612">
    <p class='ocr_par' dir='ltr' id='par_1_49' title="bbox 164 4518 3579 4612">
     <span class='ocr_line' id='line_1_50' title="bbox 164 4518 3579 4612; baseline -0.005 -25"><span class='ocrx_word' id='word_1_742' title='bbox 164 4530 239 4612; x_wconf 57' lang='grc' dir='ltr'><strong><em>ᾖξ’</em></strong></span> <span class='ocrx_word' id='word_1_743' title='bbox 268 4518 869 4612; x_wconf 43' lang='lat' dir='ltr'><strong><em>[ialdainn2.-_tlald§n</em></strong></span> <span class='ocrx_word' id='word_1_744' title='bbox 900 4529 1080 4612; x_wconf 30' lang='lat' dir='ltr'><strong><em>3L4.“</em></strong></span> <span class='ocrx_word' id='word_1_745' title='bbox 1116 4528 1182 4612; x_wconf 42' lang='lat'><strong><em>5.3“</em></strong></span> <span class='ocrx_word' id='word_1_746' title='bbox 1217 4525 1431 4612; x_wconf 58' lang='lat' dir='ltr'><strong><em>legitur</em></strong></span> <span class='ocrx_word' id='word_1_747' title='bbox 1569 4525 1657 4612; x_wconf 58' lang='lat' dir='ltr'><strong><em>f3:</em></strong></span> <span class='ocrx_word' id='word_1_748' title='bbox 1685 4523 1871 4612; x_wconf 65' lang='lat' dir='ltr'><strong><em>multa</em></strong></span> <span class='ocrx_word' id='word_1_749' title='bbox 2099 4523 2219 4612; x_wconf 44' lang='lat'><strong><em>’47.”</em></strong></span> <span class='ocrx_word' id='word_1_750' title='bbox 2238 4522 2313 4612; x_wconf 68' lang='lat'><strong><em>:33</em></strong></span> <span class='ocrx_word' id='word_1_751' title='bbox 2337 4521 2657 4612; x_wconf 39' lang='grc' dir='ltr'><strong><em>μετρῇ)δέ</em></strong></span> <span class='ocrx_word' id='word_1_752' title='bbox 2674 4520 2883 4612; x_wconf 69' lang='lat' dir='ltr'><strong><em>nHorig</em></strong></span> <span class='ocrx_word' id='word_1_753' title='bbox 2909 4522 2963 4575; x_wconf 90' lang='lat'><strong><em>5.</em></strong></span> <span class='ocrx_word' id='word_1_754' title='bbox 3041 4519 3110 4553; x_wconf 64' lang='lat'><strong><em>‘3‘</em></strong></span> <span class='ocrx_word' id='word_1_755' title='bbox 3139 4518 3383 4590; x_wconf 87' lang='lat' dir='ltr'><strong><em>Ordwig</em></strong></span> <span class='ocrx_word' id='word_1_756' title='bbox 3425 4520 3482 4574; x_wconf 87' lang='lat'><strong><em>2.</em></strong></span> <span class='ocrx_word' id='word_1_757' title='bbox 3525 4518 3579 4571; x_wconf 91' lang='lat'><strong><em>4.</em></strong></span> 
     </span>
    </p>
   </div>
   <div class='ocr_carea' id='block_1_50' title="bbox 169 4591 2726 4676">
    <p class='ocr_par' dir='ltr' id='par_1_50' title="bbox 169 4591 2726 4676">
     <span class='ocr_line' id='line_1_51' title="bbox 169 4591 2726 4676; baseline -0.004 -21"><span class='ocrx_word' id='word_1_758' title='bbox 169 4600 393 4676; x_wconf 72' lang='lat' dir='ltr'><strong><em>Ortinig</em></strong></span> <span class='ocrx_word' id='word_1_759' title='bbox 419 4604 474 4659; x_wconf 90' lang='lat'><strong><em>3.</em></strong></span> <span class='ocrx_word' id='word_1_760' title='bbox 505 4600 760 4674; x_wconf 87' lang='lat' dir='ltr'><strong><em>Ordivig.</em></strong></span> <span class='ocrx_word' id='word_1_761' title='bbox 799 4601 859 4656; x_wconf 89' lang='lat'><strong><em>5.</em></strong></span> <span class='ocrx_word' id='word_1_762' title='bbox 941 4599 1010 4634; x_wconf 69' lang='grc'><strong><em>⁸⁸⁵</em></strong></span> <span class='ocrx_word' id='word_1_763' title='bbox 1039 4591 1345 4655; x_wconf 69' lang='lat' dir='ltr'><strong><em>Gothafrid</em></strong></span> <span class='ocrx_word' id='word_1_764' title='bbox 1377 4600 1430 4655; x_wconf 92' lang='lat'><strong><em>2.</em></strong></span> <span class='ocrx_word' id='word_1_765' title='bbox 1466 4596 1741 4655; x_wconf 88' lang='lat' dir='ltr'><strong><em>Godafrid</em></strong></span> <span class='ocrx_word' id='word_1_766' title='bbox 1771 4597 1826 4652; x_wconf 91' lang='lat'><strong><em>5.</em></strong></span> <span class='ocrx_word' id='word_1_767' title='bbox 1903 4595 1969 4631; x_wconf 72' lang='grc'><strong><em>⁵³⁸</em></strong></span> <span class='ocrx_word' id='word_1_768' title='bbox 2000 4592 2219 4649; x_wconf 86' lang='lat' dir='ltr'><strong><em>Rodqu</em></strong></span> <span class='ocrx_word' id='word_1_769' title='bbox 2238 4596 2293 4648; x_wconf 90' lang='lat'><strong><em>2.</em></strong></span> <span class='ocrx_word' id='word_1_770' title='bbox 2328 4593 2379 4647; x_wconf 90' lang='lat'><strong><em>4.</em></strong></span> <span class='ocrx_word' id='word_1_771' title='bbox 2412 4591 2651 4647; x_wconf 80' lang='lat' dir='ltr'><strong><em>Rodulif</em></strong></span> <span class='ocrx_word' id='word_1_772' title='bbox 2673 4592 2726 4646; x_wconf 91' lang='lat'><strong><em>3.</em></strong></span> 
     </span>
    </p>
   </div>
   <div class='ocr_carea' id='block_1_51' title="bbox 252 4845 3586 4935">
    <p class='ocr_par' dir='ltr' id='par_1_51' title="bbox 252 4845 3586 4935">
     <span class='ocr_line' id='line_1_52' title="bbox 252 4845 3586 4935; baseline -0.005 -17"><span class='ocrx_word' id='word_1_773' title='bbox 252 4861 399 4935; x_wconf 79' lang='grc'>(218)</span> <span class='ocrx_word' id='word_1_774' title='bbox 428 4861 497 4918; x_wconf 83' lang='grc' dir='ltr'>ν.</span> <span class='ocrx_word' id='word_1_775' title='bbox 529 4860 852 4935; x_wconf 69' lang='lat' dir='ltr'><strong><em>Hamburg.</em></strong></span> <span class='ocrx_word' id='word_1_776' title='bbox 883 4856 1376 4935; x_wconf 40' lang='lat' dir='ltr'><strong><em>Urlsendnenbucb,</em></strong></span> <span class='ocrx_word' id='word_1_777' title='bbox 1410 4875 1468 4913; x_wconf 91' lang='lat' dir='ltr'><strong><em>n.</em></strong></span> <span class='ocrx_word' id='word_1_778' title='bbox 1505 4857 1591 4913; x_wconf 90' lang='lat'><strong><em>17.</em></strong></span> <span class='ocrx_word' id='word_1_779' title='bbox 1860 4856 1907 4921; x_wconf 91' lang='lat' dir='ltr'><strong>D</strong></span> <span class='ocrx_word' id='word_1_780' title='bbox 1939 4851 2095 4935; x_wconf 73' lang='lat' dir='ltr'><strong><em>libus</em></strong></span> <span class='ocrx_word' id='word_1_781' title='bbox 2120 4867 2236 4935; x_wconf 67' lang='lat' dir='ltr'><strong><em>nep</em></strong></span> <span class='ocrx_word' id='word_1_782' title='bbox 2266 4852 2527 4935; x_wconf 82' lang='lat' dir='ltr'><strong><em>apparet,</em></strong></span> <span class='ocrx_word' id='word_1_783' title='bbox 2551 4848 2652 4905; x_wconf 91' lang='lat' dir='ltr'><strong><em>sed</em></strong></span> <span class='ocrx_word' id='word_1_784' title='bbox 2674 4848 2906 4917; x_wconf 83' lang='lat' dir='ltr'><strong><em>Rorich,</em></strong></span> <span class='ocrx_word' id='word_1_785' title='bbox 2926 4847 3183 4904; x_wconf 88' lang='lat' dir='ltr'><strong><em>Herioldi</em></strong></span> <span class='ocrx_word' id='word_1_786' title='bbox 3203 4845 3384 4918; x_wconf 83' lang='lat' dir='ltr'><strong><em>filius,</em></strong></span> <span class='ocrx_word' id='word_1_787' title='bbox 3408 4846 3586 4903; x_wconf 87' lang='lat' dir='ltr'><strong><em>etiam</em></strong></span> 
     </span>
    </p>
   </div>
   <div class='ocr_carea' id='block_1_52' title="bbox 254 4922 2603 5006">
    <p class='ocr_par' dir='ltr' id='par_1_52' title="bbox 254 4922 2603 5006">
     <span class='ocr_line' id='line_1_53' title="bbox 254 4922 2603 5006; baseline -0.005 -20"><span class='ocrx_word' id='word_1_788' title='bbox 254 4922 402 5006; x_wconf 77' lang='lat'><strong><em>(219)</em></strong></span> <span class='ocrx_word' id='word_1_789' title='bbox 433 4938 515 4990; x_wconf 79' lang='lat' dir='ltr'><strong>Ex</strong></span> <span class='ocrx_word' id='word_1_790' title='bbox 540 4933 676 4989; x_wconf 88' lang='lat' dir='ltr'><strong><em>Vita</em></strong></span> <span class='ocrx_word' id='word_1_791' title='bbox 703 4922 990 4988; x_wconf 70' lang='lat' dir='ltr'><strong><em>Rimberti</em></strong></span> <span class='ocrx_word' id='word_1_792' title='bbox 1020 4946 1070 4986; x_wconf 93' lang='lat' dir='ltr'><strong><em>c.</em></strong></span> <span class='ocrx_word' id='word_1_793' title='bbox 1100 4931 1155 4985; x_wconf 89' lang='lat'><strong><em>9.</em></strong></span> <span class='ocrx_word' id='word_1_794' title='bbox 1363 4922 1371 4927; x_wconf 77' lang='grc'><em>’</em></span> <span class='ocrx_word' id='word_1_795' title='bbox 1945 4923 2139 4980; x_wconf 90' lang='lat' dir='ltr'><strong><em>dictus</em></strong></span> <span class='ocrx_word' id='word_1_796' title='bbox 2167 4922 2603 4978; x_wconf 88' lang='lat' dir='ltr'><strong><em>Nordmaunus.</em></strong></span> 
     </span>
    </p>
   </div>
   <div class='ocr_carea' id='block_1_53' title="bbox 256 5007 3586 5096">
    <p class='ocr_par' dir='ltr' id='par_1_53' title="bbox 256 5007 3586 5096">
     <span class='ocr_line' id='line_1_54' title="bbox 256 5007 3586 5096; baseline -0.006 -16"><span class='ocrx_word' id='word_1_797' title='bbox 256 5020 401 5096; x_wconf 51' lang='lat'><strong><em>(2%))</em></strong></span> <span class='ocrx_word' id='word_1_798' title='bbox 430 5022 635 5096; x_wconf 79' lang='lat' dir='ltr'><strong><em>Potius</em></strong></span> <span class='ocrx_word' id='word_1_799' title='bbox 684 5020 910 5077; x_wconf 87' lang='lat' dir='ltr'><strong><em>Veteris</em></strong></span> <span class='ocrx_word' id='word_1_800' title='bbox 958 5018 1233 5075; x_wconf 60' lang='lat' dir='ltr'><strong><em>Corbeia.</em></strong></span> <span class='ocrx_word' id='word_1_801' title='bbox 1289 5018 1451 5073; x_wconf 85' lang='lat' dir='ltr'><strong><em>Conf.</em></strong></span> <span class='ocrx_word' id='word_1_802' title='bbox 1503 5015 1719 5072; x_wconf 89' lang='lat' dir='ltr'><strong><em>Vitam.</em></strong></span> <span class='ocrx_word' id='word_1_803' title='bbox 1771 5019 1830 5070; x_wconf 83' lang='lat' dir='ltr'><strong><em>S.</em></strong></span> <span class='ocrx_word' id='word_1_804' title='bbox 2012 5011 2159 5096; x_wconf 79' lang='lat'><strong><em>(226)</em></strong></span> <span class='ocrx_word' id='word_1_805' title='bbox 2191 5009 2404 5093; x_wconf 77' lang='lat' dir='ltr'><strong><em>Orwyg</em></strong></span> <span class='ocrx_word' id='word_1_806' title='bbox 2436 5025 2537 5096; x_wconf 73' lang='lat' dir='ltr'><strong><em>sep</em></strong></span> <span class='ocrx_word' id='word_1_807' title='bbox 2560 5008 2817 5096; x_wconf 49' lang='lat' dir='ltr'><strong><em>Qrd&#39;vvyg</em></strong></span> <span class='ocrx_word' id='word_1_808' title='bbox 2836 5007 3586 5096; x_wconf 55' lang='lat' dir='ltr'><strong><em>nobis_ignotus.nEo7rtasss</em></strong></span> 
     </span>
    </p>
   </div>
   <div class='ocr_carea' id='block_1_54' title="bbox 174 5077 3588 5163">
    <p class='ocr_par' dir='ltr' id='par_1_54' title="bbox 174 5077 3588 5163">
     <span class='ocr_line' id='line_1_55' title="bbox 174 5077 3588 5163; baseline -0.004 -18"><span class='ocrx_word' id='word_1_809' title='bbox 174 5077 454 5163; x_wconf 38' lang='lat' dir='ltr'><strong><em>Aristi/ci</em></strong></span> <span class='ocrx_word' id='word_1_810' title='bbox 485 5077 625 5163; x_wconf 92' lang='lat'><strong><em>6.</em></strong></span> <span class='ocrx_word' id='word_1_811' title='bbox 714 5162 719 5163; x_wconf 79' lang='lat'><strong><em>7</em></strong></span> <span class='ocrx_word' id='word_1_812' title='bbox 846 5162 849 5163; x_wconf 79' lang='lat'><strong><em>7</em></strong></span> <span class='ocrx_word' id='word_1_813' title='bbox 938 5161 950 5163; x_wconf 81' lang='lat'><strong><em>7</em></strong></span> <span class='ocrx_word' id='word_1_814' title='bbox 1016 5161 1026 5163; x_wconf 75' lang='lat'><strong><em>7</em></strong></span> <span class='ocrx_word' id='word_1_815' title='bbox 1942 5077 2053 5163; x_wconf 82' lang='lat' dir='ltr'><strong><em>sub</em></strong></span> <span class='ocrx_word' id='word_1_816' title='bbox 2083 5077 2203 5163; x_wconf 81' lang='lat' dir='ltr'><strong><em>hoc</em></strong></span> <span class='ocrx_word' id='word_1_817' title='bbox 2241 5077 2479 5163; x_wconf 56' lang='lat' dir='ltr'><strong><em>nomine</em></strong></span> <span class='ocrx_word' id='word_1_818' title='bbox 2507 5079 2649 5136; x_wconf 84' lang='lat' dir='ltr'><strong><em>latet</em></strong></span> <span class='ocrx_word' id='word_1_819' title='bbox 2677 5077 2915 5163; x_wconf 49' lang='lat' dir='ltr'><strong><em>Ehriveus</em></strong></span> <span class='ocrx_word' id='word_1_820' title='bbox 2944 5077 3493 5163; x_wconf 39' lang='lat' dir='ltr'><strong><em>Britognquintlprico</em></strong></span> <span class='ocrx_word' id='word_1_821' title='bbox 3524 5090 3588 5131; x_wconf 90' lang='lat' dir='ltr'><strong><em>se</em></strong></span> 
     </span>
    </p>
   </div>
   <div class='ocr_carea' id='block_1_55' title="bbox 259 5150 3372 5236">
    <p class='ocr_par' dir='ltr' id='par_1_55' title="bbox 259 5150 3372 5236">
     <span class='ocr_line' id='line_1_56' title="bbox 259 5150 3372 5236; baseline -0.006 -14"><span class='ocrx_word' id='word_1_822' title='bbox 259 5162 407 5236; x_wconf 80' lang='lat'><strong><em>(7221)</em></strong></span> <span class='ocrx_word' id='word_1_823' title='bbox 436 5150 796 5236; x_wconf 54' lang='lat' dir='ltr'><strong><em>V.&#39;Anaales</em></strong></span> <span class='ocrx_word' id='word_1_824' title='bbox 826 5161 1245 5236; x_wconf 70' lang='lat' dir='ltr'><strong><em>Corbeienses.</em></strong></span> <span class='ocrx_word' id='word_1_825' title='bbox 1293 5231 1343 5236; x_wconf 83' lang='lat'>__</span> <span class='ocrx_word' id='word_1_826' title='bbox 1934 5155 2231 5226; x_wconf 85' lang='lat' dir='ltr'><strong><em>junxerat.</em></strong></span> <span class='ocrx_word' id='word_1_827' title='bbox 2263 5153 2330 5208; x_wconf 92' lang='lat' dir='ltr'><strong><em>V.</em></strong></span> <span class='ocrx_word' id='word_1_828' title='bbox 2368 5152 2667 5208; x_wconf 89' lang='lat' dir='ltr'><strong><em>Hincmar.</em></strong></span> <span class='ocrx_word' id='word_1_829' title='bbox 2702 5152 2973 5209; x_wconf 85' lang='lat' dir='ltr'><strong><em>Remens.</em></strong></span> <span class='ocrx_word' id='word_1_830' title='bbox 3005 5169 3057 5208; x_wconf 94' lang='lat' dir='ltr'><strong><em>a.</em></strong></span> <span class='ocrx_word' id='word_1_831' title='bbox 3089 5151 3216 5217; x_wconf 88' lang='lat'><strong><em>863,</em></strong></span> <span class='ocrx_word' id='word_1_832' title='bbox 3246 5150 3372 5204; x_wconf 92' lang='lat'><strong><em>866.</em></strong></span> 
     </span>
    </p>
   </div>
   <div class='ocr_carea' id='block_1_56' title="bbox 261 5231 3587 5316">
    <p class='ocr_par' dir='ltr' id='par_1_56' title="bbox 261 5231 3587 5316">
     <span class='ocr_line' id='line_1_57' title="bbox 261 5231 3587 5316; baseline -0.005 -10"><span class='ocrx_word' id='word_1_833' title='bbox 261 5231 408 5305; x_wconf 72' lang='grc'>(222)</span> <span class='ocrx_word' id='word_1_834' title='bbox 434 5236 569 5294; x_wconf 60' lang='lat' dir='ltr'><strong><em>Vit!</em></strong></span> <span class='ocrx_word' id='word_1_835' title='bbox 596 5237 656 5293; x_wconf 79' lang='lat' dir='ltr'><strong>S-</strong></span> <span class='ocrx_word' id='word_1_836' title='bbox 690 5233 974 5290; x_wconf 65' lang='grc' dir='ltr'><strong><em>Βίωδθνῒί</em></strong></span> <span class='ocrx_word' id='word_1_837' title='bbox 1005 5248 1055 5287; x_wconf 74' lang='grc' dir='ltr'><strong>θ·</strong></span> <span class='ocrx_word' id='word_1_838' title='bbox 1090 5233 1153 5287; x_wconf 74' lang='grc'>11</span> <span class='ocrx_word' id='word_1_839' title='bbox 1197 5234 1256 5288; x_wconf 65' lang='lat' dir='ltr'><strong><em>0t</em></strong></span> <span class='ocrx_word' id='word_1_840' title='bbox 1284 5231 1372 5285; x_wconf 73' lang='grc'><strong><em>12·</em></strong></span> <span class='ocrx_word' id='word_1_841' title='bbox 1946 5315 1953 5316; x_wconf 84' lang='lat'><strong><em>7</em></strong></span> <span class='ocrx_word' id='word_1_842' title='bbox 2014 5244 2163 5316; x_wconf 89' lang='lat'><strong><em>(227)</em></strong></span> <span class='ocrx_word' id='word_1_843' title='bbox 2192 5242 2452 5299; x_wconf 88' lang='lat' dir='ltr'><strong><em>Gotat‘rid</em></strong></span> <span class='ocrx_word' id='word_1_844' title='bbox 2505 5240 2601 5297; x_wconf 90' lang='lat' dir='ltr'><strong><em>ille</em></strong></span> <span class='ocrx_word' id='word_1_845' title='bbox 2648 5240 2878 5298; x_wconf 88' lang='lat' dir='ltr'><strong><em>occisus</em></strong></span> <span class='ocrx_word' id='word_1_846' title='bbox 2922 5260 2974 5298; x_wconf 90' lang='lat' dir='ltr'><strong><em>a.</em></strong></span> <span class='ocrx_word' id='word_1_847' title='bbox 3006 5241 3131 5295; x_wconf 90' lang='lat'><strong><em>885.</em></strong></span> <span class='ocrx_word' id='word_1_848' title='bbox 3180 5242 3250 5294; x_wconf 87' lang='lat' dir='ltr'><strong><em>V.</em></strong></span> <span class='ocrx_word' id='word_1_849' title='bbox 3302 5235 3587 5309; x_wconf 82' lang='lat' dir='ltr'><strong><em>Reginon.</em></strong></span> 
     </span>
    </p>
   </div>
   <div class='ocr_carea' id='block_1_57' title="bbox 257 5315 2091 5397">
    <p class='ocr_par' dir='ltr' id='par_1_57' title="bbox 257 5315 2091 5397">
     <span class='ocr_line' id='line_1_58' title="bbox 257 5315 2091 5397; baseline -0.008 -14"><span class='ocrx_word' id='word_1_850' title='bbox 257 5323 405 5397; x_wconf 76' lang='lat'><strong><em>(223)</em></strong></span> <span class='ocrx_word' id='word_1_851' title='bbox 434 5323 810 5397; x_wconf 83' lang='lat' dir='ltr'><strong><em>Privilegium</em></strong></span> <span class='ocrx_word' id='word_1_852' title='bbox 834 5320 1058 5397; x_wconf 66' lang='grc' dir='ltr'><strong><em>Νίσοιαί</em></strong></span> <span class='ocrx_word' id='word_1_853' title='bbox 1082 5322 1104 5376; x_wconf 94' lang='grc' dir='ltr'><strong>Ι</strong></span> <span class='ocrx_word' id='word_1_854' title='bbox 1128 5336 1311 5393; x_wconf 85' lang='lat' dir='ltr'><strong><em>papae.</em></strong></span> <span class='ocrx_word' id='word_1_855' title='bbox 1338 5319 1484 5377; x_wconf 89' lang='lat' dir='ltr'><strong><em>Vide</em></strong></span> <span class='ocrx_word' id='word_1_856' title='bbox 1509 5318 1833 5389; x_wconf 84' lang='lat' dir='ltr'><strong><em>Hamburg.</em></strong></span> <span class='ocrx_word' id='word_1_857' title='bbox 1944 5315 2003 5370; x_wconf 89' lang='lat' dir='ltr'><strong><em>h.</em></strong></span> <span class='ocrx_word' id='word_1_858' title='bbox 2026 5315 2091 5371; x_wconf 49' lang='lat' dir='ltr'><strong><em>&#39;a.</em></strong></span> 
     </span>
    </p>
   </div>
   <div class='ocr_carea' id='block_1_58' title="bbox 176 5389 3589 5476">
    <p class='ocr_par' dir='ltr' id='par_1_58' title="bbox 176 5389 3589 5476">
     <span class='ocr_line' id='line_1_59' title="bbox 176 5389 3589 5476; baseline 0.002 -31"><span class='ocrx_word' id='word_1_859' title='bbox 176 5389 687 5463; x_wconf 48' lang='lat' dir='ltr'><strong><em>Urkun&#39;denbucb&#39;,</em></strong></span> <span class='ocrx_word' id='word_1_860' title='bbox 718 5412 777 5451; x_wconf 90' lang='lat' dir='ltr'><strong><em>n.</em></strong></span> <span class='ocrx_word' id='word_1_861' title='bbox 823 5393 910 5450; x_wconf 87' lang='grc'>19.</span> <span class='ocrx_word' id='word_1_862' title='bbox 1128 5389 1146 5393; x_wconf 71' lang='grc'><strong><em>“</em></strong></span> <span class='ocrx_word' id='word_1_863' title='bbox 1206 5389 1225 5393; x_wconf 73' lang='grc'><em>’</em></span> <span class='ocrx_word' id='word_1_864' title='bbox 1954 5475 1957 5476; x_wconf 56' lang='lat'><strong><em>7</em></strong></span> <span class='ocrx_word' id='word_1_865' title='bbox 2017 5403 2166 5476; x_wconf 91' lang='lat'><strong><em>(228)</em></strong></span> <span class='ocrx_word' id='word_1_866' title='bbox 2198 5400 2279 5458; x_wconf 64' lang='lat' dir='ltr'><strong><em>D‘e</em></strong></span> <span class='ocrx_word' id='word_1_867' title='bbox 2327 5400 2595 5476; x_wconf 79' lang='lat' dir='ltr'><strong><em>Rudolfo,</em></strong></span> <span class='ocrx_word' id='word_1_868' title='bbox 2651 5401 2771 5476; x_wconf 75' lang='lat' dir='ltr'><strong><em>tilio</em></strong></span> <span class='ocrx_word' id='word_1_869' title='bbox 2831 5399 3109 5476; x_wconf 47' lang='lat' dir='ltr'><strong><em>Herioldi;</em></strong></span> <span class='ocrx_word' id='word_1_870' title='bbox 3286 5396 3589 5476; x_wconf 63' lang='lat' dir='ltr'><strong><em>Hincmar.</em></strong></span> 
     </span>
    </p>
   </div>
   <div class='ocr_carea' id='block_1_59' title="bbox 259 5468 3589 5550">
    <p class='ocr_par' dir='ltr' id='par_1_59' title="bbox 259 5468 3589 5550">
     <span class='ocr_line' id='line_1_60' title="bbox 259 5468 3589 5550; baseline -0.005 -12"><span class='ocrx_word' id='word_1_871' title='bbox 259 5482 411 5550; x_wconf 76' lang='lat'><strong><em>(224)</em></strong></span> <span class='ocrx_word' id='word_1_872' title='bbox 437 5491 587 5543; x_wconf 78' lang='lat' dir='ltr'><strong><em>Ann.</em></strong></span> <span class='ocrx_word' id='word_1_873' title='bbox 621 5483 789 5540; x_wconf 86' lang='lat' dir='ltr'><strong><em>Fuld.</em></strong></span> <span class='ocrx_word' id='word_1_874' title='bbox 823 5500 874 5540; x_wconf 93' lang='lat' dir='ltr'><strong><em>a.</em></strong></span> <span class='ocrx_word' id='word_1_875' title='bbox 909 5483 1039 5539; x_wconf 74' lang='lat'><strong><em>8’73.</em></strong></span> <span class='ocrx_word' id='word_1_876' title='bbox 1946 5468 2299 5550; x_wconf 47' lang='lat' dir='ltr'><strong><em>Remensua.</em></strong></span> <span class='ocrx_word' id='word_1_877' title='bbox 2347 5474 2472 5544; x_wconf 88' lang='lat'><strong><em>864,</em></strong></span> <span class='ocrx_word' id='word_1_878' title='bbox 2515 5472 3033 5550; x_wconf 40' lang='lat' dir='ltr'><strong><em>8721A873.7Ar_mal_.</em></strong></span> <span class='ocrx_word' id='word_1_879' title='bbox 3068 5470 3431 5550; x_wconf 60' lang='lat' dir='ltr'><strong><em>Euidens_.__a.</em></strong></span> <span class='ocrx_word' id='word_1_880' title='bbox 3461 5468 3589 5534; x_wconf 89' lang='lat'><strong><em>873,</em></strong></span> 
     </span>
    </p>
   </div>
   <div class='ocr_carea' id='block_1_60' title="bbox 256 5485 3529 5638">
    <p class='ocr_par' dir='ltr' id='par_1_60' title="bbox 256 5485 3529 5638">
     <span class='ocr_line' id='line_1_61' title="bbox 259 5485 3525 5550; baseline -0.005 -12"><span class='ocrx_word' id='word_1_881' title='bbox 259 5485 387 5550; x_wconf 75' lang='lat'><strong><em>(224</em></strong></span> <span class='ocrx_word' id='word_1_882' title='bbox 437 5491 587 5543; x_wconf 78' lang='lat' dir='ltr'><strong><em>Ann.</em></strong></span> <span class='ocrx_word' id='word_1_883' title='bbox 621 5485 789 5540; x_wconf 86' lang='lat' dir='ltr'><strong><em>Fuld.</em></strong></span> <span class='ocrx_word' id='word_1_884' title='bbox 823 5500 874 5540; x_wconf 93' lang='lat' dir='ltr'><strong><em>a.</em></strong></span> <span class='ocrx_word' id='word_1_885' title='bbox 909 5485 1039 5539; x_wconf 74' lang='lat'><strong><em>8’73.</em></strong></span> <span class='ocrx_word' id='word_1_886' title='bbox 1946 5485 2198 5531; x_wconf 66' lang='lat' dir='ltr'><strong><em>Remens</em></strong></span> <span class='ocrx_word' id='word_1_887' title='bbox 2245 5491 2299 5530; x_wconf 92' lang='lat' dir='ltr'><strong><em>a.</em></strong></span> <span class='ocrx_word' id='word_1_888' title='bbox 2347 5485 2472 5544; x_wconf 78' lang='lat'><strong><em>864,</em></strong></span> <span class='ocrx_word' id='word_1_889' title='bbox 2515 5485 2643 5536; x_wconf 76' lang='lat'><strong><em>8&#39;12,</em></strong></span> <span class='ocrx_word' id='word_1_890' title='bbox 2673 5485 2799 5527; x_wconf 71' lang='grc' dir='ltr'><strong><em>διδ.</em></strong></span> <span class='ocrx_word' id='word_1_891' title='bbox 2832 5485 3033 5527; x_wconf 77' lang='lat' dir='ltr'><strong><em>Annal.</em></strong></span> <span class='ocrx_word' id='word_1_892' title='bbox 3068 5485 3343 5527; x_wconf 81' lang='lat' dir='ltr'><strong><em>r&#39;umens.</em></strong></span> <span class='ocrx_word' id='word_1_893' title='bbox 3377 5486 3431 5525; x_wconf 90' lang='lat' dir='ltr'><strong><em>a.</em></strong></span> <span class='ocrx_word' id='word_1_894' title='bbox 3461 5485 3525 5523; x_wconf 77' lang='grc' dir='ltr'><strong><em>δι</em></strong></span> 
     </span>
     <span class='ocr_line' id='line_1_62' title="bbox 256 5485 3529 5638; baseline -0.006 -20"><span class='ocrx_word' id='word_1_895' title='bbox 256 5485 411 5638; x_wconf 52' lang='lat'><strong><em>(225;</em></strong></span> <span class='ocrx_word' id='word_1_896' title='bbox 438 5555 651 5617; x_wconf 85' lang='lat' dir='ltr'><strong><em>Horich</em></strong></span> <span class='ocrx_word' id='word_1_897' title='bbox 680 5556 1097 5616; x_wconf 85' lang='lat' dir='ltr'><strong><em>Nordmaunus</em></strong></span> <span class='ocrx_word' id='word_1_898' title='bbox 1125 5551 1236 5612; x_wconf 88' lang='lat' dir='ltr'><strong><em>hoc</em></strong></span> <span class='ocrx_word' id='word_1_899' title='bbox 1267 5557 1529 5627; x_wconf 86' lang='lat' dir='ltr'><strong><em>tempore</em></strong></span> <span class='ocrx_word' id='word_1_900' title='bbox 1558 5550 1619 5609; x_wconf 88' lang='lat' dir='ltr'><strong><em>in</em></strong></span> <span class='ocrx_word' id='word_1_901' title='bbox 1650 5565 1837 5609; x_wconf 83' lang='lat' dir='ltr'><strong><em>anna-</em></strong></span> <span class='ocrx_word' id='word_1_902' title='bbox 1945 5546 2154 5607; x_wconf 85' lang='lat' dir='ltr'><strong><em>Annal.</em></strong></span> <span class='ocrx_word' id='word_1_903' title='bbox 2186 5544 2466 5620; x_wconf 84' lang='lat' dir='ltr'><strong><em>Xantens,</em></strong></span> <span class='ocrx_word' id='word_1_904' title='bbox 2497 5562 2552 5604; x_wconf 89' lang='lat' dir='ltr'><strong><em>a.</em></strong></span> <span class='ocrx_word' id='word_1_905' title='bbox 2579 5544 2705 5625; x_wconf 83' lang='lat'><strong><em>873,</em></strong></span> <span class='ocrx_word' id='word_1_906' title='bbox 2739 5543 2840 5601; x_wconf 90' lang='lat' dir='ltr'><strong><em>ubi</em></strong></span> <span class='ocrx_word' id='word_1_907' title='bbox 2869 5544 3193 5605; x_wconf 83' lang='lat' dir='ltr'><strong><em>Ruodotdus</em></strong></span> <span class='ocrx_word' id='word_1_908' title='bbox 3220 5541 3406 5602; x_wconf 88' lang='lat' dir='ltr'><strong><em>audit.</em></strong></span> <span class='ocrx_word' id='word_1_909' title='bbox 3524 5592 3529 5607; x_wconf 86' lang='lat'><strong><em>,</em></strong></span> 
     </span>
    </p>
   </div>
  </div>
