4044 6164
225 409 339 471 505

917 410 1165 473 GESTA
1205 410 1688 475 PONTIFICUM
1729 411 2464 476 HAMMABURGENSIS
2508 415 2928 478 ECCLESLE.

3501 409 3623 473 506

286 546 340 598 7.
377 543 503 616 ([4.]
533 543 671 616 Cap.
701 543 818 612 53.)
851 544 989 599 Post
1034 544 1154 600 haec
1184 547 1250 580 ⁹⁹⁶
1298 562 1431 601 cum
1465 563 1561 601 rex
1591 545 1861 601 victorio-
1893 551 1947 616 Α
1977 561 2076 601 rex
2104 551 2162 602 et
2190 546 2659 619 archiepiscopus
2689 552 2889 605 noster
2915 548 3070 604 vices
3093 547 3185 586 ¹⁰¹¹
3221 563 3359 602 suas
3405 544 3466 601 in
3513 544 3626 601 hac

219 632 494 690 sissimus
521 633 674 700 Otto,
690 634 762 688 ad
791 633 1160 689 liberandum
1176 635 1242 670 997
1265 635 1461 690 sedem
1486 634 1862 706 apostolicam

220 729 525 779 vocaretur
550 723 609 776 in
643 721 891 788 Italiam,
927 723 1238 778 consilium
1270 725 1452 779 fertur
1480 724 1757 779 habuisse
1777 724 1867 790 993,

223 828 394 882 quem
419 817 551 883 post
569 828 631 866 se
649 812 926 867 vicarium
948 813 1248 883 potestatis
1265 815 1337 867 ad
1355 814 1679 868 faciendam
1697 813 1870 883 justi-

222 902 369 956 ciam
405 901 761 972 relinqueret
791 901 858 936 99°
909 901 966 955 in
1020 900 1110 956 his
1150 903 1416 973 partibus
1447 920 1572 974 quae
1605 902 1867 957 barbaris

217 990 477 1045 conﬁnes
506 995 646 1044 sunt
677 989 1240 1046 terminis.Nondum
1268 991 1422 1047 enim
1449 998 1578 1063 post
1608 995 1870 1062 tempora

220 1077 432 1145 Karoli,
450 1083 687 1149 propter
706 1084 927 1134 veteres
949 1078 1110 1134 illius
1133 1080 1324 1151 gentis
1347 1081 1683 1144 seditiones,
1699 1081 1871 1135 Saxo-

223 1168 318 1223 nia
345 1168 558 1221 ducem
591 1169 832 1238 accepit,
865 1168 978 1223 nisi
1026 1185 1322 1225 cessarem.
1357 1171 1478 1235 Qua
1525 1170 1870 1226 necessitate

220 1271 317 1310 rex
348 1271 692 1326 persuasus,
728 1256 1058 1313 Hermanno
1091 1259 1346 1330 primum
1371 1260 1567 1315 tutela:
1596 1260 1777 1315 vicem
1810 1259 1868 1313 in

223 1344 475 1400 Saxonis
503 1344 800 1399 commisit
830 1346 998 1417 (317).
1053 1347 1134 1402 De
1166 1364 1281 1418 quo
1326 1348 1444 1403 viro
1495 1353 1551 1404 et
1597 1347 1870 1420 progenie

222 1433 354 1498 viri,
383 1433 667 1503 quoniam
699 1439 818 1488 tam
851 1435 1148 1491 Bremensi
1201 1436 1454 1492 ecclesiae
1507 1455 1682 1508 quam
1741 1437 1872 1492 aliis

227 1537 436 1592 magno
465 1520 689 1576 excidio
711 1522 1033 1579 surrexisse
1063 1523 1334 1580 videntur
1361 1527 1470 1591 ιοοο,
1496 1526 1672 1581 altius
1694 1525 1871 1580 ordiri

225 1610 624 1664 necessarium
660 1611 819 1668 duxi.

287 1700 343 1752 8.
378 1699 539 1770 (Cap.
566 1700 682 1771 54.)
705 1700 802 1755 Vir
834 1701 941 1757 iste
975 1703 1330 1775 pauperibus
1359 1708 1524 1760 ortus
1555 1704 1873 1775 natalibus,

221 1786 429 1860 primo,
469 1793 532 1843 ut
571 1790 757 1856 aiunt,
787 1792 821 1846 7
853 1794 1077 1848 mansis
1107 1793 1468 1865 totidemque
1498 1794 1874 1850 manentibus

222 1892 285 1931 ex
306 1876 637 1933 hereditate
660 1887 970 1951 parentum
998 1881 1109 1936 fuit
1130 1887 1461 1938 contentus.
1483 1882 1694 1938 Deinde
1716 1884 1871 1954 quod

225 1967 308 2001 ¹⁰⁰²
342 1972 474 2021 erat
503 1969 656 2023 acris
686 1969 833 2040 (318)
887 1969 1107 2041 ingenii
1138 1972 1481 2043 decorisque
1516 1973 1606 2007 ¹⁰⁰²
1652 1975 1874 2038 formae,

227 2071 378 2120 cum,
394 2072 503 2126 pro
527 2057 733 2112 merito
753 2058 883 2112 fidei
907 2063 963 2113 et
983 2059 1337 2115 humilitatis
1356 2078 1533 2132 quam
1553 2062 1807 2116 dominis
1823 2066 1879 2116 et

226 2145 468 2214 paribus
493 2145 582 2179 ¹⁰⁰³
611 2145 893 2216 exhibuit,
920 2147 1087 2203 facile
1119 2154 1295 2204 notus
1319 2150 1407 2184 ¹⁰⁰⁴
1437 2151 1491 2204 in
1524 2149 1739 2222 palatio
1767 2150 1874 2217 1°05,

228 2233 292 2287 ad
325 2233 794 2300 familiaritatem
827 2236 1087 2306 pervenit
1116 2237 1304 2308 ipsius
1337 2238 1490 2309 regis
1523 2254 1534 2292 :
1580 2237 1701 2309 qui,
1726 2255 1878 2292 com-

225 2326 382 2392 perta
404 2322 650 2393 juvenis
682 2322 997 2391 industria,
1029 2327 1292 2398 suscepit
1337 2343 1470 2381 eum
1522 2326 1581 2381 in
1632 2343 1876 2382 numero

225 2411 654 2478 ministrorum,
680 2413 889 2468 deinde
919 2416 1238 2471 nutricium
1271 2417 1542 2487 praecepit
1571 2432 1698 2471 esse
1729 2416 1876 2471 ﬁlio-

222 2516 345 2554 rum
394 2501 590 2572 (319);
643 2518 781 2557 mox
830 2503 1029 2573 etiam,
1082 2504 1529 2560 succedentibus
1583 2505 1876 2576 prosperis

221 2589 387 2659 (320),
410 2589 716 2645 commisit
736 2590 786 2645 ei
814 2590 969 2646 vices
991 2593 1394 2663 praefectorum
1423 2595 1532 2646 ίοοδ.
1564 2594 1624 2648 In
1659 2594 1876 2664 quibus

220 2678 422 2734 ciliciis
435 2685 721 2734 strenuus
734 2679 1249 2751 administratis,di
1258 2683 1408 2737 citur
1422 2687 1723 2738 manentes
1738 2700 1876 2739 suos

223 2782 316 2836 pro
351 2768 509 2822 furto
542 2768 626 2838 [in
648 2768 941 2839 judicium
975 2771 1086 2842 ¹⁰⁰⁷]
1119 2770 1362 2839 delatos,
1398 2775 1534 2826 data
1585 2772 1876 2827 sententia

222 2856 392 2911 simul
413 2873 625 2912 omnes
649 2859 1003 2930 dampnasse
1027 2860 1099 2914 ad
1125 2865 1391 2915 mortem.
1416 2861 1598 2932 Cujus
1625 2861 1878 2916 novitate

223 2945 496 3001 facinoris
520 2951 577 3001 et
609 2952 749 3002 tunc
771 2964 942 3004 carus
967 2950 1055 2984 ίθοθ
1087 2949 1146 3004 in
1177 2949 1393 3021 populo
1425 2954 1482 3005 et
1512 2949 1878 3005 clarissimus

221 3034 496 3106 deinceps
519 3037 712 3092 factus
737 3042 826 3093 est
847 3038 905 3093 in
938 3037 1174 3109 palatio.
1205 3042 1521 3109 Postquam
1543 3055 1675 3094 vero
1700 3039 1878 3093 duca-

219 3126 341 3177 tum
363 3123 637 3179 Saxoniai
669 3127 901 3193 meruit,
923 3127 1152 3197 judicio
1182 3131 1238 3182 et
1259 3127 1505 3197 justicia
1531 3127 1880 3198 gubernavit

222 3213 609 3281 provinciam,
624 3219 680 3269 et
702 3213 761 3268 in
785 3215 1122 3271 defensione
1143 3215 1520 3271 ecclesiarum
1540 3222 1876 3272 sanctarum

1976 636 2208 705 regione
2229 638 2730 700 commendantes,
2761 638 2820 692 in
2854 638 3076 693 Italiam
3110 638 3510 693 discesserunt
3535 635 3625 672 ¹⁰¹²

1977 726 2122 795 (961,
2154 726 2287 796 Aug.
2321 729 2461 796 an.).
2498 726 2602 781 Ubi
2653 743 2752 782 rex
2798 727 2995 782 habito
3048 726 3290 782 concilio
3323 726 3622 798 episcopo-

1976 831 2130 881 rum,
2161 816 2489 870 Johannem
2531 832 2762 887 papam,
2798 816 2890 870 cui
2941 815 3252 871 Octaviano
3303 830 3625 886 cognomen

1978 908 2103 959 tum
2135 909 2260 960 erat
2281 906 2393 973 1°13,
2434 904 2635 960 multis
2660 905 2749 940 ¹⁰¹⁴
2779 909 3118 960 accusatum
3149 904 3498 959 criminibus
3528 904 3630 958 de-

1977 993 2111 1064 poni
2147 993 2301 1059 fecit,
2335 995 2603 1065 quamvis
2635 994 2960 1064 absentem,
2995 1010 3130 1049 nam
3163 993 3299 1065 luga
3331 992 3622 1062 judicium

1979 1083 2411 1154 subterfugerat
2433 1084 2546 1149 “"5,
2573 1087 2629 1138 et
2649 1085 2708 1138 in
2740 1084 2933 1139 locum
2961 1084 3088 1153 ejus
3111 1087 3344 1154 protum
3367 1082 3459 1118 ¹⁰1⁶
3482 1082 3624 1135 Leo-

1980 1187 2113 1225 nem
2146 1172 2401 1227 ordinari
2437 1173 2549 1225 1°”.
2599 1173 2713 1244 (an.
2747 1172 2896 1244 962.)
2937 1175 2982 1227 A
3013 1189 3126 1243 quo
3158 1171 3305 1243 (321)
3337 1171 3461 1241 ipse
3492 1185 3629 1224 mox

1980 1265 2312 1328 coronatus,
2335 1262 2651 1333 imperator
2679 1265 2735 1315 et
2756 1265 3043 1333 angustus
3067 1277 3101 1316 a
3131 1259 3344 1331 populo
3368 1259 3630 1314 Romano

1981 1349 2384 1405 consalutatus
2404 1354 2514 1419 est,
2529 1367 2681 1404 anno
2706 1350 2866 1420 regni
2886 1351 2978 1385 ¹⁰¹⁸
2998 1350 3094 1404 28ο
3116 1349 3286 1422 (322),
3313 1353 3446 1420 post
3466 1363 3629 1402 coro-

1984 1444 2188 1493 natum
2214 1439 2407 1493 Romae
2438 1438 2722 1494 Karulum
2745 1440 2835 1474 ¹⁰ί⁹
2865 1440 2998 1494 153°
3023 1438 3193 1509 (323).
3219 1437 3379 1508 (Cap.
3407 1437 3522 1502 56.)
3555 1436 3631 1492 Eo

1983 1532 2242 1598 tempore
2290 1528 2606 1598 imperator
2645 1544 2778 1582 cum
2811 1526 2930 1582 filio
2960 1527 3110 1598 (324)
3158 1525 3628 1598 quinquennium

1986 1619 2076 1652 “’90
2103 1618 2162 1671 in
2197 1616 2358 1672 Italia
2387 1620 2784 1672 commoratus
2807 1616 2975 1687 (325),
3010 1615 3161 1670 ﬁlios
3190 1614 3510 1685 Beringarii
3539 1614 3628 1648 ¹⁰²¹

1983 1705 2313 1770 debellavit,
2347 1707 2710 1777 Romamque
2759 1705 3015 1776 pristinis
3066 1704 3319 1759 reddidit
3376 1701 3634 1758 libertati

1983 1795 2150 1866 (326).
2177 1795 2277 1850 His
2308 1795 2514 1852 diebus
2535 1795 2825 1865 annisque
2853 1794 3096 1849 totidem
3129 1798 3325 1849 noster
3344 1791 3634 1862 archiepi-

1984 1899 2218 1955 scopus,
2253 1884 2407 1954 apud
2451 1899 2625 1954 quem
2666 1899 2902 1938 summa
2931 1881 3311 1936 consiliorum
3345 1880 3639 1951 pendebat

1988 1973 2156 2044 (327),
2207 1973 2268 2026 in
2326 1987 2503 2043 regno
2537 1972 2629 2008 ¹⁰²²
2684 1970 2859 2027 Italiae
2917 1973 3291 2025 conversatus
3347 1974 3457 2031 est,
3516 1983 3634 2022 non

1987 2066 2213 2132 sponte,
2231 2061 2494 2132 inquam,
2515 2061 2614 2115 sed
2641 2061 2794 2131 quod
2818 2077 2853 2114 a
2874 2075 3074 2132 regum
3099 2058 3278 2114 latere
3300 2056 3498 2112 divelli
3519 2073 3634 2112 non

1989 2149 2194 2222 potuit.
2231 2151 2439 2221 Ingens
2470 2149 2700 2204 lucrum
2749 2149 2820 2203 de
2864 2147 3332 2220 peregrinatione
3362 2163 3470 2201 sua
3498 2145 3637 2200 Bre-

1988 2239 2174 2294 mensi
2206 2238 2458 2294 ecclesiae
2491 2237 2733 2310 paravit.
2755 2239 2918 2293 Tunc
2943 2237 3102 2292 enim
3129 2234 3434 2307 collegisse
3462 2235 3644 2289 tradi-

1986 2332 2084 2382 tur
2112 2327 2436 2398 patrocinia
2461 2331 2819 2397 sanctorum,
2845 2325 3061 2397 quibus
3093 2341 3250 2380 nunc
3272 2328 3330 2379 et
3358 2324 3417 2378 in
3447 2339 3635 2377 aevum

1987 2416 2096 2472 hoc
2149 2416 2479 2488 triumphat
2527 2419 2795 2472 nostrum
2844 2415 3228 2486 episcopium.
3266 2417 3468 2468 Fertur
3509 2412 3640 2482 ejus

1987 2505 2239 2577 populus
2272 2504 2490 2576 itaque,
2517 2521 2632 2559 non
2657 2505 2849 2560 ferens
2879 2505 3222 2559 diuturnam
3248 2501 3339 2538 ¹⁰²³
3369 2499 3506 2556 boni
3541 2517 3640 2572 pa-

1987 2594 2162 2650 storis
2185 2594 2536 2660 absentiam,
2561 2594 2784 2648 nuntiis
2806 2598 2862 2649 et
2891 2593 3105 2648 litteris
3127 2596 3347 2646 metum
3369 2590 3636 2661 ingeren-

1984 2683 2146 2738 tibus
2176 2684 2414 2738 tandem
2449 2683 2708 2738 eﬁ'ecisse
2741 2687 2804 2737 ut
2835 2698 3012 2737 suum
3051 2696 3287 2753 gregem
3335 2677 3519 2734 visere
3551 2678 3646 2716 1°“

1985 2773 2346 2844 dignaretur.
2381 2771 2485 2826 Cui
2539 2771 2713 2826 etiam
2767 2771 3020 2826 venienti
3069 2769 3378 2840 perhibent
3406 2784 3547 2823 suos
3586 2771 3643 2822 et

1985 2866 2290 2916 extraneos
2345 2859 2553 2915 itinere
2618 2860 2798 2915 tridui
2863 2860 3207 2927 occurrisse,
3239 2874 3355 2929 prae
3426 2855 3639 2930 gaudio

1987 2950 2211 3019 ﬂentes,
2245 2953 2302 3005 et
2332 2949 2499 3021 quasi
2533 2950 2625 2984 ¹⁰²⁵
2673 2948 2837 3004 alteri
2868 2947 3122 3005 Johanni
3157 2947 3248 2983 ¹⁰²⁶
3286 2945 3642 3010 clamabant,

1987 3039 2248 3094 dicentes
2285 3055 2296 3092 :
2352 3039 2677 3094 Benedictus
2724 3039 2820 3110 qui
2863 3039 3015 3094 venit
3062 3038 3120 3091 in
3169 3037 3389 3092 nomine
3418 3035 3641 3091 Domini

1987 3127 2210 3194 (Matth.
2250 3145 2365 3189 XXI,
2399 3127 2477 3195 9).
2995 3136 2998 3138 '

2063 3217 2148 3270 10.
2183 3216 2315 3286 ([6.]
2345 3219 2482 3287 Cap.
2513 3216 2630 3284 57.)
2663 3216 2948 3271 Reversus
2978 3231 3114 3286 ergo
3160 3214 3222 3268 in
3270 3212 3518 3284 patriam
3550 3228 3639 3266 ar-

221 3301 526 3356 studiosus
544 3305 1138 3375 permansitusquein
1155 3304 1501 3360 finem.Nam
1521 3305 1878 3360 etBremensi
1909 3285 1952 3350 (ἶ
1991 3285 2597 3375 οὶιὶερὶεοορυεξεὶοιιῑ
2623 3302 2956 3358 audivimus
2983 3307 3041 3356 et
3054 3285 3440 3372 cognovimus
3461 3305 3519 3355 et
3539 3315 3643 3370 pa-

220 3390 480 3444 ecclesiae
515 3407 583 3445 ac
615 3392 786 3446 matri
810 3392 1211 3465 Hammaburg
1240 3393 1431 3448 ﬁdelis
1463 3393 1687 3448 exstitit
1706 3410 1772 3448 ac
1794 3394 1882 3428 ¹⁰⁰⁹

219 3477 486 3544 devotus,
512 3479 704 3536 multa
733 3481 885 3537 bona
918 3481 1136 3538 faciens
1165 3482 1226 3537 in
1257 3484 1466 3537 fratres
1497 3487 1554 3537 et
1584 3483 1644 3536 in
1677 3498 1882 3537 omnes

217 3567 482 3623 Saxonis
515 3569 1020 3642 congregationes.

289 3657 348 3710 9.
385 3656 505 3728 ([5.]
549 3663 686 3730 Cap.
737 3659 854 3730 55.)
907 3659 1090 3732 Igitur
1137 3659 1239 3714 tali
1286 3659 1407 3715 viro
1439 3660 1530 3696 ¹⁰¹⁰
1579 3659 1882 3730 piissimus

1991 3399 2109 3448 tres
2130 3393 2313 3447 nostri
2339 3396 2719 3447 narraverunt
2743 3391 2910 3446 nobis
2934 3391 3044 3456 1°”,
3072 3390 3239 3444 duxit
3270 3389 3330 3442 in
3359 3387 3641 3443 comitatu

1992 3497 2098 3537 suo
2125 3481 2521 3550 Benedictum,
2547 3497 2760 3552 papam
2785 3478 3146 3543 ordinatum,
3170 3477 3270 3533 sed
3294 3482 3434 3531 tunc
3456 3475 3546 3511 ¹⁰³⁸
3569 3475 3643 3530 ab

1992 3569 2294 3626 Ottone1m
2307 3569 2640 3642 depositum
2656 3570 2951 3640 103°,quem
2965 3566 3062 3622 ille
3074 3567 3162 3603 ¹⁰³¹
3179 3565 3646 3635 inHammaburg

1993 3659 2264 3714 custodiis
2289 3659 2554 3714 mandari
2573 3659 2662 3694 ³0³³
2692 3657 2988 3730 ρι’ωαθρίι,
3012 3655 3494 3728 archiepiscopus
3516 3668 3651 3709 vero

1588 3763 1830 3820 VARIZE
1871 3765 2280 3821 LECTIONES.

290 3861 359 3896 ’κ
388 3877 529 3916 vero
576 3861 729 3916 addit
777 3863 828 3916 4.

223 3937 358 3986 runt
391 3933 443 3986 1.
524 3934 616 3967 ¹⁰⁰⁰
645 3934 875 3988 videtur
901 3938 955 3989 2.
1000 3935 1052 3989 3.
1088 3936 1138 3988 4.
1171 3937 1224 3990 5.
1305 3936 1390 3970 ιθοι

905 3864 970 3898 ⁹⁹⁷
1001 3862 1363 3918 liberandam
1412 3865 1463 3918 4.
1500 3865 1670 3920 Helm.
1705 3865 1743 3918 ι.
1777 3866 1820 3919 Ι.
1850 3881 1895 3919 c.
1933 3865 2019 3919 10.
2097 3866 2163 3898 99⁸
2194 3866 2271 3919 Ita
2301 3865 2352 3918 2.
2388 3866 2441 3919 3.
2475 3863 2730 3920 llelmold
2759 3861 2966 3919 habuit
2999 3862 3023 3916 1
3060 3861 3128 3933 (‘?)
3159 3862 3211 3916 4.

1425 3935 1563 4006 quia
1595 3937 1646 3989 4.
1727 3937 1816 3971 ¹⁰⁰²
1847 3952 1958 4006 que
2009 3936 2155 3990 deest
2205 3937 2252 3990 1.
2334 3937 2422 3972 ¹⁰⁰³
2454 3936 2718 4007 patribus
2746 3937 2799 3990 5.
2881 3935 2974 3971 ¹⁰⁰⁴
2999 3931 3154 4007 esset
3199 3931 3323 4007 add.
3375 3934 3428 4007 _2.
3479 3931 3533 3986 3.

3289 3860 3356 3897 999
3385 3857 3643 3931 relique-

226 4005 311 4077 ¹9⁰⁵
343 4005 515 4059 curia
548 4005 608 4077 4.
653 4006 1152 4077 νίοοθγρινιεΐθοίυνω
1184 4009 1236 4061 4.
1317 4008 1405 4042 ίθοτ
1432 4003 1490 4061 ἱίι
1529 4008 1822 4075 judicium
1866 4003 2009 4063 deest
2042 4012 2090 4062 1.
2126 4009 2182 4061 in
2207 4007 2429 4076 judicio
2456 4003 2629 4062 Helm.
2665 4009 2701 4061 ι.
2737 4009 2779 4062 Ι.
2859 4007 2948 4042 ¹⁰⁰⁸
2980 4006 3194 4060 charus
3241 4005 3311 4077 5.
3347 4003 3540 4077 clarus
3586 4004 3640 4077 3.

224 4076 311 4110 ωδε
341 4083 400 4132 et
431 4077 486 4131 3.
573 4076 667 4111 ¹⁰¹⁰
697 4073 890 4131 νὶΓὶἝ.
971 4081 1062 4113 ¹⁰¹¹
1096 4079 1246 4134 vires
1275 4078 1329 4131 5.
1411 4079 1503 4113 1°”
1531 4073 1910 4134 decesserunt
1938 4079 1990 4134 3.
2071 4081 2164 4115 ¹⁰¹³
2195 4073 2287 4134 cui
2319 4079 2668 4134 Octavianus
2700 4095 2910 4134 nomen
2942 4083 3066 4134 erat
3094 4078 3147 4132 4.
3228 4076 3322 4112 ¹⁰¹⁴
3352 4073 3554 4130 multis
3586 4075 3641 4128 4.

222 4145 366 4203 deest
414 4149 471 4201 5.
558 4148 654 4183 ¹⁰¹⁸
682 4147 1071 4204 declinaverat
1119 4151 1172 4202 2.
1224 4150 1276 4204 3.
1360 4150 1448 4184 ¹⁰¹⁶
1479 4150 1558 4204 Ita
1607 4152 1658 4204 1.
1707 4151 2015 4206 Helmoldus
2062 4151 2100 4204 ι.
2151 4152 2190 4205 1.
2239 4167 2286 4205 c.
2343 4152 2427 4205 10.

2477 4157 2814 4222 promptum
2845 4151 2901 4206 2.
2934 4151 2987 4206 3.
3023 4150 3073 4203 4.
3110 4153 3405 4222 promtum
3436 4147 3641 4222 Albert.

223 4218 389 4298 Stud.
410 4221 645 4298 9.961,
665 4222 766 4274 ubi
792 4236 861 4274 ex
890 4223 1194 4298 conjectura
1227 4222 1469 4298 Rei'necii
1499 4222 1702 4298 legitur
1729 4239 1747 4274 :
1785 4227 2140 4298 promotum.
2164 4218 2553 4298 peg'te_protus
2583 4218 2891 4298 dictumest
2918 4237 3018 4298 pro
3044 4218 3520 4298 pifotqscrirziario,
3552 4233 3643 4298 cu:

214 4291 305 4364 ius
336 4292 588 4364 o/ﬁcium
620 4295 851 4364 Leo-nem
881 4297 1089 4364 constat
1118 4293 1376 4364 tenuisse.
1418 4298 1478 4346 ν.
1516 4296 1740 4348 (.‘ontin.
1774 4295 2038 4362 Reginon.
2070 4311 2124 4347 a.
2159 4294 2280 4348 963.
2312 4291 2633 4364 Liudprand
2662 4294 2700 4347 ι.
2741 4295 2832 4357 γι,
2863 4291 3052 4347 ε.’11.“
3110 4293 3201 4327 ¹⁰¹⁷
3232 4292 3356 4345 ord.
3376 4291 3648 4364 (precepit

226 4361 275 4414 4.
355 4362 449 4397 ¹⁰¹⁸
482 4362 576 4418 sui
608 4363 760 4416 addit
791 4363 841 4416 4.
924 4364 1014 4398 1°19
1045 4363 1320 4418 Karolum
1353 4364 1404 4417 4.
1487 4364 1576 4398 ¹⁰²⁰
1608 4366 1666 4419 in
1718 4367 1736 4418 I

1773 4382 1872 4435 per
1901 4364 2396 4436 quinquiennium
2428 4366 2476 4418 4.
2559 4365 2645 4399 ¹⁰²¹
2681 4363 3006 4434 Berengarii
3040 4365 3092 4436 2.
3127 4364 3180 4417 3.
3211 4364 3265 4417 5.
3347 4363 3437 4398 ¹⁰²²
3466 4376 3646 4432 regna

224 4432 273 4485 1.
329 4433 447 4505 ᾼ¹⁰²³
477 4434 828 4505 όὶυῐθτιιαιιιᾼ
849 4434 897 4488 1.
978 4435 1068 4469 ¹θ²⁴
1098 4435 1345 4489 revisere
1373 4436 1426 4487 2.
1460 4435 1513 4489 3.
1547 4437 1598 4490 4.
1683 4432 1858 4492 “Win
1889 4432 2003 4491 cod.
2036 4432 2089 4490 4'.
2123 4436 2240 4492 haec
2270 4437 2349 4490 ita
2380 4437 2642 4504 teguntur
2670 4452 2688 4488 :
2733 4453 2767 4489 a
2805 4432 3007 4505 regum
3043 4433 3220 4505 latere
3248 4437 3638 4505 nonppoterat,

223 4503 384 4578 unde
406 4521 692 4577 magnum
716 4503 969 4578 ecclesia:
990 4523 1108 4578 suis
1133 4505 1363 4578 lucrum
1386 4507 1629 4578 paravit.
1645 4508 1807 4562 Tunc
1830 4507 2006 4563 etiam
2029 4513 2388 4573 sanctorum,
2405 4503 2796 4578 quibusinunc
2817 4503 2957 4560 et_in
2980 4521 3164 4578 aevum
3186 4503 3295 4578 hoc
3316 4503 3650 4578 triumphat

223 4575 624 4654 episcopium,
647 4575 969 4654 patrocinia
991 4577 1295 4654 collegisse
1327 4575 1593 4654 traditur.
1619 4578 1878 4654 Populus
1908 4579 2104 4649 itaque
2133 4579 2267 4632 boni
2298 4575 2551 4654 pastoris
2577 4577 2924 4654 diuturnam
2940 4575 3202 4654 graviter
3223 4575 3412 4654 ferens
3430 4575 3642 4654 absen-

218 4645 390 4721 tiam,
422 4645 664 4703 nunciis
682 4652 746 4721 et
762 4647 943 4703 literis
964 4645 1185 4721 metum
1208 4649 1628 4721 ingerentibus,
1651 4645 1886 4705 tandem
1915 4654 1981 4705 ut
2000 4645 2172 4704 suum
2197 4645 2468 4705 reviseret
2488 4666 2720 4721 gregem
2745 4645 3055 4721 sollicitare
3077 4645 3315 4700 curavit.
3340 4645 3444 4700 Cui
3467 4645 3643 4721 etiam

223 4719 468 4798 demum
487 4721 562 4798 in
599 4719 851 4791 patriam
884 4719 1339 4798 venientiLtotu‘s
1371 4720 1545 4798 simul
1577 4721 2206 4798 po_pulus_,_et_extranei
2229 4737 2364 4798 cum
2395 4719 2565 4798 ipsis,
2583 4719 2998 4798 itinereﬁtridui
3021 4721 3419 4798 occursantes,
3442 4720 3640 4798 etnpra‘a

224 4792 445 4856 gaudio
481 4786 710 4858 ﬂentes,
745 4791 934 4862 quasi.
1016 4793 1103 4826 ¹⁰²⁶
1135 4786 1258 4846 Iho.
1293 4795 1346 4846 2.
1382 4786 1614 4847 Christo
1645 4786 1698 4847 3.
1779 4794 1866 4829 10³⁷
1897 4793 2050 4849 sicut
2078 4824 2145 4833 ——-
2176 4793 2344 4849 nobis
2375 4786 2568 4848 desunt
2599 4792 2648 4846 4.
2730 4791 2817 4827 ί⁰²⁸
2851 4796 2989 4846 tunc
3036 4789 3180 4844 deest
3211 4789 3264 4843 4.
3313 4787 3455 4844 item
3499 4789 3554 4842 2.
3588 4786 3644 4841 3.

225 4862 320 4895 ¹⁰²⁹
352 4863 706 4934 imperatore
737 4862 891 4917 addit
921 4863 971 4918 4.
1052 4863 1140 4899 “’3‘
1172 4863 1270 4919 ille
1299 4863 1447 4918 deest
1475 4864 1543 4919 M.
1575 4865 1633 4918 F.
1714 4865 1805 4900 1°”
1833 4863 2156 4936 mancipari
2189 4866 2240 4919 4.

1801 4962 2026 5018 NOTAE.

319 5040 451 5114 317)
482 5039 550 5114 γ.
593 5039 914 5114 wedekind
946 5040 1204 5114 Noten_t.
1240 5044 1312 5112 Il,
1354 5057 1410 5114 p.
1445 5040 1550 5095 353
1581 5057 1670 5112 sq.

319 5057 451 5114 δικ)
492 5057 550 5095 v.
598 5057 914 5095 weoeamu
947 5057 1130 5096 nmen
1160 5057 1204 5095 ι.
1240 5057 1312 5112 ιι,
1399 5082 1410 5095 .

223 5181 237 5192 _
293 5057 450 5192 (318)
479 5112 615 5166 Aere
664 5112 956 5192 ingenium
985 5130 1004 5167 :
1059 5111 1298 5168 Sallust.
1345 5057 1415 5169 fu

218 5183 388 5236 infra
416 5183 456 5238 1.
491 5200 578 5248 ιιι,
614 5200 663 5238 c.
701 5184 751 5253 1,
784 5186 838 5238 2.

320 5255 452 5328 319)
482 5254 808 5328 Wilhelmi,
843 5260 907 5312 ut
935 5255 1185 5322 videtur,
1221 5259 1278 5311 et
1309 5254 1555 5328 Ludolﬁ.

293 5259 452 5394 (319)
482 5259 808 5324 Wilhelmi,
843 5260 907 5312 ut
935 5259 1185 5322 videtur,
1221 5259 1278 5311 et
1309 5259 1555 5311 Ludolti.

318 5326 453 5399 320)
484 5327 902 5399 Succedentibus
917 5331 1217 5399 prosperis.
1236 5330 1320 5384 Ita
1349 5334 1406 5384 et
1429 5327 1569 5395 1.111,
1588 5343 1635 5382 c.
1654 5327 1774 5393 111,
1795 5327 1884 5380 58.

297 5332 430 5394 (320
484 5332 902 5382 Succedentibus
917 5332 1217 5399 prosperis.
1236 5332 1320 5384 Ita
1349 5334 1406 5384 et
1429 5332 1569 5395 1.111,
1588 5343 1635 5382 c.
1654 5332 1774 5393 111,
1795 5332 1884 5380 58.

297 5332 453 5468 (321)
484 5397 1006 5454 ConstatOttonem
1035 5399 1446 5470 imperatorem
1462 5401 1657 5456 Romae
1685 5416 1717 5454 a
1741 5415 1888 5468 papa

215 5466 461 5523 Joanne
491 5470 592 5523 XII
622 5475 961 5524 coronatum
1006 5466 1140 5525 esse
1184 5487 1234 5525 θ.
1285 5473 1411 5541 962,
1447 5473 1608 5526 Febr.
1642 5472 1696 5540 2,
1731 5466 1887 5524 hunc

216 5556 370 5594 vero
397 5541 726 5611 depositum
750 5557 877 5596 esse
898 5550 955 5595 et
985 5541 1527 5611 protoscriniarium
1558 5545 1796 5597 Leonem
1824 5543 1884 5596 in

216 5613 365 5681 ejus
404 5609 592 5666 locum
632 5611 882 5667 electum
913 5609 1124 5668 11.963.
1159 5629 1236 5668 ιιι.
1271 5611 1600 5668 Novembri.

298 5684 464 5756 (322)
494 5683 711 5756 rectius
742 5701 893 5739 anno
925 5684 1087 5756 regni
1119 5685 1208 5736 26.

301 5754 463 5825 (323)
494 5754 706 5812 rectius
738 5772 890 5812 anno
923 5754 1042 5811 162.

2069 5042 2218 5114 (324)
2249 5040 2461 5114 OttogII
2493 5038 2726 5114 nonnisi
2756 5039 2816 5114 in
2845 5037 3020 5114 tertia
3047 5039 3414 5112 expeditione
3443 5039 3644 5098 Italica

1424 5091 1669 5184 gitti;
1694 5114 1784 5167 22..
1819 5114 1886 5167 ν.
1920 5091 1968 5155 D
2245 5091 2469 5179 otiati.)
2493 5091 2730 5167 imas
2759 5091 3017 5184 satam;

2069 5185 2217 5254 (325)
2250 5185 2488 5239 Rectius
2528 5199 2631 5256 per
2673 5183 3149 5256 quadriennium,
3183 5182 3404 5239 scilicet
3433 5199 3500 5237 ex
3531 5184 3645 5238 fine

1997 5256 2134 5310 anni
2165 5257 2265 5310 961
2301 5271 2487 5326 usque
2517 5254 2585 5310 ad
2617 5255 2851 5309 initium
2884 5254 3021 5308 anni
3055 5255 3179 5307 965.

1996 5328 2214 5452 33(3216)
2246 5324 2506 5453 Prisli'igae
2535 5327 2774 5381 reddidit
2808 5326 3074 5381 libertati.
3121 5325 3283 5379 Conf.
3320 5324 3355 5380 Ι.
3390 5342 3478 5393 ιιι,
3507 5343 3557 5384 c.
3588 5327 3647 5396 5,

2091 5423 2104 5453 :
2167 5439 2177 5451 .
2215 5417 2253 5453 1.
2299 5415 2348 5452 c.
2456 5439 2468 5452 .

2091 5423 2104 5459 ς
2141 5415 2177 5451 ι.
2215 5417 2253 5463 ι,
2299 5415 2348 5452 c.
2384 5415 2468 5453 ιδ.

2068 5469 2218 5542 (327)
2250 5471 2311 5522 In
2346 5469 2546 5524 charta
2577 5467 2950 5539 imperatoris
2983 5485 3035 5522 ιι.
3080 5468 3204 5522 962.
3238 5467 3365 5524 Oct.
3401 5469 3656 5542 appellat

1994 5540 2359 5610 Adaldagum
2392 5557 2673 5594 summum
2701 5554 2996 5609 regnorum
3041 5543 3359 5596 nostrorum
3387 5540 3651 5596 consilia-

1993 5615 2161 5667 rium.
2214 5615 2274 5666 1n
2324 5611 2437 5666 alia
2488 5629 2540 5666 a.
2597 5612 2723 5675 965,
2773 5611 2906 5664 Jan.
2951 5612 3004 5676 3,
3041 5611 3192 5665 inter
3240 5612 3653 5668 dilectissimos

1994 5682 2364 5810 ξοιίειιίειὶἓοε
2415 5688 2772 5738 recensotur.
2810 5681 2878 5737 V.
2913 5682 3232 5755 llamburg.
3269 5682 3646 5740 Urkundenb.

2024 5795 2036 5808 .
2102 5796 2116 5810 .
2149 5769 2205 5810 n.
2315 5797 2328 5810 .

2024 5795 2036 5808 .
2072 5769 2116 5825 1,
2148 5769 2205 5826 p.
2239 5769 2328 5810 40'.
