4044 6164
417 274 538 334 523

1546 271 1799 334 ADAMI
1843 273 2207 335 CANONICI
2254 272 2699 335 BREMENSIS

3704 265 3813 324 524

418 407 699 462 barbaros
729 408 1078 476 exceperunt
1107 404 1262 475 apud
1284 405 1569 473 Stadium,
1595 408 1749 477 quod
1783 414 1871 463 est
1893 410 2143 479 opor-_A
2174 408 2245 462 ab
2278 407 2385 478 eis,
2416 407 2556 461 dum
2590 407 2843 461 facerent
2873 418 3006 458 eum
3039 402 3243 456 ducem
3274 399 3502 455 itineris
3542 397 3656 468 sui,
3692 415 3814 470 per-

416 500 627 550 tunum
642 494 820 550 Albis:
842 497 1045 565 portus
1065 494 1225 548 et1398
1246 493 1845 566 praasidiumMagum
1869 502 1925 550 et
1947 512 2059 551 me-

416 582 721 640 moriabile
736 584 826 619 1”"
841 582 1136 654 nimisque
1152 582 1590 639 infelix‘merat
1607 584 1749 639 illud
1770 584 2056 657 praelium,

415 674 475 729 in
510 689 623 744 quo
646 671 888 727 viriliter
917 672 1179 743 utrisque
1201 673 1581 739 certantibus,
1604 674 1787 727 nostri
1820 675 2056 728 tandem

416 764 673 817 minores
702 766 843 817 sunt
873 761 1105 833 reperti.
1140 762 1398 817 Sueones
1430 763 1520 797 ¹³⁹⁶
1550 768 1606 817 et
1638 763 1781 817 Dani
1811 763 2055 818 victores

414 852 504 888 1³9⁷
537 856 717 907 totam
748 850 1018 906 virtutem
1052 851 1199 922 (421)
1227 856 1520 906 Saxonum
1551 853 1856 922 optrivere.
1890 851 2052 922 Capti

392 936 551 997 sunt
578 941 659 996 ibi
686 939 944 995 marchio
969 940 1057 976 ¹³⁹⁸
1080 940 1405 1011 Sigafridus
1427 942 1468 1007 *,
1492 956 1687 995 comes
1707 940 2053 995 Thiadricus

412 1031 503 1065 ‘3”
529 1034 587 1084 et
607 1028 705 1084 alii
735 1028 996 1084 illustres
1025 1029 1154 1099 viri,
1180 1046 1327 1099 quos
1356 1030 1468 1096 “0°,
1493 1028 1702 1083 vinctis
1732 1034 1864 1098 post
1892 1032 2053 1099 terga

405 1119 703 1188 manibus,
735 1117 968 1172 barbari
1000 1122 1301 1172 traxerunt
1329 1118 1400 1171 ad
1436 1133 1629 1185 naves,
1663 1122 1719 1171 et
1749 1117 1923 1187 pedes
1961 1116 2045 1151 νυοί

404 1224 608 1264 eorum
638 1210 843 1262 catena
863 1205 1241 1276 strinxerunt,
1264 1209 1446 1260 totam
1473 1205 1678 1260 exinde
1703 1205 2047 1276 provintiam

404 1297 646 1369 impune
675 1296 1002 1367 praedantes
1036 1296 1144 1350 “0’.
1170 1295 1282 1363 Sed
1313 1312 1446 1349 cum
1481 1295 1569 1329 ¹⁵⁰³
1598 1294 1668 1348 de
1692 1295 1780 1327 “0‘
1807 1294 2049 1365 captivis

404 1386 569 1442 solus
609 1384 871 1441 marchio
904 1385 992 1420 “05
1039 1384 1365 1457 Sigafridus
1399 1384 1708 1454 cujusdam
1740 1383 2047 1455 piscatoris

404 1474 618 1530 auxilio
646 1474 847 1527 furtim
870 1478 1044 1529 noctu
1072 1472 1339 1528 sublatus
1363 1474 1650 1536 evaderet,
1676 1477 1890 1545 pyratae
1915 1489 2047 1528 mox

401 1564 461 1618 in
483 1563 737 1618 furorem
764 1561 938 1629 versi,
963 1577 1167 1617 omnes
1190 1577 1337 1632 quos
1360 1561 1417 1615 in
1438 1560 1687 1616 vinculis
1710 1567 2041 1617 tenuerunt.

398 1651 670 1708 meliores
701 1652 772 1706 ad
802 1649 1122 1705 ludibrium
1154 1650 1455 1714 habentes,
1480 1667 1690 1705 manus
1721 1651 1804 1705 eis
1838 1651 2042 1721 pedes-

2169 497 2336 551 duxit
2356 513 2454 551 eos
2485 496 2543 550 in
2564 493 2897 550 difﬁciliora
2922 492 3049 547 loca
3070 490 3321 563 paludis,
3347 490 3407 543 in
3430 506 3548 560 qua
3566 488 3664 542 diu
3696 489 3815 544 fati-

2170 586 2286 656 gati
2318 584 2635 651 m°,leviter
2660 602 2693 638 a
2716 583 2933 638 nostris
2960 581 3215 652 superati
3239 578 3703 635 sunt.Heriward
3728 579 3814 613 1‘“

2168 690 2378 729 nomen
2408 675 2581 729 habet
2614 674 2725 741 1‘”,
2759 671 2995 744 perenni
3029 671 3326 725 Saxonum
3357 668 3529 723 laude
3560 666 3813 722 celebra-

2168 765 2287 833 tur]
2317 765 2424 817 ωδ.

2233 854 2317 906 31.
2355 854 2512 925 ([24]
2537 855 2671 923 Cap.
2693 852 2809 918 75.)
2832 850 2908 904 Ex
2930 849 3029 904 illo
3051 848 3329 903 nimirum
3356 850 3618 917 tempore
3641 862 3813 917 pyra-

2162 946 2355 996 tarum
2387 942 2592 997 crebra
2638 944 2695 993 et
2745 938 2973 993 hostilis
3013 937 3241 1008 eruptio
3275 936 3366 971 1‘”
3416 936 3571 990 facta
3617 940 3704 990 est
3752 935 3813 989 in

2163 1029 2311 1085 hanc
2344 1032 2643 1101 regionem
2678 1029 2787 1082 “’5.
2838 1029 2897 1082 In
2933 1032 3091 1081 metu
3122 1030 3288 1081 erant
3315 1041 3521 1080 omnes
3549 1023 3811 1078 Saxoniae

2161 1120 2421 1174 civitates
2447 1138 2457 1184 ;
2492 1124 2547 1173 et
2574 1119 2701 1189 ipsa
2731 1118 2937 1172 Brema
2965 1117 3053 1151 “’5
3082 1114 3231 1170 vallo
3265 1114 3485 1169 muniri
3516 1113 3688 1184 cmpit
3718 1113 3811 1147 “’7

2161 1207 2498 1261 firmissimo
2529 1208 2697 1278 (423).
2750 1206 2912 1259 Tunc
2960 1220 3213 1274 quoque,
3256 1203 3410 1257 sicut
3456 1202 3682 1272 antiqui
3719 1202 3812 1235 ¹⁴²⁸

2159 1296 2552 1351 meminerunt
2571 1296 2677 1365 “39,
2697 1294 2994 1350 Libentius
3012 1291 3487 1364 archiepiscopus
3504 1296 3809 1347 tesaurum

2158 1383 2410 1439 ecclesiae
2441 1384 2754 1455 omniaque
2784 1382 3180 1439 ecclesiastica
3210 1380 3502 1453 deportari
3550 1380 3686 1436 fecit
3734 1382 3809 1436 ad

2157 1473 2587 1545 Bugginensem
2612 1473 2701 1508 “3°
2722 1472 3187 1545 praeposituram.
3213 1472 3438 1526 Tantus
3462 1474 3584 1526 erat
3604 1470 3808 1539 timor,

2156 1562 2213 1616 in
2246 1562 2521 1618 omnibus
2552 1564 2770 1619 ﬁnibus
2802 1562 2983 1632 hujus
3012 1560 3330 1632 parrochiae
3355 1560 3465 1614 “3‘.
3499 1560 3647 1615 Nam
3678 1560 3809 1632 ipse

2156 1651 2475 1721 Libentius,
2508 1657 2573 1706 ut
2602 1668 2793 1707 sermo
2824 1656 2913 1708 est
2945 1650 3056 1721 ηδ’,
3088 1654 3346 1722 pyratas,
3369 1649 3469 1720 qui
3500 1649 3806 1721 episcopa-

399 1758 512 1813 que
541 1744 891 1796 truncarunt
923 1740 1031 1807 1‘06,
1080 1757 1144 1794 ac
1184 1756 1321 1794 nare
1352 1756 1591 1810 praeeisa
1622 1739 2038 1806 del‘ormantes,
2075 1779 2122 1843 B
2150 1743 2277 1794 tum
2308 1741 2633 1808 vastabant,
2669 1739 3060 1796 anathematis
3091 1739 3282 1811 gladio
3310 1739 3397 1773 “33
3437 1738 3802 1810 dampnavit.

396 1831 468 1887 ad
498 1835 713 1885 terram
743 1828 1119 1885 semianimes
1148 1827 1532 1899 projiciebant
1563 1829 1671 1882 1‘07.
1715 1830 1794 1883 Ex
1825 1830 2041 1899 quibus

396 1925 565 1975 erant
596 1918 777 1990 aliqui
807 1917 1033 1974 nobiles
1062 1917 1170 1972 viri
1205 1918 1314 1987 “03,
1351 1918 1451 1988 qui
1486 1922 1685 1988 postea
1715 1918 2040 1988 supervixe-

393 2013 532 2063 runt
576 2008 750 2079 longo
783 2007 873 2043 “0°
918 2011 1200 2079 tempore,
1250 2006 1630 2078 opprobrium
1682 2006 1925 2079 imperio
1984 2011 2041 2062 et

392 2096 723 2152 miserabile
753 2095 1151 2167 spectaculum
1184 2096 1344 2151 omni
1380 2094 1469 2130 ¹⁴¹⁰
1515 2094 1748 2166 populo.

461 2186 550 2242 30.
573 2188 732 2258 (Cap.
750 2186 866 2257 74.)
890 2188 1075 2252 Quam
1098 2188 1187 2221 ¹⁴¹¹
1213 2185 1445 2258 plagam
1469 2202 1602 2240 mox
1625 2200 1759 2240 cum
1780 2185 2034 2239 exercitu

388 2276 865 2348 supervenientes
912 2277 1030 2331 dux
1059 2276 1254 2331 Benno
1282 2280 1357 2330 et
1401 2275 1727 2346 Sigafridus
1777 2274 2033 2329 marchio

387 2365 801 2431 vindicabant;
834 2369 890 2420 et
917 2364 1002 2418 illi
1034 2366 1273 2435 quidem
1305 2370 1543 2435 pyram,
1577 2380 1724 2433 quos
1758 2364 1847 2397 ¹⁴¹²
1876 2364 2031 2434 apud

389 2453 657 2509 Stadium
680 2468 946 2523 egressos
971 2452 1152 2508 fuisse
1169 2452 1444 2517 diximus,
1460 2452 1530 2506 ab
1554 2452 1775 2508 eisdem
1801 2451 2029 2507 contriti

383 2543 523 2597 sunt
552 2540 663 2597 W3.

456 2628 591 2699 [23.]
640 2628 836 2683 Altera
866 2628 957 2663 “1‘
1005 2645 1140 2700 pars
1188 2634 1713 2698 Ascomannorum,
1771 2628 1869 2698 qui
1927 2643 2029 2698 per

382 2717 715 2774 Wirraham
748 2718 837 2753 ¹⁴¹⁶
890 2717 1110 2772 ﬂumen
1163 2717 1382 2788 egressi
1434 2716 1697 2772 Hadoloes
1755 2717 1901 2771 ﬁnes
1936 2718 2025 2751 ¹⁴¹⁶

383 2822 572 2879 usque
597 2808 668 2863 ad
693 2807 1084 2863 Liestmonam
1110 2807 1201 2843 “17
1233 2806 1545 2877 depmdati
1569 2810 1727 2874 sunt,
1751 2822 1884 2860 cum
1914 2823 2027 2861 ma-

376 2895 537 2951 xima
557 2895 918 2968 captivorum
942 2894 1318 2950 multitudine
1344 2898 1732 2965 pervenerunt
1753 2894 1824 2948 ad
1857 2893 2021 2965 palu-

380 2985 513 3040 dem
543 3001 673 3056 quae
704 2984 919 3039 dicitur
946 2982 1356 3039 Chlindesmor
1388 2984 1479 3018 ¹⁴¹⁸
1511 2982 1677 3055 (422).
1712 2982 1818 3038 Ubi
1852 3000 1885 3037 a
1913 3000 2023 3038 no-

2152 1830 2407 1892 Quorum
2458 1847 2612 1884 unus
2662 1830 2844 1884 fertur
2894 1830 2955 1883 in
3006 1829 3287 1899 Norvegia
3335 1829 3665 1894 defunctus,
3699 1845 3807 1900 per

2150 1934 2334 1974 annos
2357 1920 2730 1991 septuaginta
2750 1936 2989 1988 corpore
3012 1919 3238 1989 integro
3265 1917 3661 1990 permansisse
3686 1918 3803 1985 ωδ,

2149 2023 2335 2079 usque
2378 2008 2447 2062 ad
2492 2013 2757 2079 tempora
2786 2007 2986 2062 domni
3016 2006 3313 2062 Adalberti
3349 2006 3799 2078 archiepiscopi,

2147 2097 2380 2166 quando
2408 2096 2797 2151 Adalwardus
2823 2097 2915 2131 “35
2944 2096 3253 2167 episcopus
3278 2094 3418 2150 illuc
3443 2096 3531 2131 “35
3559 2096 3802 2150 venient

2146 2185 2481 2239 defunctum
2501 2184 2752 2253 [vinculo
2768 2186 2855 2219 “37
2870 2185 3507 2251 excommunicationis]
3524 2184 3797 2254 absolvit,

2145 2278 2201 2327 et
2234 2291 2366 2329 mox
2394 2275 2637 2329 cadaver
2666 2275 2724 2328 in
2756 2276 3010 2329 cinerem
3042 2273 3305 2329 solutum
3336 2279 3445 2329 est.

2214 2365 2303 2416 3'3.
2336 2364 2492 2433 ([25]
2523 2368 2656 2434 Cap.
2680 2364 2795 2434 76.)
2819 2364 2954 2418 Post
2982 2363 3298 2417 vindictam
3323 2378 3456 2434 ergo
3478 2363 3795 2429 scelerum,

2142 2469 2270 2523 quae
2320 2453 2378 2505 in
2429 2451 2702 2506 ecclesias
2744 2452 2845 2506 Dei
2898 2455 2953 2506 et
3000 2451 3350 2506 christianos
3393 2452 3796 2519 commiserat,

2145 2540 2339 2606 [Suein
2372 2557 2469 2595 rex
2486 2541 2674 2595 victus
2698 2541 2808 2610 11’³⁸]
2837 2545 2893 2595 et
2924 2557 2957 2595 a
2978 2541 3102 2595 suis
3123 2539 3435 2595 derelictus
3462 2540 3551 2575 “3°
3571 2542 3799 2612 quippe

2138 2644 2310 2699 quem
2347 2634 2492 2683 Deus
2522 2629 2797 2700 deseruit,
2831 2630 3199 2684 errabundus
3255 2634 3312 2684 et
3365 2629 3533 2700 inops
3582 2629 3793 2684 auxilii

2137 2718 2291 2772 venit
2321 2718 2388 2772 ad
2423 2718 2837 2785 Nortmannos,
2872 2718 2970 2773 ubi
3000 2726 3140 2773 tunc
3174 2717 3330 2773 ﬁlius
3375 2718 3659 2774 Hacconis
3696 2720 3795 2754 ‘“°

2136 2807 2395 2862 Thrucco
2429 2807 2519 2843 1‘“
2572 2808 2835 2881 regnavit
2864 2808 3032 2878 (424).
3088 2807 3141 2862 Is
3187 2806 3467 2879 quoniam
3518 2823 3795 2880 paganus

2135 2904 2274 2967 erat,
2309 2896 2469 2951 nulla
2518 2913 2695 2969 super
2727 2898 2816 2932 1‘"
2863 2896 3093 2952 exulem
3143 2895 3542 2951 misericordia
3585 2902 3796 2953 motus

2134 2990 2239 3041 est.
2276 2986 2362 3041 Ita
2391 2985 2487 3040 ille
2517 2985 2736 3053 infelix,
2770 2990 2827 3042 et
2873 3004 2906 3041 a
2947 2989 3067 3041 toto
3100 2987 3239 3041 orbe
3266 2986 3534 3056 reiectus,
3570 2985 3631 3039 in
3662 2992 3793 3041 An-

376 3073 539 3143 stris,
572 3074 672 3144 qui
704 3089 853 3146 pone
895 3074 1307 3145 sequebantur,
1343 3073 1570 3140 offensi,
1601 3088 1803 3127 omnes
1834 3088 2022 3143 usque
2130 3074 2307 3146 gliam
2341 3074 2755 3139 transfretavit,
2798 3075 3016 3129 frustra
3062 3074 3336 3129 solatium
3387 3090 3654 3144 quaerens
3714 3076 3793 3130 ab

377 3164 451 3220 ad
500 3179 685 3218 unum
731 3163 1062 3219 obtruncati
1101 3166 1272 3231 sunt;
1307 3178 1556 3233 quorum
1589 3178 1870 3217 numerus
1902 3166 2025 3217 erat
2056 3148 2098 3214 C
2136 3164 2412 3218 inimicis.
2441 3164 2563 3227 Quo
2598 3164 2686 3198 ωδ
2717 3168 2977 3234 tempore
2998 3162 3318 3217 Brittannis
3339 3161 3591 3217 Adelrad
3623 3162 3795 3220 filius

372 3252 591 3325 vigenti
622 3252 805 3308 milia.
841 3251 1111 3325 [Quidam
1147 3253 1237 3288 “1°
1281 3267 1461 3322 eques
1494 3252 1787 3307 Saxonum
1818 3256 2022 3322 captus

2136 3250 2377 3322 Edgaris
2401 3252 2491 3285 1"“
2519 3250 2826 3322 imperavit
2850 3251 3017 3322 (425).
3052 3251 3109 3306 Is
3141 3267 3254 3305 non
3286 3250 3597 3306 immemor
3624 3250 3798 3322 inju-

1917 3350 2234 3405 SCHOLIA.

438 3442 461 3467 "
486 3435 669 3497 Schol.
698 3442 789 3497 24.
824 3440 903 3495 De
934 3439 1042 3495 hoc
1072 3440 1359 3512 Sigafrido
1389 3440 1608 3512 grande
1638 3440 1821 3493 fertur
1852 3438 2221 3512 miraculum,
2247 3438 2384 3509 quia
2413 3454 2547 3493 cum
2579 3438 2905 3512 coenobium
2934 3436 3269 3512 Bamsolam
3292 3437 3591 3512 invaderet
3616 3454 3789 3512 pre-

828 3513 1040 3582 dando,
1075 3509 1329 3582 maligno
1361 3511 1563 3565 statim
1593 3511 1831 3564 invasus
1875 3511 2105 3581 spiritu,
2140 3527 2253 3565 non
2304 3514 2459 3582 ante”
2486 3511 2701 3565 meruit
2730 3509 2981 3575 liberari,
3017 3526 3191 3580 quam
3231 3526 3350 3582 sua
3381 3509 3483 3582 “‘3
3512 3509 3787 3582 ecclesiae

828 3580 1083 3638 restituit
1113 3588 1169 3638 et
1201 3580 1270 3637 de
1301 3582 1514 3653 przedio
1545 3598 1651 3636 suo
1684 3580 1962 3636 fratribus
1995 3582 2333 3654 opulentam
2365 3580 2565 3636 villam
2598 3582 2656 3635 in
2690 3582 3001 3636 servicium
3032 3581 3270 3636 donavit
3302 3582 3408 3634 “‘5.
3442 3580 3517 3651 (3.
3549 3581 3628 3651 4.)

1724 3679 1964 3734 νΑΗΙίΕ
2004 3679 2420 3735 LECTIONES.

434 3773 525 3810 ‘3“
553 3776 610 3828 et
637 3771 780 3828 deest
809 3770 861 3825 4.
946 3768 1035 3805 ¹³⁹¹ο
1066 3767 1400 3825 memoriale
1427 3770 1481 3822 5.
1561 3769 1651 3803 1³9⁵
1681 3768 1997 3839 minusque
2050 3769 2187 3824 felix
2228 3770 2281 3822 2.
2319 3770 2372 3823 3.
2405 3769 2456 3822 4.

2537 3769 2625 3803 ¹³⁹⁶
2654 3785 2789 3838 ergo
2823 3768 2985 3823 addit
3016 3769 3067 3822 4.
3148 3768 3235 3803 1³9⁷
3265 3768 3510 3822 victores
3536 3766 3692 3823 deest
3727 3771 3787 3825 4.

365 3845 456 3882 ¹⁸⁹⁸
488 3846 613 3901 Voci
642 3841 904 3898 marchio
934 3842 995 3895 in
1023 3841 1139 3897 cod.
1176 3843 1228 3895 1.
1260 3840 1447 3896 eadem
1487 3856 1657 3895 manu
1696 3838 2125 3911 .supersérz’ptum
2177 3849 2254 3895 est
2284 3856 2303 3892 :
2358 3855 2572 3894 comes.
2654 3842 2743 3875 1399
2772 3840 3152 3895 Thiadericus
3182 3840 3237 3893 5.
3290 3838 3691 3911 Theodericus
3724 3843 3789 3897 2.

363 3918 453 3952 “0°
484 3916 700 3987 quibus
729 3915 781 3967 4.
862 3913 949 3948 ¹⁴θ¹
980 3913 1352 3987 pedesque4.
1434 3914 1525 3987 “fl!
1549 3913 1955 3987 deprzedantes
1976 3910 2033 3967 2.
2067 3913 2118 3968 3.
2154 3912 2204 3987 4.
2287 3911 2375 3945 “03
2406 3911 2546 3987 dum
2580 3912 2631 3965 3.
2712 3912 2799 3947 “0"
2830 3928 2899 3966 ex
2938 3913 2987 3965 4.
3069 3911 3165 3987 “5°?
3189 3910 3618 3987 Vociumarchio
3673 3930 3786 3967 su-

358 3987 596 4111 2”:qu

599 3989 718 4039 tum
747 3988 865 4039 est:
897 3981 1091 4039 comes
1124 3981 1192 4038 1(
1251 3983 1339 4017 ¹⁴⁰⁶
1368 3981 1641 4039 meliores
1668 3983 1921 4037 ludibrio
1944 3983 2001 4037 h.
2027 3982 2300 4038 manibus
2325 3982 2685 4053 pedibusque
2704 3985 3122 4038 truncaverunt
3142 3983 3194 4036 4.
3220 4052 3223 4053 ν
3274 3981 3362 4018 ¹⁴⁰τ
3395 3981 3786 4053 projecerunt

616 4057 749 4110 nob.
803 4054 1044 4125 quidam
1087 4072 1139 4109 v.
1184 4071 1234 4109 e.
1279 4071 1331 4126 q.
1379 4056 1429 4108 4.
1511 4056 1600 4089 “09
1629 4055 1813 4109 multo
1846 4072 1975 4125 sup.
2008 4057 2060 4108 4.
2142 4055 2235 4090 1⁸ιο
2267 4052 2397 4109 facti
2428 4052 2662 4126 addit4.
2745 4056 2833 4090 ¹¹ο¹¹
2868 4054 3051 4117 Quam
3083 4052 3350 4109 videlicet
3382 4053 3432 4106 4.
3517 4054 3610 4126 1⁸³³
3641 4056 3788 4111 vin-

363 4128 635 4183 dicarunt
664 4144 685 4198 ;r
709 4128 768 4179 in
800 4131 1051 4195 tantum,
1088 4130 1151 4180 ut
1180 4125 1375 4198 pyrate
1407 4143 1629 4193 omnes,
1663 4143 1808 4197 quos
1840 4127 1889 4198 4.
1974 4126 2064 4161 “l3
2094 4127 2164 4181 ab
2198 4125 2687 4198 ipsisauxiliante
2720 4126 3210 4198 Dominogfuerint
3239 4126 3496 4198 (fuerunt
3521 4125 3603 4198 5.)
3634 4142 3792 4182 con-

360 4198 483 4254 triti
516 4200 569 4253 4.
650 4197 744 4232 “1‘
771 4213 903 4252 vero
933 4198 1093 4252 addit
1123 4199 1173 4250 4.

1254 4198 1346 4233 ¹⁴¹⁸
1375 4198 1637 4253 Virraam
1672 4199 1721 4251 3.
1768 4196 2052 4252 Wiseram
2094 4201 2147 4251 2.
2228 4198 2320 4231 “'15
2353 4196 2564 4251 Hahele
2594 4199 2647 4250 2.
2682 4198 2734 4252 3.
2767 4199 2817 4251 4.
2854 4196 3095 4251 Hathele
3124 4198 3191 4251 Μ.
3225 4199 3280 4252 F.
3360 4197 3447 4230 ¹⁴¹⁷
3479 4196 3787 4254 Listemo-

355 4284 493 4324 nam
516 4270 570 4325 2.
594 4269 647 4323 3.
729 4268 823 4305 ¹⁴¹⁸
853 4267 1293 4325 Chlindesmore
1318 4271 1371 4322 2.
1398 4269 1786 4324 Glindismore
1817 4270 1867 4322 3.
1899 4268 2266 4323 Glindesmor
2286 4269 2336 4321 4.
2419 4268 2510 4303 ί⁴¹⁹
2539 4269 2692 4322 enim
2715 4268 2869 4323 addit
2891 4270 2943 4322 4.
3025 4269 3111 4303 “’0
3143 4268 3321 4339 fugati
3350 4269 3403 4321 5.
3485 4269 3571 4303 ιδεί
3605 4268 3793 4325 Heri-

352 4342 566 4396 wadus
611 4341 666 4393 2.
716 4340 959 4394 Herivad
1010 4343 1064 4395 3.
1159 4342 1248 4375 ¹⁴²²
1281 4341 1385 4405 Qui
1435 4342 1501 4394 Η.
1553 4358 1611 4394 n.
1664 4340 1887 4394 habens
1936 4341 1988 4392 4.

349 4410 600 4485 irruptio
630 4412 680 4465 4.
720 4484 725 4485 ί
784 4411 875 4485 1""?
890 4411 1010 4485 hac
1040 4412 1273 4484 regione
1304 4414 1356 4466 4.

2078 4340 2166 4373 “’3
2203 4341 2363 4395 Unctis
2411 4341 2628 4394 inclusa
2673 4340 2863 4394 desunt
2914 4342 2961 4393 1.
3043 4340 3133 4375 ωδ
3169 4338 3512 4409 hostilisque
3560 4343 3793 4397 crebra

1457 4413 1544 4447 “26
1574 4418 1718 4465 Nam
1752 4416 1808 4465 et
1839 4427 2041 4465 omnes
2073 4411 2131 4465 S.
2169 4412 2271 4465 siv.
2320 4411 2525 4481 grandi
2559 4417 2723 4483 (metu
2764 4410 3026 4483 perculse
3057 4412 3368 4482 (percussa:
3397 4412 3476 4483 5.)
3508 4410 3790 4479 fuerant,

351 4482 668 4567 tuncnetp.
704 4484 755 4536 4.
839 4483 923 4518 “’7
958 4484 1017 4538 B.
1054 4482 1221 4567 muro
1255 4482 1468 4538 muniri
1502 4488 1561 4567 2..
1587 4485 1640 4537 3.
1672 4482 1935 4567 ξελοέρῇ
1963 4483 2107 4567 deest
2142 4484 2190 4535 1.
2270 4482 2569 4567 ξηεβιιξᾳρί
2600 4484 2653 4535 2.
2680 4485 2732 4536 3.
2766 4482 2777 4483 ί
2814 4483 2903 4567 Μή
2933 4483 3043 4567 Sed
3076 4484 3238 4567 et};
3298 4483 3386 4517 “3°
3409 4482 3789 4567 Byggenen—

347 4570 469 4609 sem
502 4556 552 4609 3.
588 4557 1029 4626 Puggenensem
1062 4557 1116 4609 2.
1153 4560 1502 4609 Buccensem
1539 4556 1589 4607 4.
1672 4554 1757 4589 “31
1794 4554 2016 4626 Tantus
2048 4553 2243 4624 itaque
2274 4558 2313 4607 t.
2337 4553 2397 4626 7i.
2425 4554 2469 4626 1⁸.
2515 4553 2573 4626 h.

2617 4571 2757 4633 Ipso.
2791 4558 2914 4608 erat
2945 4555 2995 4607 4.
3076 4555 3165 4589 1m
3194 4554 3427 4633 Namet
3459 4552 3583 4633 ipse
3615 4570 3790 4624 pou-

344 4626 483 4680 tifex
514 4625 755 4698 pyratus
788 4627 837 4679 4-
914 4627 1002 4660 “33
1034 4626 1400 4682 anathemate
1428 4628 1482 4679 2.
1516 4627 1570 4698 3.
1604 4626 1680 4698 4.;
1736 4625 2111 4698 1"fouorum
2148 4642 2299 4698 unus
2331 4625 2388 4698 in
2423 4625 2489 4679 N.
2523 4625 2831 4698 deficiens,
2884 4642 2938 4696 p.
2985 4642 3036 4681 a.
3079 4643 3126 4680 s.
3164 4642 3211 4679 c.
3246 4625 3379 4698 i.r(i.
3416 4625 3576 4698 0.5.)
3630 4642 3790 4697 per-

346 4699 566 4753 mansit
622 4708 668 4752 4.
764 4698 1197 4752 1‘35Alwardus
1247 4698 1300 4750 5.

346 4768 438 4801 ¹⁴³⁹
467 4770 730 4824 desertus
768 4772 822 4823 2.
872 4769 924 4821 3.
977 4770 1028 4821 4.
1128 4770 1217 4803 “‘0
1247 4768 1531 4839 Hacquini
1564 4769 1614 4822 4.
1718 4768 1805 4802 1‘“
1840 4768 2100 4821 Truncco
2122 4769 2183 4839 1.

346 4840 437 4874 “‘3
470 4842 627 4919 E.o_4.
712 4840 821 4919 n‘f“
850 4839 1090 4919 Inﬂgdaris
1122 4842 1190 4919 Δ1.
1240 4840 1484 4919 Eggaris
1514 4841 1564 4893 4.
1613 4915 1620 4919 _
1668 4840 1757 4873 “‘5
1787 4856 1904 4919 sum
1938 4840 1987 4892 4.

1395 4698 1482 4731 “36
1516 4696 1614 4750 illo
1665 4696 1712 4749 1.
1766 4695 1924 4749 illius
1972 4697 2024 4749 3.
2108 4696 2195 4731 “37
2227 4697 2441 4750 Inclusa
2496 4697 2689 4750 desunt
2745 4699 2791 4749 1.
2843 4695 2895 4750 2.
2950 4698 3002 4751 3.
3082 4699 3167 4730 “33
3198 4697 3415 4751 Inclusa
3458 4695 3663 4751 desunt
3726 4702 3789 4753 1.

2286 4769 2457 4821 1mls
2510 4768 2643 4821 licet
2692 4785 2747 4838 p.
2803 4773 2978 4834 esset,
3027 4768 3189 4822 nulla
3236 4774 3428 4821 tamen
3477 4783 3663 4838 super
3720 4771 3789 4823 4.

2091 4837 2185 4873 “‘5
2217 4841 2279 4894 In
2325 4839 2441 4893 cod.
2491 4840 2544 4892 3.
2596 4837 2702 4892 hoc
2740 4839 2976 4893 scholion
3030 4842 3109 4893 ita
3160 4854 3215 4893 se
3262 4839 3470 4892 habet:
3519 4837 3601 4893 De
3656 4838 3796 4896 hoc

341 4911 679 4983 marchione
711 4908 998 4983 Sigafrido
1029 4912 1231 4978 fertur,
1263 4908 1418 4982 q'uOd
1459 4915 1693 4983 propter
1737 4909 2105 4981 sacrilegium
2161 4927 2195 4965 a
2244 4910 2499 4981 maligno
2547 4915 2791 4966 vexatus
2832 4910 2909 4964 sit
2952 4911 3184 4981 spiritu,
3220 4926 3405 4981 usque
3436 4908 3577 4964 dum
3609 4909 3797 4967 bona.

336 4982 598 5049 ecclesiae
634 4982 986 5035 restitueret.

1951 5078 2183 5135 ΝΟΤίΕ.

403 5176 552 5247 (421)
588 5177 872 5247 Virtutem,
907 5175 966 5230 id
1010 5180 1099 5230 est
1129 5176 1306 5244 viros,
1338 5177 1428 5231 die
1458 5178 1842 5233 Mannschai‘t.

400 5246 549 5313 (422)
584 5246 764 5301 Hodie
783 5246 1072 5302 Glinstedt
1094 5248 1587 5303 etGlinsterMoor
1608 5251 1755 5304 inter
1778 5249 1981 5303 ﬂuvios

333 5316 467 5390 Oste
499 5321 555 5390 et
585 5317 869 5390 Hamme;
903 5336 955 5374 v.
995 5319 1311 5374 Wedekind
1347 5320 1385 5373 l.
1418 5319 1456 5373 1.
1489 5338 1527 5390 1,
1565 5337 1620 5389 p.
1652 5323 1741 5375 29.

404 5387 554 5459 (423)
588 5389 814 5445 Piratae
845 5396 1043 5445 tamen
1068 5391 1334 5446 Bremam
1360 5408 1472 5445 non
1498 5387 1713 5446 adiisse
1734 5396 1985 5447 testatur

328 5456 651 5530 Thietmar.
689 5459 723 5514 1.
764 5479 840 5530 v1,
875 5479 922 5517 c.
955 5462 1025 5517 53
1068 5463 1199 5517 ﬁne.

402 5528 555 5600 (425)
587 5530 768 5604 Filius
791 5528 949 5604 Olavi
984 5534 1305 5589 secundum
1334 5533 1475 5589 alios
1509 5536 1565 5588 et
1596 5549 1692 5588 rex
1715 5532 1939 5604 Upland
1965 5558 1978 5600 ;

326 5599 416 5662 de
434 5617 549 5681 quo
571 5602 723 5660 conf.
746 5603 1169 5664 Theodericum
1201 5605 1555 5663 monachum
1580 5606 1651 5662 de
1682 5599 1856 5663 rebus
1885 5622 1977 5661 ve-

2016 5210 2061 5275 Β
2093 5177 2268 5232 tustis
2318 5176 2616 5259 Norvagiae
2667 5196 2715 5233 c.
2766 5179 2816 5246 4,
2866 5180 3017 5250 apud
3054 5179 3366 5252 Langebek
3394 5178 3609 5275 Script.
3644 5195 3789 5237 rer.

2100 5254 2211 5275 ho...
2270 5252 2289 5275 ι
2348 5252 2394 5275 τγ
2454 5255 2503 5275 ...ι
2552 5250 2723 5275 ι..--..1
2789 5250 3149 5275 1.-1,...,1..........Δ
3190 5270 3214 5275 _
3276 5252 3381 5275 nan
3429 5250 3507 5275 :L.’
3610 5254 3631 5275 Δ.
3700 5253 3759 5275 ἲῖ

2098 5254 2236 5303 Dan.
2451 5255 2505 5303 et
2522 5250 2747 5305 ’Annal.
2788 5250 3154 5306 lslandorum
3186 5250 3240 5306 a.
3276 5252 3401 5321 969,
3429 5250 3572 5305 ibid.
3610 5254 3652 5305 t.
3700 5253 3790 5318 II,

2096 5336 2228 5391 pag.
2379 5362 2389 5372 .

2183 5392 2310 5461 425)
2338 5391 2657 5465 Ethelred,
2704 5393 2867 5465 illius
2924 5393 3153 5465 Edgari,
3202 5410 3302 5448 rex
3349 5394 3649 5465 978-1014.
3697 5394 3790 5451 ν.

2093 5462 2540 5536 Qhron.Saxon.
2571 5470 2624 5519 et
2656 5462 3035 5519 Florentium
3050 5483 3101 5519 a.
3136 5466 3239 5519 994
3277 5467 3352 5519 De
3382 5464 3793 5536 expeditione

2091 5533 2250 5616 Olavi
2279 5534 2664 5616 -Thrucconis
2712 5536 2838 5616 ﬁlii,
2874 5537 3185 5616 ‘Norvagite
3232 5536 3408 5610 regis,
3442 5533 3500 5593 et
3546 5536 3790 5615 Sueni,

2091 5608 2247 5678 regis
2276 5610 2591 5680 Danorum,
2625 5611 2828 5666 contra
2858 5608 3091 5682 Anglos;
