4004 6170
177 475 294 537 557

878 477 1128 540 GESTA
1171 477 1656 542 PONTIFICUM
1703 479 2444 542 IlAMMABURGENSIS
2488 479 2908 544 ECCLESI/E.

3473 480 3594 544 558

181 609 358 664 tione.
379 607 565 664 Porro
596 609 722 664 sola
753 614 941 682 aestas,
973 627 1100 682 qum
1158 610 1457 684 inceperat
1511 612 1621 668 hoc
1669 629 1840 685 opus,
1869 613 1924 680 Α
1954 613 2109 684 apud
2130 612 2492 685 Magedburg
2515 613 2698 670 felicis
2715 613 3007 670 memoris)
3029 614 3277 669 Hunfrid
3314 614 3595 686 archiepi-

187 699 579 754 fnndamenta
609 698 862 754 ecclesias
886 700 1065 770 jacta,
1089 699 1436 772 columpnas
1457 706 1513 756 et
1544 719 1714 757 arcus
1745 718 1838 757 ea-

1950 718 2163 772 scopus
2195 702 2529 772 obiit(579).
2557 701 2762 774 Illique
2801 704 3082 759 successit
3120 702 3459 775 Engilhard,
3501 719 3592 758 re-

191 803 320 842 rum
354 785 658 858 lateraque
697 786 756 841 in
815 787 998 844 altum
1055 795 1242 845 erecta
1301 790 1462 846 vidit.
1523 791 1842 846 Transacto.
1943 791 2098 861 jccto
2131 790 2250 860 illo,
2285 791 2384 862 qui
2419 792 2638 862 sprevit
2667 791 3094 864 episcopatum,
3133 793 3439 848 Winthcro
3477 793 3591 848 "7°.

189 884 290 921 ms
325 875 553 949 hyeme,
586 891 720 931 cum
745 876 871 946 jam
906 877 1190 934 festivitas
1232 878 1565 934 immineret
1595 878 1840 951 pascha-

195 964 270 1022 lis
301 965 472 1036 (576),
511 964 890 1021 beatissimus
946 967 1202 1038 pontifex
1239 967 1602 1024 Alebrandus
1633 967 1842 1040 [pridie

195 1059 331 1111 ante
368 1063 460 1099 N9
491 1053 856 1110 Dominicam
897 1072 1122 1112 ccenam
1155 1056 1348 1128 (577)],
1371 1058 1543 1113 credo
1573 1074 1688 1112 non
1721 1056 1840 1111 ins-

147 1141 152 1144 ’
192 1142 318 1198 cius
352 1152 444 1188 ιιω
473 1142 796 1199 vocationis
828 1160 968 1211 suae,
1001 1143 1073 1200 ab
1122 1145 1364 1200 ecclesia
1408 1145 1707 1201 Scirnbeki
1746 1155 1838 1190 Ni

190 1231 296 1302 [vel
325 1235 506 1297 State,
539 1235 606 1286 ut
638 1232 736 1287 alii
769 1232 1229 1304 afﬁrmantIM],
1253 1234 1429 1289 nudis
1461 1235 1710 1306 pedibus
1743 1250 1836 1290 ac-

191 1321 369 1377 cessit
401 1322 698 1377 Bremam.
735 1320 841 1377 Ubi
876 1320 1063 1377 multa
1093 1323 1352 1379 oratione
1409 1339 1540 1379 cum
1582 1323 1845 1379 lacrimis

193 1410 405 1478 effusa,
427 1410 544 1466 Deo
576 1415 632 1466 et
653 1411 875 1466 sanctis
898 1411 1026 1482 ejus
1047 1412 1478 1468 commendavit
1515 1411 1842 1468 ecclesiam.

193 1498 592 1570 Cumquejam
609 1499 1477 1574 febribustangeretur,navigio
1491 1501 1720 1556 delatus
1751 1511 1850 1545 ms

193 1594 282 1644 est
308 1589 380 1643 ad
415 1588 760 1644 Buciensem
793 1599 884 1633 ἐδδ
913 1590 1380 1661 praeposituram,
1413 1589 1614 1660 ibique
1642 1607 1846 1661 supcr-

195 1677 352 1732 vexit
377 1677 504 1733 dies
533 1681 758 1750 septem
790 1679 834 1730 '.
873 1677 964 1732 Sic
999 1683 1294 1734 terrenum
1329 1679 1508 1751 phase
1539 1678 1848 1735 celestibus

200 1771 444 1822 mutans
474 1766 680 1822 azimis
711 1768 960 1837 (Levitic.
980 1785 1141 1836 xxm,
1161 1769 1215 1839 5,
1233 1769 1310 1840 6),
1336 1769 1531 1823 anima
1563 1768 1690 1838 ejus
1713 1784 1851 1840 gau-

197 1857 339 1910 dens
364 1854 639 1910 transivit
659 1855 729 1910 ad
745 1854 1084 1911 Dominum.
1104 1858 1175 1910 At
1193 1873 1325 1912 vero
1339 1873 1548 1928 corpus
1569 1856 1851 1912 antistitis

197 1959 332 2000 eum
363 1942 590 2016 ingenti
619 1943 778 1998 luctu
813 1945 959 2015 (578)
1019 1944 1392 2016 sequentium
1437 1949 1495 2000 et
1541 1961 1850 2000 occurren-

198 2035 346 2088 tium
379 2042 476 2077 8'65
510 2049 610 2104 per
639 2031 865 2088 alveum
915 2032 1195 2088 Wissulae
1237 2042 1333 2077 1166
1390 2033 1546 2088 ﬂuvii
1580 2034 1849 2089 Bremam

201 2121 663 2196 deportatum,in
683 2121 876 2177 medio
899 2137 1263 2192 novae,quam
1286 2122 1516 2194 ipse"67
1551 2139 1720 2178 orsus
1763 2132 1855 2168 “68

201 2216 310 2281 est,
333 2209 594 2267 basilicae
619 2209 978 2265 tumulatum
1000 2212 1178 2266 est.ln
1203 2227 1317 2282 quo
1348 2210 1570 2267 scilicet
1609 2220 1702 2256 m9
1730 2211 1856 2268 loco

201 2300 458 2372 primum
479 2298 662 2355 altare
677 2315 733 2354 m
746 2301 877 2370 ajus
893 2299 1073 2354 situm
1098 2300 1468 2370 fueratjuxta
1489 2300 1856 2357 mausoleum

203 2386 393 2443 sancti
419 2386 609 2443 Patris
629 2385 970 2442 Willehadi.
999 2386 1137 2458 [63.]
1157 2387 1266 2443 Per
1299 2386 1454 2442 idem
1471 2403 1604 2444 vero
1625 2391 1858 2460 tempus

1948 881 2114 935 Anno
2136 879 2365 935 Domini
2389 881 2527 934 1043
2557 880 2803 952 contigit
2849 880 3132 952 depositio
3163 881 3358 937 dilecti
3405 881 3595 939 Patris

1952 969 2135 1023 nostri
2152 970 2244 1004 ²¹⁷¹
2268 967 2604 1038 Alebrandi,
2633 969 2786 1025 circa
2806 969 2960 1024 diem
2982 986 3097 1024 xvn
3119 969 3243 1025 Kal.
3285 969 3439 1026 Maii.
3464 970 3594 1027 Haec

1952 1062 2040 1113 est
2070 1057 2311 1113 indictio
2341 1058 2434 1093 ²¹⁷²
2484 1059 2544 1112 11
2597 1059 2766 1129 (580).
2812 1057 2951 1113 Vale
3001 1058 3060 1112 in
3111 1057 3366 1126 Christo,
3397 1062 3598 1130 pastor

1953 1145 2244 1217 amabilis,
2275 1150 2332 1201 et
2361 1151 2460 1201 tuo
2491 1147 2586 1181 ³⁸⁷³
2614 1146 2774 1220 gregi
2827 1163 3132 1219 nunquam
3181 1146 3594 1205 obliviscende.

1951 1234 2153 1290 Transi
2180 1253 2212 1290 a
2234 1235 2451 1307 pascha
2473 1235 2773 1306 caelorum,
2809 1235 2908 1290 ubi
2966 1252 3100 1291 cum
3153 1253 3303 1309 agno
3337 1236 3599 1308 paschali

1955 1323 2208 1394 epuleris
2240 1324 2298 1379 in
2333 1325 2539 1380 azimis
2571 1325 2924 1380 sinceritatis
2954 1329 3010 1380 et
3037 1325 3298 1382 veritatis
3331 1327 3378 1394 (Ι
3399 1327 3518 1382 Cor.
3541 1343 3598 1396 v,

1954 1412 2029 1482 8).
2056 1413 2328 1483 Recipere
2376 1412 2620 1468 feliciter
2659 1413 2718 1466 in
2762 1416 2978 1468 aeterna
3015 1413 3394 1469 tabernacula
3449 1415 3600 1484 (Luc.

1955 1518 2068 1568 xvr,
2099 1501 2177 1571 9),
2210 1501 2308 1556 ubi
2342 1518 2475 1556 cum
2510 1501 2734 1573 angelis
2763 1501 3054 1557 indeficua
3077 1501 3289 1558 laeteris
3321 1504 3413 1537 ²¹⁷⁸
3433 1502 3608 1558 beati-

1957 1589 2180 1644 tudine.
2214 1590 2505 1655 Quamdiu
2537 1591 2692 1646 enim
2744 1590 3050 1662 temporali
3101 1589 3408 1646 nobiscum
3452 1593 3607 1646 frue-

1959 1677 2117 1732 baris
2146 1678 2286 1742 vita,
2319 1679 2633 1750 pastoralis
2663 1695 2814 1733 curas
2845 1679 3037 1734 ofﬁcia
3065 1679 3339 1734 nobiliter
3370 1677 3610 1751 imples-

1961 1765 2026 1832 ti,
2061 1767 2173 1821 vita
2214 1771 2271 1821 et
2301 1767 2586 1833 doctrina,
2621 1766 2820 1822 omnia
2850 1767 3022 1822 nobis
3053 1766 3267 1823 dulcia.
3298 1767 3465 1822 Nunc
3505 1783 3609 1822 au-

1961 1858 2079 1910 tem
2117 1860 2319 1926 raptus
2373 1872 2456 1925 es,
2513 1872 2585 1910 ne
2653 1855 2887 1910 malicia
2943 1861 3200 1911 mutaret
3245 1855 3609 1912 intellectum

1962 1947 2171 2010 tuum;
2206 1943 2455 2014 ideoque
2487 1942 2619 2015 plus
2652 1943 2940 1999 Dominus
2991 1944 3321 2016 properavit
3366 1945 3611 2000 educere

1964 2038 2020 2088 te
2047 2033 2117 2087 de
2148 2032 2340 2088 medio
2371 2032 2753 2104 iniquitatum
2804 2033 2952 2104 (Sap.
3006 2050 3084 2100 ιν,
3133 2034 3220 2096 10,
3265 2035 3491 2104 11,14),
3548 2037 3614 2088 ut

1967 2122 2222 2177 fructum
2257 2121 2523 2176 laborum
2575 2125 2810 2176 tuorum
2866 2120 3115 2192 pleniter
3161 2123 3445 2192 reciperes
3499 2123 3610 2188 "75,

1966 2211 2198 2266 etiamsi
2231 2226 2345 2264 non
2380 2211 2601 2265 feceras
2630 2211 2724 2244 “75
2753 2210 2950 2265 omnia
2979 2210 3132 2264 bona
3179 2226 3305 2280 qua
3353 2209 3610 2265 voluisti.

1969 2299 2116 2371 Ergo
2135 2298 2379 2369 justicia
2407 2303 2511 2352 tua
2542 2302 2759 2365 manet,
2811 2303 2869 2354 et
2917 2297 3256 2354 memoriale
3295 2303 3463 2354 tuum
3495 2315 3612 2354 non

1969 2386 2411 2458 derelinquetur
2438 2386 2498 2441 in
2532 2386 2811 2443 saeculum
2839 2385 3057 2442 saeculi.

1152 2790 1562 2878 INCIPIT
1622 2791 1949 2878 LIBER
2008 2787 2504 2879 TERTIUS
2540 2781 2679 2879 ²¹⁷⁷.

1090 3023 1330 3084 Nomen
1370 3020 1693 3083 Adalberti
1734 3021 1996 3083 trutinat
2036 3039 2181 3102 pars
2222 3021 2406 3083 tertia
2447 3021 2735 3083 libri’m.

274 3238 330 3292 1.
367 3235 470 3308 ([1]
491 3233 800 3307 Cap.118).
823 3233 1174 3290 Adalbertus
1195 3233 1670 3306 archiepiscopus
1709 3233 1861 3290 sedit
1891 3238 1933 3304 ρ
1972 3234 2255 3307 perimus.
2306 3233 2604 3289 Ordinatio
2680 3235 2808 3304 ejus
2885 3235 3036 3290 facta
3086 3239 3176 3290 est
3235 3237 3611 3308 Aquisgrani,

203 3341 395 3381 annos
421 3340 606 3379 unum
629 3324 701 3379 de
720 3323 966 3396 triginta
979 3323 1493 3396 "7°(581).Virgam
1509 3323 1860 3396 pastoralem

210 3413 485 3484 suscepit
505 3413 574 3468 ab
595 3413 862 3468 Heinrico
884 3413 1382 3488 imperatore,ﬁlio
1403 3413 1672 3480 Conradi,
1696 3412 1798 3484 qui
1828 3429 1861 3468 a

209 3501 446 3558 Caesare
462 3503 719 3574 Augusto
743 3501 1139 3557 Romanorum
1162 3500 1584 3572 imperatorum
1609 3517 1863 3572 nonage-

213 3592 409 3648 simus
432 3596 560 3646 erat
579 3590 636 3646 in
656 3589 825 3660 solio,
849 3591 1105 3662 exceptis
1148 3589 1285 3653 illis,
1315 3589 1416 3660 qui
1453 3591 1547 3626 ²¹⁸⁰
1567 3589 1743 3645 simul
1775 3605 1864 3644 re-

211 3683 482 3753 gnabant
509 3697 643 3736 cum
676 3679 894 3736 alteris.
937 3679 1195 3736 Palleum
1226 3680 1316 3714 ²¹⁸¹
1349 3677 1864 3751 archiepiscopale,

214 3775 274 3824 ut
306 3771 654 3827 decessores
675 3769 765 3803 ²¹⁸²
793 3768 910 3834 sui,
942 3785 1046 3840 per
1074 3766 1297 3840 legatos
1326 3769 1420 3804 ²¹⁸³
1452 3767 1674 3840 accepit
1697 3783 1730 3822 a
1767 3785 1868 3822 su-

213 3858 483 3928 pradicto
506 3875 661 3930 papa
679 3857 1009 3925 Benedicto,
1035 3873 1211 3929 quem
1260 3857 1320 3912 in
1351 3857 1554 3912 ordine
1585 3857 1870 3912 Romano-

219 3962 348 4003 rum
382 3947 739 4020 pontiticum
764 3950 897 4019 post
909 3945 1206 4019 apostolos
1229 3945 1410 4002 fuisse
1434 3945 1536 4000 147
1557 3961 1721 4000 mum
1743 3959 1869 4015 rep-

1971 3326 2255 3395 praasente
2312 3338 2446 3376 cum
2499 3321 2865 3394 principibus
2922 3339 3155 3388 casare,
3206 3325 3273 3377 12
3323 3325 3615 3397 episcopis

1971 3411 2303 3467 astantibus
2322 3411 2418 3446 “3‘
2433 3415 2490 3465 et
2511 3427 2750 3465 manum
2773 3410 3212 3482 imponentibus
3233 3413 3403 3483 (582).
3434 3413 3616 3482 Cujus

1973 3499 2396 3555 benedictionis
2415 3499 2641 3570 copiam
2674 3499 2797 3570 ipse
2828 3499 2941 3555 sibi
2987 3498 3334 3555 multociens
3377 3500 3619 3556 maledi-

1974 3587 2240 3644 centibus
2273 3588 2508 3658 objecit,
2541 3588 2854 3644 subridens
2899 3605 2964 3644 ac
3007 3588 3207 3644 dicens
3254 3591 3383 3646 ²¹⁸³ε
3433 3607 3492 3646 se
3526 3591 3621 3626 ³1⁸⁸

1975 3693 2090 3732 non
2125 3693 2296 3749 posse
2325 3677 2398 3731 ab
2425 3676 2620 3748 aliquo
2652 3677 2944 3744 maledici,
2969 3679 3067 3749 qui
3096 3695 3130 3734 a
3158 3679 3341 3734 tantis
3371 3679 3625 3735 ecclesias

1977 3765 2325 3838 patriarchis
2359 3766 2448 3800 ²¹⁸⁷
2467 3767 2538 3820 ab
2565 3765 2732 3820 initio
2753 3770 2812 3820 et
2838 3767 2929 3801 ³³⁸⁸
2952 3766 3126 3821 simul
3148 3770 3268 3822 tam
3295 3767 3630 3838 sollempni-

1980 3859 2070 3909 ter
2087 3853 2429 3909 benedictus
2449 3854 2639 3908 fuerit.
2667 3853 2824 3926 (Cap.
2854 3855 3002 3923 119.)
3023 3854 3102 3909 De
3126 3856 3296 3925 cujus
3315 3856 3423 3910 viri
3445 3855 3629 3928 gestis

1980 3947 2037 3998 et
2057 3942 2325 3998 moribus
2348 3959 2481 3998 cum
2513 3942 2750 3999 difﬁcile
2767 3943 2845 3999 sit
2864 3943 3086 4015 aliquid
3111 3943 3355 4017 dignum
3375 3945 3630 4002 scribere

1762 4067 2082 4124 SCHOLIA.

293 4171 313 4193 '
346 4169 543 4226 Schol.
577 4170 666 4224 60.
699 4167 830 4240 Ipsa
860 4184 1012 4240 anno
1037 4184 1149 4240 quo
1180 4167 1430 4240 decessit
1457 4165 2236 4240 archiepiscopusmigravit
2263 4165 2437 4220 etiam
2468 4164 2745 4240 0d_inkar,
2781 4165 3050 4238 Ripensis
3079 4167 3408 4240 episcopus.
3443 4169 3506 4223 In
3537 4167 3632 4223 die

684 4237 780 4277 ἠν
826 4237 1071 4312 pascha!
1111 4239 1356 4296 missam
1386 4240 1480 4275 ²¹⁰⁰
1509 4237 1839 4304 celebrans,
1866 4237 2162 4293 ordinavit
2195 4253 2318 4292 rem
2348 4253 2516 4291 suam
2547 4238 2638 4273 ²¹⁹¹
2674 4237 2867 4293 certus
2899 4237 3312 4295 extremorum.
3347 4241 3419 4312 (2.
3453 4241 3531 4308 4.)

1573 4362 1814 4416 VARle
1863 4361 2274 4416 LECTIONES.

287 4455 389 4496 ²¹⁵³
431 4456 635 4509 autem
670 4451 830 4506 addit
860 4452 912 4506 4.
989 4453 1084 4491 ²¹⁵⁹
1117 4453 1276 4509 Uncis
1304 4451 1519 4505 inclusa
1545 4449 1738 4505 desunt
1769 4451 1818 4504 1.
1853 4453 1986 4504 ante
2013 4449 2159 4504 deest
2187 4450 2242 4502 2.
2321 4451 2416 4485 ²¹⁶⁰
2445 4466 2564 4503 non
2617 4449 2860 4516 inscius,
2894 4455 2957 4505 ut
2988 4451 3159 4506 credo
3193 4452 3243 4505 4.

3323 4452 3409 4488 ²¹⁶¹
3427 4451 3637 4506 Schiru

217 4523 400 4582 becke
433 4526 498 4580 3.
532 4523 915 4578 Schirmbeke
942 4524 996 4577 4.
1030 4523 1320 4579 Scunbeki
1345 4525 1400 4576 2.
1453 4524 1546 4558 “5*
1575 4522 1733 4578 Uncis
1762 4521 1975 4575 inclusa
2003 4520 2195 4575 desunt
2229 4521 2276 4574 1.
2309 4521 2359 4574 5.
2439 4521 2532 4555 ³⁸6³
2557 4519 2777 4575 celatus
2803 4524 2858 4574 2.
2937 4522 3026 4556 ¹¹⁶⁴
3056 4523 3407 4576 Buccensem
3430 4524 3480 4575 4.
3515 4521 3636 4575 Hu-

214 4596 487 4653 ciensem
518 4598 574 4649 2.
617 4594 943 4649 Hucensem
975 4595 1027 4648 3.
1104 4595 1199 4629 ²¹⁶⁶
1228 4593 1596 4665 sequentium
1623 4592 2144 4665 accurentiumque
2171 4591 2222 4665 4.

2299 4592 2388 4626 ³⁸⁸⁵
2419 4591 2631 4646 Visulae
2661 4593 2714 4646 3.
2767 4592 2990 4647 Wisere
3028 4593 3080 4646 2.
3116 4593 3350 4647 Wisure
3400 4593 3452 4646 4.
3541 4593 3633 4627 ¹¹⁶⁷

218 4672 359 4723 tunc
393 4666 615 4724 addunt
645 4668 699 4720 2.
730 4666 786 4720 3.
820 4665 873 4720 4.
949 4666 1040 4700 ³⁸⁸⁸
1072 4671 1234 4721 ortus
1264 4662 1328 4720 3:
1395 4664 1486 4698 ²¹⁶⁹
1515 4663 1808 4718 similiter.
1839 4664 1894 4727 5,
1970 4663 2064 4698 “7°
2097 4662 2260 4730 obiit,
2296 4662 2388 4734 cui
2420 4663 2482 4716 Ε.
2517 4664 2727 4732 rejecto
2758 4662 3084 4734 Winthero,
3113 4664 3212 4733 qui
3243 4679 3331 4732 cp.
3377 4680 3466 4734 sp.
3499 4679 3638 4718 suc-

216 4740 394 4795 cessit
423 4741 486 4794 4.
566 4737 658 4772 ²¹⁷¹
695 4736 877 4791 nostri
905 4737 1057 4792 deest
1085 4737 1140 4801 3,
1217 4737 1312 4772 ²¹⁷²
1340 4735 1478 4799 Mai,
1509 4734 1826 4789 indictione
1859 4735 1909 4787 4.

217 4825 385 4878 peres
419 4813 485 4864 2.
523 4808 576 4862 4.
609 4807 893 4879 percipies
924 4809 977 4863 3.
1053 4809 1147 4844 ²ιῖ⁶

1987 4735 2080 4770 ²¹”³
2111 4733 2379 4789 amabilis
2405 4739 2622 4804 tuoque
2653 4735 2704 4787 4.
2786 4733 2879 4806 "7f
2906 4733 3122 4806 laetaris
3171 4735 3226 4806 3.
3301 4733 3423 4768 “75’
3453 4734 3640 4806 perci-

1181 4809 1503 4880 perfeceras
1530 4807 1584 4860 2.
1611 4806 1670 4880 74.
1709 4805 2017 4880 perfeceris
2047 4806 2133 4880 3._
2179 4805 2456 4880 ’“lHafc‘
2478 4806 2763 4880 inscriptio
2812 4804 2955 4880 add._
2987 4805 3041 4859 3.
3090 4806 3142 4858 5.
3195 4805 3339 4880 deest
3373 4804 3552 4880 _1.‘_2.
3584 4806 3636 4860 4.

215 4875 306 4916 ί¹τ⁸
337 4883 450 4937 Hic
484 4875 675 4934 versit:
704 4875 848 4935 deest
876 4881 927 4933 3.
963 4881 1017 4947 5,
1051 4882 1112 4933 in
1139 4875 1252 4934 2'et
1284 4880 1313 4933 4
1345 4881 1405 4933 in
1432 4879 1688 4946 margine
1710 4875 1968 4948 scriptus.
2043 4875 2565 4948 "ﬁgundetriginta
2595 4876 2646 4928 3.
2681 4876 2730 4927 4.
2810 4885 2900 4919 "80
2928 4877 3190 4947 Augusto
3222 4877 3280 4930 in
3303 4875 3446 4932 solio
3470 4878 3638 4932 Rom.

392 4951 576 5008 XCus
607 4951 830 5006 sedisse
860 4952 1166 5022 reperitur,
1203 4950 1466 5022 exceptis
1487 4949 1636 5022 hiis,
1651 4948 1757 5022 qui
1788 4949 1840 5001 4.

1919 4957 2008 4990 mi
2045 4946 2290 5018 pallium
2321 4950 2374 5000 2.
2428 4948 2481 5018 3.
2518 5017 2524 5018 γ
2559 4956 2659 4989 "82

2709 4963 3142 5017 prececessores
3198 4949 3250 5002 4.
3345 4948 3442 4984 ³¹⁸³
3501 4965 3642 5004 suos

213 4969 290 5007 tm
344 4997 357 5009 .
392 4969 576 5008 Aous
607 4969 830 5006 sedisse
861 4969 1166 5022 reperitur,
1203 4969 1456 5022 exceptis
1488 4969 1621 5014 nus,
1656 4969 1757 5018 qm
1788 4969 1840 5001 ιι.
1919 4969 2008 4990 Im
2045 4969 2290 5018 paulum
2322 4969 2374 5000 ι.
2428 4969 2481 4999 ι).
2560 4969 2658 4989 ιιυι
2711 4969 3142 5017 prececessores
3198 4969 3250 5002 ιι.
3346 4969 3442 4984 ··“’“’
3501 4969 3642 5004 81108

214 4970 372 5080 addit
409 5027 471 5078 4.
558 5022 651 5093 3“?
677 5026 768 5077 ast
796 5021 970 5077 etiam
1003 5021 1222 5093 Xllgep.
1256 5022 1308 5075 4.
1385 5020 1480 5093 ἰθξ
1509 5036 1578 5093 a_c
1607 5019 2032 5093 dicensdesunt
2060 5019 2128 5072 Μ.
2160 5019 2236 5093 F._
2294 5018 2388 5093 3}"
2419 5017 2529 5071 sibi
2561 5018 2613 5071 3.
2680 5018 2783 5093 fl"
2813 5019 3080 5090 patribus
3130 5020 3182 5074 4.
3258 5019 3352 5054 ²¹⁸⁸
3397 5024 3456 5076 et
3499 5021 3644 5076 deest

215 5095 266 5148 5.
348 5097 455 5131 ²¹⁸⁹
491 5093 605 5159 Qui
633 5092 693 5148 in
725 5093 818 5150 die
846 5094 899 5148 4.
933 5093 1042 5157 Qui
1074 5089 1230 5149 diem
1256 5093 1309 5146 5.
1387 5092 1482 5127 ²¹⁹⁰
1511 5091 1656 5148 deest
1687 5091 1740 5145 4.
1817 5091 1910 5126 ²¹⁹¹
1945 5090 2118 5146 rebus
2149 5089 2272 5145 suis
2303 5091 2355 5144 4.
2390 5105 2481 5143 res
2510 5105 2650 5144 suas
2677 5089 2730 5143 5.

1826 5204 2059 5261 NOT/E.

291 5310 465 5381 (576)
501 5307 599 5381 _ch.
654 5322 808 5381 anno
842 5305 1031 5381 _1045,_
1068 5305 1167 5360 ubi
1219 5304 1442 5381 Pascha
1489 5303 1690 5360 incidit
1729 5303 1789 5360 in
1815 5319 1896 5357 m.

213 5376 455 5452 Aprilis
489 5377 650 5433 diem
687 5380 742 5431 7.
762 5377 958 5452 Igitur
977 5377 1069 5432 hic
1091 5393 1291 5452 annus
1306 5376 1518 5431 melius
1540 5391 1680 5452 cum
1699 5392 1897 5429 narra-

215 5447 382 5507 tione
417 5453 501 5506 de
533 5447 1149 5504 extremis'Alebrandi
1181 5447 1390 5504 diebus
1420 5447 1691 5502 convenit
1719 5462 1898 5516 quam

211 5541 422 5578 annus
461 5521 629 5583 1043,
663 5520 763 5574 ubi
792 5519 1017 5576 Pascha
1045 5519 1251 5574 indicit
1280 5520 1339 5574 in
1373 5535 1452 5574 ιιι.
1486 5520 1624 5590 Apr.
1661 5518 1718 5571 d.
1745 5518 1796 5573 3.

283 5593 455 5662 (577)
495 5591 563 5648 D.
595 5593 630 5646 3
656 5591 893 5662 Aprilis.

286 5657 938 5770 luctus.
978 5660 1183 5733 Virgil.
1229 5661 1356 5715 Ain.
1410 5660 1448 5715 l.
1486 5677 1563 5727 vx,
1596 5677 1650 5714 v.
1683 5659 1826 5726 869;
1860 5657 1899 5712 Ι.

210 5736 302 5804 ιι,
329 5755 394 5793 v.
433 5736 540 5798 62,
568 5736 693 5789 231.

285 5802 467 5880 (578)
505 5804 750 5863 Hunfrid
781 5805 926 5863 obiit
955 5820 1108 5860 anno
1139 5805 1297 5876 1051,
1330 5808 1476 5861 teste
1503 5802 1835 5860 Lamberto.

2084 5302 2231 5376 (580)
2263 5303 2342 5356 Ex
2372 5304 2849 5360 antecedentibus
2875 5304 3083 5360 collato
3113 5321 3237 5376 cap.
3270 5304 3339 5358 67
3369 5308 3526 5376 patet
3551 5305 3649 5360 Be-

2010 5373 2263 5428 zclinum
2297 5379 2590 5429 mortuum
2611 5392 2740 5431 csso
2759 5393 2910 5430 anno
2940 5377 3096 5442 1045,
3125 5373 3246 5430 ind.
3270 5373 3489 5432 xfoui
3512 5393 3650 5432 con-

2011 5444 2194 5500 sensit
2215 5445 2502 5500 anbert.
2528 5447 2856 5502 Herseveld.
2890 5447 2949 5500 h.
2973 5465 3024 5502 a.
3058 5447 3262 5502 Adami
3286 5448 3466 5503 nostri
3491 5464 3653 5503 error

2010 5517 2291 5586 originem
2324 5518 2498 5571 traxit
2525 5534 2593 5572 ex
2625 5518 2790 5583 falso,
2823 5535 2996 5587 quem
3031 5519 3209 5574 codex
3237 5518 3648 5575 Vindobonen-

2012 5588 2093 5642 sis
2122 5587 2324 5642 tribuit
2356 5589 2641 5655 Libentio,
2675 5607 2827 5644 anno
2859 5589 3189 5657 emortuali,
3223 5608 3270 5645 s.
3305 5610 3354 5646 c.
3387 5593 3542 5645 1030.

2085 5661 2234 5803 (581;
2264 5659 2615 5715 Adalbertus
2634 5677 2818 5716 annos
2833 5666 3061 5716 tantum
3081 5663 3148 5717 27
3171 5662 3393 5717 sedisse
3409 5663 3656 5716 videtur.

2085 5731 2210 5803 (582
2265 5731 2589 5803 Imperator
2616 5733 2727 5786 fuit
2756 5735 2939 5803 Aquis
2969 5750 3124 5789 anno
3156 5735 3310 5803 1045,
3339 5750 3417 5789 ιιι.
3451 5731 3568 5802 Jul.
3599 5746 3652 5789 ν.

2084 5731 2232 5805 (582)
2265 5731 2589 5805 Imperator
2616 5733 2727 5805 fuit
2756 5735 2939 5805 Aquis
2969 5750 3124 5789 anno
3156 5735 3310 5804 1045,
3339 5750 3417 5789 ιιι.
3451 5731 3568 5802 Jul.
3599 5746 3652 5789 ν.

2017 5801 2266 5860 Bohmer
2295 5801 2839 5865 Kaiserurkundenl
3297 5801 3303 5804 ⁷
3462 5801 3465 5802 ⁷
3671 5808 3674 5810 ⁷
