4030 6164
399 216 513 278 571

1526 216 1782 281 ADAMI
1824 216 2191 281 CANONICI
2235 218 2685 283 BREMENSIS

3687 222 3802 284 572

401 351 579 410 etiam
608 350 887 409 maleﬁcia
907 350 1153 417 artibus,
1177 368 1293 409 non
1325 353 1632 409 attendens
1665 351 1860 424 miser,
1885 354 2040 425 quod
2069 355 2125 422 Α
2229 355 2313 409 17.
2350 354 2506 426 ([20]
2535 354 2672 427 Cap.
2708 354 2853 427 136.)
2906 352 3010 411 His
3041 354 3195 427 apud
3226 353 3673 412 Nortmanniam
3704 373 3801 431 ge-

402 441 814 499 sanctissimus
831 457 1148 513 germanus
1165 443 1216 513 ej
1225 459 1294 498 us
1308 443 1448 498 talia
1459 446 1722 498 monstra
1739 442 2055 498 eradicavit

400 549 435 587 ο.
467 547 641 602 regno
675 531 839 602 (637),
884 547 989 602 pro
1032 531 1439 603 amplectenda
1469 549 1675 588 norma
1703 532 2049 588 Christiani-

405 620 537 675 tatis
558 624 787 674 certans
808 636 996 691 usque
1016 621 1090 676 ad
1112 622 1461 693 sanguinem
1484 621 1595 676 9m.
1621 622 1799 692 Cujus
1822 620 2055 692 egregia

402 708 612 764 merita
633 712 926 764 testantur
949 708 1069 764 haec
1090 709 1394 777 miracula,
1420 727 1550 782 qua:
1575 711 1785 766 cotidie
1808 710 1959 765 ﬁunt
1979 711 2051 765 ad

400 796 740 869 sepulcrum
773 798 928 869 regis
959 798 1016 853 in
1062 798 1295 854 civitate
1326 799 1716 855 Trondemnis
1747 800 1857 853 ωε.
1915 798 2050 871 [19.]

399 886 646 942 Videbat
677 886 799 943 haec
828 886 923 942 ille
953 887 1267 944 derelictus
1313 906 1346 943 a
1395 889 1535 955 Deo,
1566 888 1863 959 nichilque
1894 904 2050 943 com-

400 979 677 1047 punctus,
702 975 1026 1033 oblationes
1048 993 1282 1049 quoque
1304 994 1369 1033 ac
1391 982 1680 1042 tesauros,
1696 977 1795 1049 qui
1819 993 2052 1032 summa

399 1064 663 1121 ﬁdelium
687 1065 990 1121 devotione
1012 1066 1206 1121 collati
1238 1071 1376 1121 sunt
1405 1067 1477 1121 ad
1509 1065 1806 1122 tumulum
1833 1066 2049 1133 lratris,

400 1154 525 1225 ipse
586 1153 870 1211 Haroldus
929 1172 1079 1211 unca
1134 1172 1313 1211 manu
1372 1156 1521 1227 (638)
1578 1156 1891 1211 corradens
1938 1156 2048 1225 “7‘,

404 1244 693 1300 militibus
707 1244 1120 1316 dispersit.Pro
1134 1245 1349 1315 quibus
1366 1244 1561 1301 causis
1578 1244 2050 1316 archiepiscopus

401 1332 521 1389 zelo
552 1334 649 1388 Dei
679 1338 893 1403 tactus,
927 1333 1150 1405 legatos
1190 1350 1329 1389 suos
1372 1333 1581 1389 direxit
1608 1335 1629 1355 '
1678 1335 1750 1389 ad
1798 1334 2049 1388 eundern

402 1438 621 1493 regem,
654 1422 989 1494 tyrannicas
1021 1422 1509 1494 praesumptiones
1538 1424 1627 1458 2³⁷⁵
1675 1422 1803 1493 ejus
1842 1420 2050 1476 litteris

401 1511 493 1554 "7°
522 1511 853 1583 increpans,
886 1510 1208 1583 spetialiter
1236 1527 1369 1567 vero
1403 1511 1727 1567 admonens
1775 1512 1846 1566 de
1890 1510 2049 1566 obla-

401 1600 687 1673 tionibus,
711 1617 859 1673 quas
882 1617 998 1656 non
1020 1600 1220 1656 liceret
1241 1600 1299 1655 in
1323 1617 1496 1656 usum
1520 1601 1723 1655 cedere
1742 1599 2046 1668 laicorum,

401 1694 456 1746 et
505 1691 575 1746 de
623 1689 913 1762 episcopis
957 1689 1083 1744 suis
1111 1690 1221 1754 2⁵⁷⁷,
1273 1705 1419 1759 quos
1448 1689 1508 1744 in
1538 1687 1723 1744 Gallia
1749 1687 1836 1743 vel
1867 1687 1927 1742 in
1959 1688 2049 1723 9‘"

400 1779 611 1851 Anglia
635 1782 837 1834 contra
857 1778 943 1833 fas
965 1778 1236 1834 ordinare
1257 1778 1469 1833 fecerat
1489 1777 1581 1815 "7°
1607 1794 1669 1833 se
1694 1780 2047 1848 contempto,

402 1884 506 1939 per
523 1883 698 1938 quem
716 1866 1061 1922 auctoritate
1078 1866 1234 1922 sedis
1251 1865 1581 1937 apostolicae
1598 1867 1874 1922 deberent
1886 1867 2050 1935 juste

2160 442 2287 509 stis,
2314 460 2664 515 magnopere
2695 444 2923 499 studuit
2944 444 3437 516 archiepiscopus,
3464 450 3530 500 ut
3559 445 3676 518 regi
3703 446 3806 502 Da-

2160 550 2369 588 norum
2401 532 2828 603 conciliaretur,
2864 549 3035 604 quem
3082 533 3244 604 prius
3277 534 3567 588 offensum
3599 534 3807 591 habuit

2160 621 2220 675 in
2252 622 2494 693 repudio
2520 622 2902 677 consobrinae.
2929 622 3109 677 Scivit
3135 622 3313 689 enim,
3339 622 3389 677 si
3417 622 3594 678 talem
3616 623 3804 680 virum

2160 710 2308 782 (640)
2340 712 2411 766 ad
2442 728 2504 766 se
2535 710 2849 783 colligeret,
2881 711 3153 766 leviorem
3189 710 3299 765 sibi
3330 712 3402 766 ad
3434 716 3644 777 cetera,
3676 730 3803 784 quae

2159 798 2218 854 in
2266 800 2463 855 animo
2511 800 2693 872 gessit
2723 800 2893 871 (641),
2943 800 3249 855 introitum
3295 800 3434 855 fore.
3468 800 3597 855 Mox
3628 800 3810 873 igitur

2161 888 2453 944 mediante
2483 888 2671 960 gratia
2698 887 3009 961 largitatis,
3041 904 3218 959 quam
3248 888 3309 943 in
3340 904 3544 944 omnes
3574 888 3809 958 habuit,

2158 976 2314 1032 venit
2360 976 2419 1032 in
2452 978 2541 1013 ⁵³⁸⁸⁷
2588 976 2880 1049 Sliaswig,
2916 977 3016 1032 ubi
3061 976 3228 1032 facile
3261 980 3433 1033 notus
3467 980 3524 1031 el:
3550 978 3808 1033 reconci-

2157 1065 2334 1121 liatus
2364 1067 2615 1138 superbo
2646 1066 2789 1138 regi,
2815 1066 3158 1122 muneribus
3183 1070 3354 1137 atque
3379 1065 3659 1123 conviviis
3682 1083 3804 1122 cer-

2159 1156 2303 1210 tavit
2334 1154 2886 1227 archiepiscopalem
2932 1154 3252 1226 potentiam
3300 1154 3597 1227 regalibus
3647 1160 3809 1211 ante-

2160 1244 2309 1299 ferre
2330 1243 2577 1299 diviciis.
2596 1244 2875 1315 Denique,
2895 1244 3048 1300 sicut
3070 1260 3197 1299 mos
3221 1248 3309 1299 est
3326 1243 3481 1299 inter
3501 1244 3805 1311 barbaros,

2160 1332 2233 1387 ad
2282 1332 2745 1388 conﬁrmandum
2790 1336 3025 1404 pactum
3082 1332 3296 1387 federis
3344 1331 3689 1403 opulentum
3718 1334 3810 1369 3‘“

2160 1421 2483 1477 convivium
2516 1420 2764 1476 habetur
2796 1422 2888 1461 2⁵³³
2934 1421 3194 1477 vicissim
3238 1436 3340 1493 per
3390 1425 3518 1476 octo
3550 1420 3696 1476 dies.
3732 1422 3811 1477 De

2160 1508 2363 1565 multis
2382 1510 2555 1565 rebus
2575 1509 2985 1565 ecclesiasticis
3007 1509 3086 1564 ibi
3104 1509 3436 1582 disponitur
3453 1510 3565 1575 “9°,
3582 1511 3652 1566 de
3673 1526 3813 1581 pace

2157 1599 2644 1670 Christianorum,
2676 1600 2748 1654 de
2780 1600 2868 1638 2*"
2918 1599 3297 1655 conversione
3336 1615 3699 1672 paganorum
3733 1600 3814 1655 ibi

2158 1687 2504 1744 consulitur.
2528 1688 2612 1743 Ita
2641 1687 2903 1760 pontifex
2931 1704 3065 1743 cum
3097 1687 3310 1760 gaudio
3342 1688 3583 1743 domum
3616 1704 3809 1743 rever-

2159 1794 2284 1844 sus,
2319 1777 2611 1847 persuasit
2641 1776 2838 1831 caasari
2873 1776 3043 1847 (642),
3091 1780 3157 1831 ut
3185 1780 3459 1833 evocatus
3489 1793 3587 1831 rex
3617 1782 3815 1832 Dano-

2158 1882 2290 1921 rum
2343 1866 2403 1920 in
2457 1865 2789 1933 Saxoniam,
2832 1869 3081 1937 uterque
3114 1865 3207 1905 ²ι⁹²
3260 1865 3425 1921 alteri
3472 1871 3816 1937 perpetuam

403 1955 660 2011 ordinari
689 1954 798 2009 ³⁸⁸0.
849 1956 934 2009 Ad
986 1954 1106 2009 haec
1155 1956 1432 2009 mandata
1475 1960 1804 2011 commotus
1852 1955 1923 2010 ad
1956 1956 2047 1992 2‘“
2154 1955 2381 2024 juraret
2411 1954 2728 2009 amicitiam
2765 1954 2877 2009 ωδ.
2921 1955 3099 2025 Cujus
3148 1954 3359 2010 federis
3393 1955 3486 1993 2⁸9⁸
3534 1954 3815 2011 beneficio

404 2043 553 2098 iram
584 2047 888 2115 tyrannus,
920 2042 1141 2115 legatos
1173 2044 1265 2078 2"”
1316 2043 1607 2116 pontificis
1637 2049 1863 2116 spretos
1895 2044 2053 2100 abire

404 2131 702 2204 praecepit,
735 2132 1047 2187 clamitans
1077 2132 1190 2200 ³⁸⁸³,
1241 2148 1303 2188 se
1334 2133 1559 2188 nescire
1589 2133 1724 2204 quis
1755 2133 1833 2188 sit
1862 2132 2051 2189 archi-

403 2219 713 2292 episcopus
736 2223 836 2274 aut
860 2224 1066 2291 potens
1097 2221 1156 2275 in
1184 2220 1467 2292 Norvegia
1487 2221 1600 2292 πει,
1623 2221 1738 2277 nisi
1759 2220 1920 2277 solus
1951 2223 2051 2277 Ha-

404 2308 629 2365 roldus.
661 2308 731 2364 Et
778 2308 892 2364 alia
938 2309 1195 2380 plurima
1230 2309 1439 2365 deinde
1480 2310 1615 2365 fecit
1644 2314 1700 2366 et
1728 2310 1892 2378 dixit,
1925 2327 2052 2381 quae

404 2396 690 2469 superbiae
741 2398 869 2468 ejus
914 2398 1238 2468 proximam
1278 2398 1650 2454 intentabant
1677 2400 1769 2441 ²ι⁸⁸
1821 2399 2051 2454 ruinam

405 2484 574 2557 (639).
604 2486 751 2541 Nam
783 2490 841 2542 et
870 2502 1021 2558 papa
1039 2486 1362 2544 Alexander
1391 2487 1720 2553 confestim,
1749 2486 1950 2543 missis
1979 2487 2052 2542 ad

405 2576 655 2631 eundem
705 2591 902 2646 regem
950 2574 1161 2631 litteris
1191 2578 1261 2644 “,
1313 2577 1605 2649 praecepit,
1649 2580 1713 2631 ut
1758 2580 1879 2632 tam
1928 2576 2055 2648 ipse

405 2681 583 2736 quam
610 2663 867 2736 episcopi
900 2664 993 2719 sui
1021 2664 1234 2720 vicario
1265 2664 1421 2720 sedis
1452 2664 1780 2737 apostolicae
1812 2665 2054 2738 dignam

406 2752 795 2825 subjectionis
825 2752 1136 2810 exhibeant
1163 2753 1255 2792 ²⁴⁸⁸
1295 2754 1697 2810 reverentiam.

2161 2042 2415 2098 multum
2457 2042 2605 2098 lucri
2653 2042 2912 2115 suscepit
2959 2047 3160 2099 nostra
3204 2042 3467 2110 ecclesia,
3500 2047 3557 2099 et
3603 2043 3818 2116 legatio

2161 2131 2485 2188 borealium
2514 2131 2837 2201 nationum,
2863 2136 3208 2204 cooperante
3228 2132 3320 2170 2⁸9⁵
3343 2132 3521 2187 Suein
3546 2148 3682 2205 rege
3704 2133 3815 2201 ωδ,

2162 2221 2458 2293 prosperis
2489 2236 2721 2292 semper
2750 2224 2921 2277 aucta
2949 2224 3040 2276 est
3069 2221 3468 2277 incrementis.

2235 2311 2320 2365 18.
2361 2310 2521 2382 ([21.]
2559 2309 2699 2382 Cap.
2750 2310 2898 2381 137.)
2947 2311 3133 2365 Trans
3185 2308 3417 2365 Albiam
3467 2327 3599 2365 vero
3650 2314 3709 2365 et
3762 2311 3818 2365 in

2162 2398 2467 2455 Sclavania
2497 2415 2590 2454 res
2620 2402 2831 2454 nostris
2854 2398 3049 2454 adhuc
3072 2414 3287 2470 magna
3304 2399 3661 2471 gerebantur
3689 2416 3818 2471 pro-

2163 2487 2460 2559 speritate.
2494 2487 2886 2543 Godescalcus
2916 2486 3174 2555 enim,de
3214 2504 3331 2558 quo
3365 2504 3542 2559 supra
3589 2488 3817 2543 dictum

2163 2580 2276 2643 est,
2305 2576 2393 2630 vir
2422 2576 2736 2647 prudentia
2786 2580 2841 2630 et
2880 2576 3223 2632 fortitudine
3256 2576 3685 2648 pradicandus,
3719 2593 3821 2632 ac-

2164 2670 2333 2737 cepta
2377 2664 2438 2719 in
2488 2680 2725 2720 uxorem
2766 2664 2887 2720 filia
2923 2665 3079 2737 regis
3118 2670 3434 2735 Danorum,
3469 2664 3703 2721 Sclavos
3748 2667 3826 2722 ita

2164 2753 2518 2826 perdomuit,
2547 2757 2613 2809 ut
2659 2770 2792 2809 eum
2834 2754 3005 2826 quasi
3036 2770 3232 2827 regem
3262 2753 3556 2825 timerent,
3590 2754 3819 2810 tributa

1948 2868 2264 2924 SCHOLIA.

480 2966 503 2990 "
531 2965 710 3022 Schol.
770 2968 860 3022 69.
902 2964 1191 3038 Haroldus
1239 2981 1339 3020 rex
1362 2966 1456 3038 fab
1506 2964 1603 3020 illo
1652 2966 1745 3022 die
1792 2964 2003 3022 direxit
2040 2966 2344 3038 episcopos
2384 2983 2522 3022 suos
2554 2966 2612 3020 in
2645 2964 2916 3031 Galliam,
2950 2965 3167 3022 multos
3197 2965 3373 3021 etiam
3404 2965 3713 3038 venientes
3746 2966 3820 3022 ab

905 3036 1115 3109 Anglia
1143 3037 1421 3121 suscepit.
1456 3039 1713 3121 Quorum
1736 3054 1901 3121 unus
1940 3038 2051 3093 fuit
2078 3036 2309 3121 Asgoth
2342 3040 2431 3073 2‘97

2483 3054 2659 3108 quem
2706 3037 3048 3093 redeuntem
3098 3038 3170 3092 ab
3222 3038 3364 3092 urbe
3410 3037 3818 3108 apostolorum

904 3108 1333 3182 comprehendi
1361 3108 1545 3182 jussit
1590 3109 2084 3182 archiepiscopus,
2118 3108 2468 3181 acceptoque
2506 3108 2809 3165 fidelitatis
2838 3113 3226 3180 sacramento,
3258 3108 3485 3164 dimisit
3512 3109 3603 3150 ωε
3659 3110 3822 3165 abire

907 3180 1209 3251 donatum.
1244 3180 1317 3251 (2.
1352 3180 1405 3235 3.
1438 3180 1517 3251 4.)

480 3250 529 3275 “
562 3249 741 3307 Schol.
772 3251 861 3307 70.
904 3252 996 3287 ²⁴⁰⁹
1026 3272 1055 3303 ‹‹
1086 3248 1407 3329 Alexander
1427 3248 1754 3329 episcopus,
1779 3267 1983 3329 servus
2011 3267 2311 3329 servorum
2332 3250 2753 3329 Dei,-Har_oldo,
2776 3249 2897 3329 regi
2916 3249 3449 3329 No‘rdmannorum,
3475 3248 3739 3329 salutem
3772 3252 3829 3329 et

906 3344 936 3372 «
968 3322 1349 3389 apostolicam
1372 3320 1859 3379 benedictionem.
1878 3323 2025 3387 Quia
2046 3322 2238 3378 adhuc
2258 3324 2433 3378 rudes
2454 3322 2514 3377 in
2536 3322 2649 3377 ﬁde
2668 3320 2920 3378 existitis
2942 3323 3054 3389 που,
3071 3326 3127 3377 et
3148 3322 3208 3377 in
3233 3320 3627 3377 ecclesiastica
3653 3321 3833 3376 disci-

908 3416 936 3444 ‹‹
970 3392 1131 3465 plina
1152 3394 1585 3465 quodammodo
1608 3393 1968 3460 claudicatis,
1991 3398 2216 3465 oportet
2240 3410 2367 3461 nos,
2392 3394 2487 3449 cui
2516 3394 2698 3449 totius
2722 3393 2983 3449 Ecclesiae
3010 3392 3396 3465 commissum
3418 3392 3828 3465 estregimen,

907 3487 936 3514 «
968 3464 1183 3537 divinis
1212 3464 1709 3537 admonitionibus
1740 3482 1839 3520 vos
1870 3464 2234 3537 frequentius
2263 3465 2517 3520 visitare.
2544 3466 2654 3521 Sed
2681 3466 2771 3500 ²⁵⁰¹
2803 3465 2941 3536 quia
2969 3466 3042 3520 ob
3059 3464 3379 3537 longarum
3412 3464 3827 3537 difficultatem

908 3559 936 3585 ‹‹
973 3536 1198 3590 viarum
1226 3553 1335 3607 per
1366 3553 1471 3590 nos
1502 3536 1610 3591 hoc
1641 3536 1735 3571 ²⁵⁰²
1770 3534 2216 3607 agereminime
2246 3536 2532 3606 valemus,
2564 3537 2762 3591 sciatis
2794 3534 2901 3592 nos
2930 3534 3263 3606 Adalberto,
3294 3534 3834 3607 Hammaburgensi

916 3629 945 3657 «
976 3606 1438 3679 archiepiscopo,
1462 3606 1675 3661 vicario
1706 3606 1925 3679 nostro,
1954 3606 2076 3663 haec
2106 3608 2305 3663 omnia
2332 3607 2580 3663 firmiter
2609 3607 2993 3663 commisisse.
3018 3608 3335 3679 Praedictus
3366 3607 3565 3679 itaque
3593 3606 3837 3679 venera-

914 3699 941 3727 «
972 3677 1110 3732 bilis
1132 3677 1601 3750 archiepiscopus
1623 3682 1679 3732 et
1692 3678 1783 3713 ⁵³⁸0³
1806 3679 2031 3750 legatus
2054 3683 2251 3750 noster
2271 3679 2396 3735 suis
2416 3679 2586 3735 nobis
2608 3683 2961 3750 conquestus
2983 3682 3071 3733 est
3090 3677 3375 3750 epistolis,
3393 3677 3547 3750 quod
3565 3677 3831 3750 episcopi

910 3772 937 3799 ((
969 3752 1172 3803 vestrae
1200 3749 1291 3786 9“"
1313 3746 1741 3822 provincizsaut
1761 3746 1887 3822 non
1900 3755 2038 3805 sunt
2058 3746 2405 3822 consecrati,
2427 3755 2525 3806 aut
2552 3751 2689 3822 data
2718 3746 2962 3822 pecunia
2984 3746 3185 3805 contra
3205 3746 3477 3822 Romana
3492 3746 3835 3822 privilegia,

915 3841 943 3871 «
976 3836 1103 3890 quae
1135 3836 1253 3874 sua
1279 3818 1539 3895 ecclesiae
1571 3820 1800 3895 sibique
1820 3821 1959 3895 data
1990 3821 2230 3895 suntLin
2251 3822 2457 3895 Anglia
2485 3821 2573 3895 vel
2605 3821 2665 3895 in
2688 3818 2873 3878 Gallia
2904 3822 3159 3895 pessime
3190 3826 3330 3895 sunt
3358 3818 3637 3876 ordinati.
3668 3818 3837 3895 unde

920 3911 947 3943 α
976 3890 1416 3963 θχγαᾳοιονὶιαιθ
1448 3890 1842 3963 apostolorum
1876 3893 2024 3948 Petri
2056 3898 2112 3948 et
2132 3890 2305 3949 'Pauli
2336 3890 2436 3949 vos
2471 3894 2563 3928 ποθ
2594 3890 2980 3949 admonemus
3012 3894 3122 3960 ποθ,
3176 3898 3240 3948 ut
3282 3892 3434 3948 sicut
3483 3891 3830 3962 apostolicae

911 3983 939 4010 «
974 3962 1097 4035 sedi
1122 3962 1449 4035 reverentia
1477 3963 1860 4033 subjectionis
1891 3964 2115 4020 debetis
2145 3965 2437 4035 exhibere,
2470 3965 2548 4020 ita
2605 3966 2842 4035 praefato
2880 3966 2970 3999 ²²⁵⁰⁷
3017 3963 3335 4020 venerabili
3368 3963 3837 4035 archiepiscopo,

909 4033 1183 4109 {avigerio
1215 4038 1411 4091 nostro
1442 4038 1499 4090 et
1525 4035 1649 4090 vice
1678 4040 1878 4092 nostra
1906 4036 2196 4108 fungenti,
2229 4052 2330 4092 vos
2359 4033 2656 4107 vestrique
2687 4036 2947 4109 episcOpi
2977 4034 3352 4109 impendatis.
3388 4056 3416 4086 »
3468 4034 3537 4090 Et
3568 4033 3836 4105 reliqua.

910 4104 985 4173 (2.
1029 4106 1082 4160 3.
1117 4104 1195 4174 4.)

2738 4175 2758 4205 ι

1760 4203 2001 4260 νΑΒυΕ
2056 4203 2468 4261 LECTIONES.

487 4288 581 4375 ξω
612 4292 860 4375 mortem
974 4291 1067 4375 cui
1092 4292 1575 4375 superscriptqegt
1604 4307 1743 4347 vox:
1778 4293 2148 4375 sanguinem.
2352 4292 2783 4375 Trondempnis
2806 4293 3330 4375 4:_Trondemis_3.
3361 4290 3757 4375 Thrundhern

417 4360 509 4437 {fo
539 4362 851 4437 corradens
893 4364 972 4437 4._
995 4364 1047 4417 5.
1105 4360 1288 4437 Gjthe
1418 4364 1541 4437 “9‘75
1570 4360 2047 4437 praesumptionis
2078 4367 2128 4420 1.
2208 4365 2297 4400 ²⁴⁷⁶
2329 4366 2453 4421 suis
2494 4360 2727 4421 addit-4.
2806 4365 2905 4437 2⁸⁷7,
2927 4364 3052 4419 suis
3080 4364 3227 4437 deest
3254 4365 3306 4419 4.
3385 4361 3758 4437 9f7§_in_deest
3786 4362 3841 4437 ξ)-

415 4426 509 4504 ²ξ⁷⁹
541 4433 675 4488 fecit
719 4434 975 4489 ordinari
1023 4437 1077 4488 2.
1130 4426 1183 4490 3⁷.
1238 4434 1288 4488 4.
1368 4434 1459 4470 ²⁴⁸⁰
1480 4426 1615 4504 jure
1662 4426 1989 4492 consecrari
2038 4437 2314 4492 deberent
2344 4437 2396 4491 4.
2474 4438 2565 4480 2⁵⁸1
2598 4437 2658 4491 in
2696 4437 2740 4490 4.
2818 4435 2911 4471 ²⁴⁸²
2943 4452 3081 4490 suos
3111 4435 3244 4490 add.
3282 4438 3332 4490 1.
3410 4434 3503 4475 “3’
3531 4434 3747 4489 dicens
3779 4433 3837 4489 4.

415 4492 508 4579 ξδξξ
536 4504 984 4579 Νριδά-ννθείαίᾎ
1024 4507 1104 4579 4.-
1156 4506 1253 4579 ἕξοθδ
1281 4492 1763 4579 intendebant3.
1842 4508 1931 4579 Ψθ
1962 4508 2299 4563 exhiberent
2345 4510 2398 4562 4.
2478 4509 2567 4543 ²⁴⁸⁷
2609 4508 2667 4561 in
2716 4506 2864 4562 deest
2906 4507 2985 4579 4,
3045 4506 3136 4546 ²ι⁸⁸
3166 4505 3505 4579 opulentum
3540 4505 3721 4579 deest
3783 4504 3836 4559 4.

414 4576 859 4650 ""habebatur
888 4578 940 4631 4.
1019 4577 1111 4650 9‘9?
1139 4576 1502 4650 dispositum
1535 4578 1588 4630 2.
1617 4577 1939 4650 (dispositis
1970 4580 2021 4632 4.
2100 4580 2193 4623 ab"
2225 4584 2282 4634 et
2329 4579 2380 4632 4.
2461 4580 2553 4621 ²ι⁰²
2584 4579 2727 4635 deest
2748 4579 2830 4650 75.7
2900 4577 2992 4615 2⁸⁸³
3022 4576 3301 4650 perpetua
3354 4576 3844 4650 confederaretur

413 4648 684 4723 amicicia
714 4648 764 4702 4.
810 4650 934 4723 _“_°“
965 4648 1451 4723 confederationis
1474 4648 1531 4723 _4.
1568 4721 1575 4723 Α
1611 4647 1843 4723 miqne
1865 4650 2076 4704 addunt
2095 4650 2150 4705 2.
2173 4651 2226 4704 4.
2304 4650 2395 4723 ωδ
2426 4650 2577 4723 regis
2608 4650 2660 4705 1.
2739 4647 3041 4723 9597_Asgot
3066 4647 3394 4722 4fAsgotus
3422 4652 3475 4703 2.
3509 4721 3517 4723 _
3552 4647 3645 4723 ηπ
3681 4647 3841 4703 divi-

417 4719 495 4774 sit
521 4720 575 4774 2.
608 4721 714 4775 Hoc
740 4720 985 4775 scholion
1016 4719 1162 4790 apud
1198 4721 1438 4775 Velleum
1468 4719 1669 4790 legitur
1697 4719 1765 4775 ὑί
1785 4720 1895 4789 ﬁne
1921 4725 2099 4776 textus
2126 4737 2243 4791 cap.
2276 4722 2364 4776 20.
2444 4719 2536 4757 2""
2564 4724 2671 4776 Hoc
2700 4719 3037 4776 scholionlin
3076 4722 3195 4776 cod.
3229 4719 3291 4775 4.
3341 4721 3517 4776 εεπαί
3544 4721 3837 4791 insertum

415 4790 643 4863 legitur,
672 4792 987 4863 (praemissis
1010 4791 1208 4863 (verbis
1241 4808 1259 4845 :
1310 4795 1537 4863 Etrecce
1568 4792 1916 4863 rescriptum
1947 4790 2275 4847 litterarum

2320 4801 2441 4864 post
2483 4793 2646 4849 verba
2679 4808 2697 4845 :
2748 4792 3126 4862 subjectionis
3158 4791 3747 4864 reverentiam.ﬂ_”°°
3776 4790 3838 4845 in

415 4860 535 4914 ἣν.
570 4860 926 4935 extitistis_5.
1004 4862 1094 4935 εξοι
1128 4862 1207 4935 Et
1227 4864 1280 4916 3.
1358 4862 1451 4935 9°”
1483 4880 1582 4935 per
1619 4863 1729 4918 hoc
1752 4860 1874 4919 'nos
1902 4867 1956 4918 2.
2035 4864 2127 4900 ²⁵⁰³
2158 4868 2215 4919 et
2258 4860 2400 4920 deest
2435 4865 2490 4920 3.
2522 4866 2572 4920 4.
2654 4863 2745 4899 ²⁶⁰⁸
2775 4860 2985 4918 nostra:
3014 4864 3067 4918 3.
3146 4864 3241 4899 "0‘
3271 4880 3378 4919 nos
3408 4864 3459 4918 3.
3539 4861 3629 4897 ²⁵⁰⁶
3662 4878 3839 4918 amo-

414 4946 625 4986 nemus
655 4932 707 4985 4.
788 4931 879 4965 ²⁵⁰⁷
908 4932 1145 5003 praefato
1174 4933 1325 4989 deest
1352 4934 1406 4989 3.

1993 5032 2226 5089 NOTAE.

485 5126 631 5199 (637)
658 5126 728 5182 V.
761 5143 939 5199 supra
968 5126 1007 5183 l.
1043 5145 1107 5196 ιι,
1138 5145 1190 5184 c.
1223 5129 1316 5184 53.

485 5198 633 5273 (638)
667 5198 1073 5274 Uncaeimanus
1120 5200 1334 5274 srepius
1361 5198 1549 5274 dictas
1595 5199 1807 5273 Vigilio
1851 5204 2054 5274 Georg.

415 5270 455 5325 l.
492 5269 557 5339 i1,
588 5269 641 5326 v.
673 5272 817 5336 365;
848 5275 974 5326 Ain.
1008 5270 1047 5326 1.
1090 5289 1176 5337 III,
1200 5269 1270 5325 _v.
1311 5271 1416 5323 217
1445 5287 1457 5337 ;
1490 5269 1527 5324 l.
1559 5288 1637 5339 vr,
1669 5269 1724 5327 ἦ.
1756 5274 1879 5328 360.

486 5343 634 5483 (639)
667 5348 743 5398 De
774 5342 1007 5398 Haraldi
1041 5343 1194 5414 regis
1225 5345 1412 5398 morte
1442 5342 1677 5423 vainfra
1706 5361 1757 5399 c.
1789 5346 1876 5402 51.

507 5413 613 5468 640
662 5413 740 5469 Ad
799 5431 855 5469 se
901 5415 1189 5483 colligere,
1244 5415 1688 5471 Germanismus
1743 5432 1754 5471 :
1814 5435 1876 5472 an

507 5412 740 5483 640)Αά
799 5431 855 5486 se
901 5412 1189 5486 colligere,
1244 5412 1688 5471 Germanismus
1743 5432 1754 5471 :
1814 5435 1885 5472 an
1943 5417 2059 5471 rich

416 5483 704 5556 knupfenh
728 5485 843 5540 sich
885 5483 1201 5542 verbiizden.

2199 5129 2394 5185 ’arhen.

2172 5132 2394 5272 ΐαῖἕῖἒ)
2419 5200 2510 5257 Sc.
2544 5199 2809 5256 Heinrico
2842 5199 2936 5255 III.
2964 5198 3092 5254 Haec
3116 5198 3426 5272 referenda
3451 5196 3737 5272 videntur
3759 5196 3836 5252 ad

2169 5269 2387 5328 annum
2441 5272 2576 5327 1048
2628 5273 2748 5328 sive
2795 5272 2952 5327 1049.
2985 5271 3144 5327 Coni.
3182 5270 3430 5328 Florent.
3462 5269 3739 5342 Wigorn.
3775 5285 3834 5342 ρ..

2170 5345 2308 5399 1049
2333 5362 2344 5399 :
2381 5344 2628 5401 Sueanus
2657 5346 2844 5409 etiam,
2866 5358 2968 5416 rex
2991 5347 3275 5416 Bonorum
3306 5351 3367 5399 ut
3392 5341 3707 5416 imperator
3742 5341 3839 5416 illi

2166 5417 2479 5483 mandarat,
2511 5434 2636 5473 cum
2684 5433 2784 5471 sua
2826 5415 3005 5471 classe
3042 5416 3124 5470 ibi
3144 5414 3324 5489 afuit
3354 5412 3549 5541 (scfin
3581 5412 3834 5483 expedi-

2168 5488 2327 5541 tione
2355 5492 2555 5541 contra
2586 5487 2962 5541 Balduinum.
2994 5487 3268 5541 comitem
3315 5488 3355 5541 F
3383 5483 3834 5541 andrensiuml.

2168 5488 2327 5544 tione
2355 5492 2555 5546 contra
2586 5487 2962 5557 Balduinum,
2994 5484 3268 5543 comitem
3315 5484 3835 5556 Flandrensium),

486 5550 637 5631 (641)
670 5550 869 5615 Ger-ere
922 5560 984 5615 in
1030 5559 1236 5629 animo,
1282 5554 1746 5632 Germanismus,
1779 5561 1855 5616 im
1887 5560 2059 5617 Sinne
2166 5564 2217 5619 et
2246 5577 2309 5618 ea
2334 5562 2452 5618 vice
2481 5560 2797 5634 ﬁdelitatem
2835 5550 3163 5634 imperatori
3181 5560 3415 5632 juravit.
