4030 6164
222 334 333 396 601

912 335 1164 399 GESTA
1205 335 1690 401 PONTIFICUM
1734 337 2465 402 HAMMABURGENSIS
2506 339 2928 404 ECCLESIIE.

3503 339 3622 402 602

221 471 326 524 est.
345 465 480 522 Post
503 463 758 522 multum
775 467 896 508 3109'
916 484 1052 523 vero
1077 469 1358 540 temporis
1381 468 1439 524 in
1461 470 1862 543 episcopatum
1891 475 1947 541 Α
1978 471 2384 543 purgationem
2415 471 2782 529 delictorum.
2819 473 2981 530 Unde
3023 472 3242 529 factum
3291 475 3380 529 est
3410 472 3502 520 διεδ
3558 478 3622 530 ut

223 572 543 629 regressus,
558 556 731 628 ccepit
753 557 1040 613 rationem
1065 575 1278 629 ponere
1298 575 1431 614 cum
1454 561 1636 616 servis
1655 566 1711 616 et
1724 560 1868 616 villi-

221 645 300 700 cis
323 646 422 687 3“°
453 645 599 710 suis,
631 644 967 717 invenitque
997 647 1194 702 omnia
1222 647 1376 703 bona
1405 654 1462 703 et
1493 649 1713 705 reditus
1745 649 1865 704 fru-

220 740 417 790 ctuum
451 736 547 769 3'“
598 750 715 789 non
771 734 971 789 minus
1022 734 1308 806 dissipata
1366 752 1543 807 quam
1601 737 1650 791 si
1709 738 1867 792 domi

219 827 370 878 esset
399 824 521 876 3m.
575 823 674 878 Est
726 822 882 878 enim
931 823 1039 879 hoc
1075 840 1245 894 genus
1289 825 1592 896 hominum,
1628 831 1692 880 ut
1722 826 1867 880 bene

217 911 514 969 Salustius
545 913 690 983 (750)
740 912 1037 983 describit,
1067 915 1272 969 mobile
1317 919 1370 968 et
1411 915 1664 984 inﬁdum,
1694 931 1868 987 neque

220 1001 474 1069 beneﬁcio
498 1017 670 1071 neque
695 1009 847 1056 metu
873 1011 1152 1058 coercetur
1179 1004 1292 1058 3‘13.
1345 1004 1502 1075 (Cap.
1540 1005 1684 1075 177.)
1717 1005 1866 1059 Prae-

214 1094 367 1146 terea
417 1089 939 1162 ingurgitationem
991 1096 1188 1163 potus,
1237 1094 1390 1163 quod
1440 1093 1729 1164 peculiare
1779 1099 1868 1148 est

213 1179 419 1234 vitium
452 1179 570 1234 illis
608 1179 904 1250 gentibus,
937 1180 1018 1235 ita
1063 1185 1152 1236 est
1185 1181 1278 1222 ³ί¹⁴
1327 1181 1740 1238 abhominatus
1770 1185 1866 1224 ³¹¹¹⁵

213 1265 471 1339 pontifex
499 1266 558 1320 in
583 1267 689 1335 eis,
715 1271 780 1321 ut
809 1283 960 1338 saepe
983 1267 1054 1322 de
1084 1267 1201 1323 illis
1225 1268 1414 1324 dicere
1435 1267 1644 1324 solitus
1676 1269 1752 1324 sit
1771 1271 1866 1306 ³¹¹⁶

207 1373 441 1429 quorum
499 1359 684 1412 venter
727 1356 858 1412 deus
904 1360 983 1412 est
1022 1358 1250 1428 (Philip.
1289 1376 1371 1428 111,
1408 1358 1515 1429 19).
1548 1359 1693 1413 Nam
1724 1375 1863 1413 con-

210 1445 504 1502 tentiones
525 1450 581 1501 et
603 1462 850 1518 pugnas,
872 1445 1271 1502 oblocutiones
1293 1453 1350 1502 et
1372 1447 1790 1518 blasphemiae,
1810 1451 1867 1503 et

209 1551 597 1608 quaecumque
611 1535 834 1606 majora
845 1535 1066 1591 scelera
1079 1535 1550 1591 commiserintin
1564 1536 1861 1604 ebrietate,

208 1625 260 1680 in
289 1624 624 1697 crastinum
656 1623 741 1678 illi
774 1641 877 1693 pro
913 1623 1048 1680 ludo
1080 1625 1317 1680 habent.
1352 1626 1510 1696 ([20.]
1543 1625 1680 1697 Cap.
1717 1625 1864 1697 178.)

205 1695 574 1780 Querebatur
592 1713 768 1769 etiam
794 1729 980 1785 usque
1003 1715 1075 1769 ad
1101 1731 1211 1770 sua
1233 1719 1348 1770 tem
1359 1695 1505 1787 pora
1522 1695 1740 1770 multos
1762 1695 1862 1786 pa;

207 1819 501 1872 ganorum
531 1803 624 1838 ‘1"
651 1803 947 1858 erroribus
968 1801 1306 1875 implicitos,
1331 1803 1412 1858 ita
1432 1807 1497 1858 ut
1517 1802 1668 1859 diem
1692 1808 1863 1859 δεχιω
1894 1845 1942 1910 Β

208 1892 355 1948 feria:
389 1891 596 1948 carnis
626 1909 730 1948 esu
756 1890 1122 1947 macularent
1141 1893 1259 1962 ³1η,
1282 1897 1346 1947 ut
1370 1891 1600 1963 vigilias
1631 1891 1864 1947 sollem-

211 1980 587 2052 pnitatesque
616 1986 953 2037 sanctorum
986 1998 1052 2036 ac
1080 1980 1470 2037 venerabilem
1494 1982 1866 2053 quadragesi-

207 2087 352 2126 mam
379 2070 532 2142 gula
550 2069 1049 2142 fornicationeque
1066 2071 1160 2107 3””
1186 2070 1512 2143 polluerent
1528 2071 1641 2139 312°,
1657 2076 1720 2126 ut
1741 2087 1866 2142 per-

199 2159 348 2230 juria
369 2175 488 2231 pro
507 2158 723 2215 nicbilo
741 2164 1173 2232 computent,ut
1190 2159 1534 2216 effusionem
1554 2160 1863 2232 sanguinis

202 2247 258 2303 in
289 2247 473 2303 laude
497 2249 590 2285 3’“
620 2247 904 2316 habeant;
933 2247 1208 2304 similiter
1229 2247 1538 2318 adulteria,
1565 2247 1863 2304 incestuo-

203 2337 401 2393 sitates
427 2336 682 2408 aliaeque
704 2342 975 2393 naturam
998 2339 1343 2394 excedentes
1362 2337 1749 2393 immunditiae
1770 2337 1865 2392 vix

204 2425 525 2499 culpantur
545 2427 618 2481 ab
640 2425 834 2499 aliquo
861 2443 1084 2482 eorum.
1105 2427 1196 2461 ³¹²2
1217 2425 1486 2498 Plerique
1504 2427 1596 2468 ³¹²³
1608 2427 1755 2482 duas
1774 2426 1862 2482 vel

203 2520 315 2570 tres
347 2520 459 2571 aut
493 2515 976 2571 immunerabiles
1009 2515 1188 2570 simul
1225 2533 1436 2572 uxores
1465 2521 1684 2572 tenent.
1721 2517 1862 2572 Item

202 2604 523 2660 morticina
555 2608 612 2659 ct
641 2605 990 2676 sanguinem
1021 2609 1078 2661 et
1108 2607 1394 2661 suti‘ocata
1423 2621 1746 2677 carnesque
1772 2608 1866 2645 ³¹²⁴

193 2693 611 2763 jumentorum
642 2692 796 2748 licite
827 2697 1093 2749 utuntur.
1131 2693 1290 2765 (Cap.
1318 2695 1466 2764 179.)
1494 2694 1860 2749 Postremum

198 2788 299 2850 est,
325 2783 497 2854 quod
523 2781 998 2854 archiepiscopus
1024 2783 1288 2854 adprime
1310 2783 1499 2838 doluit
1525 2799 1702 2854 super
1721 2782 1864 2836 invi-

199 2871 310 2939 dia,
335 2888 531 2942 quam
557 2871 616 2924 iu
643 2871 898 2927 advenas
920 2871 1135 2927 habent
1158 2873 1270 2939 ³¹²⁵,
1295 2876 1352 2927 et
1373 2889 1488 2944 quo
1511 2872 1701 2927 adhuc
1727 2871 1862 2926 duci

198 2959 500 3016 ﬁdeliores
522 2964 691 3014 erant
721 2977 900 3032 quam
933 2960 1044 3016 sibi
1079 2965 1180 3016 aut
1204 2959 1456 3016 ecclesia:
1483 2977 1620 3017 suae.
1647 2961 1775 3015 Haec
1807 2964 1865 3016 et

195 3048 310 3103 alia
350 3047 569 3121 populi
621 3048 832 3105 delicta
878 3050 1020 3104 dum
1069 3065 1224 3121 saepe
1270 3049 1757 3121 metropolitanus
1802 3049 1863 3104 in

196 3137 456 3194 ecclesia
485 3137 904 3194 declamatario
935 3155 1206 3194 sermone
1236 3139 1362 3195 ﬁeri
1396 3139 1748 3210 prohiberet,
1781 3138 1864 3192 illi

1977 560 2272 631 praepositi
2327 577 2590 632 operum,
2648 562 2864 633 quibus
2918 562 3042 633 ipse
3075 563 3169 602 ³¹³δ
3216 561 3399 618 vicem
3451 579 3621 618 suam

1975 649 2294 716 commisit,
2325 650 2384 704 in
2417 651 2694 721 rapiendo
2725 655 2781 707 et
2809 652 3121 722 afﬂigendo
3157 653 3396 707 modum
3431 668 3622 708 exces-

1977 735 2176 793 serint.
2203 737 2635 810 Impletumque
2664 745 2752 795 est
2777 739 3140 810 vaticinium,
3175 741 3330 812 quod
3363 741 3481 797 ait:
3513 743 3620 812 Ego

1977 829 2150 882 iratus
2179 844 2299 882 sum
2315 845 2542 899 parum,
2566 830 2673 899 ipsi
2691 845 2812 885 vero
2838 829 3171 900 adjuverunt
3188 846 3275 885 me
3304 833 3361 885 in
3385 831 3620 899 malum,

1973 917 2109 971 dicit
2137 917 2405 971 Dominus
2435 919 2618 989 (Zach.
2654 937 2691 988 1,
2729 919 2836 990 15).

2043 1006 2134 1059 56.
2169 1007 2327 1078 (Cap.
2364 1007 2510 1075 181.)
2539 1007 2702 1061 Tunc
2749 1007 2930 1079 igitur
2971 1007 3190 1062 Bremte
3222 1012 3620 1064 commoratus

1975 1093 2252 1165 pontifex,
2288 1113 2422 1150 cum
2473 1095 2555 1150 nil
2584 1097 2677 1131 ³¹³⁸
2727 1096 2967 1152 haberet
3008 1096 3246 1165 residui,
3280 1097 3350 1151 de
3400 1097 3620 1168 rapinis

1977 1200 2294 1255 pauperum
2311 1185 2450 1238 vixit
2466 1190 2519 1241 et
2538 1185 2706 1241 bonis
2724 1190 3058 1241 sanctarum
3078 1185 3615 1258 congregationum.

1974 1271 2422 1343 Praeposituram
2441 1275 2721 1344 majorem
2737 1273 3014 1346 episcopii
3029 1290 3230 1329 servus
3242 1275 3368 1344 ejus
3383 1274 3619 1345 quidam

1973 1361 2223 1432 Suidgcr
2255 1364 2349 1397 3135
2381 1364 2529 1434 (752)
2578 1363 3030 1418 administravit.
3067 1365 3118 1418 Is
3149 1380 3306 1428 cum,
3337 1363 3621 1434 dispersis

1975 1450 2222 1504 fratrum
2273 1451 2463 1516 bonis,
2495 1458 2732 1524 propter
2779 1451 3166 1506 homicidium
3211 1451 3436 1506 diaconi
3469 1455 3623 1506 esset

1974 1537 2296 1609 depositus,
2340 1539 2670 1612 iterumque
2699 1540 2790 1575 3‘37
2842 1540 3171 1605 restitutus,
3225 1556 3328 1595 nec
3381 1539 3622 1595 haberet

1974 1627 2129 1697 quod
2163 1627 2441 1683 fratribus
2473 1633 2574 1683 aut
2605 1629 2844 1684 domino
2875 1629 3101 1684 servicii
3128 1629 3221 1663 ³¹³θ
3267 1628 3450 1695 daret,
3483 1645 3620 1682 con-

1973 1715 2228 1770 scientiae
2251 1721 2409 1772 metu
2434 1717 2741 1788 perculsus
2758 1719 2928 1790 (755),
2957 1717 3294 1790 aufugitm9
3313 1717 3461 1772 iram
3484 1733 3622 1789 pon-

1971 1803 2147 1860 tiﬁcis
2169 1805 2282 1860 ³1⁸0.
2305 1807 2515 1876 Sicque
2545 1807 2931 1879 praepositum
2958 1807 3018 1860 in
3050 1806 3331 1862 ditionem
3360 1805 3620 1878 episcopi

1972 1894 2225 1965 redacta,
2258 1911 2361 1965 per
2405 1894 2654 1949 vicarios
2703 1911 2811 1950 sua
2853 1898 3179 1966 quaerentes
3210 1892 3623 1950 miserabiliter

1973 1998 2038 2038 eo
2069 1984 2163 2018 3‘"
2210 1986 2469 2054 tempore
2516 1983 2733 2039 laniata
2777 1988 2884 2040 est.
2918 1981 3197 2038 Similiter
3226 1999 3329 2054 per
3355 1982 3622 2054 singulas

1975 2071 2149 2126 {iebat
2177 2073 2699 2145 congregationes;
2735 2072 3011 2144 pontifice
3041 2073 3137 2107 ³³⁵2
3186 2072 3245 2125 in
3279 2070 3622 2143 praepositos

1972 2159 2144 2230 irato,
2177 2159 2293 2215 illis
2340 2166 2535 2216 autem
2590 2161 2646 2216 in
2702 2160 2914 2233 vulgus
2961 2161 3304 2226 zelantibus,
3337 2158 3624 2232 dissipata

1973 2253 2113 2304 sunt
2139 2249 2333 2304 omnia
2373 2249 2526 2305 bona
2563 2249 2838 2306 ecclesiae.
2873 2250 3034 2319 ((25.1
3066 2249 3203 2320 Cap.
3239 2250 3386 2317 182.)
3435 2248 3621 2317 Hujus

1973 2336 2157 2393 cladis
2181 2337 2372 2394 solum
2395 2354 2599 2411 expers
2621 2344 2743 2394 erat
2763 2337 3214 2406 xenodochium,
3240 2337 3396 2408 quod
3431 2353 3465 2392 a
3494 2353 3625 2392 san.

1973 2431 2064 2483 cto
2095 2428 2380 2499 Ansgario
2413 2427 2690 2499 primitus
2721 2428 3042 2499 inceptum,
3076 2431 3275 2498 postea
3307 2426 3621 2482 succeden-

1972 2516 2121 2570 tium
2145 2521 2376 2587 patrum
2394 2517 2698 2589 diligentia
2717 2532 2904 2588 usque
2925 2517 2995 2572 ad
3021 2516 3339 2579 novissima
3360 2519 3624 2586 tempora

1971 2605 2172 2661 domni
2194 2606 2280 2641 31“
2298 2605 2599 2662 Adalberti
2623 2605 2848 2662 salvum
2878 2604 3202 2676 permansit
3222 2607 3280 2660 et
3304 2605 3618 2674 integrum.

1971 2697 2040 2748 Et
2068 2699 2210 2750 tunc
2254 2695 2492 2766 quidem
2525 2695 2863 2750 vicedomus
2881 2695 2976 2729 3‘“
3007 2699 3227 2761 noster,
3268 2693 3434 2764 quasi
3484 2692 3621 2747 ﬁde-

1972 2782 2042 2839 lis
2066 2783 2435 2855 dispensator
2454 2788 2512 2839 et
2533 2784 2886 2855 prudens,ad
2905 2782 3354 2838 custodiendum
3370 2783 3464 2817 3'“
3485 2797 3623 2853 pau-

1971 2889 2178 2945 perum
2237 2873 2589 2928 elemosinas
2649 2873 3061 2944 deputabatur.
3117 2871 3242 2926 Non
3285 2872 3383 2906 ³¹⁶⁶
3440 2870 3627 2926 audeo

1974 2961 2163 3016 dicere
2189 2965 2474 3032 quantum
2505 2965 2810 3032 peccatum
2835 2961 2910 3016 sit
2931 2959 3277 3016 defraudare
3298 2974 3622 3031 pauperum

1974 3065 2088 3115 res,
2124 3049 2278 3120 quod
2310 3049 2408 3104 alii
2440 3066 2690 3105 canones
2722 3048 3095 3121 sacrilegium
3125 3052 3355 3119 vocant,
3388 3045 3488 3102 alii
3519 3046 3624 3101 ho-

1975 3137 2277 3192 micidium
2301 3139 2448 3209 (754)
2472 3164 2486 3206 ;
2512 3139 2621 3194 hoc
2647 3144 2836 3194 solum
2864 3139 2950 3194 fas
2971 3142 3062 3194 est
3079 3138 3172 3172 3”"
3195 3153 3336 3209 pace
3359 3136 3625 3193 omnium

194 3227 637 3300 correptionem
669 3233 973 3298 paternam
1017 3227 1295 3283 derisioni
1345 3228 1558 3283 habere
1587 3228 1701 3293 3”“,
1733 3243 1860 3297 nec,
1895 3213 1936 3278 C
1976 3226 2088 3282 dici
2122 3226 2390 3292 fratrum,
2423 3227 2561 3297 quia
2607 3231 2727 3282 toto
2778 3226 3105 3298 septennio,
3137 3243 3254 3296 quo
3303 3226 3629 3298 supervixit

196 3321 259 3370 ut
288 3315 712 3372 sacerdotibus
735 3320 837 3372 aut
866 3315 1128 3372 ecclesiis
1155 3317 1247 3372 Dei
1281 3315 1461 3372 ullam
1485 3315 1864 3372 reverentiam

195 3404 516 3475 haberent,
551 3405 706 3460 ﬂecti
736 3405 1072 3477 moverique
1104 3410 1343 3478 potuere
1374 3406 1486 3461 ³¹²⁷.
1536 3406 1689 3475 ([21.]
1725 3405 1862 3475 Cap.

197 3495 340 3565 180.)
370 3493 614 3558 Quibus
637 3510 834 3548 rerum
857 3493 1053 3550 causis
1073 3493 1534 3565 impellentibus,
1554 3491 1762 3548 statuit
1785 3491 1868 3547 eis

195 3583 712 3655 archiepiscopus,
737 3587 801 3637 ut
829 3581 1046 3654 populo
1075 3583 1234 3638 duras
1260 3583 1497 3638 cervicis
1520 3599 1706 3652 neque
1737 3599 1868 3654 par-

195 3673 463 3727 cendum
514 3688 664 3740 esse,
708 3687 896 3742 neque
950 3671 1328 3740 credendum,
1380 3670 1462 3725 ita
1509 3671 1751 3725 dicens:
1808 3672 1872 3724 In

196 3761 387 3816 chamo
454 3764 506 3814 et
552 3759 715 3832 freno
764 3761 1029 3814 maxillas
1082 3775 1269 3816 eorum
1324 3760 1645 3831 constringe
1693 3759 1868 3829 (Psat.

195 3866 373 3917 χχιιι,
431 3850 487 3920 9)
520 3849 648 3916 ³¹²⁸;
702 3864 1103 3920 rursumque:
1162 3848 1394 3904 Visitabo
1447 3851 1504 3902 in
1553 3849 1712 3916 virga
1761 3849 1871 3902 ini-

198 3939 446 4009 quitates
466 3937 561 3971 ³⁸³³
589 3952 778 3992 eorum
799 3937 974 4006 (Psal.
1001 3953 1264 4002 Lxxxvm,
1287 3934 1402 4007 33),
1431 3941 1488 3991 et
1511 3935 1645 3990 alia.
1673 3937 1873 4007 Itaque

195 4033 450 4083 inventa
479 4025 806 4098 occasione,
839 4025 888 4082 si
936 4026 1070 4097 quis
1113 4042 1314 4081 eorum
1345 4023 1701 4091 offendisset,
1735 4041 1869 4080 eum

196 4133 329 4173 mox
347 4118 412 4172 in
441 4115 678 4172 vincula
692 4115 902 4187 conjici
915 4115 1381 4188 (751)jussit'“°,
1395 4118 1498 4169 aut
1515 4113 1762 4186 spoliare
1775 4115 1866 4150 3‘31

195 4207 494 4263 omnibus
525 4204 717 4274 bonis,
736 4219 1007 4261 asserens
1036 4221 1173 4260 cum
1197 4203 1318 4259 risu
1337 4203 1714 4259 atﬂictionem
1746 4220 1869 4259 cor-

194 4296 356 4365 poris
379 4294 610 4351 animaa
633 4292 868 4350 utilem:
895 4293 1153 4366 dampna
1175 4293 1485 4360 bonorum,
1500 4291 1610 4349 hoc
1632 4294 1726 4332 3'”
1743 4309 1871 4348 esse

1977 3314 2453 3386 archiepiscopus
2471 3316 2642 3384 (755),
2658 3332 2724 3369 ex
2745 3314 2845 3370 illo
2874 3316 3099 3370 famoso
3120 3319 3177 3369 ct
3199 3312 3478 3384 opulento
3498 3315 3628 3368 Bre-

1979 3404 2200 3460 mensis
2224 3403 2479 3458 ecclesiae
2500 3403 2777 3474 hospitali
2799 3402 2962 3458 nulla
2987 3419 3226 3473 prorsus
3248 3403 3386 3456 data
3405 3402 3626 3456 elemo-

1979 3495 2128 3550 sina.
2154 3493 2316 3558 Quod
2343 3509 2410 3549 ex
2430 3510 2494 3548 eo
2518 3491 2848 3548 miserabile
2877 3497 2934 3548 et
2963 3491 3354 3546 inhumanum
3378 3490 3630 3558 videtur,

1982 3583 2262 3655 quoniam
2314 3587 2371 3637 et
2418 3588 2653 3654 tempus
2691 3581 2957 3637 incubuit
2981 3582 3076 3616 ³¹⁴⁸
3126 3580 3318 3647 famis,
3353 3583 3410 3635 et
3459 3579 3630 3634 multi

1981 3688 2270 3744 pauperes
2309 3671 2368 3726 in
2402 3670 2608 3743 plateis
2633 3671 2848 3744 ubique
2879 3670 3088 3742 reperti
3113 3674 3253 3724 sunt
3282 3669 3518 3724 mortui.
3545 3668 3629 3723 Ita

1983 3761 2211 3816 intento
2235 3761 2306 3815 ad
2326 3760 2546 3816 curiam
2574 3765 2803 3832 pastore
2821 3764 3039 3827 nostro,
3056 3757 3414 3814 sanctissimi
3431 3757 3629 3812 vicarii

1983 3850 2111 3920 ejus
2141 3849 2502 3904 dominicum
2537 3849 2681 3904 ovile
2729 3852 3044 3915 vastantes,
3077 3863 3237 3902 more
3268 3846 3538 3918 luporum
3571 3845 3630 3899 in

1983 3938 2276 4010 episcopio
2307 3937 2558 4010 grassati
2590 3942 2748 4004 sunt,
2783 3937 2862 3992 ibi
2903 3936 3275 3993 solummodo
3308 3937 3632 4008 parcentes,

1986 4026 2088 4083 ubi
2120 4027 2300 4082 nichil
2335 4028 2682 4082 invenerunt
2710 4027 2862 4097 quod
2897 4030 3093 4098 posset
3123 4025 3358 4080 auferri.

2056 4117 2146 4172 57.
2181 4116 2336 4188 ([23.]
2388 4115 2526 4187 Cap.
2587 4117 2734 4185 183.)
2787 4115 3066 4171 Cerneres
3106 4115 3200 4150 3””
3256 4130 3322 4170 eo
3376 4117 3638 4185 tempore

1985 4204 2421 4261 lamentabilem
2439 4189 2658 4260 Bremaa
2675 4204 3016 4277 tragaadiam
3033 4204 3094 4260 in
3113 4203 3531 4260 afﬂictionibus
3544 4203 3639 4238 3‘50

1985 4293 2204 4348 civium
2237 4291 2610 4366 militumque
2645 4305 2726 4350 'ac
2771 4309 3132 4367 mangonum
3161 4295 3277 4364 3151,
3307 4293 3448 4350 item
3481 4291 3637 4365 quod

1570 4407 1817 4464 VARI/E
1857 4408 2162 4466 LECTION
2169 4409 2275 4465 ES.

266 4511 406 4546 καθ’
459 4506 720 4562 multum
769 4505 917 4562 deest
967 4507 1020 4562 4.
1135 4506 1232 4548 ³¹ι⁰
1273 4503 1506 4560 ancillis
1553 4507 1604 4560 4.

197 4581 249 4636 3.
282 4583 340 4636 4.
472 4580 569 4619 ³¹¹³
598 4583 959 4634 coerceretur
1009 4579 1056 4632 1.
1111 4578 1449 4634 cohercetur
1492 4577 1546 4630 2.

276 4669 390 4708 nos
424 4651 483 4706 3.
583 4650 681 4686 ³1³⁸
713 4648 1068 4704 macularint
1100 4651 1149 4704 1.

221 4720 402 4779 orum
437 4724 494 4777 3.
613 4722 710 4757 ³¹²³
737 4720 896 4776 enim
930 4721 1088 4776 addit
1117 4722 1172 4774 4.

199 5011 514 5065 viantibus
545 5010 600 5063 5.
698 5006 794 5042 3139
825 5005 1062 5078 propter
1094 5005 1260 5078 addit
1310 5006 1362 5058 3.
1460 5006 1554 5078 3N9

1718 4509 1813 4544 ³¹¹¹
1860 4507 2161 4562 fructuum
2211 4507 2358 4562 deest
2411 4507 2466 4561 5.
2520 4507 2744 4561 fructus
2802 4505 3138 4561 reddituum
3191 4505 3243 4558 1.
3279 4504 3373 4546 3'19
3429 4501 3640 4558 fuisset

1718 4579 1757 4620 ιι
1785 4577 1927 4632 deest
1967 4579 2020 4632 4.
2133 4578 2229 4614 3”“
2259 4577 2630 4632 abominatus
2666 4578 2721 4631 2.
2760 4578 2814 4631 3.
2927 4577 3022 4612 ⁸11⁸
3053 4575 3228 4630 fuerit
3255 4575 3305 4628 4.
3419 4574 3510 4611 3”"
3545 4590 3640 4632 pa-

1662 4579 1757 4620 ³¹¹⁴
1785 4579 1927 4633 deest
1967 4579 2020 4632 4.

1245 4651 1342 4685 ³119
1372 4647 1977 4720 fornicationibusque
1999 4652 2055 4704 2.
2088 4649 2143 4703 3.
2178 4651 2229 4704 4.
2307 4650 2403 4684 319°
2434 4648 2744 4720 polluerint
2774 4649 2824 4702 4.
2902 4648 2996 4684 3““
3033 4647 3348 4720 laudem_5.

1372 4666 1977 4720 10rn1cauoninusque
1999 4666 2055 4704 κ.
2088 4666 2143 4703 3.
2178 4666 2229 4704 4.
2307 4666 2468 4773 munp

1283 4721 1376 4760 ³¹²⁴
1410 4719 1746 4791 morticinis
1785 4724 1842 4775 et
1891 4720 2180 4791 sanguine
2220 4725 2277 4774 et
2326 4737 2394 4775 su
2443 4737 2468 4774 ο

203 4798 302 4831 ²¹²⁶
333 4796 613 4850 habuere
643 4794 696 4848 3.
731 4791 1016 4848 habentes
1049 4793 1100 4846 4.
1178 4793 1273 4826 3‘27
1305 4807 1406 4846 nec
1448 4789 1849 4846 sacerdotibus
1889 4789 2093 4846 nec'e.
2146 4792 2212 4846 D.
2256 4808 2314 4845 u.
2358 4807 2405 4844 r.
2443 4789 2802 4857 exhibentes,
2846 4791 2883 4842 f.
2929 4806 3006 4842 m.

203 4868 299 4902 ²¹²⁸
332 4865 756 4936 constringam
791 4865 844 4917 3.
898 4865 1019 4936 73‘”
1050 4861 1556 4936 iniquitatem_3.__
1583 4863 1680 4936 τξξδίξ
1706 4863 1965 4936 precepit
1992 4864 2046 4936 5.
2127 4863 2220 4936 mf
2254 4859 2489 4936 spoliari
2522 4863 2574 4913 2.
2623 4862 2703 4936 3._
2731 4862 2782 4914 4.

202 4939 298 4974 ²¹³³
330 4943 432 4994 est
462 4929 692 4991 deest'3.
771 4936 865 4974 ³¹³⁴
894 4935 1020 5006 ipse
1048 4929 1193 4990 deest
1225 4936 1276 4988 4.
1354 4934 1448 4974 ³1³⁵
1479 4932 1625 4988 nihil
1656 4929 1741 5006 3.'_
1765 4929 2157 5006 7'135'Siudger
2194 4934 2246 4986 3.
2286 4929 2638 5006 'Swidgerus
2679 4934 2732 4987 2.
2810 4929 2904 5006 3137

1585 5004 1877 5076 pontificis
1925 5004 2080 5061 deest
2125 5009 2202 5060 M.
2257 5008 2320 5060 F.

2927 4577 3022 4612 ⁸11⁸
3053 4575 3228 4630 fuerit
3255 4575 3305 4628 4.
3419 4574 3510 4611 3”"
3545 4590 3641 4642 pa-

3443 4644 3540 4686 3122
3571 4643 3641 4698 i1_

2133 4578 2229 4614 3”"
2259 4577 2630 4634 abominatus
2666 4578 2721 4631 2.
2760 4578 2814 4631 3.

3141 4717 3233 4752 ωδ
3263 4715 3554 4770 habebant
3585 4717 3638 4770 3.

3063 4805 3120 4858 q.
3169 4787 3558 4858 nequiverunt
3589 4787 3640 4840 4.

2861 4861 2954 4898 ³¹³²
2985 4857 3097 4915 hoc
3143 4857 3287 4914 deest
3336 4859 3387 4912 3.
3440 4857 3547 4912 hec
3585 4860 3638 4912 2.

2443 4719 2623 4774 ocatis
2654 4734 2862 4788 carneq
2875 4733 2943 4772 ue
2973 4720 3026 4772 3.

2936 4948 3049 5002 que
3089 4931 3230 4986 deest
3260 4931 3313 4986 3.
3391 4930 3491 5002 διξεί
3517 4945 3641 4984 ser-

2419 5001 2510 5038 am
2546 5002 2672 5073 ipso
2720 5006 2774 5057 2.
2829 5003 2882 5057 3.
2937 5001 2987 5059 4.
3082 5004 3177 5039 ⁸¹⁴²
3204 5018 3340 5075 ergo
3384 5001 3641 5075 addit}.

201 5083 302 5118 ³ι⁴³
326 5079 548 5136 domni
589 5079 736 5134 deest
781 5071 843 5132 5:
880 5071 1104 5133 domini
1131 5079 1183 5132 3.
1261 5078 1356 5118 31“
1383 5071 1786 5132 vicedoininus
1817 5079 1871 5133 3.
1904 5079 1956 5133 5.
1998 5092 2237 5148 semper.
2309 5074 2402 5148 W5
2433 5071 2847 5148 custodiendas
2877 5078 2930 5128 2.
2964 5076 3018 5128 3.
3052 5075 3103 5129 4.
3183 5071 3458 5148 SH“enim
3491 5071 3644 5128 addit

199 5155 253 5209 4.
333 5153 441 5198 ιιιτ
476 5151 555 5207 sit
578 5153 633 5206 2.
666 5152 719 5206 3.
755 5150 806 5205 4.
883 5151 980 5186 ³¹⁴⁸
1009 5148 1296 5205 incumbit
1327 5150 1378 5203 4.

199 5230 334 5282 tum
367 5226 433 5279 3.
468 5224 524 5278 5.

1456 5149 1560 5184 3””
1590 5165 1835 5205 cernens
1868 5151 1917 5204 1.
1994 5149 2090 5184 ³¹⁵⁰
2114 5147 2441 5220 afflictione
2461 5150 2515 5201 2.
2539 5148 2592 5200 3.
2629 5147 2678 5200 4.

2757 5147 2846 5181 ³¹⁵ί
2881 5163 3281 5220 manguonum
3311 5147 3366 5202 2.
3399 5161 3641 5217 magna-

1822 5308 2052 5365 NOTAE.

271 5402 445 5472 (7‘50)
478 5397 621 5472 Bell.
649 5397 925 5472 Jugurth.
960 5414 1010 5472 c.
1040 5398 1132 5454 87.

273 5467 539 5551 (751)1p
587 5467 813 5551 Vincﬂa
858 5471 1144 5543 conjicere.
1187 5469 1429 5527 Sallust.
1462 5467 1631 5525 Catil.
1683 5484 1734 5523 c.
1782 5469 1870 5524 38.

201 5543 292 5602 Ita
327 5549 395 5599 et
429 5543 582 5596 infra
624 5559 675 5596 c.
714 5544 806 5598 57.

275 5616 452 5686 (752)
485 5614 854 5686 Suidgerum,
897 5613 1243 5671 canonicum
1302 5614 1692 5686 Bremensem,
1720 5609 1878 5686 inter

199 5682 401 5745 testes
434 5684 502 5740 in
529 5682 729 5744 charta
758 5682 1053 5744 Adalberti
1102 5703 1155 5742 a.
1208 5687 1365 5760 1053,
1405 5685 1562 5756 Sept.
1595 5685 1684 5756 29,
1717 5682 1872 5740 inve-

1985 5396 2184 5452 nimus
2211 5413 2224 5464 ;
2258 5411 2312 5449 v.
2347 5393 2670 5466 Hamburg.
2703 5394 3204 5466 Urkundenbuch,
3235 5411 3296 5449 n.
3326 5394 3424 5448 76.

2057 5469 2208 5542 (753)
2235 5467 2530 5542 [{erculsus
2549 5465 2971 5542 raetiiﬁallust.
2988 5466 3267 5542 Jugurth.
3291 5483 3415 5539 cap.
3433 5466 3521 5539 36,
3540 5466 3633 5521 54.

2055 5536 2205 5609 (754)
2234 5538 2301 5592 V.
2335 5537 2566 5592 Archiv.
2602 5541 2644 5591 t.
2670 5536 2781 5609 _Vl,
2811 5555 2866 5609 p.
2900 5540 3027 5592 80'1.

2057 5607 2205 5683 (755)
2235 5611 2325 5665 Sc.
2351 5613 2485 5682 post
2513 5607 2913 5682 expulsionem
2947 5627 2978 5668 e
3007 5611 3191 5681 curia,
3214 5610 3371 5682 1066,
3392 5609 3524 5664 Jan.
3560 5607 3629 5660 V.

1985 5699 2164 5756 supra
2194 5698 2320 5755 cap.
2362 5684 2454 5739 46.
