  <div class='ocr_page' id='page_1' title='image "/cluster/home/n/w/nwhite01/storage/ocr_20150623/146/hvd.32044054760053/342.png"; bbox 0 0 4004 6170; ppageno 0'>
   <div class='ocr_carea' id='block_1_1' title="bbox 221 318 335 379">
    <p class='ocr_par' dir='ltr' id='par_1_1' title="bbox 221 318 335 379">
     <span class='ocr_line' id='line_1_1' title="bbox 221 318 335 379; baseline -0.035 1"><span class='ocrx_word' id='word_1_1' title='bbox 221 318 335 379; x_wconf 80' lang='grc' dir='ltr'>6Ἰ3</span> 
     </span>
    </p>
   </div>
   <div class='ocr_carea' id='block_1_2' title="bbox 1809 313 2015 376">
    <p class='ocr_par' dir='ltr' id='par_1_2' title="bbox 1809 313 2015 376">
     <span class='ocr_line' id='line_1_2' title="bbox 1809 313 2015 376; baseline -0.015 0"><span class='ocrx_word' id='word_1_2' title='bbox 1809 313 2015 376; x_wconf 81' lang='lat' dir='ltr'>Vl&#39;l‘A.</span> 
     </span>
    </p>
   </div>
   <div class='ocr_carea' id='block_1_3' title="bbox 3495 326 3615 384">
    <p class='ocr_par' dir='ltr' id='par_1_3' title="bbox 3495 326 3615 384">
     <span class='ocr_line' id='line_1_3' title="bbox 3495 326 3615 384; baseline 0.017 -2"><span class='ocrx_word' id='word_1_3' title='bbox 3495 326 3615 384; x_wconf 74' lang='lat'>6&#39;74</span> 
     </span>
    </p>
   </div>
   <div class='ocr_carea' id='block_1_4' title="bbox 223 445 3612 528">
    <p class='ocr_par' dir='ltr' id='par_1_4' title="bbox 223 445 3612 528">
     <span class='ocr_line' id='line_1_4' title="bbox 223 445 3612 528; baseline 0.002 -24"><span class='ocrx_word' id='word_1_4' title='bbox 223 451 291 505; x_wconf 84' lang='lat' dir='ltr'>Et</span> <span class='ocrx_word' id='word_1_5' title='bbox 319 446 454 520; x_wconf 90' lang='lat' dir='ltr'>quid</span> <span class='ocrx_word' id='word_1_6' title='bbox 485 445 704 501; x_wconf 89' lang='lat' dir='ltr'>mirum</span> <span class='ocrx_word' id='word_1_7' title='bbox 735 446 784 502; x_wconf 91' lang='lat' dir='ltr'>si</span> <span class='ocrx_word' id='word_1_8' title='bbox 816 447 1196 520; x_wconf 85' lang='lat' dir='ltr'>Omnipotens</span> <span class='ocrx_word' id='word_1_9' title='bbox 1227 446 1339 503; x_wconf 87' lang='lat' dir='ltr'>sibi</span> <span class='ocrx_word' id='word_1_10' title='bbox 1387 446 1730 518; x_wconf 86' lang='lat' dir='ltr'>hujusmodi</span> <span class='ocrx_word' id='word_1_11' title='bbox 1766 464 1854 503; x_wconf 90' lang='lat' dir='ltr'>re-</span> <span class='ocrx_word' id='word_1_12' title='bbox 1886 449 1943 515; x_wconf 76' lang='grc' dir='ltr'><strong>Α</strong></span> <span class='ocrx_word' id='word_1_13' title='bbox 1971 452 2146 503; x_wconf 84' lang='lat' dir='ltr'>tatem</span> <span class='ocrx_word' id='word_1_14' title='bbox 2178 463 2280 518; x_wconf 89' lang='lat' dir='ltr'>per</span> <span class='ocrx_word' id='word_1_15' title='bbox 2307 454 2475 506; x_wconf 90' lang='lat' dir='ltr'>notos</span> <span class='ocrx_word' id='word_1_16' title='bbox 2507 455 2563 507; x_wconf 92' lang='lat' dir='ltr'>et</span> <span class='ocrx_word' id='word_1_17' title='bbox 2592 453 2812 508; x_wconf 90' lang='lat' dir='ltr'>amicos</span> <span class='ocrx_word' id='word_1_18' title='bbox 2843 453 3152 528; x_wconf 83' lang='lat' dir='ltr'>diligenter</span> <span class='ocrx_word' id='word_1_19' title='bbox 3180 454 3444 527; x_wconf 82' lang='lat' dir='ltr'>inquirit,</span> <span class='ocrx_word' id='word_1_20' title='bbox 3471 457 3612 528; x_wconf 91' lang='lat' dir='ltr'>quid</span> 
     </span>
    </p>
   </div>
   <div class='ocr_carea' id='block_1_5' title="bbox 219 535 1862 608">
    <p class='ocr_par' dir='ltr' id='par_1_5' title="bbox 219 535 1862 608">
     <span class='ocr_line' id='line_1_5' title="bbox 219 535 1862 608; baseline -0.002 -14"><span class='ocrx_word' id='word_1_21' title='bbox 219 537 532 595; x_wconf 88' lang='lat' dir='ltr'>verentiam</span> <span class='ocrx_word' id='word_1_22' title='bbox 565 552 666 606; x_wconf 90' lang='lat' dir='ltr'>per</span> <span class='ocrx_word' id='word_1_23' title='bbox 697 535 1013 608; x_wconf 84' lang='lat' dir='ltr'>imaginem</span> <span class='ocrx_word' id='word_1_24' title='bbox 1072 553 1189 591; x_wconf 64' lang='lat' dir='ltr'>suis</span> <span class='ocrx_word' id='word_1_25' title='bbox 1253 536 1446 591; x_wconf 89' lang='lat' dir='ltr'>crucis</span> <span class='ocrx_word' id='word_1_26' title='bbox 1507 541 1646 591; x_wconf 89' lang='lat' dir='ltr'>tunc</span> <span class='ocrx_word' id='word_1_27' title='bbox 1677 537 1862 591; x_wconf 86' lang='lat' dir='ltr'>voluit</span> 
     </span>
    </p>
   </div>
   <div class='ocr_carea' id='block_1_6' title="bbox 217 625 1859 696">
    <p class='ocr_par' dir='ltr' id='par_1_6' title="bbox 217 625 1859 696">
     <span class='ocr_line' id='line_1_6' title="bbox 217 625 1859 696; baseline -0.002 -13"><span class='ocrx_word' id='word_1_28' title='bbox 217 625 489 695; x_wconf 80' lang='lat' dir='ltr'>exhiberi,</span> <span class='ocrx_word' id='word_1_29' title='bbox 521 640 695 696; x_wconf 87' lang='lat' dir='ltr'>quem</span> <span class='ocrx_word' id='word_1_30' title='bbox 730 641 836 680; x_wconf 91' lang='lat' dir='ltr'>suo</span> <span class='ocrx_word' id='word_1_31' title='bbox 867 625 1061 680; x_wconf 85' lang='lat' dir='ltr'>timori</span> <span class='ocrx_word' id='word_1_32' title='bbox 1096 625 1421 693; x_wconf 87' lang='lat' dir='ltr'>subditum,</span> <span class='ocrx_word' id='word_1_33' title='bbox 1447 625 1727 696; x_wconf 89' lang='lat' dir='ltr'>obsequio</span> <span class='ocrx_word' id='word_1_34' title='bbox 1756 626 1859 680; x_wconf 91' lang='lat' dir='ltr'>de-</span> 
     </span>
    </p>
   </div>
   <div class='ocr_carea' id='block_1_7' title="bbox 217 713 1861 785">
    <p class='ocr_par' dir='ltr' id='par_1_7' title="bbox 217 713 1861 785">
     <span class='ocr_line' id='line_1_7' title="bbox 217 713 1861 785; baseline -0.002 -15"><span class='ocrx_word' id='word_1_35' title='bbox 217 715 422 781; x_wconf 90' lang='lat' dir='ltr'>ditum,</span> <span class='ocrx_word' id='word_1_36' title='bbox 454 713 610 770; x_wconf 88' lang='lat' dir='ltr'>circa</span> <span class='ocrx_word' id='word_1_37' title='bbox 639 713 971 785; x_wconf 85' lang='lat' dir='ltr'>proximum</span> <span class='ocrx_word' id='word_1_38' title='bbox 1001 714 1321 770; x_wconf 83' lang='lat' dir='ltr'>visceribus</span> <span class='ocrx_word' id='word_1_39' title='bbox 1354 713 1656 770; x_wconf 88' lang='lat' dir='ltr'>charitatis</span> <span class='ocrx_word' id='word_1_40' title='bbox 1690 714 1861 768; x_wconf 88' lang='lat' dir='ltr'>undi-</span> 
     </span>
    </p>
   </div>
   <div class='ocr_carea' id='block_1_8' title="bbox 217 802 1859 877">
    <p class='ocr_par' dir='ltr' id='par_1_8' title="bbox 217 802 1859 877">
     <span class='ocr_line' id='line_1_8' title="bbox 217 802 1859 877; baseline -0.002 -17"><span class='ocrx_word' id='word_1_41' title='bbox 217 821 325 877; x_wconf 90' lang='lat' dir='ltr'>que</span> <span class='ocrx_word' id='word_1_42' title='bbox 356 802 600 875; x_wconf 90' lang='lat' dir='ltr'>plenum</span> <span class='ocrx_word' id='word_1_43' title='bbox 629 802 821 857; x_wconf 88' lang='lat' dir='ltr'>vidit?</span> <span class='ocrx_word' id='word_1_44' title='bbox 852 804 982 874; x_wconf 90' lang='lat' dir='ltr'>Ipse</span> <span class='ocrx_word' id='word_1_45' title='bbox 1015 820 1077 858; x_wconf 88' lang='lat' dir='ltr'>se</span> <span class='ocrx_word' id='word_1_46' title='bbox 1109 808 1375 859; x_wconf 85' lang='lat' dir='ltr'>amantes</span> <span class='ocrx_word' id='word_1_47' title='bbox 1402 807 1581 871; x_wconf 90' lang='lat' dir='ltr'>amat,</span> <span class='ocrx_word' id='word_1_48' title='bbox 1605 803 1859 858; x_wconf 90' lang='lat' dir='ltr'>servien-</span> 
     </span>
    </p>
   </div>
   <div class='ocr_carea' id='block_1_9' title="bbox 216 891 1866 965">
    <p class='ocr_par' dir='ltr' id='par_1_9' title="bbox 216 891 1866 965">
     <span class='ocr_line' id='line_1_9' title="bbox 216 891 1866 965; baseline -0.002 -16"><span class='ocrx_word' id='word_1_49' title='bbox 216 899 298 950; x_wconf 84' lang='lat' dir='ltr'>tes</span> <span class='ocrx_word' id='word_1_50' title='bbox 327 895 688 959; x_wconf 87' lang='lat' dir='ltr'>remunerat,</span> <span class='ocrx_word' id='word_1_51' title='bbox 739 907 919 963; x_wconf 87' lang='lat' dir='ltr'>seque</span> <span class='ocrx_word' id='word_1_52' title='bbox 967 892 1360 964; x_wconf 89' lang='lat' dir='ltr'>gloriﬁcantes</span> <span class='ocrx_word' id='word_1_53' title='bbox 1408 891 1712 965; x_wconf 86' lang='lat' dir='ltr'>gloriﬁcat.</span> <span class='ocrx_word' id='word_1_54' title='bbox 1764 893 1866 946; x_wconf 86' lang='lat' dir='ltr'>Ea-</span> 
     </span>
    </p>
   </div>
   <div class='ocr_carea' id='block_1_10' title="bbox 218 979 1862 1052">
    <p class='ocr_par' dir='ltr' id='par_1_10' title="bbox 218 979 1862 1052">
     <span class='ocr_line' id='line_1_10' title="bbox 218 979 1862 1052; baseline -0.002 -13"><span class='ocrx_word' id='word_1_55' title='bbox 218 984 348 1039; x_wconf 90' lang='lat' dir='ltr'>dem</span> <span class='ocrx_word' id='word_1_56' title='bbox 379 997 515 1037; x_wconf 87' lang='lat' dir='ltr'>vero</span> <span class='ocrx_word' id='word_1_57' title='bbox 545 996 686 1036; x_wconf 82' lang='lat' dir='ltr'>crux</span> <span class='ocrx_word' id='word_1_58' title='bbox 716 997 820 1052; x_wconf 93' lang='lat' dir='ltr'>pro</span> <span class='ocrx_word' id='word_1_59' title='bbox 879 980 1093 1036; x_wconf 91' lang='lat' dir='ltr'>indicio</span> <span class='ocrx_word' id='word_1_60' title='bbox 1151 982 1298 1036; x_wconf 90' lang='lat' dir='ltr'>tanti</span> <span class='ocrx_word' id='word_1_61' title='bbox 1358 979 1625 1036; x_wconf 84' lang='lat' dir='ltr'>miraculi</span> <span class='ocrx_word' id='word_1_62' title='bbox 1655 980 1713 1034; x_wconf 90' lang='lat' dir='ltr'>in</span> <span class='ocrx_word' id='word_1_63' title='bbox 1749 997 1862 1035; x_wconf 81' lang='lat' dir='ltr'>mo-</span> 
     </span>
    </p>
   </div>
   <div class='ocr_carea' id='block_1_11' title="bbox 222 1069 1866 1143">
    <p class='ocr_par' dir='ltr' id='par_1_11' title="bbox 222 1069 1866 1143">
     <span class='ocr_line' id='line_1_11' title="bbox 222 1069 1866 1143; baseline -0.002 -15"><span class='ocrx_word' id='word_1_64' title='bbox 222 1070 484 1128; x_wconf 78' lang='lat' dir='ltr'>nasterio</span> <span class='ocrx_word' id='word_1_65' title='bbox 501 1069 698 1126; x_wconf 85' lang='lat' dir='ltr'>Sancti</span> <span class='ocrx_word' id='word_1_66' title='bbox 731 1069 991 1126; x_wconf 87' lang='lat' dir='ltr'>Miniatis</span> <span class='ocrx_word' id='word_1_67' title='bbox 1022 1087 1178 1126; x_wconf 91' lang='lat' dir='ltr'>nunc</span> <span class='ocrx_word' id='word_1_68' title='bbox 1209 1071 1288 1143; x_wconf 88' lang='grc'>(1)</span> <span class='ocrx_word' id='word_1_69' title='bbox 1319 1087 1507 1142; x_wconf 90' lang='lat' dir='ltr'>usque</span> <span class='ocrx_word' id='word_1_70' title='bbox 1537 1070 1647 1125; x_wconf 89' lang='lat' dir='ltr'>sub</span> <span class='ocrx_word' id='word_1_71' title='bbox 1679 1069 1866 1125; x_wconf 90' lang='lat' dir='ltr'>multa</span> 
     </span>
    </p>
   </div>
   <div class='ocr_carea' id='block_1_12' title="bbox 217 1160 958 1220">
    <p class='ocr_par' dir='ltr' id='par_1_12' title="bbox 217 1160 958 1220">
     <span class='ocr_line' id='line_1_12' title="bbox 217 1160 958 1220; baseline 0.005 -4"><span class='ocrx_word' id='word_1_72' title='bbox 217 1160 448 1217; x_wconf 88' lang='lat' dir='ltr'>cautela</span> <span class='ocrx_word' id='word_1_73' title='bbox 475 1164 759 1217; x_wconf 77' lang='lat' dir='ltr'>servatur.</span> <span class='ocrx_word' id='word_1_74' title='bbox 955 1215 958 1220; x_wconf 93' lang='lat'>.</span> 
     </span>
    </p>
   </div>
   <div class='ocr_carea' id='block_1_13' title="bbox 862 1247 1220 1303">
    <p class='ocr_par' dir='ltr' id='par_1_13' title="bbox 862 1247 1220 1303">
     <span class='ocr_line' id='line_1_13' title="bbox 862 1247 1220 1303; baseline -0.003 0"><span class='ocrx_word' id='word_1_75' title='bbox 862 1247 1093 1303; x_wconf 82' lang='lat' dir='ltr'>CAPUT</span> <span class='ocrx_word' id='word_1_76' title='bbox 1125 1248 1220 1303; x_wconf 89' lang='lat' dir='ltr'>IV.</span> 
     </span>
    </p>
   </div>
   <div class='ocr_carea' id='block_1_14' title="bbox 291 1337 1862 1404">
    <p class='ocr_par' dir='ltr' id='par_1_14' title="bbox 291 1337 1862 1404">
     <span class='ocr_line' id='line_1_14' title="bbox 291 1337 1862 1404; baseline -0.001 -10"><span class='ocrx_word' id='word_1_77' title='bbox 291 1337 575 1394; x_wconf 85' lang='lat' dir='ltr'>Famulus</span> <span class='ocrx_word' id='word_1_78' title='bbox 608 1341 802 1392; x_wconf 87' lang='lat' dir='ltr'>autem</span> <span class='ocrx_word' id='word_1_79' title='bbox 834 1337 1067 1392; x_wconf 88' lang='lat' dir='ltr'>Domini</span> <span class='ocrx_word' id='word_1_80' title='bbox 1099 1337 1207 1392; x_wconf 89' lang='lat' dir='ltr'>hoc</span> <span class='ocrx_word' id='word_1_81' title='bbox 1257 1337 1483 1404; x_wconf 89' lang='lat' dir='ltr'>videns,</span> <span class='ocrx_word' id='word_1_82' title='bbox 1517 1337 1862 1402; x_wconf 82' lang='lat' dir='ltr'>admiratus,</span> 
     </span>
    </p>
   </div>
   <div class='ocr_carea' id='block_1_15' title="bbox 217 1426 1868 1499">
    <p class='ocr_par' dir='ltr' id='par_1_15' title="bbox 217 1426 1868 1499">
     <span class='ocr_line' id='line_1_15' title="bbox 217 1426 1868 1499; baseline -0.001 -15"><span class='ocrx_word' id='word_1_83' title='bbox 217 1432 270 1485; x_wconf 91' lang='lat' dir='ltr'>et</span> <span class='ocrx_word' id='word_1_84' title='bbox 299 1428 484 1483; x_wconf 91' lang='lat' dir='ltr'>nimis</span> <span class='ocrx_word' id='word_1_85' title='bbox 513 1427 760 1498; x_wconf 85' lang='lat' dir='ltr'>pavidus</span> <span class='ocrx_word' id='word_1_86' title='bbox 789 1426 995 1493; x_wconf 84' lang='lat' dir='ltr'>factus,</span> <span class='ocrx_word' id='word_1_87' title='bbox 1020 1426 1192 1498; x_wconf 69' lang='lat' dir='ltr'>erepit</span> <span class='ocrx_word' id='word_1_88' title='bbox 1221 1441 1421 1482; x_wconf 89' lang='lat' dir='ltr'>secum</span> <span class='ocrx_word' id='word_1_89' title='bbox 1453 1427 1706 1499; x_wconf 84' lang='lat' dir='ltr'>cogitare</span> <span class='ocrx_word' id='word_1_90' title='bbox 1729 1443 1868 1498; x_wconf 90' lang='lat' dir='ltr'>quo-</span> 
     </span>
    </p>
   </div>
   <div class='ocr_carea' id='block_1_16' title="bbox 217 1515 1867 1588">
    <p class='ocr_par' dir='ltr' id='par_1_16' title="bbox 217 1515 1867 1588">
     <span class='ocr_line' id='line_1_16' title="bbox 217 1515 1867 1588; baseline -0.001 -16"><span class='ocrx_word' id='word_1_91' title='bbox 217 1517 394 1572; x_wconf 89' lang='lat' dir='ltr'>modo</span> <span class='ocrx_word' id='word_1_92' title='bbox 427 1518 626 1588; x_wconf 88' lang='lat' dir='ltr'>posset</span> <span class='ocrx_word' id='word_1_93' title='bbox 647 1515 860 1570; x_wconf 89' lang='lat' dir='ltr'>melius</span> <span class='ocrx_word' id='word_1_94' title='bbox 881 1515 997 1570; x_wconf 92' lang='lat' dir='ltr'>Deo</span> <span class='ocrx_word' id='word_1_95' title='bbox 1019 1515 1256 1582; x_wconf 85' lang='lat' dir='ltr'>servire,</span> <span class='ocrx_word' id='word_1_96' title='bbox 1281 1517 1524 1572; x_wconf 89' lang='lat' dir='ltr'>credens</span> <span class='ocrx_word' id='word_1_97' title='bbox 1551 1521 1609 1572; x_wconf 90' lang='lat' dir='ltr'>et</span> <span class='ocrx_word' id='word_1_98' title='bbox 1653 1516 1712 1572; x_wconf 93' lang='lat' dir='ltr'>in</span> <span class='ocrx_word' id='word_1_99' title='bbox 1747 1517 1867 1571; x_wconf 90' lang='lat' dir='ltr'>ani-</span> 
     </span>
    </p>
   </div>
   <div class='ocr_carea' id='block_1_17' title="bbox 219 1603 1868 1676">
    <p class='ocr_par' dir='ltr' id='par_1_17' title="bbox 219 1603 1868 1676">
     <span class='ocr_line' id='line_1_17' title="bbox 219 1603 1868 1676; baseline 0 -16"><span class='ocrx_word' id='word_1_100' title='bbox 219 1621 310 1661; x_wconf 88' lang='lat' dir='ltr'>mo</span> <span class='ocrx_word' id='word_1_101' title='bbox 345 1620 455 1660; x_wconf 88' lang='lat' dir='ltr'>suo</span> <span class='ocrx_word' id='word_1_102' title='bbox 487 1604 702 1676; x_wconf 71' lang='lat' dir='ltr'>saapius</span> <span class='ocrx_word' id='word_1_103' title='bbox 733 1603 1005 1660; x_wconf 86' lang='lat' dir='ltr'>evolvens</span> <span class='ocrx_word' id='word_1_104' title='bbox 1037 1608 1259 1675; x_wconf 89' lang='lat' dir='ltr'>quanta</span> <span class='ocrx_word' id='word_1_105' title='bbox 1283 1605 1430 1660; x_wconf 87' lang='lat' dir='ltr'>foret</span> <span class='ocrx_word' id='word_1_106' title='bbox 1459 1606 1697 1676; x_wconf 72' lang='lat' dir='ltr'>praemia</span> <span class='ocrx_word' id='word_1_107' title='bbox 1717 1621 1868 1660; x_wconf 84' lang='lat' dir='ltr'>rece-</span> 
     </span>
    </p>
   </div>
   <div class='ocr_carea' id='block_1_18' title="bbox 216 1691 1866 1767">
    <p class='ocr_par' dir='ltr' id='par_1_18' title="bbox 216 1691 1866 1767">
     <span class='ocr_line' id='line_1_18' title="bbox 216 1691 1866 1767; baseline -0.002 -17"><span class='ocrx_word' id='word_1_108' title='bbox 216 1701 427 1767; x_wconf 87' lang='lat' dir='ltr'>pturus</span> <span class='ocrx_word' id='word_1_109' title='bbox 459 1693 520 1748; x_wconf 88' lang='lat' dir='ltr'>in</span> <span class='ocrx_word' id='word_1_110' title='bbox 549 1691 714 1760; x_wconf 74' lang='lat' dir='ltr'>ecslo,</span> <span class='ocrx_word' id='word_1_111' title='bbox 747 1692 795 1748; x_wconf 90' lang='lat' dir='ltr'>si</span> <span class='ocrx_word' id='word_1_112' title='bbox 827 1691 1074 1747; x_wconf 88' lang='lat' dir='ltr'>Domino</span> <span class='ocrx_word' id='word_1_113' title='bbox 1105 1709 1210 1765; x_wconf 92' lang='lat' dir='ltr'>pro</span> <span class='ocrx_word' id='word_1_114' title='bbox 1255 1693 1478 1748; x_wconf 90' lang='lat' dir='ltr'>viribus</span> <span class='ocrx_word' id='word_1_115' title='bbox 1531 1694 1866 1763; x_wconf 88' lang='lat' dir='ltr'>deserviret,</span> 
     </span>
    </p>
   </div>
   <div class='ocr_carea' id='block_1_19' title="bbox 217 1781 1945 1884">
    <p class='ocr_par' dir='ltr' id='par_1_19' title="bbox 217 1781 1945 1884">
     <span class='ocr_line' id='line_1_19' title="bbox 217 1781 1945 1884; baseline -0.001 -45"><span class='ocrx_word' id='word_1_116' title='bbox 217 1783 313 1856; x_wconf 86' lang='lat' dir='ltr'>qui</span> <span class='ocrx_word' id='word_1_117' title='bbox 366 1787 600 1837; x_wconf 88' lang='lat' dir='ltr'>tantum</span> <span class='ocrx_word' id='word_1_118' title='bbox 659 1786 900 1853; x_wconf 86' lang='lat' dir='ltr'>tamque</span> <span class='ocrx_word' id='word_1_119' title='bbox 948 1781 1292 1881; x_wconf 62' lang='lat' dir='ltr'>praeclarum</span> <span class='ocrx_word' id='word_1_120' title='bbox 1362 1782 1713 1838; x_wconf 83' lang='lat' dir='ltr'>miraculum</span> <span class='ocrx_word' id='word_1_121' title='bbox 1761 1799 1866 1854; x_wconf 91' lang='lat' dir='ltr'>pro</span> <span class='ocrx_word' id='word_1_122' title='bbox 1895 1819 1945 1884; x_wconf 80' lang='grc' dir='ltr'>Β</span> 
     </span>
    </p>
   </div>
   <div class='ocr_carea' id='block_1_20' title="bbox 216 1869 1865 1945">
    <p class='ocr_par' dir='ltr' id='par_1_20' title="bbox 216 1869 1865 1945">
     <span class='ocr_line' id='line_1_20' title="bbox 216 1869 1865 1945; baseline -0.001 -18"><span class='ocrx_word' id='word_1_123' title='bbox 216 1888 394 1945; x_wconf 71' lang='lat' dir='ltr'>parvo</span> <span class='ocrx_word' id='word_1_124' title='bbox 425 1870 728 1941; x_wconf 89' lang='lat' dir='ltr'>obsequio,</span> <span class='ocrx_word' id='word_1_125' title='bbox 751 1870 905 1925; x_wconf 88' lang='lat' dir='ltr'>sicut</span> <span class='ocrx_word' id='word_1_126' title='bbox 933 1870 985 1926; x_wconf 92' lang='lat' dir='ltr'>ei</span> <span class='ocrx_word' id='word_1_127' title='bbox 1014 1869 1340 1936; x_wconf 87' lang='lat' dir='ltr'>videbatur,</span> <span class='ocrx_word' id='word_1_128' title='bbox 1372 1871 1720 1942; x_wconf 87' lang='lat' dir='ltr'>apparuisse</span> <span class='ocrx_word' id='word_1_129' title='bbox 1766 1888 1865 1926; x_wconf 92' lang='lat' dir='ltr'>co-</span> 
     </span>
    </p>
   </div>
   <div class='ocr_carea' id='block_1_21' title="bbox 216 1959 1864 2034">
    <p class='ocr_par' dir='ltr' id='par_1_21' title="bbox 216 1959 1864 2034">
     <span class='ocr_line' id='line_1_21' title="bbox 216 1959 1864 2034; baseline -0.002 -17"><span class='ocrx_word' id='word_1_130' title='bbox 216 1965 518 2034; x_wconf 80' lang='lat' dir='ltr'>gnoverat.</span> <span class='ocrx_word' id='word_1_131' title='bbox 541 1959 844 2031; x_wconf 86' lang='lat' dir='ltr'>Disposuit</span> <span class='ocrx_word' id='word_1_132' title='bbox 863 1959 1062 2030; x_wconf 87' lang='lat' dir='ltr'>itaque</span> <span class='ocrx_word' id='word_1_133' title='bbox 1083 1959 1238 2014; x_wconf 89' lang='lat' dir='ltr'>intra</span> <span class='ocrx_word' id='word_1_134' title='bbox 1259 1960 1642 2031; x_wconf 87' lang='lat' dir='ltr'>semetipsum</span> <span class='ocrx_word' id='word_1_135' title='bbox 1666 1959 1864 2015; x_wconf 89' lang='lat' dir='ltr'>odium</span> 
     </span>
    </p>
   </div>
   <div class='ocr_carea' id='block_1_22' title="bbox 216 2045 1866 2118">
    <p class='ocr_par' dir='ltr' id='par_1_22' title="bbox 216 2045 1866 2118">
     <span class='ocr_line' id='line_1_22' title="bbox 216 2045 1866 2118; baseline -0.002 -15"><span class='ocrx_word' id='word_1_136' title='bbox 216 2048 445 2103; x_wconf 87' lang='lat' dir='ltr'>mundo</span> <span class='ocrx_word' id='word_1_137' title='bbox 476 2046 800 2118; x_wconf 88' lang='lat' dir='ltr'>concipere,</span> <span class='ocrx_word' id='word_1_138' title='bbox 829 2049 1128 2101; x_wconf 85' lang='lat' dir='ltr'>terraneos</span> <span class='ocrx_word' id='word_1_139' title='bbox 1158 2045 1409 2101; x_wconf 89' lang='lat' dir='ltr'>honores</span> <span class='ocrx_word' id='word_1_140' title='bbox 1442 2047 1738 2118; x_wconf 84' lang='lat' dir='ltr'>falsasque</span> <span class='ocrx_word' id='word_1_141' title='bbox 1779 2048 1866 2101; x_wconf 87' lang='lat' dir='ltr'>di-</span> 
     </span>
    </p>
   </div>
   <div class='ocr_carea' id='block_1_23' title="bbox 214 2134 1868 2208">
    <p class='ocr_par' dir='ltr' id='par_1_23' title="bbox 214 2134 1868 2208">
     <span class='ocr_line' id='line_1_23' title="bbox 214 2134 1868 2208; baseline -0.001 -16"><span class='ocrx_word' id='word_1_142' title='bbox 214 2138 392 2192; x_wconf 86' lang='lat' dir='ltr'>vitias</span> <span class='ocrx_word' id='word_1_143' title='bbox 421 2137 552 2208; x_wconf 89' lang='lat' dir='ltr'>ejus</span> <span class='ocrx_word' id='word_1_144' title='bbox 583 2150 826 2206; x_wconf 85' lang='lat' dir='ltr'>prorsus</span> <span class='ocrx_word' id='word_1_145' title='bbox 885 2135 1156 2208; x_wconf 89' lang='lat' dir='ltr'>abjicere,</span> <span class='ocrx_word' id='word_1_146' title='bbox 1192 2151 1257 2190; x_wconf 90' lang='lat' dir='ltr'>ac</span> <span class='ocrx_word' id='word_1_147' title='bbox 1317 2134 1564 2191; x_wconf 85' lang='lat' dir='ltr'>sollicite</span> <span class='ocrx_word' id='word_1_148' title='bbox 1613 2136 1868 2207; x_wconf 89' lang='lat' dir='ltr'>cogitare</span> 
     </span>
    </p>
   </div>
   <div class='ocr_carea' id='block_1_24' title="bbox 216 2207 1866 2299">
    <p class='ocr_par' dir='ltr' id='par_1_24' title="bbox 216 2207 1866 2299">
     <span class='ocr_line' id='line_1_24' title="bbox 216 2207 1866 2299; baseline -0.001 -17"><span class='ocrx_word' id='word_1_149' title='bbox 216 2231 442 2299; x_wconf 86' lang='lat' dir='ltr'>quanta</span> <span class='ocrx_word' id='word_1_150' title='bbox 471 2224 657 2297; x_wconf 84' lang='lat' dir='ltr'>gloria</span> <span class='ocrx_word' id='word_1_151' title='bbox 678 2224 880 2295; x_wconf 90' lang='lat' dir='ltr'>justis,</span> <span class='ocrx_word' id='word_1_152' title='bbox 925 2207 1146 2295; x_wconf 64' lang='lat' dir='ltr'>quanta</span> <span class='ocrx_word' id='word_1_153' title='bbox 1175 2241 1347 2295; x_wconf 61' lang='lat' dir='ltr'>poena</span> <span class='ocrx_word' id='word_1_154' title='bbox 1374 2225 1749 2296; x_wconf 87' lang='lat' dir='ltr'>promittatur</span> <span class='ocrx_word' id='word_1_155' title='bbox 1779 2225 1866 2280; x_wconf 88' lang='lat' dir='ltr'>in-</span> 
     </span>
    </p>
   </div>
   <div class='ocr_carea' id='block_1_25' title="bbox 209 2313 1866 2389">
    <p class='ocr_par' dir='ltr' id='par_1_25' title="bbox 209 2313 1866 2389">
     <span class='ocr_line' id='line_1_25' title="bbox 209 2313 1866 2389; baseline -0.001 -18"><span class='ocrx_word' id='word_1_156' title='bbox 209 2316 418 2389; x_wconf 77' lang='lat' dir='ltr'>justis,</span> <span class='ocrx_word' id='word_1_157' title='bbox 449 2330 627 2386; x_wconf 87' lang='lat' dir='ltr'>quam</span> <span class='ocrx_word' id='word_1_158' title='bbox 657 2328 874 2368; x_wconf 91' lang='lat' dir='ltr'>vanum</span> <span class='ocrx_word' id='word_1_159' title='bbox 906 2314 985 2368; x_wconf 88' lang='lat' dir='ltr'>sit</span> <span class='ocrx_word' id='word_1_160' title='bbox 1007 2329 1172 2386; x_wconf 89' lang='lat' dir='ltr'>spem</span> <span class='ocrx_word' id='word_1_161' title='bbox 1201 2313 1262 2368; x_wconf 91' lang='lat' dir='ltr'>in</span> <span class='ocrx_word' id='word_1_162' title='bbox 1290 2314 1528 2369; x_wconf 90' lang='lat' dir='ltr'>caducis</span> <span class='ocrx_word' id='word_1_163' title='bbox 1559 2315 1734 2369; x_wconf 90' lang='lat' dir='ltr'>rebus</span> <span class='ocrx_word' id='word_1_164' title='bbox 1767 2331 1866 2386; x_wconf 92' lang='lat' dir='ltr'>po-</span> 
     </span>
    </p>
   </div>
   <div class='ocr_carea' id='block_1_26' title="bbox 215 2402 1786 2477">
    <p class='ocr_par' dir='ltr' id='par_1_26' title="bbox 215 2402 1786 2477">
     <span class='ocr_line' id='line_1_26' title="bbox 215 2402 1786 2477; baseline -0.001 -16"><span class='ocrx_word' id='word_1_165' title='bbox 215 2421 357 2463; x_wconf 86' lang='lat' dir='ltr'>nere</span> <span class='ocrx_word' id='word_1_166' title='bbox 389 2405 575 2477; x_wconf 88' lang='lat' dir='ltr'>prius,</span> <span class='ocrx_word' id='word_1_167' title='bbox 609 2407 667 2459; x_wconf 90' lang='lat' dir='ltr'>et</span> <span class='ocrx_word' id='word_1_168' title='bbox 695 2408 830 2475; x_wconf 85' lang='lat' dir='ltr'>post</span> <span class='ocrx_word' id='word_1_169' title='bbox 859 2403 1090 2458; x_wconf 73' lang='lat' dir='ltr'>aeternis</span> <span class='ocrx_word' id='word_1_170' title='bbox 1121 2402 1430 2475; x_wconf 89' lang='lat' dir='ltr'>suppliciis</span> <span class='ocrx_word' id='word_1_171' title='bbox 1461 2404 1786 2474; x_wconf 88' lang='lat' dir='ltr'>subjacere.</span> 
     </span>
    </p>
   </div>
   <div class='ocr_carea' id='block_1_27' title="bbox 878 2491 1207 2548">
    <p class='ocr_par' dir='ltr' id='par_1_27' title="bbox 878 2491 1207 2548">
     <span class='ocr_line' id='line_1_27' title="bbox 878 2491 1207 2548; baseline 0.003 -1"><span class='ocrx_word' id='word_1_172' title='bbox 878 2491 1111 2548; x_wconf 88' lang='lat' dir='ltr'>CAPUT</span> <span class='ocrx_word' id='word_1_173' title='bbox 1138 2492 1207 2548; x_wconf 88' lang='lat' dir='ltr'>V.</span> 
     </span>
    </p>
   </div>
   <div class='ocr_carea' id='block_1_28' title="bbox 287 2581 1866 2654">
    <p class='ocr_par' dir='ltr' id='par_1_28' title="bbox 287 2581 1866 2654">
     <span class='ocr_line' id='line_1_28' title="bbox 287 2581 1866 2654; baseline -0.001 -14"><span class='ocrx_word' id='word_1_174' title='bbox 287 2585 448 2640; x_wconf 89' lang='lat' dir='ltr'>Dum</span> <span class='ocrx_word' id='word_1_175' title='bbox 506 2581 666 2654; x_wconf 86' lang='lat' dir='ltr'>talia,</span> <span class='ocrx_word' id='word_1_176' title='bbox 728 2581 1104 2654; x_wconf 86' lang='lat' dir='ltr'>progrediens</span> <span class='ocrx_word' id='word_1_177' title='bbox 1162 2581 1368 2638; x_wconf 87' lang='lat' dir='ltr'>itinere</span> <span class='ocrx_word' id='word_1_178' title='bbox 1425 2599 1540 2654; x_wconf 91' lang='lat' dir='ltr'>quo</span> <span class='ocrx_word' id='word_1_179' title='bbox 1571 2583 1866 2654; x_wconf 85' lang='lat' dir='ltr'>tendebat,</span> 
     </span>
    </p>
   </div>
   <div class='ocr_carea' id='block_1_29' title="bbox 218 2670 1869 2744">
    <p class='ocr_par' dir='ltr' id='par_1_29' title="bbox 218 2670 1869 2744">
     <span class='ocr_line' id='line_1_29' title="bbox 218 2670 1869 2744; baseline -0.002 -14"><span class='ocrx_word' id='word_1_180' title='bbox 218 2674 436 2730; x_wconf 84' lang='lat' dir='ltr'>anxius</span> <span class='ocrx_word' id='word_1_181' title='bbox 465 2672 741 2744; x_wconf 83' lang='lat' dir='ltr'>cogitare,</span> <span class='ocrx_word' id='word_1_182' title='bbox 772 2671 932 2726; x_wconf 87' lang='lat' dir='ltr'>venit</span> <span class='ocrx_word' id='word_1_183' title='bbox 949 2671 1117 2741; x_wconf 88' lang='lat' dir='ltr'>juxta</span> <span class='ocrx_word' id='word_1_184' title='bbox 1148 2670 1462 2742; x_wconf 88' lang='lat' dir='ltr'>civitatem,</span> <span class='ocrx_word' id='word_1_185' title='bbox 1487 2671 1586 2727; x_wconf 92' lang='lat' dir='ltr'>ubi</span> <span class='ocrx_word' id='word_1_186' title='bbox 1619 2672 1744 2728; x_wconf 89' lang='lat' dir='ltr'>suis</span> <span class='ocrx_word' id='word_1_187' title='bbox 1775 2690 1869 2727; x_wconf 90' lang='lat' dir='ltr'>ar-</span> 
     </span>
    </p>
   </div>
   <div class='ocr_carea' id='block_1_30' title="bbox 219 2759 1870 2836">
    <p class='ocr_par' dir='ltr' id='par_1_30' title="bbox 219 2759 1870 2836">
     <span class='ocr_line' id='line_1_30' title="bbox 219 2759 1870 2836; baseline -0.001 -18"><span class='ocrx_word' id='word_1_188' title='bbox 219 2761 469 2836; x_wconf 86' lang='lat' dir='ltr'>migeris</span> <span class='ocrx_word' id='word_1_189' title='bbox 499 2760 844 2832; x_wconf 67' lang='lat' dir='ltr'>praecipiens</span> <span class='ocrx_word' id='word_1_190' title='bbox 876 2761 993 2815; x_wconf 86' lang='lat' dir='ltr'>ait:</span> <span class='ocrx_word' id='word_1_191' title='bbox 1038 2759 1264 2831; x_wconf 85' lang='lat' dir='ltr'>Pergite</span> <span class='ocrx_word' id='word_1_192' title='bbox 1298 2761 1370 2815; x_wconf 91' lang='lat' dir='ltr'>ad</span> <span class='ocrx_word' id='word_1_193' title='bbox 1410 2760 1736 2832; x_wconf 87' lang='lat' dir='ltr'>hospitium</span> <span class='ocrx_word' id='word_1_194' title='bbox 1769 2761 1870 2816; x_wconf 92' lang='lat' dir='ltr'>ubi</span> 
     </span>
    </p>
   </div>
   <div class='ocr_carea' id='block_1_31' title="bbox 219 2849 1869 2921">
    <p class='ocr_par' dir='ltr' id='par_1_31' title="bbox 219 2849 1869 2921">
     <span class='ocr_line' id='line_1_31' title="bbox 219 2849 1869 2921; baseline -0.002 -12"><span class='ocrx_word' id='word_1_195' title='bbox 219 2851 488 2909; x_wconf 87' lang='lat' dir='ltr'>solemus</span> <span class='ocrx_word' id='word_1_196' title='bbox 516 2849 800 2919; x_wconf 84' lang='lat' dir='ltr'>desidere,</span> <span class='ocrx_word' id='word_1_197' title='bbox 835 2855 1046 2920; x_wconf 79' lang='lat' dir='ltr'>etquae</span> <span class='ocrx_word' id='word_1_198' title='bbox 1078 2849 1246 2904; x_wconf 83' lang='lat' dir='ltr'>nobis</span> <span class='ocrx_word' id='word_1_199' title='bbox 1281 2853 1337 2904; x_wconf 89' lang='lat' dir='ltr'>et</span> <span class='ocrx_word' id='word_1_200' title='bbox 1375 2849 1542 2921; x_wconf 89' lang='lat' dir='ltr'>equis</span> <span class='ocrx_word' id='word_1_201' title='bbox 1594 2854 1733 2905; x_wconf 90' lang='lat' dir='ltr'>sunt</span> <span class='ocrx_word' id='word_1_202' title='bbox 1769 2867 1869 2906; x_wconf 91' lang='lat' dir='ltr'>ne-</span> 
     </span>
    </p>
   </div>
   <div class='ocr_carea' id='block_1_32' title="bbox 219 2937 1870 3010">
    <p class='ocr_par' dir='ltr' id='par_1_32' title="bbox 219 2937 1870 3010">
     <span class='ocr_line' id='line_1_32' title="bbox 219 2937 1870 3010; baseline -0.002 -13"><span class='ocrx_word' id='word_1_203' title='bbox 219 2940 483 2997; x_wconf 84' lang='lat' dir='ltr'>cessaria</span> <span class='ocrx_word' id='word_1_204' title='bbox 514 2942 855 3010; x_wconf 64' lang='lat' dir='ltr'>praeparate.</span> <span class='ocrx_word' id='word_1_205' title='bbox 881 2937 1030 2993; x_wconf 89' lang='lat' dir='ltr'>Socii</span> <span class='ocrx_word' id='word_1_206' title='bbox 1055 2941 1272 3003; x_wconf 88' lang='lat' dir='ltr'>autem,</span> <span class='ocrx_word' id='word_1_207' title='bbox 1295 2937 1448 2992; x_wconf 89' lang='lat' dir='ltr'>sicut</span> <span class='ocrx_word' id='word_1_208' title='bbox 1470 2937 1555 2992; x_wconf 89' lang='lat' dir='ltr'>eis</span> <span class='ocrx_word' id='word_1_209' title='bbox 1592 2939 1870 2994; x_wconf 90' lang='lat' dir='ltr'>dominus</span> 
     </span>
    </p>
   </div>
   <div class='ocr_carea' id='block_1_33' title="bbox 221 3027 1870 3102">
    <p class='ocr_par' dir='ltr' id='par_1_33' title="bbox 221 3027 1870 3102">
     <span class='ocr_line' id='line_1_33' title="bbox 221 3027 1870 3102; baseline -0.001 -16"><span class='ocrx_word' id='word_1_210' title='bbox 221 3031 640 3102; x_wconf 83' lang='lat' dir='ltr'>imperaverat,</span> <span class='ocrx_word' id='word_1_211' title='bbox 672 3027 921 3082; x_wconf 86' lang='lat' dir='ltr'>ﬁdeliter</span> <span class='ocrx_word' id='word_1_212' title='bbox 950 3031 1090 3082; x_wconf 88' lang='lat' dir='ltr'>sunt</span> <span class='ocrx_word' id='word_1_213' title='bbox 1118 3027 1396 3082; x_wconf 80' lang='lat' dir='ltr'>exsecuti.</span> <span class='ocrx_word' id='word_1_214' title='bbox 1446 3027 1870 3084; x_wconf 83' lang='lat' dir='ltr'>Recedentibus</span> 
     </span>
    </p>
   </div>
   <div class='ocr_carea' id='block_1_34' title="bbox 221 3115 1867 3188">
    <p class='ocr_par' dir='ltr' id='par_1_34' title="bbox 221 3115 1867 3188">
     <span class='ocr_line' id='line_1_34' title="bbox 221 3115 1867 3188; baseline -0.002 -13"><span class='ocrx_word' id='word_1_215' title='bbox 221 3120 330 3188; x_wconf 90' lang='lat' dir='ltr'>eis,</span> <span class='ocrx_word' id='word_1_216' title='bbox 366 3134 576 3174; x_wconf 85' lang='lat' dir='ltr'>servus</span> <span class='ocrx_word' id='word_1_217' title='bbox 603 3115 834 3172; x_wconf 86' lang='lat' dir='ltr'>Domini</span> <span class='ocrx_word' id='word_1_218' title='bbox 863 3115 1144 3183; x_wconf 83' lang='lat' dir='ltr'>Joannes,</span> <span class='ocrx_word' id='word_1_219' title='bbox 1163 3115 1395 3170; x_wconf 78' lang='lat' dir='ltr'>afﬂatus</span> <span class='ocrx_word' id='word_1_220' title='bbox 1417 3116 1612 3170; x_wconf 88' lang='lat' dir='ltr'>divino</span> <span class='ocrx_word' id='word_1_221' title='bbox 1634 3116 1867 3188; x_wconf 87' lang='lat' dir='ltr'>spiritu,</span> 
     </span>
    </p>
   </div>
   <div class='ocr_carea' id='block_1_35' title="bbox 1971 536 3615 600">
    <p class='ocr_par' dir='ltr' id='par_1_35' title="bbox 1971 536 3615 600">
     <span class='ocr_line' id='line_1_35' title="bbox 1971 536 3615 600; baseline 0.007 -10"><span class='ocrx_word' id='word_1_222' title='bbox 1971 537 2040 591; x_wconf 93' lang='lat' dir='ltr'>de</span> <span class='ocrx_word' id='word_1_223' title='bbox 2073 536 2190 591; x_wconf 89' lang='lat' dir='ltr'>ﬁlio</span> <span class='ocrx_word' id='word_1_224' title='bbox 2223 554 2330 592; x_wconf 93' lang='lat' dir='ltr'>suo</span> <span class='ocrx_word' id='word_1_225' title='bbox 2363 540 2579 595; x_wconf 87' lang='lat' dir='ltr'>factum</span> <span class='ocrx_word' id='word_1_226' title='bbox 2611 547 2765 597; x_wconf 88' lang='lat' dir='ltr'>esset</span> <span class='ocrx_word' id='word_1_227' title='bbox 2795 542 2942 598; x_wconf 91' lang='lat' dir='ltr'>scire</span> <span class='ocrx_word' id='word_1_228' title='bbox 2973 544 3334 600; x_wconf 90' lang='lat' dir='ltr'>desiderans.</span> <span class='ocrx_word' id='word_1_229' title='bbox 3368 546 3476 600; x_wconf 91' lang='lat' dir='ltr'>Per</span> <span class='ocrx_word' id='word_1_230' title='bbox 3521 562 3615 600; x_wconf 89' lang='lat' dir='ltr'>ee-</span> 
     </span>
    </p>
   </div>
   <div class='ocr_carea' id='block_1_36' title="bbox 1970 625 3612 700">
    <p class='ocr_par' dir='ltr' id='par_1_36' title="bbox 1970 625 3612 700">
     <span class='ocr_line' id='line_1_36' title="bbox 1970 625 3612 700; baseline 0.006 -22"><span class='ocrx_word' id='word_1_231' title='bbox 1970 625 2177 680; x_wconf 87' lang='lat' dir='ltr'>clesias</span> <span class='ocrx_word' id='word_1_232' title='bbox 2211 643 2445 700; x_wconf 90' lang='lat' dir='ltr'>quoque</span> <span class='ocrx_word' id='word_1_233' title='bbox 2475 628 2832 700; x_wconf 85' lang='lat' dir='ltr'>discurrens,</span> <span class='ocrx_word' id='word_1_234' title='bbox 2859 633 2930 686; x_wconf 91' lang='lat' dir='ltr'>ad</span> <span class='ocrx_word' id='word_1_235' title='bbox 2963 633 3385 688; x_wconf 88' lang='lat' dir='ltr'>monasterium</span> <span class='ocrx_word' id='word_1_236' title='bbox 3418 635 3612 690; x_wconf 78' lang='lat' dir='ltr'>Sancti</span> 
     </span>
    </p>
   </div>
   <div class='ocr_carea' id='block_1_37' title="bbox 1974 713 3617 790">
    <p class='ocr_par' dir='ltr' id='par_1_37' title="bbox 1974 713 3617 790">
     <span class='ocr_line' id='line_1_37' title="bbox 1974 713 3617 790; baseline 0.005 -22"><span class='ocrx_word' id='word_1_237' title='bbox 1974 713 2234 770; x_wconf 87' lang='lat' dir='ltr'>Miniatis</span> <span class='ocrx_word' id='word_1_238' title='bbox 2264 716 2502 771; x_wconf 89' lang='lat' dir='ltr'>veniens</span> <span class='ocrx_word' id='word_1_239' title='bbox 2533 720 2806 773; x_wconf 91' lang='lat' dir='ltr'>eumdem</span> <span class='ocrx_word' id='word_1_240' title='bbox 2867 720 3127 790; x_wconf 89' lang='lat' dir='ltr'>inquirit.</span> <span class='ocrx_word' id='word_1_241' title='bbox 3193 722 3339 785; x_wconf 89' lang='lat' dir='ltr'>Quid</span> <span class='ocrx_word' id='word_1_242' title='bbox 3383 721 3617 778; x_wconf 84' lang='lat' dir='ltr'>multa?</span> 
     </span>
    </p>
   </div>
   <div class='ocr_carea' id='block_1_38' title="bbox 1973 801 3618 879">
    <p class='ocr_par' dir='ltr' id='par_1_38' title="bbox 1973 801 3618 879">
     <span class='ocr_line' id='line_1_38' title="bbox 1973 801 3618 879; baseline 0.006 -23"><span class='ocrx_word' id='word_1_243' title='bbox 1973 801 2122 856; x_wconf 91' lang='lat' dir='ltr'>Dum</span> <span class='ocrx_word' id='word_1_244' title='bbox 2137 803 2256 859; x_wconf 91' lang='lat' dir='ltr'>illic</span> <span class='ocrx_word' id='word_1_245' title='bbox 2271 821 2399 860; x_wconf 91' lang='lat' dir='ltr'>esse</span> <span class='ocrx_word' id='word_1_246' title='bbox 2414 805 2600 859; x_wconf 88' lang='lat' dir='ltr'>ﬁlium</span> <span class='ocrx_word' id='word_1_247' title='bbox 2617 823 2788 860; x_wconf 90' lang='lat' dir='ltr'>suum</span> <span class='ocrx_word' id='word_1_248' title='bbox 2811 808 3246 879; x_wconf 88' lang='lat' dir='ltr'>auditetipsum</span> <span class='ocrx_word' id='word_1_249' title='bbox 3265 810 3618 866; x_wconf 80' lang='lat' dir='ltr'>monasticae</span> 
     </span>
    </p>
   </div>
   <div class='ocr_carea' id='block_1_39' title="bbox 1971 893 3616 970">
    <p class='ocr_par' dir='ltr' id='par_1_39' title="bbox 1971 893 3616 970">
     <span class='ocr_line' id='line_1_39' title="bbox 1971 893 3616 970; baseline 0.007 -26"><span class='ocrx_word' id='word_1_250' title='bbox 1971 897 2162 948; x_wconf 88' lang='lat' dir='ltr'>vestes</span> <span class='ocrx_word' id='word_1_251' title='bbox 2192 893 2339 949; x_wconf 90' lang='lat' dir='ltr'>velle</span> <span class='ocrx_word' id='word_1_252' title='bbox 2371 895 2690 966; x_wconf 83' lang='lat' dir='ltr'>suscipere,</span> <span class='ocrx_word' id='word_1_253' title='bbox 2740 896 3092 951; x_wconf 87' lang='lat' dir='ltr'>Gualbertus</span> <span class='ocrx_word' id='word_1_254' title='bbox 3140 904 3307 970; x_wconf 90' lang='lat' dir='ltr'>rogat</span> <span class='ocrx_word' id='word_1_255' title='bbox 3347 900 3616 955; x_wconf 88' lang='lat' dir='ltr'>abbatem</span> 
     </span>
    </p>
   </div>
   <div class='ocr_carea' id='block_1_40' title="bbox 1973 981 3616 1054">
    <p class='ocr_par' dir='ltr' id='par_1_40' title="bbox 1973 981 3616 1054">
     <span class='ocr_line' id='line_1_40' title="bbox 1973 981 3616 1054; baseline 0.005 -19"><span class='ocrx_word' id='word_1_256' title='bbox 1973 985 2038 1036; x_wconf 90' lang='lat' dir='ltr'>ut</span> <span class='ocrx_word' id='word_1_257' title='bbox 2062 981 2250 1037; x_wconf 88' lang='lat' dir='ltr'>ﬁlium</span> <span class='ocrx_word' id='word_1_258' title='bbox 2282 1000 2456 1038; x_wconf 89' lang='lat' dir='ltr'>suum</span> <span class='ocrx_word' id='word_1_259' title='bbox 2488 985 2558 1039; x_wconf 89' lang='lat' dir='ltr'>ad</span> <span class='ocrx_word' id='word_1_260' title='bbox 2592 1001 2653 1039; x_wconf 90' lang='lat' dir='ltr'>se</span> <span class='ocrx_word' id='word_1_261' title='bbox 2682 985 2877 1039; x_wconf 88' lang='lat' dir='ltr'>ducat.</span> <span class='ocrx_word' id='word_1_262' title='bbox 2910 985 3105 1040; x_wconf 90' lang='lat' dir='ltr'>Abbas</span> <span class='ocrx_word' id='word_1_263' title='bbox 3155 991 3372 1054; x_wconf 91' lang='lat' dir='ltr'>autem,</span> <span class='ocrx_word' id='word_1_264' title='bbox 3406 989 3476 1042; x_wconf 91' lang='lat' dir='ltr'>ad</span> <span class='ocrx_word' id='word_1_265' title='bbox 3519 989 3616 1044; x_wconf 85' lang='lat' dir='ltr'>Jo-</span> 
     </span>
    </p>
   </div>
   <div class='ocr_carea' id='block_1_41' title="bbox 1974 1073 3620 1149">
    <p class='ocr_par' dir='ltr' id='par_1_41' title="bbox 1974 1073 3620 1149">
     <span class='ocr_line' id='line_1_41' title="bbox 1974 1073 3620 1149; baseline 0.004 -24"><span class='ocrx_word' id='word_1_266' title='bbox 1974 1087 2187 1126; x_wconf 87' lang='lat' dir='ltr'>annem</span> <span class='ocrx_word' id='word_1_267' title='bbox 2224 1073 2580 1144; x_wconf 86' lang='lat' dir='ltr'>regrediens,</span> <span class='ocrx_word' id='word_1_268' title='bbox 2615 1073 2911 1142; x_wconf 87' lang='lat' dir='ltr'>admonet,</span> <span class='ocrx_word' id='word_1_269' title='bbox 2947 1077 3010 1128; x_wconf 86' lang='lat' dir='ltr'>ut</span> <span class='ocrx_word' id='word_1_270' title='bbox 3068 1075 3138 1129; x_wconf 89' lang='lat' dir='ltr'>ad</span> <span class='ocrx_word' id='word_1_271' title='bbox 3201 1079 3423 1146; x_wconf 90' lang='lat' dir='ltr'>patrem</span> <span class='ocrx_word' id='word_1_272' title='bbox 3463 1093 3620 1149; x_wconf 90' lang='lat' dir='ltr'>egre-</span> 
     </span>
    </p>
   </div>
   <div class='ocr_carea' id='block_1_42' title="bbox 1980 1159 3622 1233">
    <p class='ocr_par' dir='ltr' id='par_1_42' title="bbox 1980 1159 3622 1233">
     <span class='ocr_line' id='line_1_42' title="bbox 1980 1159 3622 1233; baseline 0.004 -19"><span class='ocrx_word' id='word_1_273' title='bbox 1980 1159 2191 1215; x_wconf 87' lang='lat' dir='ltr'>diatur.</span> <span class='ocrx_word' id='word_1_274' title='bbox 2228 1161 2330 1216; x_wconf 91' lang='lat' dir='ltr'>Cui</span> <span class='ocrx_word' id='word_1_275' title='bbox 2359 1162 2618 1217; x_wconf 87' lang='lat' dir='ltr'>Joannes</span> <span class='ocrx_word' id='word_1_276' title='bbox 2649 1161 2879 1233; x_wconf 87' lang='lat' dir='ltr'>inquit:</span> <span class='ocrx_word' id='word_1_277' title='bbox 2917 1185 2945 1213; x_wconf 89' lang='lat'>«</span> <span class='ocrx_word' id='word_1_278' title='bbox 2977 1161 3125 1225; x_wconf 88' lang='lat' dir='ltr'>Quid</span> <span class='ocrx_word' id='word_1_279' title='bbox 3158 1163 3622 1230; x_wconf 87' lang='lat' dir='ltr'>dicis,domine?</span> 
     </span>
    </p>
   </div>
   <div class='ocr_carea' id='block_1_43' title="bbox 1975 1248 3622 1321">
    <p class='ocr_par' dir='ltr' id='par_1_43' title="bbox 1975 1248 3622 1321">
     <span class='ocr_line' id='line_1_43' title="bbox 1975 1248 3622 1321; baseline 0.004 -18"><span class='ocrx_word' id='word_1_280' title='bbox 1975 1248 2278 1304; x_wconf 90' lang='lat' dir='ltr'>Carnalem</span> <span class='ocrx_word' id='word_1_281' title='bbox 2315 1255 2538 1321; x_wconf 87' lang='lat' dir='ltr'>patrem</span> <span class='ocrx_word' id='word_1_282' title='bbox 2581 1257 2907 1321; x_wconf 88' lang='lat' dir='ltr'>cunctaque</span> <span class='ocrx_word' id='word_1_283' title='bbox 2961 1251 3302 1307; x_wconf 89' lang='lat' dir='ltr'>transitoria</span> <span class='ocrx_word' id='word_1_284' title='bbox 3358 1253 3622 1310; x_wconf 75' lang='lat' dir='ltr'>deseram</span> 
     </span>
    </p>
   </div>
   <div class='ocr_carea' id='block_1_44' title="bbox 1975 1337 3618 1414">
    <p class='ocr_par' dir='ltr' id='par_1_44' title="bbox 1975 1337 3618 1414">
     <span class='ocr_line' id='line_1_44' title="bbox 1975 1337 3618 1414; baseline 0.004 -23"><span class='ocrx_word' id='word_1_285' title='bbox 1975 1337 2260 1408; x_wconf 89' lang='lat' dir='ltr'>disposui,</span> <span class='ocrx_word' id='word_1_286' title='bbox 2286 1345 2342 1393; x_wconf 91' lang='lat' dir='ltr'>et</span> <span class='ocrx_word' id='word_1_287' title='bbox 2362 1339 2568 1405; x_wconf 91' lang='lat' dir='ltr'>Deum,</span> <span class='ocrx_word' id='word_1_288' title='bbox 2593 1339 2690 1410; x_wconf 91' lang='lat' dir='ltr'>qui</span> <span class='ocrx_word' id='word_1_289' title='bbox 2723 1355 2817 1393; x_wconf 89' lang='lat' dir='ltr'>me</span> <span class='ocrx_word' id='word_1_290' title='bbox 2848 1341 3191 1411; x_wconf 89' lang='lat' dir='ltr'>creavit,per</span> <span class='ocrx_word' id='word_1_291' title='bbox 3211 1341 3408 1396; x_wconf 90' lang='lat' dir='ltr'>omnia</span> <span class='ocrx_word' id='word_1_292' title='bbox 3429 1343 3618 1414; x_wconf 86' lang='lat' dir='ltr'>sequi,</span> 
     </span>
    </p>
   </div>
   <div class='ocr_carea' id='block_1_45' title="bbox 1975 1429 3622 1501">
    <p class='ocr_par' dir='ltr' id='par_1_45' title="bbox 1975 1429 3622 1501">
     <span class='ocr_line' id='line_1_45' title="bbox 1975 1429 3622 1501; baseline 0.004 -20"><span class='ocrx_word' id='word_1_293' title='bbox 1975 1433 2200 1499; x_wconf 90' lang='lat' dir='ltr'>patrem</span> <span class='ocrx_word' id='word_1_294' title='bbox 2231 1444 2366 1483; x_wconf 90' lang='lat' dir='ltr'>vero</span> <span class='ocrx_word' id='word_1_295' title='bbox 2397 1444 2592 1483; x_wconf 87' lang='lat' dir='ltr'>meum</span> <span class='ocrx_word' id='word_1_296' title='bbox 2621 1430 2690 1483; x_wconf 85' lang='lat' dir='ltr'>ad</span> <span class='ocrx_word' id='word_1_297' title='bbox 2723 1429 2831 1483; x_wconf 91' lang='lat' dir='ltr'>hoc</span> <span class='ocrx_word' id='word_1_298' title='bbox 2859 1430 3087 1484; x_wconf 87' lang='lat' dir='ltr'>venisse</span> <span class='ocrx_word' id='word_1_299' title='bbox 3117 1446 3420 1501; x_wconf 88' lang='lat' dir='ltr'>cognosco,</span> <span class='ocrx_word' id='word_1_300' title='bbox 3444 1436 3507 1487; x_wconf 93' lang='lat' dir='ltr'>ut</span> <span class='ocrx_word' id='word_1_301' title='bbox 3528 1448 3622 1488; x_wconf 89' lang='lat' dir='ltr'>me</span> 
     </span>
    </p>
   </div>
   <div class='ocr_carea' id='block_1_46' title="bbox 1977 1517 3622 1589">
    <p class='ocr_par' dir='ltr' id='par_1_46' title="bbox 1977 1517 3622 1589">
     <span class='ocr_line' id='line_1_46' title="bbox 1977 1517 3622 1589; baseline 0.003 -18"><span class='ocrx_word' id='word_1_302' title='bbox 1977 1517 2047 1572; x_wconf 90' lang='lat' dir='ltr'>de</span> <span class='ocrx_word' id='word_1_303' title='bbox 2077 1517 2434 1573; x_wconf 88' lang='lat' dir='ltr'>monasterio</span> <span class='ocrx_word' id='word_1_304' title='bbox 2464 1523 2654 1584; x_wconf 89' lang='lat' dir='ltr'>eruat,</span> <span class='ocrx_word' id='word_1_305' title='bbox 2687 1519 2735 1573; x_wconf 92' lang='lat' dir='ltr'>si</span> <span class='ocrx_word' id='word_1_306' title='bbox 2789 1518 3057 1589; x_wconf 88' lang='lat' dir='ltr'>potuerit,</span> <span class='ocrx_word' id='word_1_307' title='bbox 3093 1523 3150 1573; x_wconf 88' lang='lat' dir='ltr'>et</span> <span class='ocrx_word' id='word_1_308' title='bbox 3196 1519 3268 1573; x_wconf 90' lang='lat' dir='ltr'>ad</span> <span class='ocrx_word' id='word_1_309' title='bbox 3318 1520 3622 1576; x_wconf 59' lang='lat' dir='ltr'>saecularia</span> 
     </span>
    </p>
   </div>
   <div class='ocr_carea' id='block_1_47' title="bbox 1975 1605 3620 1680">
    <p class='ocr_par' dir='ltr' id='par_1_47' title="bbox 1975 1605 3620 1680">
     <span class='ocr_line' id='line_1_47' title="bbox 1975 1605 3620 1680; baseline 0.003 -20"><span class='ocrx_word' id='word_1_310' title='bbox 1975 1605 2103 1661; x_wconf 90' lang='lat' dir='ltr'>sine</span> <span class='ocrx_word' id='word_1_311' title='bbox 2133 1623 2299 1661; x_wconf 90' lang='lat' dir='ltr'>mora</span> <span class='ocrx_word' id='word_1_312' title='bbox 2328 1607 2589 1662; x_wconf 90' lang='lat' dir='ltr'>reducat.</span> <span class='ocrx_word' id='word_1_313' title='bbox 2625 1628 2652 1654; x_wconf 87' lang='lat'>»</span> <span class='ocrx_word' id='word_1_314' title='bbox 2684 1607 2829 1661; x_wconf 90' lang='lat' dir='ltr'>Cum</span> <span class='ocrx_word' id='word_1_315' title='bbox 2863 1612 3058 1662; x_wconf 90' lang='lat' dir='ltr'>autem</span> <span class='ocrx_word' id='word_1_316' title='bbox 3093 1607 3212 1662; x_wconf 71' lang='lat' dir='ltr'>haec</span> <span class='ocrx_word' id='word_1_317' title='bbox 3261 1613 3443 1680; x_wconf 87' lang='lat' dir='ltr'>pater,</span> <span class='ocrx_word' id='word_1_318' title='bbox 3478 1610 3620 1666; x_wconf 86' lang='lat' dir='ltr'>foris</span> 
     </span>
    </p>
   </div>
   <div class='ocr_carea' id='block_1_48' title="bbox 1977 1693 3620 1767">
    <p class='ocr_par' dir='ltr' id='par_1_48' title="bbox 1977 1693 3620 1767">
     <span class='ocr_line' id='line_1_48' title="bbox 1977 1693 3620 1767; baseline 0.002 -19"><span class='ocrx_word' id='word_1_319' title='bbox 1977 1699 2319 1767; x_wconf 84' lang='lat' dir='ltr'>exspectans</span> <span class='ocrx_word' id='word_1_320' title='bbox 2351 1695 2646 1762; x_wconf 87' lang='lat' dir='ltr'>abbatem,</span> <span class='ocrx_word' id='word_1_321' title='bbox 2691 1694 2941 1765; x_wconf 89' lang='lat' dir='ltr'>audiret,</span> <span class='ocrx_word' id='word_1_322' title='bbox 2977 1693 3152 1766; x_wconf 89' lang='lat' dir='ltr'>coepit</span> <span class='ocrx_word' id='word_1_323' title='bbox 3185 1695 3437 1751; x_wconf 87' lang='lat' dir='ltr'>turbatis</span> <span class='ocrx_word' id='word_1_324' title='bbox 3467 1697 3620 1752; x_wconf 83' lang='lat' dir='ltr'>voci-</span> 
     </span>
    </p>
   </div>
   <div class='ocr_carea' id='block_1_49' title="bbox 1977 1782 3618 1849">
    <p class='ocr_par' dir='ltr' id='par_1_49' title="bbox 1977 1782 3618 1849">
     <span class='ocr_line' id='line_1_49' title="bbox 1977 1782 3618 1849; baseline 0.002 -11"><span class='ocrx_word' id='word_1_325' title='bbox 1977 1784 2087 1838; x_wconf 90' lang='lat' dir='ltr'>bus</span> <span class='ocrx_word' id='word_1_326' title='bbox 2119 1783 2440 1849; x_wconf 85' lang='lat' dir='ltr'>clamitare,</span> <span class='ocrx_word' id='word_1_327' title='bbox 2473 1782 2662 1837; x_wconf 89' lang='lat' dir='ltr'>multa</span> <span class='ocrx_word' id='word_1_328' title='bbox 2690 1800 2752 1838; x_wconf 89' lang='lat' dir='ltr'>se</span> <span class='ocrx_word' id='word_1_329' title='bbox 2784 1785 3136 1838; x_wconf 90' lang='lat' dir='ltr'>monasterio</span> <span class='ocrx_word' id='word_1_330' title='bbox 3184 1783 3485 1840; x_wconf 90' lang='lat' dir='ltr'>illaturum</span> <span class='ocrx_word' id='word_1_331' title='bbox 3517 1787 3618 1842; x_wconf 90' lang='lat' dir='ltr'>ad-</span> 
     </span>
    </p>
   </div>
   <div class='ocr_carea' id='block_1_50' title="bbox 1975 1870 3081 1943">
    <p class='ocr_par' dir='ltr' id='par_1_50' title="bbox 1975 1870 3081 1943">
     <span class='ocr_line' id='line_1_50' title="bbox 1975 1870 3081 1943; baseline -0.002 -15"><span class='ocrx_word' id='word_1_332' title='bbox 1975 1889 2159 1943; x_wconf 87' lang='lat' dir='ltr'>versa,</span> <span class='ocrx_word' id='word_1_333' title='bbox 2193 1872 2305 1928; x_wconf 90' lang='lat' dir='ltr'>nisi</span> <span class='ocrx_word' id='word_1_334' title='bbox 2334 1870 2492 1927; x_wconf 89' lang='lat' dir='ltr'>ﬁlius</span> <span class='ocrx_word' id='word_1_335' title='bbox 2531 1871 2687 1926; x_wconf 90' lang='lat' dir='ltr'>illico</span> <span class='ocrx_word' id='word_1_336' title='bbox 2720 1873 3081 1928; x_wconf 89' lang='lat' dir='ltr'>redderetur.</span> 
     </span>
    </p>
   </div>
   <div class='ocr_carea' id='block_1_51' title="bbox 2608 1960 2992 2015">
    <p class='ocr_par' dir='ltr' id='par_1_51' title="bbox 2608 1960 2992 2015">
     <span class='ocr_line' id='line_1_51' title="bbox 2608 1960 2992 2015; baseline 0.003 -1"><span class='ocrx_word' id='word_1_337' title='bbox 2608 1960 2841 2015; x_wconf 90' lang='lat' dir='ltr'>CAPUT</span> <span class='ocrx_word' id='word_1_338' title='bbox 2872 1960 2992 2015; x_wconf 89' lang='lat' dir='ltr'><strong>VII.</strong></span> 
     </span>
    </p>
   </div>
   <div class='ocr_carea' id='block_1_52' title="bbox 2050 2048 3624 2120">
    <p class='ocr_par' dir='ltr' id='par_1_52' title="bbox 2050 2048 3624 2120">
     <span class='ocr_line' id='line_1_52' title="bbox 2050 2048 3624 2120; baseline 0.003 -16"><span class='ocrx_word' id='word_1_339' title='bbox 2050 2053 2273 2104; x_wconf 89' lang='lat' dir='ltr'>Iuterea</span> <span class='ocrx_word' id='word_1_340' title='bbox 2299 2050 2388 2103; x_wconf 91' lang='lat' dir='ltr'>vir</span> <span class='ocrx_word' id='word_1_341' title='bbox 2416 2049 2650 2104; x_wconf 92' lang='lat' dir='ltr'>Domini</span> <span class='ocrx_word' id='word_1_342' title='bbox 2708 2048 2964 2104; x_wconf 88' lang='lat' dir='ltr'>Joannes</span> <span class='ocrx_word' id='word_1_343' title='bbox 3023 2049 3274 2105; x_wconf 87' lang='lat' dir='ltr'>salutem</span> <span class='ocrx_word' id='word_1_344' title='bbox 3335 2068 3530 2120; x_wconf 87' lang='lat' dir='ltr'>suam,</span> <span class='ocrx_word' id='word_1_345' title='bbox 3567 2060 3624 2108; x_wconf 91' lang='lat' dir='ltr'>et</span> 
     </span>
    </p>
   </div>
   <div class='ocr_carea' id='block_1_53' title="bbox 1976 2137 3624 2213">
    <p class='ocr_par' dir='ltr' id='par_1_53' title="bbox 1976 2137 3624 2213">
     <span class='ocr_line' id='line_1_53' title="bbox 1976 2137 3624 2213; baseline 0.003 -20"><span class='ocrx_word' id='word_1_346' title='bbox 1976 2140 2342 2211; x_wconf 89' lang='lat' dir='ltr'>propositum</span> <span class='ocrx_word' id='word_1_347' title='bbox 2386 2137 2707 2193; x_wconf 89' lang='lat' dir='ltr'>accelerare</span> <span class='ocrx_word' id='word_1_348' title='bbox 2765 2137 3126 2208; x_wconf 89' lang='lat' dir='ltr'>desiderans,</span> <span class='ocrx_word' id='word_1_349' title='bbox 3176 2138 3624 2213; x_wconf 88' lang='lat' dir='ltr'>intelligensque</span> 
     </span>
    </p>
   </div>
   <div class='ocr_carea' id='block_1_54' title="bbox 1978 2226 3622 2301">
    <p class='ocr_par' dir='ltr' id='par_1_54' title="bbox 1978 2226 3622 2301">
     <span class='ocr_line' id='line_1_54' title="bbox 1978 2226 3622 2301; baseline 0.002 -19"><span class='ocrx_word' id='word_1_350' title='bbox 1978 2228 2169 2283; x_wconf 87' lang='lat' dir='ltr'>minas</span> <span class='ocrx_word' id='word_1_351' title='bbox 2187 2243 2251 2282; x_wconf 90' lang='lat' dir='ltr'>ac</span> <span class='ocrx_word' id='word_1_352' title='bbox 2273 2227 2527 2282; x_wconf 84' lang='lat' dir='ltr'>furorem</span> <span class='ocrx_word' id='word_1_353' title='bbox 2552 2226 2733 2297; x_wconf 73' lang='lat' dir='ltr'>patris</span> <span class='ocrx_word' id='word_1_354' title='bbox 2753 2242 3095 2292; x_wconf 86' lang='lat' dir='ltr'>accrescere,</span> <span class='ocrx_word' id='word_1_355' title='bbox 3132 2243 3329 2282; x_wconf 90' lang='lat' dir='ltr'>secum</span> <span class='ocrx_word' id='word_1_356' title='bbox 3366 2230 3622 2301; x_wconf 88' lang='lat' dir='ltr'>cogitare</span> 
     </span>
    </p>
   </div>
   <div class='ocr_carea' id='block_1_55' title="bbox 1978 2314 3621 2388">
    <p class='ocr_par' dir='ltr' id='par_1_55' title="bbox 1978 2314 3621 2388">
     <span class='ocr_line' id='line_1_55' title="bbox 1978 2314 3621 2388; baseline 0.001 -16"><span class='ocrx_word' id='word_1_357' title='bbox 1978 2318 2153 2388; x_wconf 77' lang='lat' dir='ltr'>coepit</span> <span class='ocrx_word' id='word_1_358' title='bbox 2185 2333 2198 2372; x_wconf 92' lang='lat'>:</span> <span class='ocrx_word' id='word_1_359' title='bbox 2231 2338 2258 2366; x_wconf 85' lang='lat'>«</span> <span class='ocrx_word' id='word_1_360' title='bbox 2284 2319 2330 2370; x_wconf 89' lang='lat' dir='ltr'>A</span> <span class='ocrx_word' id='word_1_361' title='bbox 2352 2331 2466 2386; x_wconf 90' lang='lat' dir='ltr'>quo</span> <span class='ocrx_word' id='word_1_362' title='bbox 2495 2315 2711 2386; x_wconf 91' lang='lat' dir='ltr'>dignus</span> <span class='ocrx_word' id='word_1_363' title='bbox 2737 2314 2996 2385; x_wconf 89' lang='lat' dir='ltr'>accipere</span> <span class='ocrx_word' id='word_1_364' title='bbox 3024 2315 3184 2370; x_wconf 88' lang='lat' dir='ltr'>valeo</span> <span class='ocrx_word' id='word_1_365' title='bbox 3216 2321 3485 2372; x_wconf 89' lang='lat' dir='ltr'>sanctum</span> <span class='ocrx_word' id='word_1_366' title='bbox 3517 2319 3621 2374; x_wconf 89' lang='lat' dir='ltr'>ha-</span> 
     </span>
    </p>
   </div>
   <div class='ocr_carea' id='block_1_56' title="bbox 1978 2402 3622 2478">
    <p class='ocr_par' dir='ltr' id='par_1_56' title="bbox 1978 2402 3622 2478">
     <span class='ocr_line' id='line_1_56' title="bbox 1978 2402 3622 2478; baseline 0.002 -18"><span class='ocrx_word' id='word_1_367' title='bbox 1978 2407 2190 2474; x_wconf 91' lang='lat' dir='ltr'>bitum,</span> <span class='ocrx_word' id='word_1_368' title='bbox 2223 2420 2400 2476; x_wconf 91' lang='lat' dir='ltr'>quam</span> <span class='ocrx_word' id='word_1_369' title='bbox 2428 2405 2499 2459; x_wconf 92' lang='lat' dir='ltr'>ab</span> <span class='ocrx_word' id='word_1_370' title='bbox 2527 2402 2716 2468; x_wconf 90' lang='lat' dir='ltr'>altari,</span> <span class='ocrx_word' id='word_1_371' title='bbox 2749 2403 2807 2457; x_wconf 91' lang='lat' dir='ltr'>in</span> <span class='ocrx_word' id='word_1_372' title='bbox 2840 2419 2955 2474; x_wconf 93' lang='lat' dir='ltr'>quo</span> <span class='ocrx_word' id='word_1_373' title='bbox 2985 2403 3199 2459; x_wconf 89' lang='lat' dir='ltr'>Christi</span> <span class='ocrx_word' id='word_1_374' title='bbox 3241 2407 3484 2478; x_wconf 88' lang='lat' dir='ltr'>sanguis</span> <span class='ocrx_word' id='word_1_375' title='bbox 3515 2407 3622 2464; x_wconf 89' lang='lat' dir='ltr'>im-</span> 
     </span>
    </p>
   </div>
   <div class='ocr_carea' id='block_1_57' title="bbox 1980 2491 3622 2564">
    <p class='ocr_par' dir='ltr' id='par_1_57' title="bbox 1980 2491 3622 2564">
     <span class='ocr_line' id='line_1_57' title="bbox 1980 2491 3622 2564; baseline 0.002 -14"><span class='ocrx_word' id='word_1_376' title='bbox 1980 2495 2238 2551; x_wconf 89' lang='lat' dir='ltr'>molatur</span> <span class='ocrx_word' id='word_1_377' title='bbox 2268 2498 2324 2548; x_wconf 91' lang='lat' dir='ltr'>et</span> <span class='ocrx_word' id='word_1_378' title='bbox 2354 2491 2610 2548; x_wconf 88' lang='lat' dir='ltr'>sumitur</span> <span class='ocrx_word' id='word_1_379' title='bbox 2631 2493 2659 2546; x_wconf 83' lang='lat'><strong>?</strong></span> <span class='ocrx_word' id='word_1_380' title='bbox 2689 2513 2718 2541; x_wconf 86' lang='lat'>»</span> <span class='ocrx_word' id='word_1_381' title='bbox 2751 2493 3004 2547; x_wconf 88' lang='lat' dir='ltr'>Cernens</span> <span class='ocrx_word' id='word_1_382' title='bbox 3036 2507 3172 2564; x_wconf 90' lang='lat' dir='ltr'>ergo</span> <span class='ocrx_word' id='word_1_383' title='bbox 3206 2493 3379 2549; x_wconf 88' lang='lat' dir='ltr'>unius</span> <span class='ocrx_word' id='word_1_384' title='bbox 3426 2496 3622 2553; x_wconf 79' lang='lat' dir='ltr'>fratris</span> 
     </span>
    </p>
   </div>
   <div class='ocr_carea' id='block_1_58' title="bbox 1981 2580 3621 2652">
    <p class='ocr_par' dir='ltr' id='par_1_58' title="bbox 1981 2580 3621 2652">
     <span class='ocr_line' id='line_1_58' title="bbox 1981 2580 3621 2652; baseline 0 -12"><span class='ocrx_word' id='word_1_385' title='bbox 1981 2583 2273 2640; x_wconf 89' lang='lat' dir='ltr'>cucullam</span> <span class='ocrx_word' id='word_1_386' title='bbox 2297 2587 2436 2637; x_wconf 92' lang='lat' dir='ltr'>tunc</span> <span class='ocrx_word' id='word_1_387' title='bbox 2458 2597 2723 2637; x_wconf 90' lang='lat' dir='ltr'>seorsum</span> <span class='ocrx_word' id='word_1_388' title='bbox 2749 2580 3024 2652; x_wconf 89' lang='lat' dir='ltr'>positam,</span> <span class='ocrx_word' id='word_1_389' title='bbox 3049 2580 3262 2637; x_wconf 88' lang='lat' dir='ltr'>tollens</span> <span class='ocrx_word' id='word_1_390' title='bbox 3283 2585 3621 2648; x_wconf 90' lang='lat' dir='ltr'>eam,eccle-</span> 
     </span>
    </p>
   </div>
   <div class='ocr_carea' id='block_1_59' title="bbox 1980 2670 3623 2743">
    <p class='ocr_par' dir='ltr' id='par_1_59' title="bbox 1980 2670 3623 2743">
     <span class='ocr_line' id='line_1_59' title="bbox 1980 2670 3623 2743; baseline 0.001 -15"><span class='ocrx_word' id='word_1_391' title='bbox 1980 2674 2127 2728; x_wconf 84' lang='lat' dir='ltr'>siam</span> <span class='ocrx_word' id='word_1_392' title='bbox 2158 2673 2505 2727; x_wconf 84' lang='lat' dir='ltr'>festinanter</span> <span class='ocrx_word' id='word_1_393' title='bbox 2533 2670 2881 2742; x_wconf 83' lang='lat' dir='ltr'>ingreditur,</span> <span class='ocrx_word' id='word_1_394' title='bbox 2913 2685 3139 2726; x_wconf 90' lang='lat' dir='ltr'>comam</span> <span class='ocrx_word' id='word_1_395' title='bbox 3173 2670 3285 2726; x_wconf 90' lang='lat' dir='ltr'>sibi</span> <span class='ocrx_word' id='word_1_396' title='bbox 3316 2671 3505 2743; x_wconf 89' lang='lat' dir='ltr'>primo</span> <span class='ocrx_word' id='word_1_397' title='bbox 3535 2678 3623 2730; x_wconf 88' lang='lat' dir='ltr'>to-</span> 
     </span>
    </p>
   </div>
   <div class='ocr_carea' id='block_1_60' title="bbox 1979 2757 3621 2833">
    <p class='ocr_par' dir='ltr' id='par_1_60' title="bbox 1979 2757 3621 2833">
     <span class='ocr_line' id='line_1_60' title="bbox 1979 2757 3621 2833; baseline -0.001 -15"><span class='ocrx_word' id='word_1_398' title='bbox 1979 2762 2189 2826; x_wconf 91' lang='lat' dir='ltr'>tondit,</span> <span class='ocrx_word' id='word_1_399' title='bbox 2225 2777 2291 2817; x_wconf 88' lang='lat' dir='ltr'>ac</span> <span class='ocrx_word' id='word_1_400' title='bbox 2316 2760 2526 2816; x_wconf 90' lang='lat' dir='ltr'>deinde</span> <span class='ocrx_word' id='word_1_401' title='bbox 2555 2759 2844 2814; x_wconf 89' lang='lat' dir='ltr'>cucullam</span> <span class='ocrx_word' id='word_1_402' title='bbox 2865 2757 3037 2814; x_wconf 85' lang='lat' dir='ltr'>altari</span> <span class='ocrx_word' id='word_1_403' title='bbox 3069 2766 3398 2816; x_wconf 87' lang='lat' dir='ltr'>reverenter</span> <span class='ocrx_word' id='word_1_404' title='bbox 3419 2779 3621 2833; x_wconf 87' lang='lat' dir='ltr'>super-</span> 
     </span>
    </p>
   </div>
   <div class='ocr_carea' id='block_1_61' title="bbox 1978 2848 3622 2924">
    <p class='ocr_par' dir='ltr' id='par_1_61' title="bbox 1978 2848 3622 2924">
     <span class='ocr_line' id='line_1_61' title="bbox 1978 2848 3622 2924; baseline 0.001 -17"><span class='ocrx_word' id='word_1_405' title='bbox 1978 2852 2449 2924; x_wconf 89' lang='lat' dir='ltr'>posuit,eamque</span> <span class='ocrx_word' id='word_1_406' title='bbox 2472 2849 2736 2904; x_wconf 77' lang='lat' dir='ltr'>laetanter</span> <span class='ocrx_word' id='word_1_407' title='bbox 2755 2848 3201 2914; x_wconf 89' lang='lat' dir='ltr'>induit,cunctis</span> <span class='ocrx_word' id='word_1_408' title='bbox 3224 2850 3528 2907; x_wconf 89' lang='lat' dir='ltr'>monachis</span> <span class='ocrx_word' id='word_1_409' title='bbox 3551 2853 3622 2909; x_wconf 91' lang='lat' dir='ltr'>de</span> 
     </span>
    </p>
   </div>
   <div class='ocr_carea' id='block_1_62' title="bbox 1981 2936 3620 3013">
    <p class='ocr_par' dir='ltr' id='par_1_62' title="bbox 1981 2936 3620 3013">
     <span class='ocr_line' id='line_1_62' title="bbox 1981 2936 3620 3013; baseline 0 -17"><span class='ocrx_word' id='word_1_410' title='bbox 1981 2942 2114 2996; x_wconf 88' lang='lat' dir='ltr'>ﬁdei</span> <span class='ocrx_word' id='word_1_411' title='bbox 2146 2940 2336 3013; x_wconf 90' lang='lat' dir='ltr'>ipsius</span> <span class='ocrx_word' id='word_1_412' title='bbox 2367 2939 2701 3010; x_wconf 88' lang='lat' dir='ltr'>integritate</span> <span class='ocrx_word' id='word_1_413' title='bbox 2733 2936 3088 2992; x_wconf 85' lang='lat' dir='ltr'>mirantibus</span> <span class='ocrx_word' id='word_1_414' title='bbox 3119 2942 3177 2992; x_wconf 92' lang='lat' dir='ltr'>et</span> <span class='ocrx_word' id='word_1_415' title='bbox 3205 2939 3620 3009; x_wconf 85' lang='lat' dir='ltr'>gaudentibus.</span> 
     </span>
    </p>
   </div>
   <div class='ocr_carea' id='block_1_63' title="bbox 1981 3026 3623 3100">
    <p class='ocr_par' dir='ltr' id='par_1_63' title="bbox 1981 3026 3623 3100">
     <span class='ocr_line' id='line_1_63' title="bbox 1981 3026 3623 3100; baseline 0 -13"><span class='ocrx_word' id='word_1_416' title='bbox 1981 3033 2277 3088; x_wconf 84' lang='lat' dir='ltr'>Metuebat</span> <span class='ocrx_word' id='word_1_417' title='bbox 2308 3029 2544 3100; x_wconf 89' lang='lat' dir='ltr'>quidem</span> <span class='ocrx_word' id='word_1_418' title='bbox 2579 3045 2693 3082; x_wconf 90' lang='lat' dir='ltr'>non</span> <span class='ocrx_word' id='word_1_419' title='bbox 2730 3027 2957 3082; x_wconf 89' lang='lat' dir='ltr'>modice</span> <span class='ocrx_word' id='word_1_420' title='bbox 3007 3042 3080 3081; x_wconf 92' lang='lat' dir='ltr'>ne</span> <span class='ocrx_word' id='word_1_421' title='bbox 3134 3026 3397 3084; x_wconf 87' lang='lat' dir='ltr'>fortassis</span> <span class='ocrx_word' id='word_1_422' title='bbox 3442 3031 3623 3086; x_wconf 88' lang='lat' dir='ltr'>abbas</span> 
     </span>
    </p>
   </div>
   <div class='ocr_carea' id='block_1_64' title="bbox 1983 3115 3630 3187">
    <p class='ocr_par' dir='ltr' id='par_1_64' title="bbox 1983 3115 3630 3187">
     <span class='ocr_line' id='line_1_64' title="bbox 1983 3115 3630 3187; baseline 0.001 -13"><span class='ocrx_word' id='word_1_423' title='bbox 1983 3120 2162 3175; x_wconf 91' lang='lat' dir='ltr'>minis</span> <span class='ocrx_word' id='word_1_424' title='bbox 2181 3123 2281 3174; x_wconf 87' lang='lat' dir='ltr'>aut</span> <span class='ocrx_word' id='word_1_425' title='bbox 2295 3116 2584 3172; x_wconf 89' lang='lat' dir='ltr'>illecebris</span> <span class='ocrx_word' id='word_1_426' title='bbox 2602 3120 2799 3170; x_wconf 91' lang='lat' dir='ltr'>motus</span> <span class='ocrx_word' id='word_1_427' title='bbox 2811 3115 3316 3187; x_wconf 89' lang='lat' dir='ltr'>genitoris,ipsum</span> <span class='ocrx_word' id='word_1_428' title='bbox 3337 3119 3630 3187; x_wconf 88' lang='lat' dir='ltr'>redderet,</span> 
     </span>
    </p>
   </div>
   <div class='ocr_carea' id='block_1_65' title="bbox 218 3181 3628 3288">
    <p class='ocr_par' dir='ltr' id='par_1_65' title="bbox 218 3181 3628 3288">
     <span class='ocr_line' id='line_1_65' title="bbox 218 3181 3628 3288; baseline -0 -23"><span class='ocrx_word' id='word_1_429' title='bbox 218 3181 540 3265; x_wconf 74' lang='lat' dir='ltr'>abitinere</span> <span class='ocrx_word' id='word_1_430' title='bbox 565 3206 721 3277; x_wconf 88' lang='lat' dir='ltr'>quod</span> <span class='ocrx_word' id='word_1_431' title='bbox 782 3211 1032 3276; x_wconf 65' lang='lat' dir='ltr'>ceperat</span> <span class='ocrx_word' id='word_1_432' title='bbox 1076 3181 1336 3288; x_wconf 49' lang='lat' dir='ltr'>.divertit,</span> <span class='ocrx_word' id='word_1_433' title='bbox 1370 3208 1426 3259; x_wconf 90' lang='lat' dir='ltr'>et</span> <span class='ocrx_word' id='word_1_434' title='bbox 1465 3205 1536 3259; x_wconf 91' lang='lat' dir='ltr'>ad</span> <span class='ocrx_word' id='word_1_435' title='bbox 1578 3181 1873 3262; x_wconf 44' lang='lat' dir='ltr'>mo-nastes</span> <span class='ocrx_word' id='word_1_436' title='bbox 1903 3181 1946 3247; x_wconf 62' lang='grc' dir='ltr'>Ε</span> <span class='ocrx_word' id='word_1_437' title='bbox 1982 3210 2069 3264; x_wconf 90' lang='lat' dir='ltr'>vel</span> <span class='ocrx_word' id='word_1_438' title='bbox 2099 3209 2169 3264; x_wconf 92' lang='lat' dir='ltr'>de</span> <span class='ocrx_word' id='word_1_439' title='bbox 2199 3205 2554 3261; x_wconf 88' lang='lat' dir='ltr'>monasterio</span> <span class='ocrx_word' id='word_1_440' title='bbox 2584 3181 2880 3275; x_wconf 73' lang='lat' dir='ltr'>pateretur</span> <span class='ocrx_word' id='word_1_441' title='bbox 2907 3181 3242 3259; x_wconf 25' lang='lat' dir='ltr'>exireJP-ost</span> <span class='ocrx_word' id='word_1_442' title='bbox 3285 3206 3406 3260; x_wconf 69' lang='lat' dir='ltr'>haec</span> <span class='ocrx_word' id='word_1_443' title='bbox 3447 3181 3628 3264; x_wconf 74' lang='lat' dir='ltr'>abbas</span> 
     </span>
    </p>
   </div>
   <div class='ocr_carea' id='block_1_66' title="bbox 221 3293 1876 3365">
    <p class='ocr_par' dir='ltr' id='par_1_66' title="bbox 221 3293 1876 3365">
     <span class='ocr_line' id='line_1_66' title="bbox 221 3293 1876 3365; baseline -0.002 -12"><span class='ocrx_word' id='word_1_444' title='bbox 221 3298 388 3353; x_wconf 90' lang='lat' dir='ltr'>rium</span> <span class='ocrx_word' id='word_1_445' title='bbox 408 3294 606 3351; x_wconf 82' lang='lat' dir='ltr'>Sancti</span> <span class='ocrx_word' id='word_1_446' title='bbox 629 3293 888 3349; x_wconf 86' lang='lat' dir='ltr'>Miniatis</span> <span class='ocrx_word' id='word_1_447' title='bbox 908 3293 1130 3365; x_wconf 89' lang='lat' dir='ltr'>absque</span> <span class='ocrx_word' id='word_1_448' title='bbox 1155 3309 1319 3349; x_wconf 90' lang='lat' dir='ltr'>mora</span> <span class='ocrx_word' id='word_1_449' title='bbox 1349 3293 1628 3365; x_wconf 87' lang='lat' dir='ltr'>pervenit,</span> <span class='ocrx_word' id='word_1_450' title='bbox 1660 3299 1737 3359; x_wconf 87' lang='lat' dir='ltr'>et,</span> <span class='ocrx_word' id='word_1_451' title='bbox 1769 3297 1876 3350; x_wconf 91' lang='lat' dir='ltr'>de-</span> 
     </span>
    </p>
   </div>
   <div class='ocr_carea' id='block_1_67' title="bbox 223 3383 1872 3456">
    <p class='ocr_par' dir='ltr' id='par_1_67' title="bbox 223 3383 1872 3456">
     <span class='ocr_line' id='line_1_67' title="bbox 223 3383 1872 3456; baseline -0.002 -13"><span class='ocrx_word' id='word_1_452' title='bbox 223 3385 530 3443; x_wconf 83' lang='lat' dir='ltr'>scendens</span> <span class='ocrx_word' id='word_1_453' title='bbox 557 3399 724 3456; x_wconf 87' lang='lat' dir='ltr'>equo,</span> <span class='ocrx_word' id='word_1_454' title='bbox 745 3383 1083 3440; x_wconf 89' lang='lat' dir='ltr'>monasterii</span> <span class='ocrx_word' id='word_1_455' title='bbox 1116 3383 1384 3439; x_wconf 90' lang='lat' dir='ltr'>abbatem</span> <span class='ocrx_word' id='word_1_456' title='bbox 1408 3399 1540 3438; x_wconf 88' lang='lat' dir='ltr'>mox</span> <span class='ocrx_word' id='word_1_457' title='bbox 1562 3385 1872 3455; x_wconf 69' lang='lat' dir='ltr'>quaesitum</span> 
     </span>
    </p>
   </div>
   <div class='ocr_carea' id='block_1_68' title="bbox 226 3471 1875 3545">
    <p class='ocr_par' dir='ltr' id='par_1_68' title="bbox 226 3471 1875 3545">
     <span class='ocr_line' id='line_1_68' title="bbox 226 3471 1875 3545; baseline -0.001 -15"><span class='ocrx_word' id='word_1_458' title='bbox 226 3472 550 3530; x_wconf 87' lang='lat' dir='ltr'>humiliter</span> <span class='ocrx_word' id='word_1_459' title='bbox 573 3472 888 3545; x_wconf 83' lang='lat' dir='ltr'>postulavit</span> <span class='ocrx_word' id='word_1_460' title='bbox 902 3471 1104 3528; x_wconf 89' lang='lat' dir='ltr'>audire</span> <span class='ocrx_word' id='word_1_461' title='bbox 1126 3471 1482 3528; x_wconf 88' lang='lat' dir='ltr'>desiderium</span> <span class='ocrx_word' id='word_1_462' title='bbox 1514 3489 1712 3544; x_wconf 89' lang='lat' dir='ltr'>suum,</span> <span class='ocrx_word' id='word_1_463' title='bbox 1725 3477 1782 3529; x_wconf 90' lang='lat' dir='ltr'>et</span> <span class='ocrx_word' id='word_1_464' title='bbox 1803 3475 1875 3529; x_wconf 89' lang='lat' dir='ltr'>ad</span> 
     </span>
    </p>
   </div>
   <div class='ocr_carea' id='block_1_69' title="bbox 227 3561 1876 3634">
    <p class='ocr_par' dir='ltr' id='par_1_69' title="bbox 227 3561 1876 3634">
     <span class='ocr_line' id='line_1_69' title="bbox 227 3561 1876 3634; baseline -0.002 -13"><span class='ocrx_word' id='word_1_465' title='bbox 227 3565 512 3620; x_wconf 76' lang='lat' dir='ltr'>effectum</span> <span class='ocrx_word' id='word_1_466' title='bbox 544 3579 613 3618; x_wconf 82' lang='lat' dir='ltr'>ex</span> <span class='ocrx_word' id='word_1_467' title='bbox 641 3561 922 3617; x_wconf 88' lang='lat' dir='ltr'>charitate</span> <span class='ocrx_word' id='word_1_468' title='bbox 952 3562 1049 3616; x_wconf 90' lang='lat' dir='ltr'>Dei</span> <span class='ocrx_word' id='word_1_469' title='bbox 1081 3562 1417 3633; x_wconf 87' lang='lat' dir='ltr'>perducere,</span> <span class='ocrx_word' id='word_1_470' title='bbox 1449 3561 1715 3634; x_wconf 89' lang='lat' dir='ltr'>aperiens</span> <span class='ocrx_word' id='word_1_471' title='bbox 1763 3563 1876 3618; x_wconf 87' lang='lat' dir='ltr'>sibi</span> 
     </span>
    </p>
   </div>
   <div class='ocr_carea' id='block_1_70' title="bbox 221 3649 1876 3722">
    <p class='ocr_par' dir='ltr' id='par_1_70' title="bbox 221 3649 1876 3722">
     <span class='ocr_line' id='line_1_70' title="bbox 221 3649 1876 3722; baseline -0.001 -14"><span class='ocrx_word' id='word_1_472' title='bbox 221 3649 698 3708; x_wconf 81' lang='lat' dir='ltr'>misericordiam</span> <span class='ocrx_word' id='word_1_473' title='bbox 727 3666 906 3722; x_wconf 85' lang='lat' dir='ltr'>quam</span> <span class='ocrx_word' id='word_1_474' title='bbox 929 3649 1264 3722; x_wconf 88' lang='lat' dir='ltr'>supradicto</span> <span class='ocrx_word' id='word_1_475' title='bbox 1289 3649 1594 3705; x_wconf 64' lang='lat' dir='ltr'>homicidae</span> <span class='ocrx_word' id='word_1_476' title='bbox 1623 3651 1876 3706; x_wconf 89' lang='lat' dir='ltr'>clemen-</span> 
     </span>
    </p>
   </div>
   <div class='ocr_carea' id='block_1_71' title="bbox 221 3738 1880 3812">
    <p class='ocr_par' dir='ltr' id='par_1_71' title="bbox 221 3738 1880 3812">
     <span class='ocr_line' id='line_1_71' title="bbox 221 3738 1880 3812; baseline -0.001 -15"><span class='ocrx_word' id='word_1_477' title='bbox 221 3747 318 3798; x_wconf 85' lang='lat' dir='ltr'>ter</span> <span class='ocrx_word' id='word_1_478' title='bbox 347 3740 745 3812; x_wconf 86' lang='lat' dir='ltr'>impenderat,</span> <span class='ocrx_word' id='word_1_479' title='bbox 778 3743 836 3795; x_wconf 88' lang='lat' dir='ltr'>et</span> <span class='ocrx_word' id='word_1_480' title='bbox 865 3739 1136 3810; x_wconf 89' lang='lat' dir='ltr'>qualiter,</span> <span class='ocrx_word' id='word_1_481' title='bbox 1159 3738 1465 3794; x_wconf 88' lang='lat' dir='ltr'>ecclesiam</span> <span class='ocrx_word' id='word_1_482' title='bbox 1498 3744 1632 3812; x_wconf 87' lang='lat' dir='ltr'>post</span> <span class='ocrx_word' id='word_1_483' title='bbox 1661 3741 1880 3812; x_wconf 89' lang='lat' dir='ltr'>ingres-</span> 
     </span>
    </p>
   </div>
   <div class='ocr_carea' id='block_1_72' title="bbox 223 3829 1878 3900">
    <p class='ocr_par' dir='ltr' id='par_1_72' title="bbox 223 3829 1878 3900">
     <span class='ocr_line' id='line_1_72' title="bbox 223 3829 1878 3900; baseline -0.002 -13"><span class='ocrx_word' id='word_1_484' title='bbox 223 3848 354 3896; x_wconf 84' lang='lat' dir='ltr'>sus,</span> <span class='ocrx_word' id='word_1_485' title='bbox 391 3845 628 3886; x_wconf 86' lang='lat' dir='ltr'>crucem</span> <span class='ocrx_word' id='word_1_486' title='bbox 660 3829 774 3885; x_wconf 92' lang='lat' dir='ltr'>sibi</span> <span class='ocrx_word' id='word_1_487' title='bbox 805 3829 1035 3884; x_wconf 88' lang='lat' dir='ltr'>ﬂectere</span> <span class='ocrx_word' id='word_1_488' title='bbox 1067 3833 1244 3900; x_wconf 90' lang='lat' dir='ltr'>caput</span> <span class='ocrx_word' id='word_1_489' title='bbox 1275 3829 1540 3900; x_wconf 89' lang='lat' dir='ltr'>aspexit;</span> <span class='ocrx_word' id='word_1_490' title='bbox 1575 3829 1729 3885; x_wconf 90' lang='lat' dir='ltr'>unde</span> <span class='ocrx_word' id='word_1_491' title='bbox 1759 3845 1878 3885; x_wconf 69' lang='lat' dir='ltr'>suae</span> 
     </span>
    </p>
   </div>
   <div class='ocr_carea' id='block_1_73' title="bbox 226 3916 1881 3987">
    <p class='ocr_par' dir='ltr' id='par_1_73' title="bbox 226 3916 1881 3987">
     <span class='ocr_line' id='line_1_73' title="bbox 226 3916 1881 3987; baseline -0.001 -13"><span class='ocrx_word' id='word_1_492' title='bbox 226 3917 639 3974; x_wconf 88' lang='lat' dir='ltr'>conversionis</span> <span class='ocrx_word' id='word_1_493' title='bbox 663 3916 897 3971; x_wconf 89' lang='lat' dir='ltr'>initium</span> <span class='ocrx_word' id='word_1_494' title='bbox 929 3917 1309 3987; x_wconf 89' lang='lat' dir='ltr'>concepisset.</span> <span class='ocrx_word' id='word_1_495' title='bbox 1342 3917 1506 3971; x_wconf 91' lang='lat' dir='ltr'>Tunc</span> <span class='ocrx_word' id='word_1_496' title='bbox 1564 3917 1744 3973; x_wconf 87' lang='lat' dir='ltr'>abbas</span> <span class='ocrx_word' id='word_1_497' title='bbox 1776 3935 1881 3974; x_wconf 85' lang='lat' dir='ltr'>au-</span> 
     </span>
    </p>
   </div>
   <div class='ocr_carea' id='block_1_74' title="bbox 229 4003 1880 4076">
    <p class='ocr_par' dir='ltr' id='par_1_74' title="bbox 229 4003 1880 4076">
     <span class='ocr_line' id='line_1_74' title="bbox 229 4003 1880 4076; baseline -0.001 -14"><span class='ocrx_word' id='word_1_498' title='bbox 229 4009 359 4063; x_wconf 89' lang='lat' dir='ltr'>dito</span> <span class='ocrx_word' id='word_1_499' title='bbox 391 4009 467 4062; x_wconf 92' lang='lat' dir='ltr'>de</span> <span class='ocrx_word' id='word_1_500' title='bbox 496 4022 669 4061; x_wconf 89' lang='lat' dir='ltr'>cruce</span> <span class='ocrx_word' id='word_1_501' title='bbox 698 4005 854 4076; x_wconf 89' lang='lat' dir='ltr'>quod</span> <span class='ocrx_word' id='word_1_502' title='bbox 885 4005 937 4060; x_wconf 89' lang='lat' dir='ltr'>ei</span> <span class='ocrx_word' id='word_1_503' title='bbox 969 4003 1361 4075; x_wconf 88' lang='lat' dir='ltr'>intimaverat,</span> <span class='ocrx_word' id='word_1_504' title='bbox 1407 4005 1738 4060; x_wconf 88' lang='lat' dir='ltr'>inauditum</span> <span class='ocrx_word' id='word_1_505' title='bbox 1772 4006 1880 4061; x_wconf 86' lang='lat' dir='ltr'>mi-</span> 
     </span>
    </p>
   </div>
   <div class='ocr_carea' id='block_1_75' title="bbox 222 4094 1883 4167">
    <p class='ocr_par' dir='ltr' id='par_1_75' title="bbox 222 4094 1883 4167">
     <span class='ocr_line' id='line_1_75' title="bbox 222 4094 1883 4167; baseline -0.001 -15"><span class='ocrx_word' id='word_1_506' title='bbox 222 4095 500 4153; x_wconf 82' lang='lat' dir='ltr'>raculum</span> <span class='ocrx_word' id='word_1_507' title='bbox 533 4099 590 4151; x_wconf 90' lang='lat' dir='ltr'>et</span> <span class='ocrx_word' id='word_1_508' title='bbox 616 4095 970 4167; x_wconf 86' lang='lat' dir='ltr'>stupendum</span> <span class='ocrx_word' id='word_1_509' title='bbox 1021 4094 1141 4148; x_wconf 85' lang='lat' dir='ltr'>fore</span> <span class='ocrx_word' id='word_1_510' title='bbox 1166 4095 1551 4165; x_wconf 87' lang='lat' dir='ltr'>perpendens,</span> <span class='ocrx_word' id='word_1_511' title='bbox 1586 4094 1883 4151; x_wconf 89' lang='lat' dir='ltr'>consuluit</span> 
     </span>
    </p>
   </div>
   <div class='ocr_carea' id='block_1_76' title="bbox 219 4183 1880 4256">
    <p class='ocr_par' dir='ltr' id='par_1_76' title="bbox 219 4183 1880 4256">
     <span class='ocr_line' id='line_1_76' title="bbox 219 4183 1880 4256; baseline -0.001 -15"><span class='ocrx_word' id='word_1_512' title='bbox 219 4187 272 4242; x_wconf 90' lang='lat' dir='ltr'>ei</span> <span class='ocrx_word' id='word_1_513' title='bbox 299 4185 596 4241; x_wconf 71' lang='lat' dir='ltr'>mundum</span> <span class='ocrx_word' id='word_1_514' title='bbox 611 4186 858 4256; x_wconf 88' lang='lat' dir='ltr'>ejusque</span> <span class='ocrx_word' id='word_1_515' title='bbox 870 4183 1115 4256; x_wconf 89' lang='lat' dir='ltr'>gloriam</span> <span class='ocrx_word' id='word_1_516' title='bbox 1136 4200 1239 4254; x_wconf 91' lang='lat' dir='ltr'>per</span> <span class='ocrx_word' id='word_1_517' title='bbox 1251 4183 1880 4256; x_wconf 90' lang='lat' dir='ltr'>omniaderelinquere.</span> 
     </span>
    </p>
   </div>
   <div class='ocr_carea' id='block_1_77' title="bbox 221 4272 1882 4346">
    <p class='ocr_par' dir='ltr' id='par_1_77' title="bbox 221 4272 1882 4346">
     <span class='ocr_line' id='line_1_77' title="bbox 221 4272 1882 4346; baseline 0.001 -19"><span class='ocrx_word' id='word_1_518' title='bbox 221 4276 672 4343; x_wconf 84' lang='lat' dir='ltr'>Verumtamen,</span> <span class='ocrx_word' id='word_1_519' title='bbox 709 4279 918 4346; x_wconf 86' lang='lat' dir='ltr'>Optans</span> <span class='ocrx_word' id='word_1_520' title='bbox 955 4274 1084 4343; x_wconf 84' lang='lat' dir='ltr'>ejus</span> <span class='ocrx_word' id='word_1_521' title='bbox 1113 4272 1259 4329; x_wconf 91' lang='lat' dir='ltr'>velle</span> <span class='ocrx_word' id='word_1_522' title='bbox 1289 4273 1435 4328; x_wconf 90' lang='lat' dir='ltr'>scire</span> <span class='ocrx_word' id='word_1_523' title='bbox 1461 4273 1713 4345; x_wconf 90' lang='lat' dir='ltr'>plenius,</span> <span class='ocrx_word' id='word_1_524' title='bbox 1746 4290 1882 4329; x_wconf 88' lang='lat' dir='ltr'>con-</span> 
     </span>
    </p>
   </div>
   <div class='ocr_carea' id='block_1_78' title="bbox 219 4363 1886 4436">
    <p class='ocr_par' dir='ltr' id='par_1_78' title="bbox 219 4363 1886 4436">
     <span class='ocr_line' id='line_1_78' title="bbox 219 4363 1886 4436; baseline -0.003 -15"><span class='ocrx_word' id='word_1_525' title='bbox 219 4365 509 4421; x_wconf 81' lang='lat' dir='ltr'>stantiam</span> <span class='ocrx_word' id='word_1_526' title='bbox 543 4369 600 4419; x_wconf 90' lang='lat' dir='ltr'>et</span> <span class='ocrx_word' id='word_1_527' title='bbox 631 4363 1121 4436; x_wconf 88' lang='lat' dir='ltr'>perseverantiam</span> <span class='ocrx_word' id='word_1_528' title='bbox 1156 4363 1427 4434; x_wconf 90' lang='lat' dir='ltr'>probare,</span> <span class='ocrx_word' id='word_1_529' title='bbox 1452 4363 1627 4433; x_wconf 62' lang='lat' dir='ltr'>coepit</span> <span class='ocrx_word' id='word_1_530' title='bbox 1657 4363 1706 4417; x_wconf 91' lang='lat' dir='ltr'>ei</span> <span class='ocrx_word' id='word_1_531' title='bbox 1739 4364 1886 4417; x_wconf 92' lang='lat' dir='ltr'>dura</span> 
     </span>
    </p>
   </div>
   <div class='ocr_carea' id='block_1_79' title="bbox 219 4451 1883 4527">
    <p class='ocr_par' dir='ltr' id='par_1_79' title="bbox 219 4451 1883 4527">
     <span class='ocr_line' id='line_1_79' title="bbox 219 4451 1883 4527; baseline -0.002 -17"><span class='ocrx_word' id='word_1_532' title='bbox 219 4460 280 4510; x_wconf 89' lang='lat' dir='ltr'>et</span> <span class='ocrx_word' id='word_1_533' title='bbox 301 4470 521 4527; x_wconf 84' lang='lat' dir='ltr'>aspera</span> <span class='ocrx_word' id='word_1_534' title='bbox 547 4453 878 4526; x_wconf 66' lang='lat' dir='ltr'>praedicere,</span> <span class='ocrx_word' id='word_1_535' title='bbox 903 4457 960 4508; x_wconf 87' lang='lat' dir='ltr'>et</span> <span class='ocrx_word' id='word_1_536' title='bbox 980 4453 1135 4524; x_wconf 93' lang='lat' dir='ltr'>quod</span> <span class='ocrx_word' id='word_1_537' title='bbox 1157 4451 1333 4506; x_wconf 91' lang='lat' dir='ltr'>homo</span> <span class='ocrx_word' id='word_1_538' title='bbox 1367 4467 1606 4523; x_wconf 87' lang='lat' dir='ltr'>corpore</span> <span class='ocrx_word' id='word_1_539' title='bbox 1635 4451 1883 4519; x_wconf 89' lang='lat' dir='ltr'>validus,</span> 
     </span>
    </p>
   </div>
   <div class='ocr_carea' id='block_1_80' title="bbox 1984 3291 3632 3369">
    <p class='ocr_par' dir='ltr' id='par_1_80' title="bbox 1984 3291 3632 3369">
     <span class='ocr_line' id='line_1_80' title="bbox 1984 3291 3632 3369; baseline -0.001 -16"><span class='ocrx_word' id='word_1_540' title='bbox 1984 3296 2340 3369; x_wconf 89' lang='lat' dir='ltr'>ingrediens,</span> <span class='ocrx_word' id='word_1_541' title='bbox 2373 3299 2428 3350; x_wconf 90' lang='lat' dir='ltr'>et</span> <span class='ocrx_word' id='word_1_542' title='bbox 2461 3294 2655 3364; x_wconf 91' lang='lat' dir='ltr'>ipsum</span> <span class='ocrx_word' id='word_1_543' title='bbox 2687 3293 2839 3346; x_wconf 89' lang='lat' dir='ltr'>inter</span> <span class='ocrx_word' id='word_1_544' title='bbox 2872 3291 3126 3362; x_wconf 89' lang='lat' dir='ltr'>reliquos</span> <span class='ocrx_word' id='word_1_545' title='bbox 3173 3293 3382 3348; x_wconf 86' lang='lat' dir='ltr'>fratres</span> <span class='ocrx_word' id='word_1_546' title='bbox 3430 3297 3632 3351; x_wconf 83' lang='lat' dir='ltr'>sedere</span> 
     </span>
    </p>
   </div>
   <div class='ocr_carea' id='block_1_81' title="bbox 1986 3382 3631 3456">
    <p class='ocr_par' dir='ltr' id='par_1_81' title="bbox 1986 3382 3631 3456">
     <span class='ocr_line' id='line_1_81' title="bbox 1986 3382 3631 3456; baseline -0.002 -14"><span class='ocrx_word' id='word_1_547' title='bbox 1986 3385 2372 3456; x_wconf 83' lang='lat' dir='ltr'>conspiciens,</span> <span class='ocrx_word' id='word_1_548' title='bbox 2409 3383 2557 3438; x_wconf 85' lang='lat' dir='ltr'>redit</span> <span class='ocrx_word' id='word_1_549' title='bbox 2587 3382 2657 3436; x_wconf 90' lang='lat' dir='ltr'>ad</span> <span class='ocrx_word' id='word_1_550' title='bbox 2693 3386 2940 3451; x_wconf 91' lang='lat' dir='ltr'>patrem,</span> <span class='ocrx_word' id='word_1_551' title='bbox 2973 3397 3038 3434; x_wconf 93' lang='lat' dir='ltr'>ac</span> <span class='ocrx_word' id='word_1_552' title='bbox 3070 3384 3267 3435; x_wconf 90' lang='lat' dir='ltr'>monet</span> <span class='ocrx_word' id='word_1_553' title='bbox 3296 3397 3431 3436; x_wconf 90' lang='lat' dir='ltr'>eum</span> <span class='ocrx_word' id='word_1_554' title='bbox 3463 3387 3547 3453; x_wconf 87' lang='lat' dir='ltr'>ut,</span> <span class='ocrx_word' id='word_1_555' title='bbox 3580 3385 3631 3438; x_wconf 91' lang='lat' dir='ltr'>si</span> 
     </span>
    </p>
   </div>
   <div class='ocr_carea' id='block_1_82' title="bbox 1984 3468 3633 3545">
    <p class='ocr_par' dir='ltr' id='par_1_82' title="bbox 1984 3468 3633 3545">
     <span class='ocr_line' id='line_1_82' title="bbox 1984 3468 3633 3545; baseline -0.002 -15"><span class='ocrx_word' id='word_1_556' title='bbox 1984 3475 2142 3540; x_wconf 91' lang='lat' dir='ltr'>velit,</span> <span class='ocrx_word' id='word_1_557' title='bbox 2175 3472 2538 3545; x_wconf 88' lang='lat' dir='ltr'>ingrediatur</span> <span class='ocrx_word' id='word_1_558' title='bbox 2566 3469 2759 3525; x_wconf 90' lang='lat' dir='ltr'>videre</span> <span class='ocrx_word' id='word_1_559' title='bbox 2809 3468 3019 3523; x_wconf 89' lang='lat' dir='ltr'>ﬁlium.</span> <span class='ocrx_word' id='word_1_560' title='bbox 3069 3470 3253 3532; x_wconf 91' lang='lat' dir='ltr'>Quem</span> <span class='ocrx_word' id='word_1_561' title='bbox 3301 3487 3435 3524; x_wconf 92' lang='lat' dir='ltr'>cum</span> <span class='ocrx_word' id='word_1_562' title='bbox 3469 3476 3633 3542; x_wconf 89' lang='lat' dir='ltr'>pater</span> 
     </span>
    </p>
   </div>
   <div class='ocr_carea' id='block_1_83' title="bbox 1988 3555 3632 3627">
    <p class='ocr_par' dir='ltr' id='par_1_83' title="bbox 1988 3555 3632 3627">
     <span class='ocr_line' id='line_1_83' title="bbox 1988 3555 3632 3627; baseline -0.004 -8"><span class='ocrx_word' id='word_1_563' title='bbox 1988 3562 2310 3618; x_wconf 88' lang='lat' dir='ltr'>monastico</span> <span class='ocrx_word' id='word_1_564' title='bbox 2335 3560 2610 3614; x_wconf 88' lang='lat' dir='ltr'>indutum</span> <span class='ocrx_word' id='word_1_565' title='bbox 2643 3557 2844 3612; x_wconf 91' lang='lat' dir='ltr'>habitu</span> <span class='ocrx_word' id='word_1_566' title='bbox 2881 3559 3158 3623; x_wconf 88' lang='lat' dir='ltr'>cerneret,</span> <span class='ocrx_word' id='word_1_567' title='bbox 3183 3555 3407 3627; x_wconf 85' lang='lat' dir='ltr'>dolens,</span> <span class='ocrx_word' id='word_1_568' title='bbox 3427 3557 3632 3614; x_wconf 88' lang='lat' dir='ltr'>vocife-</span> 
     </span>
    </p>
   </div>
   <div class='ocr_carea' id='block_1_84' title="bbox 1987 3645 3630 3719">
    <p class='ocr_par' dir='ltr' id='par_1_84' title="bbox 1987 3645 3630 3719">
     <span class='ocr_line' id='line_1_84' title="bbox 1987 3645 3630 3719; baseline -0.002 -12"><span class='ocrx_word' id='word_1_569' title='bbox 1987 3669 2125 3707; x_wconf 88' lang='lat' dir='ltr'>rans</span> <span class='ocrx_word' id='word_1_570' title='bbox 2155 3656 2233 3718; x_wconf 90' lang='lat' dir='ltr'>et,</span> <span class='ocrx_word' id='word_1_571' title='bbox 2264 3649 2513 3704; x_wconf 88' lang='lat' dir='ltr'>nimium</span> <span class='ocrx_word' id='word_1_572' title='bbox 2545 3646 2776 3718; x_wconf 89' lang='lat' dir='ltr'>lugens,</span> <span class='ocrx_word' id='word_1_573' title='bbox 2810 3650 3001 3700; x_wconf 83' lang='lat' dir='ltr'>vestes</span> <span class='ocrx_word' id='word_1_574' title='bbox 3021 3645 3253 3712; x_wconf 90' lang='lat' dir='ltr'>scindit,</span> <span class='ocrx_word' id='word_1_575' title='bbox 3271 3651 3476 3717; x_wconf 88' lang='lat' dir='ltr'>pectus</span> <span class='ocrx_word' id='word_1_576' title='bbox 3498 3663 3630 3719; x_wconf 91' lang='lat' dir='ltr'>per-</span> 
     </span>
    </p>
   </div>
   <div class='ocr_carea' id='block_1_85' title="bbox 1988 3735 3633 3810">
    <p class='ocr_par' dir='ltr' id='par_1_85' title="bbox 1988 3735 3633 3810">
     <span class='ocr_line' id='line_1_85' title="bbox 1988 3735 3633 3810; baseline -0.003 -14"><span class='ocrx_word' id='word_1_577' title='bbox 1988 3741 2153 3810; x_wconf 90' lang='lat' dir='ltr'>cutit,</span> <span class='ocrx_word' id='word_1_578' title='bbox 2187 3755 2364 3810; x_wconf 86' lang='lat' dir='ltr'>genas</span> <span class='ocrx_word' id='word_1_579' title='bbox 2395 3737 2629 3802; x_wconf 88' lang='lat' dir='ltr'>lacerat,</span> <span class='ocrx_word' id='word_1_580' title='bbox 2665 3741 2741 3799; x_wconf 93' lang='lat' dir='ltr'>et,</span> <span class='ocrx_word' id='word_1_581' title='bbox 2775 3735 2946 3806; x_wconf 89' lang='lat' dir='ltr'>quasi</span> <span class='ocrx_word' id='word_1_582' title='bbox 2978 3750 3183 3790; x_wconf 90' lang='lat' dir='ltr'>amens</span> <span class='ocrx_word' id='word_1_583' title='bbox 3222 3735 3482 3803; x_wconf 81' lang='lat' dir='ltr'>eﬂ&#39;ectus,</span> <span class='ocrx_word' id='word_1_584' title='bbox 3517 3735 3633 3791; x_wconf 91' lang='lat' dir='ltr'>mi-</span> 
     </span>
    </p>
   </div>
   <div class='ocr_carea' id='block_1_86' title="bbox 1990 3823 3634 3897">
    <p class='ocr_par' dir='ltr' id='par_1_86' title="bbox 1990 3823 3634 3897">
     <span class='ocr_line' id='line_1_86' title="bbox 1990 3823 3634 3897; baseline -0.002 -11"><span class='ocrx_word' id='word_1_585' title='bbox 1990 3846 2184 3886; x_wconf 90' lang='lat' dir='ltr'>serum</span> <span class='ocrx_word' id='word_1_586' title='bbox 2243 3845 2304 3884; x_wconf 90' lang='lat' dir='ltr'>se</span> <span class='ocrx_word' id='word_1_587' title='bbox 2365 3825 2816 3897; x_wconf 91' lang='lat' dir='ltr'>desolatumque</span> <span class='ocrx_word' id='word_1_588' title='bbox 2873 3823 3269 3895; x_wconf 84' lang='lat' dir='ltr'>congeminat.</span> <span class='ocrx_word' id='word_1_589' title='bbox 3329 3825 3634 3882; x_wconf 89' lang='lat' dir='ltr'>Postremo</span> 
     </span>
    </p>
   </div>
   <div class='ocr_carea' id='block_1_87' title="bbox 1990 3913 3631 3985">
    <p class='ocr_par' dir='ltr' id='par_1_87' title="bbox 1990 3913 3631 3985">
     <span class='ocr_line' id='line_1_87' title="bbox 1990 3913 3631 3985; baseline -0.004 -10"><span class='ocrx_word' id='word_1_590' title='bbox 1990 3919 2213 3975; x_wconf 90' lang='lat' dir='ltr'>diutius</span> <span class='ocrx_word' id='word_1_591' title='bbox 2245 3919 2317 3973; x_wconf 93' lang='lat' dir='ltr'>ab</span> <span class='ocrx_word' id='word_1_592' title='bbox 2347 3917 2555 3972; x_wconf 88' lang='lat' dir='ltr'>abbate</span> <span class='ocrx_word' id='word_1_593' title='bbox 2586 3913 3028 3985; x_wconf 88' lang='lat' dir='ltr'>monachisque,</span> <span class='ocrx_word' id='word_1_594' title='bbox 3059 3913 3301 3984; x_wconf 87' lang='lat' dir='ltr'>suisque</span> <span class='ocrx_word' id='word_1_595' title='bbox 3359 3913 3534 3969; x_wconf 91' lang='lat' dir='ltr'>sociis</span> <span class='ocrx_word' id='word_1_596' title='bbox 3565 3932 3631 3970; x_wconf 90' lang='lat' dir='ltr'>ac</span> 
     </span>
    </p>
   </div>
   <div class='ocr_carea' id='block_1_88' title="bbox 1992 4002 3632 4075">
    <p class='ocr_par' dir='ltr' id='par_1_88' title="bbox 1992 4002 3632 4075">
     <span class='ocr_line' id='line_1_88' title="bbox 1992 4002 3632 4075; baseline -0.004 -11"><span class='ocrx_word' id='word_1_597' title='bbox 1992 4009 2110 4064; x_wconf 90' lang='lat' dir='ltr'>ﬁlio</span> <span class='ocrx_word' id='word_1_598' title='bbox 2141 4007 2558 4075; x_wconf 89' lang='lat' dir='ltr'>commonitus,</span> <span class='ocrx_word' id='word_1_599' title='bbox 2590 4005 2826 4059; x_wconf 88' lang='lat' dir='ltr'>tandem</span> <span class='ocrx_word' id='word_1_600' title='bbox 2859 4002 3073 4058; x_wconf 83' lang='lat' dir='ltr'>seniori</span> <span class='ocrx_word' id='word_1_601' title='bbox 3126 4002 3307 4058; x_wconf 87' lang='lat' dir='ltr'>menti</span> <span class='ocrx_word' id='word_1_602' title='bbox 3349 4003 3632 4069; x_wconf 90' lang='lat' dir='ltr'>redditus,</span> 
     </span>
    </p>
   </div>
   <div class='ocr_carea' id='block_1_89' title="bbox 1993 4090 3637 4166">
    <p class='ocr_par' dir='ltr' id='par_1_89' title="bbox 1993 4090 3637 4166">
     <span class='ocr_line' id='line_1_89' title="bbox 1993 4090 3637 4166; baseline -0.004 -14"><span class='ocrx_word' id='word_1_603' title='bbox 1993 4098 2177 4153; x_wconf 90' lang='lat' dir='ltr'>ﬁlium</span> <span class='ocrx_word' id='word_1_604' title='bbox 2213 4094 2569 4166; x_wconf 87' lang='lat' dir='ltr'>multiplicer</span> <span class='ocrx_word' id='word_1_605' title='bbox 2596 4092 2967 4158; x_wconf 89' lang='lat' dir='ltr'>benedicens,</span> <span class='ocrx_word' id='word_1_606' title='bbox 3000 4091 3270 4146; x_wconf 90' lang='lat' dir='ltr'>hortatur</span> <span class='ocrx_word' id='word_1_607' title='bbox 3289 4093 3360 4146; x_wconf 88' lang='lat' dir='ltr'>ad</span> <span class='ocrx_word' id='word_1_608' title='bbox 3395 4090 3637 4147; x_wconf 89' lang='lat' dir='ltr'>meliora</span> 
     </span>
    </p>
   </div>
   <div class='ocr_carea' id='block_1_90' title="bbox 1993 4179 3637 4252">
    <p class='ocr_par' dir='ltr' id='par_1_90' title="bbox 1993 4179 3637 4252">
     <span class='ocr_line' id='line_1_90' title="bbox 1993 4179 3637 4252; baseline -0.005 -9"><span class='ocrx_word' id='word_1_609' title='bbox 1993 4187 2404 4252; x_wconf 90' lang='lat' dir='ltr'>conscendere,</span> <span class='ocrx_word' id='word_1_610' title='bbox 2435 4189 2491 4238; x_wconf 90' lang='lat' dir='ltr'>et</span> <span class='ocrx_word' id='word_1_611' title='bbox 2522 4183 2605 4238; x_wconf 92' lang='lat' dir='ltr'>sic</span> <span class='ocrx_word' id='word_1_612' title='bbox 2637 4181 2976 4237; x_wconf 89' lang='lat' dir='ltr'>consolatus</span> <span class='ocrx_word' id='word_1_613' title='bbox 3006 4180 3065 4235; x_wconf 90' lang='lat' dir='ltr'>in</span> <span class='ocrx_word' id='word_1_614' title='bbox 3097 4179 3367 4247; x_wconf 89' lang='lat' dir='ltr'>Domino,</span> <span class='ocrx_word' id='word_1_615' title='bbox 3399 4181 3469 4236; x_wconf 92' lang='lat' dir='ltr'>ad</span> <span class='ocrx_word' id='word_1_616' title='bbox 3504 4196 3637 4251; x_wconf 88' lang='lat' dir='ltr'>pro-</span> 
     </span>
    </p>
   </div>
   <div class='ocr_carea' id='block_1_91' title="bbox 1993 4270 3172 4348">
    <p class='ocr_par' dir='ltr' id='par_1_91' title="bbox 1993 4270 3172 4348">
     <span class='ocr_line' id='line_1_91' title="bbox 1993 4270 3172 4348; baseline -0.008 -17"><span class='ocrx_word' id='word_1_617' title='bbox 1993 4276 2119 4348; x_wconf 92' lang='lat' dir='ltr'>pria</span> <span class='ocrx_word' id='word_1_618' title='bbox 2149 4293 2266 4331; x_wconf 89' lang='lat' dir='ltr'>non</span> <span class='ocrx_word' id='word_1_619' title='bbox 2299 4275 2519 4345; x_wconf 85' lang='lat' dir='ltr'>absque</span> <span class='ocrx_word' id='word_1_620' title='bbox 2551 4287 2795 4326; x_wconf 63' lang='lat' dir='ltr'>maerore</span> <span class='ocrx_word' id='word_1_621' title='bbox 2827 4270 3172 4342; x_wconf 87' lang='lat' dir='ltr'>regreditur.</span> 
     </span>
    </p>
   </div>
   <div class='ocr_carea' id='block_1_92' title="bbox 2607 4357 3018 4414">
    <p class='ocr_par' dir='ltr' id='par_1_92' title="bbox 2607 4357 3018 4414">
     <span class='ocr_line' id='line_1_92' title="bbox 2607 4357 3018 4414; baseline -0.01 0"><span class='ocrx_word' id='word_1_622' title='bbox 2607 4358 2838 4414; x_wconf 86' lang='lat' dir='ltr'>CAPUT</span> <span class='ocrx_word' id='word_1_623' title='bbox 2870 4357 3018 4411; x_wconf 88' lang='lat' dir='ltr'>VIII.</span> 
     </span>
    </p>
   </div>
   <div class='ocr_carea' id='block_1_93' title="bbox 2065 4446 3641 4516">
    <p class='ocr_par' dir='ltr' id='par_1_93' title="bbox 2065 4446 3641 4516">
     <span class='ocr_line' id='line_1_93' title="bbox 2065 4446 3641 4516; baseline -0.004 -10"><span class='ocrx_word' id='word_1_624' title='bbox 2065 4450 2284 4506; x_wconf 89' lang='lat' dir='ltr'>Deinde</span> <span class='ocrx_word' id='word_1_625' title='bbox 2317 4466 2518 4504; x_wconf 90' lang='lat' dir='ltr'>servus</span> <span class='ocrx_word' id='word_1_626' title='bbox 2548 4447 2779 4503; x_wconf 92' lang='lat' dir='ltr'>Domini</span> <span class='ocrx_word' id='word_1_627' title='bbox 2806 4447 3062 4501; x_wconf 87' lang='lat' dir='ltr'>Joannes</span> <span class='ocrx_word' id='word_1_628' title='bbox 3117 4446 3290 4516; x_wconf 65' lang='lat' dir='ltr'>saepit</span> <span class='ocrx_word' id='word_1_629' title='bbox 3331 4452 3548 4501; x_wconf 87' lang='lat' dir='ltr'>arctam</span> <span class='ocrx_word' id='word_1_630' title='bbox 3584 4451 3641 4501; x_wconf 91' lang='lat' dir='ltr'>et</span> 
     </span>
    </p>
   </div>
   <div class='ocr_carea' id='block_1_94' title="bbox 219 4533 3640 4617">
    <p class='ocr_par' dir='ltr' id='par_1_94' title="bbox 219 4533 3640 4617">
     <span class='ocr_line' id='line_1_94' title="bbox 219 4533 3640 4617; baseline -0.004 -17"><span class='ocrx_word' id='word_1_631' title='bbox 219 4546 547 4616; x_wconf 86' lang='lat' dir='ltr'>juventute</span> <span class='ocrx_word' id='word_1_632' title='bbox 578 4543 844 4612; x_wconf 87' lang='lat' dir='ltr'>ﬂoridus,</span> <span class='ocrx_word' id='word_1_633' title='bbox 877 4559 994 4598; x_wconf 91' lang='lat' dir='ltr'>non</span> <span class='ocrx_word' id='word_1_634' title='bbox 1047 4539 1212 4596; x_wconf 82' lang='lat' dir='ltr'>facile</span> <span class='ocrx_word' id='word_1_635' title='bbox 1260 4545 1459 4612; x_wconf 90' lang='lat' dir='ltr'>posset</span> <span class='ocrx_word' id='word_1_636' title='bbox 1498 4541 1885 4596; x_wconf 89' lang='lat' dir='ltr'>monasticam</span> <span class='ocrx_word' id='word_1_637' title='bbox 1919 4553 1965 4617; x_wconf 76' lang='grc' dir='ltr'>Ι)</span> <span class='ocrx_word' id='word_1_638' title='bbox 1996 4543 2309 4612; x_wconf 89' lang='lat' dir='ltr'>angustam</span> <span class='ocrx_word' id='word_1_639' title='bbox 2339 4539 2492 4592; x_wconf 90' lang='lat' dir='ltr'>viam</span> <span class='ocrx_word' id='word_1_640' title='bbox 2525 4553 2627 4607; x_wconf 91' lang='lat' dir='ltr'>pro</span> <span class='ocrx_word' id='word_1_641' title='bbox 2658 4535 2868 4589; x_wconf 85' lang='lat' dir='ltr'>virium</span> <span class='ocrx_word' id='word_1_642' title='bbox 2901 4533 3228 4605; x_wconf 85' lang='lat' dir='ltr'>quantitate</span> <span class='ocrx_word' id='word_1_643' title='bbox 3259 4534 3640 4588; x_wconf 82' lang='lat' dir='ltr'>servare.Sat-</span> 
     </span>
    </p>
   </div>
   <div class='ocr_carea' id='block_1_95' title="bbox 222 4630 1886 4706">
    <p class='ocr_par' dir='ltr' id='par_1_95' title="bbox 222 4630 1886 4706">
     <span class='ocr_line' id='line_1_95' title="bbox 222 4630 1886 4706; baseline -0.004 -16"><span class='ocrx_word' id='word_1_644' title='bbox 222 4634 580 4706; x_wconf 83' lang='lat' dir='ltr'>pauperiem</span> <span class='ocrx_word' id='word_1_645' title='bbox 610 4632 879 4689; x_wconf 86' lang='lat' dir='ltr'>tolerare.</span> <span class='ocrx_word' id='word_1_646' title='bbox 916 4631 1022 4688; x_wconf 91' lang='lat' dir='ltr'>Cui</span> <span class='ocrx_word' id='word_1_647' title='bbox 1049 4631 1346 4687; x_wconf 88' lang='lat' dir='ltr'>Joannes:</span> <span class='ocrx_word' id='word_1_648' title='bbox 1398 4653 1426 4680; x_wconf 84' lang='lat'>«</span> <span class='ocrx_word' id='word_1_649' title='bbox 1478 4630 1626 4700; x_wconf 91' lang='lat' dir='ltr'>Non,</span> <span class='ocrx_word' id='word_1_650' title='bbox 1674 4630 1886 4700; x_wconf 87' lang='lat' dir='ltr'>inquit,</span> 
     </span>
    </p>
   </div>
   <div class='ocr_carea' id='block_1_96' title="bbox 225 4718 1946 4796">
    <p class='ocr_par' dir='ltr' id='par_1_96' title="bbox 225 4718 1946 4796">
     <span class='ocr_line' id='line_1_96' title="bbox 225 4718 1946 4796; baseline -0.004 -17"><span class='ocrx_word' id='word_1_651' title='bbox 225 4722 574 4796; x_wconf 84' lang='lat' dir='ltr'>appetenda</span> <span class='ocrx_word' id='word_1_652' title='bbox 605 4726 695 4777; x_wconf 90' lang='lat' dir='ltr'>est</span> <span class='ocrx_word' id='word_1_653' title='bbox 717 4721 912 4794; x_wconf 41' lang='lat' dir='ltr'>gloria.</span> <span class='ocrx_word' id='word_1_654' title='bbox 928 4719 1290 4792; x_wconf 88' lang='lat' dir='ltr'>temporalis,</span> <span class='ocrx_word' id='word_1_655' title='bbox 1323 4735 1449 4789; x_wconf 83' lang='lat' dir='ltr'>quae</span> <span class='ocrx_word' id='word_1_656' title='bbox 1499 4718 1612 4774; x_wconf 90' lang='lat' dir='ltr'>cito</span> <span class='ocrx_word' id='word_1_657' title='bbox 1653 4718 1885 4785; x_wconf 89' lang='lat' dir='ltr'>transit,</span> <span class='ocrx_word' id='word_1_658' title='bbox 1939 4737 1946 4748; x_wconf 59' lang='grc' dir='ltr'><strong>κ</strong></span> 
     </span>
    </p>
   </div>
   <div class='ocr_carea' id='block_1_97' title="bbox 225 4809 1718 4884">
    <p class='ocr_par' dir='ltr' id='par_1_97' title="bbox 225 4809 1718 4884">
     <span class='ocr_line' id='line_1_97' title="bbox 225 4809 1718 4884; baseline -0.005 -16"><span class='ocrx_word' id='word_1_659' title='bbox 225 4829 340 4868; x_wconf 80' lang='lat' dir='ltr'>nec</span> <span class='ocrx_word' id='word_1_660' title='bbox 375 4811 640 4884; x_wconf 88' lang='lat' dir='ltr'>corporis</span> <span class='ocrx_word' id='word_1_661' title='bbox 672 4811 972 4878; x_wconf 83' lang='lat' dir='ltr'>fortitudo,</span> <span class='ocrx_word' id='word_1_662' title='bbox 997 4826 1125 4882; x_wconf 65' lang='lat' dir='ltr'>quae</span> <span class='ocrx_word' id='word_1_663' title='bbox 1151 4809 1411 4880; x_wconf 92' lang='lat' dir='ltr'>quotidie</span> <span class='ocrx_word' id='word_1_664' title='bbox 1441 4809 1654 4864; x_wconf 90' lang='lat' dir='ltr'>deﬁcit.</span> <span class='ocrx_word' id='word_1_665' title='bbox 1691 4829 1718 4858; x_wconf 85' lang='lat'><strong>»</strong></span> 
     </span>
    </p>
   </div>
   <div class='ocr_carea' id='block_1_98' title="bbox 881 4898 1244 4954">
    <p class='ocr_par' dir='ltr' id='par_1_98' title="bbox 881 4898 1244 4954">
     <span class='ocr_line' id='line_1_98' title="bbox 881 4898 1244 4954; baseline -0.003 0"><span class='ocrx_word' id='word_1_666' title='bbox 881 4899 1112 4954; x_wconf 86' lang='lat' dir='ltr'>CAPUT</span> <span class='ocrx_word' id='word_1_667' title='bbox 1155 4898 1244 4953; x_wconf 93' lang='lat' dir='ltr'>VI.</span> 
     </span>
    </p>
   </div>
   <div class='ocr_carea' id='block_1_99' title="bbox 304 4986 1892 5061">
    <p class='ocr_par' dir='ltr' id='par_1_99' title="bbox 304 4986 1892 5061">
     <span class='ocr_line' id='line_1_99' title="bbox 304 4986 1892 5061; baseline -0.004 -15"><span class='ocrx_word' id='word_1_668' title='bbox 304 4991 583 5061; x_wconf 90' lang='lat' dir='ltr'>Cumque</span> <span class='ocrx_word' id='word_1_669' title='bbox 612 4989 732 5046; x_wconf 68' lang='lat' dir='ltr'>haec</span> <span class='ocrx_word' id='word_1_670' title='bbox 763 4993 821 5044; x_wconf 87' lang='lat' dir='ltr'>et</span> <span class='ocrx_word' id='word_1_671' title='bbox 869 4989 961 5044; x_wconf 88' lang='lat' dir='ltr'>his</span> <span class='ocrx_word' id='word_1_672' title='bbox 1018 4987 1236 5042; x_wconf 85' lang='lat' dir='ltr'>similia</span> <span class='ocrx_word' id='word_1_673' title='bbox 1265 4986 1753 5058; x_wconf 89' lang='lat' dir='ltr'>colloquerentur,</span> <span class='ocrx_word' id='word_1_674' title='bbox 1787 5001 1892 5040; x_wconf 89' lang='lat' dir='ltr'>nec</span> 
     </span>
    </p>
   </div>
   <div class='ocr_carea' id='block_1_100' title="bbox 224 5073 1889 5150">
    <p class='ocr_par' dir='ltr' id='par_1_100' title="bbox 224 5073 1889 5150">
     <span class='ocr_line' id='line_1_100' title="bbox 224 5073 1889 5150; baseline -0.004 -14"><span class='ocrx_word' id='word_1_675' title='bbox 224 5080 422 5136; x_wconf 83' lang='lat' dir='ltr'>abbas</span> <span class='ocrx_word' id='word_1_676' title='bbox 440 5079 513 5133; x_wconf 89' lang='lat' dir='ltr'>ad</span> <span class='ocrx_word' id='word_1_677' title='bbox 527 5077 764 5150; x_wconf 88' lang='lat' dir='ltr'>plenum</span> <span class='ocrx_word' id='word_1_678' title='bbox 776 5077 907 5133; x_wconf 92' lang='lat' dir='ltr'>volu</span> <span class='ocrx_word' id='word_1_679' title='bbox 917 5076 1059 5132; x_wconf 88' lang='lat' dir='ltr'>ntati</span> <span class='ocrx_word' id='word_1_680' title='bbox 1075 5093 1195 5132; x_wconf 71' lang='lat' dir='ltr'>suae</span> <span class='ocrx_word' id='word_1_681' title='bbox 1208 5091 1299 5130; x_wconf 90' lang='lat' dir='ltr'>res</span> <span class='ocrx_word' id='word_1_682' title='bbox 1307 5073 1787 5147; x_wconf 87' lang='lat' dir='ltr'>ponderet,famul</span> <span class='ocrx_word' id='word_1_683' title='bbox 1799 5091 1889 5140; x_wconf 88' lang='lat' dir='ltr'>us,</span> 
     </span>
    </p>
   </div>
   <div class='ocr_carea' id='block_1_101' title="bbox 225 5163 1890 5240">
    <p class='ocr_par' dir='ltr' id='par_1_101' title="bbox 225 5163 1890 5240">
     <span class='ocr_line' id='line_1_101' title="bbox 225 5163 1890 5240; baseline -0.005 -16"><span class='ocrx_word' id='word_1_684' title='bbox 225 5184 414 5240; x_wconf 84' lang='lat' dir='ltr'>quem</span> <span class='ocrx_word' id='word_1_685' title='bbox 440 5166 800 5223; x_wconf 88' lang='lat' dir='ltr'>Florentiam</span> <span class='ocrx_word' id='word_1_686' title='bbox 831 5165 1213 5238; x_wconf 73' lang='lat' dir='ltr'>praemiserat,</span> <span class='ocrx_word' id='word_1_687' title='bbox 1237 5163 1542 5218; x_wconf 92' lang='lat' dir='ltr'>dominum</span> <span class='ocrx_word' id='word_1_688' title='bbox 1567 5179 1742 5218; x_wconf 88' lang='lat' dir='ltr'>suum</span> <span class='ocrx_word' id='word_1_689' title='bbox 1775 5179 1890 5217; x_wconf 91' lang='lat' dir='ltr'>non</span> 
     </span>
    </p>
   </div>
   <div class='ocr_carea' id='block_1_102' title="bbox 223 5251 1894 5326">
    <p class='ocr_par' dir='ltr' id='par_1_102' title="bbox 223 5251 1894 5326">
     <span class='ocr_line' id='line_1_102' title="bbox 223 5251 1894 5326; baseline -0.003 -15"><span class='ocrx_word' id='word_1_690' title='bbox 223 5255 438 5312; x_wconf 84' lang='lat' dir='ltr'>venire</span> <span class='ocrx_word' id='word_1_691' title='bbox 470 5255 873 5326; x_wconf 85' lang='lat' dir='ltr'>considerans,</span> <span class='ocrx_word' id='word_1_692' title='bbox 907 5255 1149 5309; x_wconf 89' lang='lat' dir='ltr'>domum</span> <span class='ocrx_word' id='word_1_693' title='bbox 1203 5252 1397 5321; x_wconf 88' lang='lat' dir='ltr'>rediit,</span> <span class='ocrx_word' id='word_1_694' title='bbox 1446 5256 1504 5307; x_wconf 90' lang='lat' dir='ltr'>et</span> <span class='ocrx_word' id='word_1_695' title='bbox 1559 5268 1683 5322; x_wconf 77' lang='lat' dir='ltr'>quae</span> <span class='ocrx_word' id='word_1_696' title='bbox 1743 5251 1894 5306; x_wconf 85' lang='lat' dir='ltr'>facta</span> 
     </span>
    </p>
   </div>
   <div class='ocr_carea' id='block_1_103' title="bbox 1999 4621 3643 4701">
    <p class='ocr_par' dir='ltr' id='par_1_103' title="bbox 1999 4621 3643 4701">
     <span class='ocr_line' id='line_1_103' title="bbox 1999 4621 3643 4701; baseline -0.007 -17"><span class='ocrx_word' id='word_1_697' title='bbox 1999 4629 2209 4701; x_wconf 88' lang='lat' dir='ltr'>agebat</span> <span class='ocrx_word' id='word_1_698' title='bbox 2239 4631 2475 4699; x_wconf 90' lang='lat' dir='ltr'>peccata</span> <span class='ocrx_word' id='word_1_699' title='bbox 2505 4623 2802 4696; x_wconf 57' lang='lat' dir='ltr'>praeterita</span> <span class='ocrx_word' id='word_1_700' title='bbox 2853 4621 3113 4693; x_wconf 89' lang='lat' dir='ltr'>quotidie</span> <span class='ocrx_word' id='word_1_701' title='bbox 3166 4621 3459 4692; x_wconf 87' lang='lat' dir='ltr'>plangere,</span> <span class='ocrx_word' id='word_1_702' title='bbox 3486 4621 3643 4690; x_wconf 85' lang='lat' dir='ltr'>jeju-</span> 
     </span>
    </p>
   </div>
   <div class='ocr_carea' id='block_1_104' title="bbox 1999 4708 3643 4783">
    <p class='ocr_par' dir='ltr' id='par_1_104' title="bbox 1999 4708 3643 4783">
     <span class='ocr_line' id='line_1_104' title="bbox 1999 4708 3643 4783; baseline -0.005 -12"><span class='ocrx_word' id='word_1_703' title='bbox 1999 4717 2132 4783; x_wconf 91' lang='lat' dir='ltr'>niis,</span> <span class='ocrx_word' id='word_1_704' title='bbox 2195 4713 2588 4780; x_wconf 89' lang='lat' dir='ltr'>abstinentiis,</span> <span class='ocrx_word' id='word_1_705' title='bbox 2644 4710 3012 4766; x_wconf 86' lang='lat' dir='ltr'>orationibus</span> <span class='ocrx_word' id='word_1_706' title='bbox 3073 4708 3386 4779; x_wconf 88' lang='lat' dir='ltr'>nimiisque</span> <span class='ocrx_word' id='word_1_707' title='bbox 3425 4708 3643 4780; x_wconf 89' lang='lat' dir='ltr'>vigiliis</span> 
     </span>
    </p>
   </div>
   <div class='ocr_carea' id='block_1_105' title="bbox 1998 4797 3640 4869">
    <p class='ocr_par' dir='ltr' id='par_1_105' title="bbox 1998 4797 3640 4869">
     <span class='ocr_line' id='line_1_105' title="bbox 1998 4797 3640 4869; baseline -0.005 -10"><span class='ocrx_word' id='word_1_708' title='bbox 1998 4820 2232 4859; x_wconf 90' lang='lat' dir='ltr'>carnem</span> <span class='ocrx_word' id='word_1_709' title='bbox 2266 4817 2598 4866; x_wconf 88' lang='lat' dir='ltr'>macerare;</span> <span class='ocrx_word' id='word_1_710' title='bbox 2653 4801 2854 4869; x_wconf 87' lang='lat' dir='ltr'>sicque</span> <span class='ocrx_word' id='word_1_711' title='bbox 2903 4797 3274 4863; x_wconf 87' lang='lat' dir='ltr'>humilitatis,</span> <span class='ocrx_word' id='word_1_712' title='bbox 3326 4797 3640 4868; x_wconf 60' lang='lat' dir='ltr'>patientia,</span> 
     </span>
    </p>
   </div>
   <div class='ocr_carea' id='block_1_106' title="bbox 1999 4885 3643 4961">
    <p class='ocr_par' dir='ltr' id='par_1_106' title="bbox 1999 4885 3643 4961">
     <span class='ocr_line' id='line_1_106' title="bbox 1999 4885 3643 4961; baseline -0.005 -12"><span class='ocrx_word' id='word_1_713' title='bbox 1999 4892 2363 4961; x_wconf 71' lang='lat' dir='ltr'>obedientiaa,</span> <span class='ocrx_word' id='word_1_714' title='bbox 2398 4893 2864 4958; x_wconf 70' lang='lat' dir='ltr'>cmterarumque’</span> <span class='ocrx_word' id='word_1_715' title='bbox 2884 4887 3164 4941; x_wconf 86' lang='lat' dir='ltr'>virtutum</span> <span class='ocrx_word' id='word_1_716' title='bbox 3199 4885 3338 4941; x_wconf 90' lang='lat' dir='ltr'>ﬂore</span> <span class='ocrx_word' id='word_1_717' title='bbox 3371 4885 3643 4957; x_wconf 88' lang='lat' dir='ltr'>splende-</span> 
     </span>
    </p>
   </div>
   <div class='ocr_carea' id='block_1_107' title="bbox 1999 4975 3643 5048">
    <p class='ocr_par' dir='ltr' id='par_1_107' title="bbox 1999 4975 3643 5048">
     <span class='ocr_line' id='line_1_107' title="bbox 1999 4975 3643 5048; baseline -0.004 -11"><span class='ocrx_word' id='word_1_718' title='bbox 1999 4983 2097 5038; x_wconf 90' lang='lat' dir='ltr'>bat</span> <span class='ocrx_word' id='word_1_719' title='bbox 2126 4986 2213 5048; x_wconf 90' lang='lat' dir='ltr'>ut,</span> <span class='ocrx_word' id='word_1_720' title='bbox 2246 4998 2378 5035; x_wconf 90' lang='lat' dir='ltr'>cum</span> <span class='ocrx_word' id='word_1_721' title='bbox 2433 4995 2495 5034; x_wconf 92' lang='lat' dir='ltr'>se</span> <span class='ocrx_word' id='word_1_722' title='bbox 2555 4977 2781 5032; x_wconf 67' lang='lat' dir='ltr'>ceteris</span> <span class='ocrx_word' id='word_1_723' title='bbox 2838 4976 3172 5032; x_wconf 83' lang='lat' dir='ltr'>inferiorem</span> <span class='ocrx_word' id='word_1_724' title='bbox 3234 4975 3516 5044; x_wconf 91' lang='lat' dir='ltr'>crederet,</span> <span class='ocrx_word' id='word_1_725' title='bbox 3572 4976 3643 5030; x_wconf 90' lang='lat' dir='ltr'>ab</span> 
     </span>
    </p>
   </div>
   <div class='ocr_carea' id='block_1_108' title="bbox 2000 5066 2978 5127">
    <p class='ocr_par' dir='ltr' id='par_1_108' title="bbox 2000 5066 2978 5127">
     <span class='ocr_line' id='line_1_108' title="bbox 2000 5066 2978 5127; baseline -0.007 0"><span class='ocrx_word' id='word_1_726' title='bbox 2000 5071 2276 5127; x_wconf 89' lang='lat' dir='ltr'>omnibus</span> <span class='ocrx_word' id='word_1_727' title='bbox 2309 5067 2618 5124; x_wconf 87' lang='lat' dir='ltr'>sublimior</span> <span class='ocrx_word' id='word_1_728' title='bbox 2649 5066 2978 5121; x_wconf 90' lang='lat' dir='ltr'>haberetur.</span> 
     </span>
    </p>
   </div>
   <div class='ocr_carea' id='block_1_109' title="bbox 2641 5154 2997 5210">
    <p class='ocr_par' dir='ltr' id='par_1_109' title="bbox 2641 5154 2997 5210">
     <span class='ocr_line' id='line_1_109' title="bbox 2641 5154 2997 5210; baseline -0.003 0"><span class='ocrx_word' id='word_1_729' title='bbox 2641 5155 2872 5210; x_wconf 89' lang='lat' dir='ltr'>CAPUT</span> <span class='ocrx_word' id='word_1_730' title='bbox 2904 5154 2997 5209; x_wconf 88' lang='lat' dir='ltr'>IX.</span> 
     </span>
    </p>
   </div>
   <div class='ocr_carea' id='block_1_110' title="bbox 2074 5240 3649 5318">
    <p class='ocr_par' dir='ltr' id='par_1_110' title="bbox 2074 5240 3649 5318">
     <span class='ocr_line' id='line_1_110' title="bbox 2074 5240 3649 5318; baseline -0.005 -14"><span class='ocrx_word' id='word_1_731' title='bbox 2074 5250 2211 5304; x_wconf 89' lang='lat' dir='ltr'>Post</span> <span class='ocrx_word' id='word_1_732' title='bbox 2233 5247 2612 5318; x_wconf 90' lang='lat' dir='ltr'>aliquandum</span> <span class='ocrx_word' id='word_1_733' title='bbox 2630 5250 2862 5316; x_wconf 88' lang='lat' dir='ltr'>tempus</span> <span class='ocrx_word' id='word_1_734' title='bbox 2885 5244 3065 5299; x_wconf 89' lang='lat' dir='ltr'>abbas</span> <span class='ocrx_word' id='word_1_735' title='bbox 3083 5242 3350 5314; x_wconf 84' lang='lat' dir='ltr'>ejusdem</span> <span class='ocrx_word' id='word_1_736' title='bbox 3372 5240 3482 5295; x_wconf 92' lang='lat' dir='ltr'>loci</span> <span class='ocrx_word' id='word_1_737' title='bbox 3497 5256 3649 5310; x_wconf 70' lang='lat' dir='ltr'>saepe</span> 
     </span>
    </p>
   </div>
   <div class='ocr_carea' id='block_1_111' title="bbox 226 5330 3645 5416">
    <p class='ocr_par' dir='ltr' id='par_1_111' title="bbox 226 5330 3645 5416">
     <span class='ocr_line' id='line_1_111' title="bbox 226 5330 3645 5416; baseline -0.004 -16"><span class='ocrx_word' id='word_1_738' title='bbox 226 5347 477 5400; x_wconf 87' lang='lat' dir='ltr'>fuerant</span> <span class='ocrx_word' id='word_1_739' title='bbox 500 5344 572 5399; x_wconf 90' lang='lat' dir='ltr'>de</span> <span class='ocrx_word' id='word_1_740' title='bbox 593 5360 661 5399; x_wconf 90' lang='lat' dir='ltr'>eo</span> <span class='ocrx_word' id='word_1_741' title='bbox 687 5343 1050 5416; x_wconf 85' lang='lat' dir='ltr'>genitoribus</span> <span class='ocrx_word' id='word_1_742' title='bbox 1071 5341 1196 5398; x_wconf 90' lang='lat' dir='ltr'>suis</span> <span class='ocrx_word' id='word_1_743' title='bbox 1242 5339 1514 5396; x_wconf 90' lang='lat' dir='ltr'>innotuit.</span> <span class='ocrx_word' id='word_1_744' title='bbox 1545 5339 1708 5394; x_wconf 90' lang='lat' dir='ltr'>Unde</span> <span class='ocrx_word' id='word_1_745' title='bbox 1731 5343 1896 5410; x_wconf 89' lang='lat' dir='ltr'>pater</span> <span class='ocrx_word' id='word_1_746' title='bbox 1995 5341 2124 5411; x_wconf 87' lang='lat' dir='ltr'>jam</span> <span class='ocrx_word' id='word_1_747' title='bbox 2157 5339 2350 5393; x_wconf 91' lang='lat' dir='ltr'>dictus</span> <span class='ocrx_word' id='word_1_748' title='bbox 2383 5335 2658 5408; x_wconf 88' lang='lat' dir='ltr'>migravit</span> <span class='ocrx_word' id='word_1_749' title='bbox 2715 5351 2749 5388; x_wconf 89' lang='lat' dir='ltr'>a</span> <span class='ocrx_word' id='word_1_750' title='bbox 2788 5331 3016 5388; x_wconf 64' lang='lat' dir='ltr'>saeculo.</span> <span class='ocrx_word' id='word_1_751' title='bbox 3053 5333 3188 5387; x_wconf 91' lang='lat' dir='ltr'>Post</span> <span class='ocrx_word' id='word_1_752' title='bbox 3217 5331 3389 5401; x_wconf 86' lang='lat' dir='ltr'>cujus</span> <span class='ocrx_word' id='word_1_753' title='bbox 3418 5330 3645 5386; x_wconf 88' lang='lat' dir='ltr'>obitum</span> 
     </span>
    </p>
   </div>
   <div class='ocr_carea' id='block_1_112' title="bbox 225 5427 1890 5513">
    <p class='ocr_par' dir='ltr' id='par_1_112' title="bbox 225 5427 1890 5513">
     <span class='ocr_line' id='line_1_112' title="bbox 225 5427 1890 5513; baseline -0.004 -25"><span class='ocrx_word' id='word_1_754' title='bbox 225 5434 508 5489; x_wconf 72' lang='lat' dir='ltr'>turbatus</span> <span class='ocrx_word' id='word_1_755' title='bbox 537 5436 594 5488; x_wconf 85' lang='lat' dir='ltr'>et</span> <span class='ocrx_word' id='word_1_756' title='bbox 623 5433 830 5489; x_wconf 87' lang='lat' dir='ltr'>anxius</span> <span class='ocrx_word' id='word_1_757' title='bbox 863 5431 1215 5488; x_wconf 83' lang='lat' dir='ltr'>Florentiam</span> <span class='ocrx_word' id='word_1_758' title='bbox 1246 5429 1422 5513; x_wconf 89' lang='lat' dir='ltr'>venit,</span> <span class='ocrx_word' id='word_1_759' title='bbox 1447 5434 1502 5484; x_wconf 87' lang='lat' dir='ltr'>et</span> <span class='ocrx_word' id='word_1_760' title='bbox 1533 5432 1716 5483; x_wconf 89' lang='lat' dir='ltr'>totam</span> <span class='ocrx_word' id='word_1_761' title='bbox 1749 5427 1890 5482; x_wconf 90' lang='lat' dir='ltr'>civi-</span> 
     </span>
    </p>
   </div>
   <div class='ocr_carea' id='block_1_113' title="bbox 314 5570 1891 5648">
    <p class='ocr_par' dir='ltr' id='par_1_113' title="bbox 314 5570 1891 5648">
     <span class='ocr_line' id='line_1_113' title="bbox 314 5570 1891 5648; baseline -0.005 -17"><span class='ocrx_word' id='word_1_762' title='bbox 314 5577 417 5648; x_wconf 85' lang='grc'>(1).</span> <span class='ocrx_word' id='word_1_763' title='bbox 453 5575 651 5648; x_wconf 85' lang='lat' dir='ltr'>Nuper</span> <span class='ocrx_word' id='word_1_764' title='bbox 679 5574 963 5648; x_wconf 85' lang='lat' dir='ltr'>translata</span> <span class='ocrx_word' id='word_1_765' title='bbox 992 5578 1082 5630; x_wconf 89' lang='lat' dir='ltr'>est</span> <span class='ocrx_word' id='word_1_766' title='bbox 1098 5570 1627 5648; x_wconf 78' lang='lat' dir='ltr'>_i_n__Flo_rentinam</span> <span class='ocrx_word' id='word_1_767' title='bbox 1679 5573 1891 5648; x_wconf 66' lang='lat' dir='ltr'>sanctae</span> 
     </span>
    </p>
   </div>
   <div class='ocr_carea' id='block_1_114' title="bbox 221 5641 1892 5722">
    <p class='ocr_par' dir='ltr' id='par_1_114' title="bbox 221 5641 1892 5722">
     <span class='ocr_line' id='line_1_114' title="bbox 221 5641 1892 5722; baseline -0.005 -16"><span class='ocrx_word' id='word_1_768' title='bbox 221 5641 908 5722; x_wconf 65' lang='lat' dir='ltr'>Trinitatis&#39;ecclesiam,</span> <span class='ocrx_word' id='word_1_769' title='bbox 940 5663 1068 5722; x_wconf 81' lang='lat' dir='ltr'>quae</span> <span class='ocrx_word' id='word_1_770' title='bbox 1097 5641 1568 5705; x_wconf 81' lang='lat' dir='ltr'>Vallnmbrosani</span> <span class='ocrx_word' id='word_1_771' title='bbox 1617 5645 1704 5700; x_wconf 89' lang='lat' dir='ltr'>est</span> <span class='ocrx_word' id='word_1_772' title='bbox 1733 5641 1892 5699; x_wconf 89' lang='lat' dir='ltr'>ordi-</span> 
     </span>
    </p>
   </div>
   <div class='ocr_carea' id='block_1_115' title="bbox 2003 5419 3645 5483">
    <p class='ocr_par' dir='ltr' id='par_1_115' title="bbox 2003 5419 3645 5483">
     <span class='ocr_line' id='line_1_115' title="bbox 2003 5419 3645 5483; baseline -0.005 -1"><span class='ocrx_word' id='word_1_773' title='bbox 2003 5430 2180 5483; x_wconf 85' lang='lat' dir='ltr'>frater</span> <span class='ocrx_word' id='word_1_774' title='bbox 2217 5441 2421 5480; x_wconf 92' lang='lat' dir='ltr'>omnes</span> <span class='ocrx_word' id='word_1_775' title='bbox 2482 5424 2746 5478; x_wconf 92' lang='lat' dir='ltr'>unanimi</span> <span class='ocrx_word' id='word_1_776' title='bbox 2795 5421 3093 5477; x_wconf 87' lang='lat' dir='ltr'>voluntate</span> <span class='ocrx_word' id='word_1_777' title='bbox 3152 5424 3422 5475; x_wconf 89' lang='lat' dir='ltr'>sanctum</span> <span class='ocrx_word' id='word_1_778' title='bbox 3453 5419 3645 5475; x_wconf 86' lang='lat' dir='ltr'>virum</span> 
     </span>
    </p>
   </div>
   <div class='ocr_carea' id='block_1_116' title="bbox 2002 5561 3648 5635">
    <p class='ocr_par' dir='ltr' id='par_1_116' title="bbox 2002 5561 3648 5635">
     <span class='ocr_line' id='line_1_116' title="bbox 2002 5561 3648 5635; baseline -0.001 -11"><span class='ocrx_word' id='word_1_779' title='bbox 2002 5570 2116 5635; x_wconf 91' lang='lat' dir='ltr'>nis,</span> <span class='ocrx_word' id='word_1_780' title='bbox 2150 5566 2491 5623; x_wconf 88' lang='lat' dir='ltr'>suburbana</span> <span class='ocrx_word' id='word_1_781' title='bbox 2521 5566 2712 5620; x_wconf 89' lang='lat' dir='ltr'>Sancti</span> <span class='ocrx_word' id='word_1_782' title='bbox 2751 5563 3010 5621; x_wconf 82' lang='lat' dir='ltr'>Miniatis</span> <span class='ocrx_word' id='word_1_783' title='bbox 3040 5561 3293 5622; x_wconf 50' lang='lat' dir='ltr'>basilica.</span> <span class='ocrx_word' id='word_1_784' title='bbox 3325 5561 3648 5622; x_wconf 83' lang='lat' dir='ltr'>monacho-</span> 
     </span>
    </p>
   </div>
   <div class='ocr_carea' id='block_1_117' title="bbox 2003 5637 2644 5700">
    <p class='ocr_par' dir='ltr' id='par_1_117' title="bbox 2003 5637 2644 5700">
     <span class='ocr_line' id='line_1_117' title="bbox 2003 5637 2644 5700; baseline -0.012 0"><span class='ocrx_word' id='word_1_785' title='bbox 2003 5656 2136 5700; x_wconf 88' lang='lat' dir='ltr'>rum</span> <span class='ocrx_word' id='word_1_786' title='bbox 2167 5643 2317 5699; x_wconf 82' lang='lat' dir='ltr'>coetu</span> <span class='ocrx_word' id='word_1_787' title='bbox 2343 5637 2644 5696; x_wconf 88' lang='lat' dir='ltr'>destituta.</span> 
     </span>
    </p>
   </div>
  </div>
