4004 6170
233 295 338 357 617

1819 288 2028 354 VITA.

3509 301 3628 365 678

237 429 356 500 ejus
383 422 630 480 cmnobii
652 421 1114 480 cellerariusfuit
1141 428 1197 480 et
1215 440 1454 495 coquus,
1480 439 1584 478 nec
1606 439 1868 494 unquam
1898 426 1952 490 Α
1983 425 2243 482 tionibus
2263 417 2423 498 prius
2457 428 2511 483 in
2546 429 2798 502 hospitio
2845 431 3078 500 eruditi,
3110 439 3310 504 postea
3357 434 3416 489 in
3463 441 3630 492 exte-

237 534 334 592 pro
360 514 558 570 labore
588 511 742 568 cella:
775 512 851 584 (4)
873 513 1130 567 deseruit
1159 513 1419 568 officium
1451 511 1731 584 coquinm,
1764 528 1869 567 nec

236 622 330 680 pro
361 603 559 659 labore
591 600 855 673 coquinae
885 601 1040 657 cellas
1072 619 1273 657 curam
1303 601 1522 656 omisit.
1549 603 1713 656 Tunc
1735 618 1873 673 quo-

236 710 341 766 que
374 690 792 764 magnanimus
823 691 1011 746 Teuzo
1033 691 1109 761 (5)
1140 691 1318 758 venit,
1353 690 1448 760 qui
1479 690 1562 745 sic
1587 706 1769 761 usque
1800 690 1872 744 ad

231 787 521 841 senectam
553 779 834 836 charitate
862 779 1087 834 fervens
1117 780 1357 850 exstitit,
1417 783 1481 836 ut
1511 796 1624 834 non
1682 778 1872 835 solum

233 872 567 939 animabus,
598 870 700 925 sed
746 868 921 924 etiam
971 869 1317 941 corporibus
1367 868 1487 924 illic
1516 868 1875 924 venientium

230 961 400 1019 vellet
429 976 499 1017 ex
528 959 700 1016 corde
731 957 986 1030 praebere
1019 975 1122 1030 pro
1150 975 1320 1029 posse
1352 957 1661 1014 medelam.

851 1047 1087 1104 CAPUT
1127 1047 1264 1103 XIV.

297 1141 575 1197 Exierant
619 1139 691 1194 de
737 1137 974 1209 praefato
1037 1137 1298 1193 cmnobio
1349 1137 1612 1209 plerique
1648 1137 1878 1206 fratres,

231 1230 532 1302 cupientes
552 1227 662 1284 sub
689 1243 754 1282 eo
776 1243 926 1282 nova
951 1227 1328 1282 conversione
1348 1225 1601 1282 libenter
1629 1224 1879 1282 institui.

230 1319 330 1376 His
364 1315 632 1390 magistri
653 1315 918 1386 exemplo
933 1319 991 1370 et
1011 1315 1581 1382 exhortatione,dum
1597 1315 1656 1370 in
1680 1318 1884 1370 sancta

229 1408 548 1481 coepissent
576 1404 950 1461 conversione
982 1404 1223 1471 fervere,
1273 1404 1450 1476 coepit
1493 1420 1697 1459 eorum
1729 1405 1886 1460 fama

233 1496 498 1569 undique
527 1493 746 1567 spargi.
775 1493 942 1557 Quod
964 1493 1208 1548 audiens
1241 1493 1352 1548 Itta
1381 1493 1580 1548 Sancti
1603 1492 1784 1548 Hilari
1805 1495 1884 1564 (6)

233 1585 557 1646 abbatissa,
577 1583 747 1654 cujus
755 1582 879 1653 juri
902 1581 1067 1638 locus
1089 1582 1212 1654 ipse
1234 1583 1522 1654 pracipue
1539 1583 1887 1654 pertinebat,

235 1675 402 1732 misit
429 1673 516 1729 eis
536 1671 820 1728 librorum
841 1676 899 1726 et
921 1671 1184 1726 victuum
1209 1671 1541 1727 subsidium
1561 1671 1889 1741 aliquantu-

232 1765 382 1821 lum.
417 1764 541 1828 Quo
571 1761 630 1816 in
661 1765 920 1832 tempore
951 1764 1084 1815 tecm
1123 1777 1358 1832 gravem
1391 1760 1821 1816 infestationem
1855 1776 1888 1814 a

235 1852 598 1927 quibusdam
619 1850 760 1906 viris
785 1849 1025 1920 iniquis,
1051 1849 1308 1921 maligno
1331 1848 1539 1920 spiritu
1571 1848 1884 1921 instigatis,

233 1941 398 2016 passi
425 1945 582 2010 sunt,
617 1955 750 1994 cum
783 1939 855 1993 de
885 1939 1013 2009 ipso
1046 1937 1170 1992 loco
1201 1936 1592 2008 vellentipsos
1622 1937 1890 1992 extermi-

235 2049 402 2095 nare,
437 2034 506 2085 ut
552 2028 789 2084 taederet
835 2026 967 2082 illos
998 2026 1172 2081 etiam
1213 2025 1422 2081 vivere.
1453 2026 1562 2080 Sed
1600 2041 1888 2080 memores

233 2117 504 2194 Apostoli
533 2117 820 2173 dicentis:
878 2114 1071 2172 Omnes
1126 2116 1226 2186 qui
1248 2116 1342 2186 pie
1386 2115 1573 2169 volunt
1626 2116 1803 2169 vivere
1831 2115 1893 2167 in

237 2209 458 2264 Christo
478 2210 610 2263 Jesu
629 2206 1059 2277 persecutionem
1084 2203 1380 2276 patiuntur
1399 2205 1470 2274 (II
1495 2205 1626 2257 Tim.
1652 2221 1735 2269 nr,
1771 2204 1888 2272 12);

237 2297 641 2354 innocentiam
673 2299 729 2351 et
771 2292 1109 2365 patientiam
1149 2291 1588 2364 amplectentes,
1622 2307 1894 2365 persecu-

237 2387 473 2444 toribus
504 2385 630 2441 suis
659 2399 811 2456 saape
851 2399 955 2454 pro
1005 2379 1181 2437 malis
1218 2383 1370 2437 bona
1402 2381 1732 2452 reddentes,
1764 2383 1898 2452 post

240 2475 584 2532 multacum
596 2473 680 2530 eis
697 2471 1284 2539 certamina,demum
1297 2470 1493 2542 adepti
1516 2475 1654 2526 sunt
1670 2485 1894 2542 pacem,

242 2565 502 2637 gratiam
520 2567 578 2618 et
596 2561 917 2618 victoriam.
941 2560 1284 2615 Manserunt
1305 2558 1387 2613 ibi
1410 2557 1594 2614 multo
1617 2563 1896 2630 tempore,

241 2653 516 2725 ligneum
529 2652 810 2707 habentes
819 2649 1226 2706 tantummodo
1239 2647 1541 2720 parvulum
1558 2648 1896 2703 oratorium.

239 2741 645 2815 Indigentiam
664 2739 925 2795 victuum
951 2741 1174 2794 tantam
1197 2742 1337 2792 tunc
1360 2737 1621 2809 perpessi
1654 2742 1814 2808 sunt,
1840 2743 1903 2792 ut

240 2831 601 2904 plerumque
621 2834 738 2885 tres
779 2844 963 2884 unum
996 2843 1100 2900 per
1127 2827 1284 2882 diem
1313 2826 1638 2882 dividerent
1666 2843 1898 2898 panem.

243 2922 628 2992 Quaecunque
657 2923 825 2974 erant
853 2915 1180 2985 camernlie,
1229 2915 1508 2982 vestiarii,
1542 2916 1716 2970 unius
1749 2916 1902 2971 sacci

244 3009 554 3084 capacitas
612 3007 988 3074 continebat;
1050 3021 1227 3077 quam
1287 3004 1588 3076 penuriam
1638 3005 1736 3059 diu
1769 3021 1903 3060 cum

249 3099 419 3156 omni
452 3097 669 3171 gaudio
698 3100 756 3151 et
783 3094 1168 3151 exsultatione
1190 3093 1315 3149 sine
1333 3109 1636 3149 murmure
1657 3094 1905 3148 sustine-

1982 513 2118 568 riori
2152 515 2502 594 cellaqdenuo
2534 520 2874 591 probantur.
2893 521 3115 585 Quibus
3138 541 3288 580 anno
3315 526 3626 598 completo,

1980 608 2167 658 vestes
2180 610 2407 675 optatas
2421 607 2968 673 dabat,facientibus
2985 611 3287 668 manifeste
3301 613 3630 687 regularem

1984 692 2426 762 professionem.
2480 695 2703 759 Quibus
2746 698 2952 753 exinde
3003 717 3117 755 non
3165 701 3379 758 licebat
3408 703 3628 776 aliquid

1986 797 2216 837 sumere
2245 783 2330 839 vel
2363 801 2638 854 quaerere,
2672 787 2771 841 sed
2805 789 3002 843 omnia
3032 807 3065 843 a
3098 790 3284 860 priore
3315 793 3629 851 dabantur.

1990 870 2246 927 Habebat
2265 874 2440 928 etiam
2464 873 2613 929 hanc
2627 875 2872 945 gratiam
2898 877 3254 948 singularem
3279 886 3441 952 pater
3459 888 3633 939 Joan-

1989 975 2112 1023 nes,
2146 961 2297 1016 utin
2359 962 2548 1033 prima
2604 964 2826 1020 visione
2875 982 2975 1020 seu
3013 966 3304 1039 colloquio
3355 978 3553 1026 nosset
3583 973 3632 1028 si

1987 1049 2227 1104 veniens
2286 1051 2532 1122 quilibet
2581 1057 2735 1107 recto
2793 1070 2865 1107 an
2899 1054 3031 1109 ficto
3091 1064 3258 1111 corde
3312 1059 3636 1128 postularet

1989 1137 2317 1193 introitum.
2335 1140 2524 1210 Etboc
2545 1141 2595 1195 ei
2617 1142 2837 1196 donum
2871 1160 2904 1197 a
2922 1143 3060 1199 Jesu
3105 1144 3331 1201 Christo
3358 1146 3636 1204 collatum

1992 1231 2101 1295 est,
2138 1232 2199 1280 ut
2232 1243 2540 1298 personam
2573 1231 2826 1300 potentis
2854 1231 2940 1286 vel
2978 1233 3173 1288 divitis
3205 1251 3319 1290 non
3355 1235 3637 1292 libentius

1994 1321 2251 1370 sumeret
2283 1334 2460 1388 quam
2489 1318 2762 1389 pauperis
2793 1326 2849 1374 et
2893 1322 3126 1391 abjecti.
3154 1323 3392 1380 Dicebat
3424 1326 3640 1398 quippe

1996 1426 2024 1454 «
2058 1404 2221 1460 diviti
2255 1421 2537 1477 magnum
2564 1424 2692 1463 esse
2724 1408 3210 1480 impedimentum
3233 1414 3300 1468 ad
3329 1431 3426 1469 cor
3446 1415 3640 1471 humi-

1994 1492 2285 1561 liandum,
2316 1511 2383 1550 ea
2414 1512 2592 1566 quam
2625 1513 2823 1552 secum
2857 1501 3162 1570 pecuniam
3192 1502 3370 1557 ducit.
3404 1526 3431 1553 »

2604 1585 2833 1640 CAPUT
2873 1587 3069 1643 XVIII.

2068 1670 2576 1728 Audiensinterim
2592 1673 2702 1728 Itta
2723 1675 3311 1735 abbatissimalocum
3333 1681 3387 1736 in
3407 1684 3643 1738 nomine

1998 1763 2054 1814 et
2083 1759 2360 1831 religione
2390 1762 2656 1828 crevisse,
2694 1780 2794 1834 per
2823 1765 3109 1822 diffinitos
3140 1771 3424 1825 terminos
3457 1775 3645 1828 tradi-

1997 1849 2380 1920 dit(7)scripto
2403 1850 2460 1904 in
2485 1850 2729 1906 circuitu
2746 1852 3156 1926 locicongruas
3181 1860 3576 1926 possessiones
3591 1867 3646 1917 et

1997 1937 2056 1991 in
2089 1937 2500 1992 remotioribus
2523 1939 2652 1994 aliis
2677 1939 2818 1996 locis
2835 1942 3030 2013 plures
3055 1961 3292 2001 mansos
3313 1949 3501 2004 eidem
3523 1955 3647 2006 loco

2000 2025 2305 2082 concessit.
2339 2027 2406 2080 Et
2433 2027 2574 2082 dum
2617 2029 2873 2085 famulus
2905 2032 3115 2086 Christi
3146 2035 3421 2103 Joannes,
3457 2039 3649 2094 adhuc

2001 2115 2211 2187 prioris
2241 2115 2497 2170 ofﬁcium
2531 2132 2757 2188 gerens,
2790 2121 3020 2175 animas
3046 2123 3290 2178 fratrum
3323 2130 3380 2179 et
3410 2143 3650 2199 corpora

2003 2204 2248 2260 sollicite
2282 2207 2756 2276 procuraret,sibi
2790 2209 3106 2265 maximam
3139 2213 3555 2271 abstinentiam
3587 2223 3644 2272 et

2001 2293 2260 2349 validum
2313 2294 2569 2350 laborem
2619 2296 2917 2369 imposuit.
2950 2297 3094 2354 Nam
3155 2303 3388 2372 quando
3421 2308 3652 2375 tempus

2006 2382 2298 2438 reficiendi
2321 2384 2821 2455 erat,parvissimo
2853 2385 2980 2442 cibo
3011 2387 3097 2443 vel
3134 2395 3273 2460 potu
3305 2409 3424 2447 sua:
3457 2410 3654 2449 neces-

2006 2472 2164 2528 sitati
2193 2471 2593 2539 subveniebat,
2644 2474 2702 2528 in
2735 2478 2966 2531 tantum
3009 2482 3071 2531 ut
3119 2495 3235 2533 non
3265 2481 3560 2536 videretur
3589 2500 3653 2538 se

2008 2561 2401 2627 recreare,sed
2435 2567 2728 2632 utcunque
2763 2563 2935 2619 famis
2961 2570 3016 2620 et
3046 2566 3178 2621 sitis
3210 2585 3404 2624 arcere
3432 2571 3657 2641 pericu-

2009 2649 2306 2706 lum.Cum
2319 2667 2451 2705 vero
2465 2656 2597 2705 ante
2610 2656 2844 2723 tempus
2863 2653 3156 2709 reficiendi
3177 2655 3429 2726 sitiebat,
3454 2665 3655 2731 utpote

2011 2740 2108 2811 qui
2133 2739 2292 2810 operi
2343 2755 2626 2795 manuum
2661 2741 3025 2813 frequentius
3053 2744 3378 2811 insistebat,
3421 2753 3561 2803 tunc
3596 2749 3655 2804 in

2012 2829 2282 2900 frigidam
2315 2846 2525 2900 aquam
2576 2846 2784 2885 manus
2834 2833 3126 2904 pedesque
3176 2835 3462 2906 mittebat,
3497 2843 3560 2892 ut
3591 2855 3660 2894 ex

2013 2918 2194 2973 nimio
2227 2917 2440 2990 frigore
2472 2918 2602 2974 sitis
2635 2919 2956 2990 periculum
2982 2921 3414 2994 aliquantulum
3438 2931 3660 2999 tempe-

2013 3011 2185 3061 raret.
2210 3006 2445 3078 Aliquid
2478 3008 2654 3062 etiam
2679 3025 2910 3066 sumere
2931 3014 3241 3068 recusabat
3264 3019 3423 3070 extra
3445 3017 3661 3072 consti-

2015 3098 2172 3150 tutas
2195 3097 2490 3166 regulares
2513 3096 2704 3151 horas.
2734 3098 2894 3154 Unde
2911 3101 3266 3158 debilitatem
3291 3108 3520 3160 tantum
3544 3123 3667 3161 car-

249 3188 420 3244 bant.
445 3167 670 3242 Exinde
693 3186 763 3242 de
789 3183 1130 3256 longinquis
1151 3183 1328 3239 etiam
1354 3182 1619 3255 partibus
1640 3181 1832 3237 clerici
1855 3185 1912 3237 et
1937 3167 1980 3233 Ο
2019 3185 2111 3239 uis
2138 3183 2383 3238 incurrit
2413 3189 2476 3237 ut
2499 3185 2557 3238 in
2579 3183 2738 3240 illam
2762 3203 3099 3260 syncopem,
3131 3191 3312 3247 fracto
3335 3195 3660 3263 stomacho,

245 3276 391 3334 laici
427 3278 731 3348 ceperunt
758 3275 828 3330 ad
862 3290 997 3330 eum
1028 3272 1338 3328 confluere.

894 3362 1131 3419 CAPUT
1170 3362 1283 3418 XV.

334 3457 510 3512 Tunc
538 3455 691 3512 venit
735 3453 833 3510 ille
865 3469 1116 3524 magnus
1171 3449 1477 3517 Rodulfus,
1510 3449 1613 3520 qui
1644 3453 1912 3521 tempore

245 3545 455 3602 multo
478 3544 535 3599 in
562 3544 761 3600 eodem
783 3543 908 3599 loco
932 3557 1134 3598 curam
1164 3539 1583 3612 hospitalitatis
1605 3538 1832 3608 habuit,
1857 3543 1915 3594 et

245 3639 399 3709 post
429 3633 769 3690 monasterii
803 3631 1121 3690 Muscetani
1153 3645 1353 3686 curam
1387 3628 1570 3701 gessit
1598 3628 1654 3682 in
1688 3628 1916 3683 abbatis

245 3725 477 3781 ofﬁcio.
515 3727 724 3779 Petrus
754 3739 1007 3794 quoque,
1039 3721 1139 3792 qui
1195 3720 1293 3774 diu
1327 3722 1669 3790 procurator
1698 3719 1918 3772 assino—

247 3831 420 3885 rum,
458 3817 662 3886 postea
691 3827 999 3866 vaccarum
1031 3810 1180 3874 fuit,
1231 3808 1440 3863 deinde
1483 3806 1542 3861 in
1571 3806 1916 3862 Passiniano

248 3902 483 3976 prioris
515 3901 694 3972 gessit
724 3899 1006 3968 officium,
1038 3914 1108 3953 ex
1136 3897 1272 3951 hinc
1305 3896 1484 3952 abbas
1514 3895 1574 3950 in
1608 3895 1838 3962 Ficiclo,
1861 3899 1920 3950 et

249 3993 316 4047 in
353 3990 574 4046 ultimo
599 3989 871 4044 Romanis
895 3986 1164 4042 Ecclesiae
1197 3983 1512 4041 cardinalis
1536 3989 1593 4040 et
1611 3984 1921 4056 episcopus

251 4079 628 4136 Albanensis
657 4076 898 4134 exstitit.

888 4163 1120 4220 CAPUT
1159 4162 1301 4218 XVI.

337 4261 514 4315 Tunc
566 4261 776 4321 Laetus,
824 4255 996 4312 vultu
1047 4259 1104 4310 et
1160 4253 1416 4320 nomine,
1451 4251 1550 4324 qui
1583 4253 1923 4308 Passiniano

2022 3272 2311 3340 ceciderit,
2346 3289 2525 3343 quam
2557 3272 2807 3345 legimus
2832 3276 3070 3331 beatum
3103 3278 3442 3351 Gregorium
3469 3288 3664 3353 pertu-

2024 3364 2178 3418 lisse.
2237 3361 2486 3426 Etenim,
2539 3361 2651 3416 nisi
2700 3364 2906 3419 fratres
2956 3381 3107 3436 saape
3162 3385 3296 3422 eum
3363 3371 3670 3427 reficerent

2023 3451 2285 3507 emittere
2307 3449 2578 3521 spiritum
2601 3449 2918 3518 videretur;
2945 3469 3120 3523 quam
3139 3471 3325 3526 usque
3350 3458 3421 3512 ad
3444 3459 3668 3514 obitum

2025 3539 2381 3595 sustinuisse
2412 3538 2606 3594 sciunt
2637 3540 2735 3610 qui
2757 3556 2891 3594 eum
2924 3541 3069 3597 forte
3092 3551 3392 3601 noverunt.
3419 3547 3662 3610 Quando

2028 3633 2222 3684 autem
2259 3628 2430 3682 famis
2459 3627 2732 3682 violentia
2761 3628 3094 3701 frequenter
3124 3649 3185 3687 se
3217 3634 3552 3706 deprimens
3576 3638 3671 3692 in-

2027 3719 2275 3773 discreta
2307 3722 2626 3787 superaret,
2662 3723 2762 3772 aut
2809 3719 3178 3776 refectionem
3220 3722 3452 3780 differre
3500 3743 3673 3782 cona-

2028 3809 2221 3869 batur,
2254 3821 2368 3876 prze
2403 3804 2701 3860 nimietate
2735 3806 3095 3864 infirmitatis
3137 3812 3280 3866 adeo
3311 3814 3514 3869 dentes
3544 3817 3673 3886 ejus

2030 3895 2583 3966 constringebantur
2612 3895 2788 3966 quod,
2842 3897 2954 3952 nisi
2987 3914 3084 3953 eos
3115 3898 3331 3971 aliquis
3369 3903 3676 3960 cultellum

2033 3983 2476 4040 intromittendo
2507 3982 2810 4050 divideret,
2843 3991 2898 4039 et
2919 3986 3173 4057 aliquem
3208 3988 3495 4060 liquorem
3519 3993 3577 4047 in
3610 4009 3676 4048 os

2033 4076 2162 4146 ejus
2193 4073 2749 4145 poneret,exspirare
2771 4075 3044 4131 continuo
3060 4078 3422 4135 credebatur.
3438 4084 3680 4138 Verum-

2034 4169 2254 4227 tamen,
2296 4163 2379 4216 sic
2413 4161 2738 4216 incredibili
2791 4161 3318 4236 languorejugiter
3362 4170 3680 4236 cruciatus,

2036 4251 2374 4307 nullatenus
2405 4251 2833 4317 murmurabat,
2867 4254 2992 4316 sed,
3021 4254 3144 4310 suis
3178 4256 3285 4312 hoc
3307 4259 3559 4328 peccatis
3591 4260 3688 4315 de-

255 4350 458 4406 abbas
487 4347 620 4413 fuit,
653 4350 710 4402 et
749 4344 1046 4411 Rusticus,
1097 4342 1218 4413 qui,
1270 4343 1453 4398 donec
1480 4340 1734 4396 Joannes
1767 4346 1929 4412 pater
2038 4344 2275 4414 putans,
2309 4339 2585 4395 continuo
2611 4339 2885 4396 laudibus
2908 4342 3166 4398 divinam
3191 4345 3492 4414 justitiam
3525 4364 3686 4403 com-

256 4438 440 4506 vixit,
473 4451 676 4492 curam
708 4433 1051 4490 exteriorem
1083 4430 1282 4504 gessit,
1317 4435 1392 4500 et,
1416 4429 1621 4485 tertius
1652 4434 1783 4501 post
1813 4429 1930 4484 obi-

2039 4429 2368 4484 mendabat.
2395 4428 2533 4494 Quis
2546 4429 2889 4500 priusquam
2908 4429 3322 4500 inﬁrmaretur,
3338 4440 3507 4489 tanta
3531 4435 3688 4490 forti-

253 4533 398 4584 tum
434 4524 625 4581 sancti
657 4523 766 4578 viri
795 4521 1060 4587 Joannis,
1096 4519 1279 4575 multo
1301 4523 1562 4590 tempore
1582 4517 1763 4574 totius
1793 4534 1927 4573 con-
1959 4538 2005 4602 D
2038 4518 2263 4574 tudinis
2293 4517 2406 4572 sibi
2437 4523 2493 4573 et
2514 4517 2732 4572 caeteris
2773 4522 3068 4590 tantmque
3103 4521 3467 4576 abstinentiae
3501 4523 3691 4578 fuerat

254 4614 642 4690 gregationis
671 4629 873 4668 curam
904 4610 1062 4683 prior
1091 4609 1363 4665 obtinuit.

882 4699 1118 4758 CAPUT
1156 4698 1324 4754 XVII.

341 4795 616 4850 Cernens
648 4791 829 4864 igitur
858 4793 1025 4862 pater
1069 4788 1327 4844 Joannes
1375 4789 1461 4842 tot
1488 4784 1751 4856 talesque
1777 4784 1933 4840 viros

259 4883 391 4940 sibi
406 4879 642 4938 cmlitus
656 4882 714 4936 in
730 4879 1015 4935 auxilium
1031 4877 1244 4932 missos
1258 4875 1551 4947 disposuit
1567 4891 1700 4930 cum
1715 4873 1935 4929 eisdem

257 4972 437 5028 beati
462 4969 762 5025 Benedicti
795 4968 1059 5040 regulam
1088 4969 1144 5020 in
1168 4964 1442 5021 omnibus
1473 4964 1800 5031 observare,
1833 4978 1939 5017 cce-

258 5059 489 5133 pitque
531 5056 756 5113 noviter
806 5056 1103 5112 venientes
1151 5071 1218 5110 ea
1275 5053 1615 5125 probatione
1645 5052 1940 5123 suscipere

260 5165 469 5223 quam
502 5147 766 5204 insinuat
795 5143 1030 5218 regula;
1055 5143 1178 5215 qui,
1204 5143 1381 5198 variis
1403 5159 1466 5198 ac
1498 5141 1703 5198 multis
1733 5141 1941 5213 proba-

389 5345 419 5399 4
473 5343 539 5399 Id
571 5345 662 5399 est
691 5341 928 5412 cellarii,
962 5340 1118 5396 unde
1146 5337 1480 5395 cellerarius
1513 5338 1726 5393 dictus.

353 5346 442 5487 (si
475 5414 644 5470 Alius
669 5413 897 5469 videtur
924 5429 957 5487 ᾳ
981 5413 1266 5487 Teuzone,
1300 5410 1399 5482 qui
1426 5425 1611 5487 supra
1634 5425 1726 5487 ea;

265 5630 438 5694 dicti
465 5629 779 5706 scripsisse
801 5628 1056 5694 videtur.

475 5414 644 5470 Alius
669 5409 957 5469 videtur'a
981 5413 1266 5477 Teuzone,
1300 5410 1399 5482 qui
1428 5425 1611 5482 supra
1634 5425 1762 5482 cap.
1792 5409 1846 5475 9,
1873 5409 1944 5464 de

266 5479 588 5562 qu'o'item
610 5503 736 5562 cap.
769 5487 853 5540 19.
877 5483 1152 5562 Alterius,
1183 5483 1254 5562 de
1288 5479 1404 5562 quo
1426 5479 1540 5547 hic,
1571 5479 1790 5562 menti?
1818 5496 1946 5562 pas-

263 5550 410 5617 s‘im
440 5559 614 5614 infra.
647 5550 809 5613 P'rior
837 5550 1324 5613 commentarium
1354 5552 1414 5608 in
1455 5550 1719 5625 regulam
1749 5550 1943 5610 ΒίΒθ-

2041 4613 2124 4673 ut,
2158 4607 2270 4662 nisi
2304 4606 2400 4662 ille
2448 4607 2908 4662 cuicantamus:
2973 4609 3216 4674 Domine,
3267 4611 3479 4664 inclina
3525 4612 3690 4667 cwlos

2043 4696 2310 4763 tuos,sub
2342 4695 2705 4751 infirmitatis
2737 4695 2916 4765 hujus
2949 4697 3250 4753 occasione
3283 4705 3535 4754 mentem
3561 4702 3690 4769 ejus

2044 4784 2435 4850 humiliasset,
2475 4783 2642 4838 valde
2673 4801 2842 4839 rarus
2886 4785 3156 4841 existeret
3201 4787 3300 4858 qui
3333 4793 3533 4859 posset
3563 4789 3692 4859 ejus

2049 4874 2316 4929 instituta
2348 4889 2595 4928 servare.
2647 4872 2888 4944 Cognita
2919 4891 3051 4930 vero
3085 4880 3152 4930 et
3192 4882 3430 4948 experta
3459 4879 3695 4950 propria

2048 4962 2407 5027 infirmitate,
2440 4966 2613 5016 tantae
2641 4962 3052 5018 misericordias
3075 4970 3365 5038 tantaque
3390 4967 3693 5022 discretio-

2051 5055 2141 5109 nis
2169 5052 2407 5108 etl'ectus
2425 5055 2515 5106 est
2537 5056 2602 5106 ut
2625 5067 2794 5106 nemo
2811 5053 3243 5109 misericordior
3263 5071 3328 5110 eo
3343 5056 3693 5112 crederetur.

2051 5141 2180 5209 Qui,
2214 5141 2348 5196 licet
2395 5156 2634 5212 corpore
2677 5142 2823 5197 foret
2869 5142 3164 5212 infirmus,
3215 5145 3275 5198 in
3307 5146 3466 5200 omni
3498 5149 3696 5200 tamen

2129 5339 2204 5411 (6)
2236 5337 2530 5411 Hactenus
2555 5355 2770 5411 nomen
2805 5337 2926 5394 loco
2949 5337 3145 5410 haeret,
3179 5338 3236 5393 in
3270 5340 3552 5411 praedium
3572 5339 3702 5396 Val-

2060 5409 2449 5481 lumbrosanze
2479 5409 2724 5464 abbatiae
2755 5411 3083 5481 subjectum
3117 5409 3413 5467 eonvérso.

2132 5481 2207 5552 (7)
2240 5479 2582 5553 De‘Iitteris
2634 5481 2815 5553 hujus
2864 5479 3206 5540 donationis
3265 5488 3459 5543 actum
3515 5491 3603 5542 est
3641 5482 3700 5546 in

2061 5551 2562 5610 observationibus
2591 5551 2840 5626 praeviis.
