4004 6170
455 274 574 333 679

459 406 727 463 custodia
771 409 826 460 et
868 402 1199 460 sollicitude
1230 408 1421 459 mente
1469 401 1709 476 pervigil
1756 404 1897 457 erat.
1928 399 2089 462 Quod
2122 401 2174 467 Α

456 497 719 552 videntes
752 495 955 549 fratres
998 494 1263 563 ejusdem
1313 492 1447 559 loci,
1488 493 1869 547 decreverunt
1907 491 2100 561 ipsum

459 586 672 657 eligere
695 584 1166 652 abbatem,quem
1201 587 1478 637 noverant
1500 597 1709 637 sanum
1723 585 1781 635 et
1802 581 2101 635 infirmum

458 672 793 747 pervigilem
829 670 1103 743 priorem,
1139 676 1195 725 et
1219 670 1537 725 sollicitum
1566 670 1746 725 fuisse
1778 670 2098 724 custodem.

1075 760 1305 815 CAPUT
1345 760 1483 814 XIX.

528 856 748 922 Itaque,
770 849 1080 905 Florentini
1111 850 1399 905 Teuzonis
1424 848 1689 915 consilio,
1710 851 2103 903 convenerunt

455 943 526 997 de
558 942 701 997 urbe
732 945 788 996 et
817 941 887 995 de
919 939 1174 995 castellis
1206 938 1377 994 multi
1401 939 1672 1009 religiosi,
1708 944 1764 992 et
1795 937 2007 1003 clerici,
2038 952 2105 990 ac

455 1031 659 1087 ﬁdeles
691 1030 844 1096 laici,
897 1029 1085 1084 sancti
1120 1028 1296 1083 Hilari
1331 1028 1684 1083 confessoris
1715 1026 2016 1081 abbatissa
2045 1026 2103 1079 id

456 1118 709 1175 maxime
740 1117 1034 1188 cupiente,
1067 1120 1123 1171 et
1170 1132 1304 1171 cum
1360 1116 1641 1171 fratribus
1700 1116 1962 1185 ejusdem
1996 1112 2105 1168 loci

455 1209 651 1281 ipsum
679 1206 1020 1278 praedictum
1054 1208 1277 1276 patrem
1304 1204 1604 1277 elegerunt
1631 1205 1687 1258 in
1713 1203 1943 1259 abbatis
1975 1202 2105 1257 offi-

457 1298 635 1353 cium.
678 1296 859 1363 Quem
910 1292 1225 1358 nolentem,
1276 1297 1332 1348 et
1379 1293 1515 1347 totis
1558 1293 1779 1349 viribus
1832 1292 2105 1348 resisten-

456 1392 595 1452 tem,
631 1385 701 1439 de
733 1384 873 1439 lecto
905 1386 1223 1449 traxerunt,
1258 1387 1313 1437 et
1334 1382 1549 1453 ipsum,
1582 1382 1715 1436 licet
1743 1381 2013 1449 invitum,
2046 1380 2103 1433 in

456 1474 663 1545 majori
697 1473 832 1529 sede
863 1473 1311 1527 constituerunt.
1332 1472 1465 1541 Qui,
1484 1487 1616 1526 cum
1645 1470 1716 1525 ad
1743 1470 1800 1524 id
1827 1469 2107 1524 violenter

454 1569 779 1635 cogeretur,
821 1561 1039 1615 dixisse
1070 1560 1253 1615 fertur
1281 1559 1647 1615 astantibus:
1686 1580 1713 1608 «
1768 1558 1916 1622 Quid
1950 1558 2105 1612 insa-

452 1650 631 1708 nitis?
688 1651 735 1705 si
796 1647 1056 1721 pelicano
1097 1664 1307 1703 nomen
1357 1647 1650 1719 accipitris
1682 1646 2104 1718 imposueritis,

453 1756 759 1812 nunquam
792 1738 903 1794 erit
933 1738 1045 1794 nisi
1079 1737 1402 1808 pelicanus.
1436 1760 1465 1786 ιι

1087 1826 1157 1846 η.
1180 1826 1317 1846 mm.
1357 1826 1438 1846 νυ
2135 1783 2181 1846 Β

1086 1826 1317 1881 CAPUT
1355 1826 1462 1881 XX.

526 1922 728 1989 Itaque
760 1916 844 1970 vir
877 1916 994 1985 Dei,
1020 1920 1253 1987 sumpto
1286 1915 1475 1970 ofﬁcio
1506 1919 1563 1970 et
1593 1914 1823 1969 abbatis
1846 1914 2101 1983 nomine,

456 2006 627 2076 coepit
647 2020 885 2059 sensum
907 2002 1119 2073 regula:
1145 2003 1457 2073 diligenter
1481 2002 1787 2072 inspicere,
1807 2008 1862 2057 et
1883 2002 1951 2056 ad
1976 2000 2102 2071 ejus

454 2092 917 2149 observationem
935 2091 1070 2146 totis
1102 2090 1323 2145 viribus
1355 2106 1588 2161 operam
1619 2091 1773 2144 dare.
1801 2089 2105 2144 Prohibuit

454 2182 773 2238 monachos
805 2196 1109 2250 nunquam
1132 2178 1371 2234 claustri
1396 2178 1645 2235 limitem
1670 2178 1967 2251 progredi,
1990 2177 2102 2232 nisi

453 2270 706 2343 exceptis
740 2269 830 2325 his
863 2268 1077 2341 quibus
1096 2268 1605 2339 suscipiendorum
1634 2268 1934 2339 hospitum
1964 2284 2105 2322 cura

451 2364 575 2416 erat
593 2360 861 2431 injuncta
881 2363 938 2413 et
957 2358 1307 2413 exteriorum
1332 2356 1679 2412 obedientia.
1707 2361 1862 2411 Inter
1883 2355 2106 2428 reliqua

452 2466 579 2521 quas
610 2466 750 2503 suos
772 2449 978 2502 fratres
1010 2447 1318 2501 observare
1349 2446 1613 2515 docebat,
1638 2462 1755 2500 non
1778 2445 2106 2515 patiebatur

454 2542 618 2592 nocte
650 2535 1062 2591 dormitorium
1118 2549 1247 2589 esse
1286 2534 1414 2588 sine
1440 2532 1663 2588 lumine
1695 2534 1871 2602 claro,
1904 2534 2104 2588 dicens

452 2624 637 2680 levius
666 2640 795 2679 esse
819 2623 1124 2678 ferendum
1159 2622 1479 2676 oratorium
1504 2622 1630 2677 sine
1659 2621 1901 2688 lumine,
1927 2639 2102 2693 quam

453 2711 948 2775 dormitorium,si
968 2715 1196 2783 egestas
1228 2716 1544 2781 utrumque
1578 2728 1691 2766 non
1723 2710 2102 2767 sineret.Fra-

454 2808 573 2857 tres
603 2816 1163 2871 vero,quaacumque
1186 2800 1720 2871 paterinjungebat,
1754 2800 1883 2869 ejus
1913 2816 2097 2854 exem-

454 2890 548 2962 plo
579 2889 667 2945 vel
692 2888 1088 2944 admonitione
1121 2889 1453 2959 frequenter
1471 2887 1759 2955 instructi,
1788 2905 1919 2943 cum
1945 2888 2103 2943 omni

454 2978 788 3034 obedientia
819 2977 1065 3033 ﬁdeliter
1093 2978 1479 3032 observabant
1504 2995 1515 3044 ;
1542 2976 1821 3032 vilitatem
1845 2982 1900 3032 et
1920 2983 2102 3031 extre-

456 3067 720 3122 mitatem
754 3068 1005 3122 vestium
1060 3066 1202 3121 adeo
1252 3065 1565 3136 diligentes
1614 3070 1679 3120 ut
1705 3066 1937 3120 cilicina
1966 3071 2106 3120 tunc

454 3161 610 3211 veste
644 3160 966 3221 uterentur,
1002 3171 1179 3225 quam
1212 3170 1383 3209 nemo
1416 3154 1561 3209 ferre
1612 3160 1915 3225 cogeretur
1945 3155 2095 3209 invi-
2128 3149 2170 3215 C

452 3250 570 3305 tus.
608 3260 712 3299 nec
742 3245 809 3299 ad
866 3244 1169 3299 ferendum
1218 3240 1416 3297 volens
1466 3242 1888 3313 prohiberetur.
1938 3244 2098 3299 Tunc

452 3334 607 3388 idem
640 3338 804 3405 pater
833 3333 903 3388 de
920 3349 1164 3387 suarum
1187 3332 1381 3387 ovium
1406 3332 1575 3386 varia
1606 3332 1934 3402 lanajussit
1956 3351 2099 3405 pan-

452 3440 597 3478 num
626 3421 1030 3494 promiscuum
1071 3421 1217 3489 ﬁeri,
1252 3423 1420 3492 cujus
1457 3421 1858 3493 designatione
1882 3423 2101 3494 specia-

447 3511 916 3567 liusnosceretur
936 3510 1271 3582 quicunque
1284 3510 1353 3566 de
1375 3509 1576 3566 schola
1594 3510 1741 3565 tanti
1764 3512 1944 3583 patris
1958 3512 2102 3568 exis-

450 3604 616 3656 teret.
652 3600 928 3666 Quamvis
958 3599 1068 3655 hoc
1102 3604 1362 3669 tempore
1394 3598 1656 3670 plerique
1680 3600 1848 3670 (proh
1875 3600 2039 3655 dolor
2062 3601 2099 3670 l)

449 3688 777 3757 videantur,
820 3689 919 3761 qui
953 3706 1015 3744 se
1058 3704 1185 3743 esse
1234 3688 1304 3742 de
1354 3687 1461 3743 hac
1508 3687 1707 3743 schola
1736 3688 2015 3758 vestibus,
2045 3694 2104 3744 et

454 3794 573 3833 non
605 3776 867 3833 moribus
899 3776 1227 3832 ostendant.

1068 3864 1307 3919 CAPUT
1348 3862 1485 3918 XXI.

521 3955 739 4010 Diebus
759 3958 954 4011 autem
986 3952 1204 4024 quibus
1230 3952 1501 4007 monachi
1521 3952 1805 4024 adipsum
1831 3954 2101 4026 frequen-

450 4049 575 4098 tare
588 4047 1063 4115 coeperunt,Deus
1093 4042 1264 4112 cujus
1281 4057 1478 4096 amore
1492 4042 1578 4096 vir
1597 4043 1693 4096 Dei
1710 4043 1819 4097 sibi
1835 4045 2102 4101 subditos

450 4131 511 4185 in
542 4132 633 4186 via
657 4132 838 4209 ipsius
868 4146 1063 4201 regere
1086 4130 1453 4201 disponebat,
1480 4130 1641 4185 misit
1662 4132 1733 4187 ad
1760 4148 1893 4187 eum
1926 4133 2099 4189 etiam

451 4220 631 4275 laicos
653 4220 807 4275 viros
830 4220 1155 4286 timoratos,
1171 4219 1292 4291 qui,
1317 4218 1503 4290 legem
1528 4221 1754 4275 Domini
1783 4238 1883 4293 per
1904 4224 2102 4278 omnia

451 4308 748 4363 custodire
778 4309 1101 4379 cupientes,
1135 4310 1193 4363 in
1235 4307 1402 4363 bonis
1446 4310 1709 4365 moribus
1740 4311 1854 4366 fere
1893 4311 2037 4367 nihil
2068 4330 2101 4367 a

453 4396 759 4452 monachis
803 4398 1124 4468 distabant,
1178 4402 1339 4452 extra
1368 4396 1618 4451 vestium
1671 4398 2011 4469 qualitatem
2042 4405 2099 4456 et

454 4486 779 4553 silentium,
808 4487 985 4559 quod,
1020 4487 1078 4541 in
1102 4487 1159 4541 in
1189 4485 1569 4542 exterioribus
1591 4489 1876 4559 occupati,
1903 4490 2101 4560 nequi-
2130 4514 2176 4579 D

450 4575 591 4631 bant
622 4574 851 4647 plenius
892 4578 1219 4632 observare.
1258 4574 1426 4630 Tales
1468 4576 1648 4647 igitur
1670 4580 1787 4631 tam
1824 4580 2098 4648 probatos

450 4680 761 4720 conversos
786 4669 950 4737 pater
969 4666 1040 4720 ad
1063 4670 1383 4721 mercatum
1407 4669 1462 4719 et
1483 4664 1683 4719 omnia
1703 4666 1988 4722 exteriora
2010 4684 2099 4723 se-

450 4770 587 4810 cure
610 4755 897 4810 mittebat.
934 4756 1066 4810 Erat
1088 4755 1264 4810 etiam
1291 4755 1488 4808 multae
1520 4754 1881 4811 austeritatis
1910 4757 2098 4827 primo

449 4848 653 4898 contra
683 4842 1097 4915 relinquentes,
1122 4848 1321 4915 postea
1347 4842 1511 4898 valde
1536 4844 1890 4914 tranquillus
1912 4847 1983 4900 ad
2008 4847 2100 4900 in-

448 4933 807 5003 crepandum
839 4937 896 4988 et
917 4932 1373 5004 corripiendum,
1408 4932 1467 4986 in
1486 4937 1715 4987 tantum
1747 4939 1811 4988 ut
1839 4940 2100 4991 materna

447 5019 667 5076 viscera
687 5021 981 5077 videretur
1002 5022 1231 5076 habere.
1257 5024 1445 5086 Quare
1465 5022 1565 5092 qui
1580 5023 1776 5094 ipsum
1800 5026 2097 5090 amabant,

450 5110 628 5167 nimis
678 5112 1054 5179 metuebant;
1111 5116 1166 5166 et
1214 5110 1312 5181 qui
1355 5109 1660 5181 timebant,
1692 5112 1860 5168 valde
1890 5112 2098 5184 dilige-

448 5200 609 5255 bant.

520 5308 612 5380 (8)Δ
632 5309 689 5362 Id
722 5313 811 5364 est
834 5308 1108 5371 mitteret,
1147 5304 1493 5380 utinferius
1518 5322 1643 5377 cap.
1677 5308 1767 5374 36,
1802 5311 1956 5380 quod
1994 5328 2096 5366 vo-

448 5377 722 5449 cabulum
757 5380 946 5434 adhuc
969 5381 1025 5433 in
1051 5377 1324 5434 familiari
1351 5393 1460 5431 usu
1492 5382 1582 5432 est
1606 5381 1759 5449 apud
1793 5377 1989 5437 Italos.
2018 5384 2096 5438 De

449 5446 558 5524 hac
588 5449 950 5524 dedicatione
980 5451 1107 5524 vide
1150 5450 1370 5504 litteras
1405 5453 1524 5524 [ttae
1555 5446 1861 5524 abbatissa:
1894 5471 2093 5524 supra,

444 5518 757 5655 {atquitbus
789 5522 1053 5580 Conrado
1086 5519 1424 5595 imperatori
1470 5519 1579 5577 hoc
1627 5522 1845 5582 factum
1881 5518 2093 5585 rectius

473 5606 521 5651 r1
568 5607 626 5650 ui
654 5608 740 5654 ur.

503 5607 689 5651 ιουιια
698 5608 740 5654 ι’.

1510 274 1574 331 S.
1621 266 1953 331 JOANNIS
2001 262 2443 327 GUALBERTI
2490 263 2821 324 ABBATIS

3687 280 3778 344 680

2817 395 3049 451 CAPUT
3090 394 3256 451 XXII.

2285 486 2347 540 In
2379 484 2496 540 illis
2539 484 2765 551 diebus,
2819 484 3127 555 praedictus
3170 500 3268 539 rex
3316 488 3575 545 Henricus
3598 493 3780 555 Floren-

2212 576 2353 629 tiam
2370 574 2749 644 venit,ibique
2770 574 2910 628 dum
2934 592 2967 629 a
2990 573 3258 645 pluribus
3272 574 3343 628 de
3364 575 3481 646 ipso
3501 580 3787 643 multabona

2214 663 2496 729 audisset,
2530 662 2612 717 sic
2639 663 2690 717 ei
2722 663 2925 717 audita
2974 662 3319 734 placuerunt
3348 669 3407 718 ut
3446 665 3649 725 hortatu
3674 690 3786 747 szepe

2214 753 2352 808 dicti
2373 753 2677 822 Teuzonis,
2701 752 3051 809 catholicum
3074 752 3408 824 episcopum
3428 754 3555 812 illuc
3575 759 3791 833 dirigeret

2216 843 2287 897 ad
2321 842 2782 898 consecrandum
2824 841 3038 908 locum,
3091 847 3147 897 et
3196 843 3394 914 regina
3438 846 3595 902 etiam
3634 855 3790 909 exenia

2214 936 2379 1004 grata
2398 932 2703 987 mandaret
2732 932 2831 1002 (8).
2858 932 2961 996 Qui
2996 931 3235 987 veniens
3275 933 3344 987 ad
3370 941 3625 1007 montem,
3651 940 3793 997 altare

2216 1021 2409 1090 majus
2452 1020 2510 1074 in
2566 1020 2846 1076 honorem
2899 1024 3111 1075 sancta
3145 1021 3336 1075 Maria
3375 1026 3506 1077 tunc
3535 1025 3789 1085 benedixit.

2216 1108 2431 1163 Deinde
2453 1113 2585 1179 post
2611 1126 2795 1164 annos
2822 1110 3064 1180 aliquot,
3096 1109 3350 1164 domnus
3381 1110 3611 1169 Ubertus
3630 1124 3793 1173 sancta

2218 1198 2490 1253 Romanae
2523 1196 2811 1270 Ecclesiae,
2847 1198 2945 1269 qui
2974 1215 3129 1254 unus
3159 1204 3285 1253 erat
3322 1199 3392 1254 de
3421 1206 3622 1272 septem
3651 1208 3793 1262 cardi~

2216 1285 2472 1353 nalibus,
2498 1285 2845 1341 venerabilis
2870 1286 3019 1351 vitae,
3039 1279 3280 1342 veniens
3300 1289 3721 1359 epartibusillis,
3738 1301 3795 1350 to-

2215 1378 2342 1428 tum
2370 1375 2686 1430 oratorium
2720 1392 2851 1430 cum
2885 1375 3115 1430 duobus
3156 1374 3438 1432 altaribus
3484 1384 3793 1451 consecravit,

2216 1463 2467 1534 septimo
2490 1464 2697 1519 Iduum
2714 1464 3033 1529 'Juliarum,
3059 1464 3159 1536 qui
3181 1466 3251 1520 de
3274 1464 3445 1521 titulo
3466 1468 3662 1524 Sanctae
3679 1474 3796 1527 Ruﬁ-

2216 1569 2302 1607 naa
2332 1552 2643 1624 episcopus
2672 1554 2911 1619 exstitit,
2945 1554 3115 1624 cujus
3147 1554 3431 1610 memoria
3477 1572 3646 1628 usque
3670 1559 3798 1615 hodie

2215 1645 2408 1696 Romae
2442 1641 2686 1698 celebris
2716 1642 2984 1709 habetur,
3018 1647 3076 1697 et
3104 1642 3163 1697 in
3195 1642 3402 1699 multis
3431 1646 3633 1701 sanctis
3657 1648 3800 1720 operi-

2216 1729 2328 1785 bus
2357 1730 2643 1787 hactenus
2672 1731 2845 1803 viget.

2806 1818 3034 1874 CAPUT
3070 1819 3270 1875 XXIII.

2284 1909 2535 1972 Fratres,
2568 1908 2806 1963 assidue
2855 1910 2925 1962 de
2956 1908 3107 1962 bono
3165 1908 3225 1962 in
3274 1908 3489 1965 melius
3519 1920 3804 1978 crescentes,

2213 1995 2705 2065 ofﬁciumualtaris
2738 1996 2796 2050 in
2825 1996 2984 2051 omni
3014 1998 3390 2054 veneratione
3420 2005 3704 2069 servantes,
3730 2018 3802 2057 ne-

2215 2084 2431 2140 minem
2466 2085 2800 2141 ministrare
2824 2085 3213 2157 patiebantur,
3230 2086 3279 2141 si
3302 2086 3455 2144 forte
3481 2088 3802 2160 Simoniacus,

2212 2174 2298 2228 vel
2333 2174 2804 2240 concubinarius,
2837 2174 2923 2229 vel
2958 2174 3069 2229 alio
3123 2176 3359 2231 mortali
3395 2179 3625 2233 crimine
3651 2196 3801 2234 corru-

2214 2266 2350 2333 ptus
2376 2267 2511 2319 ante
2542 2263 2767 2319 fuisset.
2814 2264 3027 2319 Eorum
3057 2280 3292 2336 quoque
3337 2268 3608 2339 magister
3644 2284 3799 2323 omnes

2213 2352 2636 2409 ecclesiasticos
2693 2353 2927 2408 ordines
2961 2352 3282 2424 plurimum
3346 2356 3667 2425 honorabat,
3694 2374 3804 2427 quos

2215 2441 2532 2498 catholicos
2562 2457 2690 2498 esse
2721 2441 2976 2510 sciebat;
3012 2442 3093 2498 ita
3125 2447 3187 2497 ut
3247 2445 3408 2501 fores
3457 2446 3687 2502 ecclesias
3724 2462 3808 2501 non

2214 2534 2593 2601 praesumeret
2623 2530 2867 2602 aperire,
2917 2531 3030 2587 nisi
3079 2533 3244 2603 prius
3291 2534 3599 2590 ordinatus
3640 2534 3805 2606 aliquis

2214 2619 2481 2689 aperiret.

2803 2709 3039 2765 CAPUT
3076 2709 3268 2765 XXIV.

2286 2795 2391 2851 Per
2422 2796 2576 2851 idem
2613 2802 2861 2869 tempus,
2914 2798 3113 2869 plures
3158 2799 3266 2853 viri
3301 2800 3534 2856 nobiles
3578 2804 3629 2857 et
3654 2798 3813 2855 ﬁdeles

2215 2884 2685 2941 aiferebantloca
2741 2887 2812 2941 ad
2842 2886 3181 2942 aedificanda
3234 2904 3393 2944 nova
3451 2889 3705 2945 cmnobia.
3730 2888 3811 2942 Alii

2216 2974 2498 3045 rogabant
2526 2991 2659 3029 eum
2705 2976 3056 3031 monasteria
3087 2976 3387 3033 dissoluta
3432 2980 3539 3035 sub
3581 2995 3674 3035 suo
3698 2977 3813 3048 regi-

2196 3061 2371 3119 .mine
2401 3079 2654 3133 sumere,
2689 3069 2745 3119 et
2776 3065 2833 3118 in
2866 3082 3133 3120 normam
3188 3083 3377 3137 quam
3412 3069 3535 3141 ipse
3580 3083 3695 3123 cum
3720 3065 3812 3121 suis

2215 3152 2484 3207 servabat
2542 3152 2875 3208 reformare.
2955 3154 3119 3209 Tunc
3174 3157 3376 3211 sancti
3454 3156 3617 3212 Salvii
3664 3170 3810 3213 sceno-

2208 3241 2369 3295 bium
2391 3240 2467 3311 (9)
2491 3242 2716 3297 noviter
2746 3244 3108 3310 construxit;
3143 3244 3201 3297 in
3233 3248 3503 3302 Musceta
3532 3246 3743 3301 alterum
3768 3244 3810 3296 in

2208 3329 2489 3384 honorem
2521 3331 2705 3385 sancti
2746 3331 2926 3397 Petri;
2961 3332 3017 3386 in
3042 3331 3251 3388 Razolo
3272 3336 3549 3404 tertium,
3577 3336 3631 3390 in
3671 3334 3810 3388 hono-

2211 3436 2330 3474 rem
2365 3419 2549 3475 sancti
2577 3420 2777 3488 Pauli;
2812 3420 2971 3475 aliud
3004 3423 3185 3476 sancti
3216 3422 3494 3481 Cassiani
3524 3425 3582 3479 in
3611 3421 3812 3480 Scalario

2210 3514 2431 3564 monte.

2812 3598 3047 3654 CAPUT
3087 3600 3253 3655 XXV.

2282 3688 2445 3742 Tunc
2476 3688 2650 3744 etiam
2682 3690 2739 3743 in
2768 3705 2875 3744 suo
2896 3689 3181 3761 regimine
3197 3696 3509 3749 vetustum
3531 3688 3819 3764 accepit(10)

2210 3776 2648 3841 Passinianum,
2680 3783 2738 3833 et
2769 3777 3018 3834 alterum
3069 3779 3128 3834 in
3174 3780 3493 3849 Romania,
3527 3783 3631 3838 sub
3658 3782 3825 3835 honore

2212 3871 2425 3921 sanctis
2481 3867 2797 3938 Reparatae,
2831 3868 2928 3922 ubi
2978 3884 3080 3939 per
3131 3869 3379 3941 singula
3408 3871 3539 3926 loca
3593 3868 3823 3927 sollicitus

2213 3960 2375 4026 pater
2406 3956 2746 4027 praepositos
2776 3957 3085 4013 ordinavit.
3121 3959 3306 4030 Quos,
3344 3961 3491 4015 dum
3523 3961 3594 4015 ab
3634 3954 3826 4013 inﬁrmi-

2210 4049 2327 4099 tate
2358 4043 2761 4099 sublevaretur
2819 4046 3211 4117 aliquatenus,
3262 4065 3373 4119 per
3402 4065 3468 4105 se
3516 4050 3696 4120 ipsum
3722 4043 3825 4099 visi-

2212 4137 2334 4188 tare
2349 4133 2611 4199 curabat,
2636 4137 2692 4187 et
2713 4133 2950 4190 honeste
2964 4135 3273 4207 corrigere,
3297 4136 3825 4208 moresquefratrum

2211 4222 2281 4277 ad
2316 4220 2557 4277 meliora
2569 4223 2901 4293 perducere.
2921 4228 3076 4279 Inter
3095 4230 3303 4281 caetera
3329 4230 3590 4290 tenaces,
3608 4224 3696 4295 qui
3718 4227 3825 4276 tem-

2212 4310 2511 4382 poralibus
2541 4310 2938 4383 abundabant,
2971 4312 3177 4368 durius
3209 4314 3584 4386 increpabat,
3632 4324 3829 4366 monens

2209 4414 2309 4456 eos
2338 4400 2525 4473 magis
2552 4415 2619 4454 ex
2650 4399 2918 4472 largitate
2965 4401 3160 4457 divina
3210 4403 3539 4467 confidere,
3581 4415 3737 4473 quam
3778 4396 3828 4448 de

2210 4489 2506 4560 plenitudo
2534 4490 2894 4545 horreorum.

2801 4579 3031 4634 CAPUT
3067 4580 3253 4636 XXVI.

2282 4668 2544 4731 Quodam
2568 4673 2847 4740 tempore,
2865 4686 2996 4723 cum
3022 4671 3094 4725 ad
3116 4672 3551 4727 Passinianum
3571 4674 3731 4733 esset,
3751 4667 3832 4721 Leo

2210 4774 2359 4828 papa
2389 4774 2521 4812 cum
2541 4757 2794 4828 plurimo
2826 4760 3106 4814 comitatu
3126 4762 3500 4831 supervenit,
3521 4769 3579 4818 et
3598 4774 3717 4816 cum
3736 4751 3831 4809 suis

2210 4846 2580 4901 refectionem
2613 4851 2979 4919 accepturus,
2996 4849 3165 4918 juxta
3186 4851 3628 4906 monasterium
3650 4840 3835 4916 rquIO'

2210 4935 2313 4989 vit.
2347 4936 2507 4989 Tunc
2540 4936 2744 4990 beatus
2769 4936 3026 4991 Joannes
3046 4936 3379 5009 interrogat
3409 4926 3833 4997 ceconomum,8i

2210 5024 2400 5095 pisces
2430 5023 2820 5080 haberent.Ut
2842 5027 3109 5098 cognovit
3130 5026 3370 5083 nullum
3404 5032 3833 5094 esse,conversos

2208 5114 2267 5167 in
2301 5112 2491 5167 lacum
2523 5114 2859 5185 quemdam,
2893 5116 3239 5172 monasterio
3274 5119 3645 5187 proximum,
3676 5112 3833 5186 pisca-

2207 5206 2332 5257 tum
2379 5202 2459 5256 ire
2507 5203 2797 5275 prmoepit.
2851 5206 3137 5260 Omnibus
3187 5211 3395 5261 autem
3451 5200 3833 5263 asserentibus,

2300 5306 2601 5435 9),I‘:9t111pe
2657 5326 2833 5383 prepe
2889 5312 3260 5379 Florentiam,
3330 5314 3437 5368 ubi
3500 5314 3672 5369 etiam
3710 5318 3833 5362 nunc

2300 5397 2404 5435 )SIS
2436 5398 2449 5434 ι
2484 5422 2495 5434 .

2206 5397 2273 5435 su
2285 5397 2495 5435 οδιεῑιῑ.

2277 5454 2391 5523 (10)
2422 5452 2855 5527 Passinianum,
2887 5455 3057 5527 vulgo
3107 5454 3492 5527 Pmsfgnauo,
3540 5452 3836 5527 ubiqpostea

2203 5518 2291 5579 vir
2320 5518 2557 5582 sanctus
2588 5524 2749 5590 obiit,
2782 5526 2961 5581 situm
2986 5518 3082 5583 Est
3111 5518 3296 5585 altero
3320 5518 3592 5583 millliari
3616 5518 3688 5581 ali
3717 5518 3831 5577 urbe

2203 5596 2391 5671 Senis,
2425 5596 2778 5656 Florentium
2808 5614 3031 5659 versus.
