4004 6170
188 297 300 358 681

1787 316 1969 378 VITA
1981 362 1994 376 .

3484 342 3601 401 682

189 445 498 502 nunquam
521 431 712 504 pisces
740 434 801 490 in
832 435 963 493 lacu
994 438 1092 494 illo
1125 440 1525 514 fuisse,jussit
1554 448 1747 502 tamen
1776 451 1840 505 ut
1868 451 1922 518 Α
1952 451 2144 520 exivit,
2177 457 2233 508 et
2263 454 2379 510 illic
2412 456 2708 515 hominem
2740 477 2874 518 eum
2907 467 3272 540 manutcrgio
3302 471 3472 542 pleno
3502 491 3601 547 pa-

193 525 497 547 -ςη-ιηΑ-ιΑ-ιι
573 539 634 547 ..Α
685 523 916 547 “-_.2_2
968 546 988 547 η
1011 534 1052 547 ,1
1081 546 1116 547 νγ
1165 530 1176 540 ο
1231 531 1240 541 ο
1437 534 1448 547 ι
1682 538 1694 547 ιι
1748 539 1759 547 .
1790 538 1800 547 .
1997 540 2027 547 ..
2161 541 2169 547 .

191 525 518 590 pergerent,
570 539 635 577 ac
684 523 920 582 Domini
963 530 1350 599 patrocinium
1398 534 1619 605 absque
1665 538 1840 594 dubio

189 609 489 665 crederent
514 611 875 669 adfuturum.
899 619 1280 674 Perrexerunt
1326 624 1583 693 tandem,
1614 629 1670 680 et
1699 644 1842 682 cun-

188 697 298 752 ctis
316 698 925 768 admirantibus,duos
950 722 1192 779 magnos
1214 709 1397 767 lucios
1411 711 1678 770 inventos
1693 720 1842 771 attu-

185 785 383 842 lerunt
427 789 596 844 beato
621 789 854 860 Joanni,
889 810 1036 864 quos
1067 798 1191 868 ipse
1222 801 1484 870 gaudens
1511 804 1752 876 accepit,
1786 810 1841 860 et

184 876 428 932 domino
459 894 621 950 papa;
651 881 925 937 continuo
957 889 1292 954 praesentari
1317 889 1465 946 fecit.

773 970 1004 1027 CAPUT
1052 974 1267 1030 XXVII.

255 1053 511 1111 Venerat
540 1056 693 1112 inter
721 1063 958 1115 caeteros
993 1064 1062 1116 ad
1094 1080 1226 1119 eum
1259 1071 1441 1124 Teuzo
1471 1074 1838 1128 venerandus

180 1147 355 1215 pater
377 1149 436 1200 et
464 1161 660 1214 senex,
693 1165 866 1219 quem
899 1150 1178 1208 fratribus
1208 1155 1266 1210 in
1314 1159 1522 1214 Razolo
1563 1162 1834 1232 przefecit,

177 1249 357 1304 quem
391 1251 508 1306 pra:
537 1239 761 1293 cateris
785 1253 855 1293 ex
879 1241 1049 1296 corde
1078 1242 1297 1314 dilexit,
1332 1262 1398 1301 eo
1447 1249 1600 1320 quod
1641 1250 1835 1322 ipsum

175 1322 238 1377 in
262 1322 545 1380 charitate
568 1324 970 1384 ferventiorem
997 1329 1236 1388 invenit.
1266 1335 1401 1390 Erat
1430 1339 1644 1411 quippe
1675 1346 1838 1411 pater

176 1410 440 1468 Joannes
470 1413 635 1470 valde
666 1416 1020 1490 misericors,
1065 1420 1144 1476 ita
1195 1427 1258 1478 ut
1300 1410 1606 1496 pluviales,
1655 1410 1836 1486 Valli-

179 1500 478 1556 umbrosae
518 1501 762 1572 oblatos,
823 1508 1096 1576 egestatis
1144 1514 1406 1584 tempore
1456 1518 1748 1587 venderet,
1782 1524 1838 1574 et

176 1604 354 1644 omne
386 1590 637 1662 pretium
669 1595 1026 1665 pauperibus
1057 1600 1239 1655 daret.

762 1683 992 1739 CAPUT
1019 1685 1264 1744 XXVIII.

247 1767 450 1823 Berizo
479 1784 713 1840 quoque
735 1772 930 1827 Sancti
948 1773 1120 1828 Salvii
1146 1777 1347 1848 abbas,
1381 1781 1603 1838 habens
1631 1787 1830 1840 votum

172 1857 492 1924 moriendi,
510 1875 624 1914 non
648 1859 706 1914 in
738 1877 866 1931 suo,
890 1863 989 1918 sed
1024 1863 1081 1918 in
1105 1869 1460 1926 monasterio
1481 1871 1830 1930 Vallimbro—

173 1963 344 2013 sano,
377 1947 539 2010 venit
566 1949 638 2003 ad
670 1964 828 2019 eum,
861 1967 1072 2023 rogans
1108 1954 1303 2026 ipsum
1337 1962 1401 2013 ut
1432 1959 1538 2015 hoc
1567 1961 1690 2017 suis
1710 1979 1835 2034 pre-

171 2036 344 2090 cibus
376 2035 732 2108 impetraret.
767 2038 948 2108 Cujus
977 2058 1178 2112 preces
1230 2045 1434 2102 devote
1479 2051 1830 2122 suscipiens,

171 2141 276 2196 pro
308 2141 377 2181 eo
409 2125 700 2198 benignus
731 2128 901 2184 Pater
947 2132 1150 2198 oravit,
1191 2137 1247 2188 et
1288 2141 1354 2190 ut
1403 2137 1503 2193 diu
1549 2141 1829 2212 cupierat,

167 2214 248 2268 ibi
286 2214 382 2269 die
405 2215 576 2269 tertia
601 2215 912 2272 defunctus
941 2223 1031 2274 est
1055 2224 1112 2275 et
1140 2223 1425 2293 sepultus.

767 2306 1003 2364 CAPUT
1044 2310 1236 2366 XXIX.

232 2393 366 2450 Sub
387 2393 591 2450 eodem
616 2398 1047 2468 tempore,dum
1081 2400 1290 2458 fratres
1307 2403 1485 2462 nimis
1506 2406 1827 2481 indigentia

164 2487 598 2554 premerentur,
632 2488 686 2539 et
715 2484 776 2539 in
807 2489 1164 2544 monasterio
1196 2508 1311 2547 non
1353 2500 1505 2551 esset
1535 2499 1673 2569 quid
1704 2499 1825 2556 fra-

157 2571 356 2627 tribus
389 2572 449 2627 in
481 2572 677 2628 cibum
711 2579 908 2644 posset
963 2579 1196 2650 apponi,
1231 2587 1442 2652 praeter
1469 2591 1587 2642 tres
1618 2604 1820 2659 panes,

156 2659 348 2733 jussit
367 2661 605 2717 eosdem
625 2662 834 2735 frangi,
854 2669 910 2719 et
930 2666 1140 2738 cuique
1167 2669 1328 2725 fratri
1353 2673 1612 2746 fragmen
1636 2695 1821 2735 unum

157 2749 591 2806 administrari.
638 2752 916 2824 Praecepit
954 2754 1165 2813 iterum
1213 2760 1510 2819 cellerario
1567 2772 1822 2826 mactare

155 2855 352 2896 unum
384 2840 629 2895 arietem
659 2845 716 2896 et
747 2842 945 2913 ipsum
978 2845 1050 2899 ad
1081 2847 1375 2906 edendum
1405 2852 1686 2912 fratribus
1715 2857 1821 2912 mi-

152 2929 430 2984 nistrare.
459 2929 661 3000 Hodie,
691 2930 900 3002 inquit,
933 2949 1195 3007 egemus,
1229 2955 1357 2994 cras
1386 2958 1540 3012 vero,
1569 2944 1686 3000 Deo
1717 2964 1817 3018 pa-

152 3022 351 3090 rante,
412 3018 868 3076 abundabimus.
917 3023 984 3078 Et
1021 3024 1142 3080 haec
1196 3027 1418 3096 dicens,
1451 3035 1698 3103 perrexit
1743 3039 1816 3093 ad

153 3108 446 3164 Sanctum
505 3107 788 3181 Salvium,
839 3127 1082 3183 sperans
1131 3117 1284 3186 quod
1330 3118 1612 3177 familiam
1643 3141 1813 3181 suam

1952 540 2125 595 nibus
2157 541 2392 600 invenit.
2446 548 2601 610 Quos
2659 550 2920 607 lzetanter
2967 555 3278 627 accipiens,
3324 561 3602 621 fratribus

1949 630 2218 686 velociter
2249 637 2728 707 apposuit,oblitu
2749 640 3104 714 interrogare
3126 647 3258 717 quis
3280 665 3378 705 eos
3409 654 3602 710 duxis-

1950 723 2038 773 set
2070 722 2272 791 quisve
2303 724 2582 782 misisset.
2617 728 2724 792 Qui
2755 746 2889 788 cum
2922 739 3052 805 post
3088 735 3330 806 paulum
3379 741 3598 811 gratias

1948 809 2286 868 redditurus
2311 814 2382 868 ad
2407 815 2624 884 januas
2655 820 2947 889 rediisset,
2981 829 3276 885 neminem
3304 809 3599 901 reperit,et
3701 817 3709 823 ’

1949 897 2020 952 de
2051 897 2149 954 illo
2181 917 2488 959 conversos
2518 904 2991 982 interrogans,eo
3023 917 3116 972 die
3147 917 3376 974 nullum
3407 919 3596 976 homi-

1947 1001 2082 1042 nem
2113 988 2231 1044 illic
2262 1007 2324 1046 se
2351 993 2566 1050 vidisse
2597 997 2888 1055 dicebant.

2537 1102 2766 1160 CAPUT
2806 1105 2998 1164 XXXI.

2019 1182 2292 1256 Exemplo
2321 1203 2454 1244 vero
2485 1190 2672 1261 ipsius
2703 1199 2759 1250 et
2809 1198 3328 1270 admonitionibus,
3364 1202 3596 1260 delicati

1947 1268 2158 1339 clerici,
2208 1276 2388 1345 pretis
2427 1282 2734 1338 connubiis
2784 1289 2840 1340 et
2885 1289 3250 1360 concubinis,
3297 1297 3598 1363 cceperunt

1946 1359 2122 1414 simul
2144 1361 2203 1416 in
2227 1365 2488 1423 ecclesiis
2511 1373 2664 1425 stare
2689 1376 2745 1426 et
2765 1389 3137 1434 communem
3157 1359 3372 1436 ducere
3389 1381 3594 1453 vitam)

1944 1448 2268 1522 Hospitalia
2298 1471 2528 1527 quoque
2577 1464 2912 1518 constructa
2949 1469 3005 1520 et
3053 1467 3306 1524 ecclesiae
3355 1448 3595 1526 vetusta;

1946 1546 2231 1595 renovata:
2263 1544 2390 1612 ejus
2422 1547 2634 1602 auxilio
2692 1558 3149 1622 cognoscuntur,
3209 1561 3266 1611 et
3295 1556 3436 1613 locis
3469 1558 3595 1630 plu-

1945 1628 2109 1683 ribus
2128 1631 2198 1684 ad
2226 1632 2434 1688 melius
2459 1643 2972 1697 commutatze.Nec
2994 1644 3211 1700 mirum
3235 1645 3283 1702 si
3302 1646 3592 1719 homines,

1945 1721 2046 1771 aut
2075 1718 2201 1773 loca
2233 1721 2506 1791 quaelibet
2535 1725 2594 1780 in
2627 1726 2837 1784 melius
2859 1732 2986 1801 ejus
3015 1734 3280 1806 exemplo
3313 1739 3453 1792 sunt
3483 1718 3594 1792 im-

1864 1819 1913 1884 Β
1946 1809 2368 1879 mutata,cujus
2396 1810 2513 1866 vita
2544 1813 2920 1885 cupientibus
2949 1818 3222 1876 thlﬁCﬂPl
3253 1839 3370 1877 non
3401 1824 3594 1879 modi-

1946 1910 2079 1949 cum
2111 1897 2391 1967 praebebit
2419 1903 2775 1974 exemplum.

2538 2009 2767 2066 CAPUT
2798 2012 3013 2071 XXXII.

2011 2092 2146 2146 Erat
2177 2093 2413 2165 quidem
2445 2096 2501 2150 in
2536 2098 2664 2154 cibo
2694 2102 3098 2174 parcissimus,
3137 2106 3197 2162 in
3230 2108 3593 2168 orationibus

1940 2181 2202 2248 sedulus,
2237 2183 2294 2238 in
2326 2185 2540 2256 vigiliis
2565 2188 2913 2258 intentus,in
2939 2195 3172 2250 silentia
3204 2198 3591 2266 studiosus,in

1937 2270 2322 2343 eleemosynis
2353 2290 2456 2345 pro
2486 2275 2697 2333 virium
2728 2281 3052 2349 quantitate
3109 2283 3503 2357 largissimus,
3535 2293 3593 2344 et

1938 2375 2068 2412 cum
2103 2359 2324 2431 aliquid
2348 2363 2486 2418 dare
2506 2363 2858 2438 disponeret,
2891 2371 3212 2438 hominem,
3237 2373 3356 2428 sive
3385 2392 3585 2446 pecus,

1934 2447 2020 2501 vel
2053 2448 2272 2520 aliquid
2308 2449 2490 2519 aliud,
2533 2455 2804 2510 studebat
2842 2457 2972 2512 aliis
3022 2460 3234 2517 melius
3284 2463 3442 2529 dare,
3475 2465 3588 2520 sibi

1932 2552 2064 2590 vero
2096 2537 2351 2594 deterius
2383 2544 2973 2602 tenere.Indumentis
3001 2547 3302 2606 vilissimis
3356 2568 3588 2625 semper

1936 2625 2227 2680 utebatur.
2265 2628 2380 2682 Nec
2412 2629 2471 2683 in
2511 2635 2673 2686 tanta
2704 2649 2810 2688 sua
2868 2634 3208 2693 infirmitate
3257 2640 3588 2710 patiebatur

1933 2713 2159 2785 corpori
2176 2717 2427 2788 supponi
2447 2717 2814 2788 fulcrum,vel
2829 2723 3002 2794 capiti
3019 2725 3300 2796 pluneum
3320 2728 3582 2800 capitale.

2492 2825 2724 2882 CAPUT
2781 2828 3018 2884 XXXIII.

2000 2919 2109 2974 Sed
2143 2937 2274 2975 cum
2301 2922 2690 2989 decumberet,
2709 2924 2799 2981 die
2822 2931 3113 3001 noctuque
3140 2934 3371 2988 sanctos
3386 2947 3584 2990 coram

1929 3024 1991 3062 se
2023 3007 2202 3063 libros
2258 3009 2447 3082 legere
2507 3011 2778 3080 faciebat,
2849 3020 2913 3070 ut
2969 3016 3292 3075 instructus
3346 3021 3586 3080 assidua

1927 3095 2196 3167 lectione,
2232 3100 2454 3168 peritus
2485 3100 2688 3156 divina:
2719 3102 2864 3175 legis
2895 3109 2953 3160 et
2984 3107 3311 3164 divinarum
3345 3116 3582 3168 senten-

153 3214 475 3268 nunquam
517 3197 673 3254 Deus
714 3203 1012 3270 pateretur
1056 3185 1208 3260 fame
1256 3206 1480 3265 diutius
1526 3211 1810 3272 laborare.
1846 3188 1888 3254 C
1927 3185 2144 3240 tiarum
2177 3191 2573 3257 competenter
2601 3191 2946 3249 efﬁceretur.
2980 3197 3244 3267 Cumque
3274 3200 3582 3257 decumbe-

150 3287 402 3342 Fratres
431 3302 583 3353 vero,
615 3287 760 3343 hora
789 3291 1016 3360 prandii
1060 3300 1364 3365 pergentes
1414 3299 1484 3354 ad
1528 3317 1813 3374 mensam,

149 3391 408 3432 carnem
440 3377 758 3446 appositam
792 3379 1380 3455 exhorrentes,pauca
1399 3392 1623 3444 tantum
1650 3393 1816 3462 panis

144 3465 496 3536 fragmenta
524 3466 895 3523 comederunt
924 3473 980 3524 et
1009 3487 1043 3524 a
1059 3487 1230 3526 carne
1252 3489 1493 3543 prorsus
1515 3478 1814 3536 abstinue-

141 3558 314 3610 runt.
351 3553 462 3609 Sed
495 3554 676 3610 altera
709 3557 822 3624 die,
857 3560 1180 3614 secundum
1217 3563 1602 3633 prophaatiam
1629 3570 1817 3625 sancti

138 3643 422 3710 Joannis,
455 3643 695 3714 quidam
737 3644 1006 3702 homines
1035 3665 1168 3703 cum
1199 3650 1381 3706 asinis
1438 3655 1666 3711 onustis
1696 3658 1815 3713 fru-

147 3735 340 3788 menti
367 3733 560 3788 farina
587 3735 1154 3804 venerunt,dicentes
1178 3754 1240 3793 se
1270 3739 1523 3798 directos
1544 3760 1577 3798 a
1605 3745 1819 3802 nobili-

146 3823 261 3878 bus
298 3821 478 3888 viris;
504 3822 735 3894 sed,qui
763 3824 1292 3892 fuerint,hactenus
1315 3830 1450 3886 sciri
1475 3849 1589 3888 non
1607 3837 1815 3905 potuit.

768 3913 1003 3970 CAPUT
1041 3915 1205 3972 XXX.

219 4004 375 4059 Item
427 4001 542 4056 alio
591 4006 873 4074 tempore,
923 4003 1064 4059 dum
1123 4023 1460 4065 oeconomus
1503 4010 1611 4067 loci
1659 4014 1821 4070 cibos

152 4109 370 4148 omnes
397 4091 842 4163 consumpsisse
860 4108 921 4148 se
945 4093 1246 4162 diceret,et
1264 4097 1501 4154 beatum
1522 4100 1710 4157 virum
1733 4102 1820 4158 in-

154 4181 425 4253 quireret
457 4180 600 4252 quid
633 4181 771 4237 dare
801 4181 1079 4238 fratribus
1121 4185 1378 4253 deberet,
1401 4187 1488 4242 vir
1522 4190 1617 4245 Dei
1639 4192 1824 4261 jussit

153 4274 221 4324 ut
243 4286 405 4325 unus
424 4285 496 4325 ex
524 4269 715 4325 tribus
731 4270 919 4326 bobus
952 4288 1098 4343 quos
1127 4271 1425 4330 habebant
1445 4278 1822 4346 occideretur,

146 4363 205 4414 et
244 4359 539 4414 fratribus
588 4358 646 4412 in
701 4359 887 4416 frusta
934 4361 1204 4416 concisus
1256 4371 1666 4434 apponeretur.
1718 4371 1822 4425 Cui

146 4464 503 4506 ceconomus
537 4464 551 4501 :
587 4447 754 4516 Quid,
789 4448 1293 4520 inquit,faciemus
1324 4457 1634 4525 postquam
1669 4458 1824 4514 hunc

148 4536 765 4594 manducaverimus?
811 4539 881 4592 Et
913 4537 1006 4593 ille

149 4627 341 4683 alium
381 4643 519 4697 :quo
545 4630 914 4698 consumpto,
947 4627 995 4682 si
1027 4645 1176 4700 opus
1216 4630 1390 4686 fuerit
1418 4632 1584 4688 dabis
1613 4639 1668 4689 et
1697 4639 1812 4691 ter-

146 4717 326 4772 tium.
363 4716 585 4771 Beatus
601 4720 797 4771 autem
827 4719 1324 4788 Joannesjustius
1348 4720 1555 4778 fratres
1579 4724 1820 4780 credens

150 4807 446 4863 carnibus
463 4806 698 4861 reficere
723 4822 903 4876 quam
924 4823 1021 4862 eos
1044 4808 1194 4862 fame
1211 4809 1699 4882 perire,sperabat
1720 4814 1822 4869 Dei

145 4893 630 4950 misericordiam
663 4895 1139 4966 adfuturam,qui
1171 4897 1352 4952 servis
1386 4899 1512 4954 suis
1541 4899 1599 4954 in
1631 4919 1822 4973 angu-

138 4984 276 5039 stiis
310 4982 530 5058 positis
562 4983 873 5039 subvenire
904 4985 1223 5040 consuevit.
1259 4986 1404 5048 Quid
1443 4987 1609 5059 plura
1629 4991 1656 5044 ‘?
1685 4991 1820 5045 Fra-

145 5076 268 5129 tres
295 5072 451 5126 hora
481 5075 704 5128 statuta
733 5077 983 5145 pergunt
1009 5074 1078 5128 ad
1103 5091 1369 5130 mensam
1391 5076 1653 5149 visisque
1683 5079 1824 5135 solis

147 5161 448 5216 carnibus
465 5161 1098 5233 obstupescunt,eaque
1121 5162 1280 5218 nullo
1304 5165 1476 5220 modo
1497 5171 1822 5238 tangentes,

152 5249 437 5316 silentes,
470 5249 758 5321 patientes
791 5257 1151 5307 manserunt.
1187 5253 1255 5308 Et
1302 5271 1435 5308 cum
1491 5272 1691 5312 servus
1727 5257 1827 5313 Dei

150 5338 459 5411 prolixius
489 5344 736 5406 orasset,
768 5340 1008 5412 quidam
1040 5342 1214 5412 ccepit
1238 5343 1457 5412 janua—i
1489 5345 1828 5401 monasterii

153 5427 434 5502 pulsare.
468 5427 839 5497 Cellerarius,
900 5431 1144 5486 audiens
1192 5430 1448 5502 signum,
1486 5433 1830 5489 festinanter

257 5536 326 5610 ξ)
361 5535 455 5590 Sic
479 5535 728 5610 dictum,
763 5537 918 5608 quod
947 5542 1172 5610 septem
1217 5538 1571 5595 milliaribus
1601 5541 1832 5597 abesset

149 5624 187 5666 a
217 5607 551 5665 Florentia.
584 5608 729 5665 Vide
758 5625 884 5681 cap.
919 5610 989 5665 63
1014 5607 1076 5666 et
1103 5612 1195 5665 64.

469 5738 730 5797 ΡΑΤκοι.
780 5735 1034 5800 CXLVI.

1925 3277 2029 3344 ret,
2064 3279 2165 3329 aut
2217 3281 2500 3346 pergeret,
2557 3278 2645 3331 vel
2699 3281 3006 3351 equitaret,
3079 3285 3308 3340 cuculla
3356 3288 3580 3358 jugiter

1926 3363 2415 3435 utebatur.lpsius
2456 3365 2630 3420 etiam
2662 3368 2946 3437 exemplo,
2981 3371 3205 3427 celebre
3230 3374 3488 3429 ofﬁcium
3520 3376 3580 3430 in

1926 3457 2094 3506 nocte
2126 3457 2341 3506 sanctze
2375 3453 2842 3509 Resurrectionis
2875 3473 2976 3526 per
3006 3461 3303 3527 Tusciam,
3331 3462 3580 3534 aliisque

1927 3539 2068 3596 locis
2113 3557 2268 3595 nunc
2321 3541 2534 3612 agitur.
2569 3543 2745 3614 Cujus
2804 3545 2961 3600 fama
3018 3547 3316 3620 religionis
3345 3553 3486 3607 dum
3517 3553 3578 3608 in

1926 3629 2070 3684 locis
2101 3629 2374 3700 plurimis
2405 3631 2647 3688 celebris
2676 3632 3006 3702 haberetur,
3050 3653 3247 3695 comes
3292 3640 3582 3713 Bulgarus

1928 3718 2219 3790 disposuit
2244 3737 2416 3774 suum
2444 3721 2772 3777 cmnobium
2799 3724 3164 3795 Septimense
3195 3729 3270 3800 (8)
3299 3731 3408 3786 sub
3431 3733 3585 3801 ejus—

1929 3808 2061 3863 dem
2096 3808 2279 3863 Patris
2311 3809 2592 3880 regimine
2623 3813 2995 3869 constituere.
3053 3818 3212 3880 Quod
3245 3835 3376 3873 cum
3411 3820 3481 3875 ab
3513 3837 3579 3876 eo

1928 3897 2021 3951 vix
2050 3897 2442 3968 impetrasset,
2476 3899 2640 3953 valde
2671 3900 2903 3972 gavisus
2935 3907 3296 3977 est,sperans
3319 3925 3420 3978 per
3452 3911 3581 3982 ejus

1930 3986 2192 4041 studium
2217 3985 2410 4042 locum
2429 3987 2625 4058 ipsum
2649 3989 2704 4043 in
2731 3990 2941 4047 melius
2967 3999 3579 4064 proventurum.Quod

1931 4080 2133 4146 postea
2163 4075 2394 4141 claruit,
2423 4077 2565 4131 dum
2594 4077 2684 4132 lex
2715 4077 2792 4150 (9)
2848 4079 3021 4152 ignea
3064 4083 3281 4141 ibidem
3313 4086 3465 4142 facta
3494 4086 3578 4142 lo-

1931 4181 2064 4220 cum
2096 4167 2365 4220 cumdem
2400 4165 2745 4222 mirabiliter
2773 4170 3063 4241 exaltavit,
3091 4177 3146 4228 et
3176 4179 3348 4231 antea
3378 4175 3580 4232 multis

1933 4254 2222 4324 ignotum,
2254 4257 2456 4324 postea
2485 4253 2757 4327 plurimis
2793 4259 2986 4315 reddit
3015 4263 3408 4319 nominatum.

2504 4360 2737 4416 CAPUT
2768 4363 3011 4419 XXXIV.

2008 4458 2231 4511 Interea
2259 4456 2345 4511 vir
2365 4457 2594 4512 Domini
2621 4459 2863 4516 diversis
2893 4464 3067 4536 cmpit
3087 4465 3302 4522 clarere
3333 4467 3584 4523 miracu-

1056 4557 1068 4594 :
1121 4539 1258 4596 Post
1288 4541 1445 4597 hunc
1493 4545 1719 4601 occides
1757 4551 1814 4603 et
1840 4558 1889 4624 D
1921 4545 2014 4608 lis.
2040 4544 2288 4610 Quidam
2310 4545 2483 4600 homo
2507 4546 2715 4617 plenus
2747 4548 2978 4607 insania
3008 4553 3065 4606 in
3097 4555 3364 4620 ejusdem
3396 4555 3585 4610 Patris

1927 4634 2187 4690 ccenobio
2219 4636 2578 4701 morabatur,
2615 4637 2734 4706 qui,
2765 4639 2905 4692 dum
2932 4642 3201 4696 medendi
3233 4643 3419 4714 gratia
3448 4645 3579 4699 Pas~

1931 4723 2226 4779 sinianum
2261 4723 2687 4787 mitteretur,ad
2711 4725 2928 4781 ﬂumen
2952 4732 3177 4784 Arnum
3207 4731 3585 4804 venit,reper-

1929 4817 2051 4867 tam
2102 4809 2380 4881 scapham
2427 4811 2682 4878 intravit,
2732 4817 2787 4867 et
2835 4830 2903 4868 ex
2940 4815 3062 4885 illa,
3115 4817 3266 4874 sicut
3312 4835 3446 4875 eum
3477 4838 3586 4876 sua

1931 4900 2162 4956 insania
2192 4899 2520 4971 cogebat,se
2551 4900 2609 4954 in
2643 4902 2832 4957 amnis
2856 4905 3114 4962 medium
3138 4908 3581 4980 projiciens,ait:

1933 4990 2055 5057 Hic,
2103 4989 2235 5060 quis
2282 4988 2515 5056 Joanes,
2566 4994 2622 5044 et
2669 4991 2860 5061 qualis
2908 4995 2979 5050 sit
3012 4997 3140 5066 ejus
3169 4997 3306 5066 vita,
3341 5000 3580 5070 patebit.

1935 5081 2115 5143 Quem
2144 5079 2446 5132 cadentem
2479 5094 2613 5133 mox
2657 5097 2808 5150 aqua
2848 5085 3486 5158 suscipiens,sustinuit
3514 5105 3587 5144 ne

1935 5171 2318 5238 mergeretur,
2352 5182 2604 5237 eumque
2635 5171 2823 5224 sancti
2879 5172 2984 5227 viri
3037 5175 3262 5231 meritis
3292 5177 3362 5230 ad
3398 5177 3586 5248 ripam

1937 5256 2280 5311 exteriorem
2327 5272 2560 5320 sanum,
2607 5257 2948 5332 salvumque
2996 5264 3162 5332 quasi
3209 5264 3434 5336 lignum
3467 5263 3591 5320 leve

1938 5344 2198 5400 deduxit.
2232 5344 2336 5398 Hic
2368 5344 2496 5399 luce
2527 5344 2743 5402 clarius
2789 5355 3016 5406 constat
3072 5357 3343 5407 sanctum
3399 5353 3590 5409 virum

1937 5437 2224 5490 Joannem
2254 5434 2510 5489 Creatori
2543 5452 2647 5490 suo
2672 5437 2851 5493 fuisse
2882 5439 3400 5510 charissimum,ad
3422 5445 3592 5514 cujus

2014 5542 2089 5612 (9)
2119 5541 2374 5622 Quid-sit
2404 5540 2522 5622 hrgc
2553 5541 2886 5622 lexmignea,
2919 5545 3211 5622 intelliges
3241 5565 3311 5605 ex
3339 5566 3589 5622 sequen-

1943 5611 2101 5669 tibus
2133 5611 2420 5686 capitibus
2449 5614 2520 5668 62
2549 5618 2605 5670 et
2633 5615 2722 5678 63.

3233 5749 3308 5806 22
