  <div class='ocr_page' id='page_1' title='image "/cluster/home/n/w/nwhite01/storage/ocr_20150623/146/hvd.32044054760053/347.png"; bbox 0 0 4030 6164; ppageno 0'>
   <div class='ocr_carea' id='block_1_1' title="bbox 455 303 569 361">
    <p class='ocr_par' dir='ltr' id='par_1_1' title="bbox 455 303 569 361">
     <span class='ocr_line' id='line_1_1' title="bbox 455 303 569 361; baseline -0.009 0"><span class='ocrx_word' id='word_1_1' title='bbox 455 303 569 361; x_wconf 87' lang='grc'>683</span> 
     </span>
    </p>
   </div>
   <div class='ocr_carea' id='block_1_2' title="bbox 1506 292 2811 357">
    <p class='ocr_par' dir='ltr' id='par_1_2' title="bbox 1506 292 2811 357">
     <span class='ocr_line' id='line_1_2' title="bbox 1506 292 2811 357; baseline -0.002 -4"><span class='ocrx_word' id='word_1_2' title='bbox 1506 295 1571 353; x_wconf 84' lang='grc'>8.</span> <span class='ocrx_word' id='word_1_3' title='bbox 1616 294 1947 354; x_wconf 83' lang='lat' dir='ltr'><strong>JOANNIS</strong></span> <span class='ocrx_word' id='word_1_4' title='bbox 1994 292 2439 357; x_wconf 78' lang='lat' dir='ltr'><strong>GUALBEItTI</strong></span> <span class='ocrx_word' id='word_1_5' title='bbox 2483 292 2811 352; x_wconf 88' lang='lat' dir='ltr'><strong>ABBATIS</strong></span> 
     </span>
    </p>
   </div>
   <div class='ocr_carea' id='block_1_3' title="bbox 3743 289 3845 351">
    <p class='ocr_par' dir='ltr' id='par_1_3' title="bbox 3743 289 3845 351">
     <span class='ocr_line' id='line_1_3' title="bbox 3743 289 3845 351; baseline -0.02 0"><span class='ocrx_word' id='word_1_6' title='bbox 3743 289 3845 351; x_wconf 70' lang='lat'>684</span> 
     </span>
    </p>
   </div>
   <div class='ocr_carea' id='block_1_4' title="bbox 455 424 3845 497">
    <p class='ocr_par' dir='ltr' id='par_1_4' title="bbox 455 424 3845 497">
     <span class='ocr_line' id='line_1_4' title="bbox 455 424 3845 497; baseline -0.003 -7"><span class='ocrx_word' id='word_1_7' title='bbox 455 434 641 490; x_wconf 90' lang='lat' dir='ltr'>solius</span> <span class='ocrx_word' id='word_1_8' title='bbox 670 428 1176 494; x_wconf 90' lang='lat' dir='ltr'>memoriam,tam</span> <span class='ocrx_word' id='word_1_9' title='bbox 1230 424 1520 494; x_wconf 83' lang='lat' dir='ltr'>velociter,</span> <span class='ocrx_word' id='word_1_10' title='bbox 1573 430 1809 497; x_wconf 88' lang='lat' dir='ltr'>tamque</span> <span class='ocrx_word' id='word_1_11' title='bbox 1857 426 2103 497; x_wconf 87' lang='lat' dir='ltr'>benigne</span> <span class='ocrx_word' id='word_1_12' title='bbox 2132 428 2187 493; x_wconf 78' lang='grc' dir='ltr'><strong>Α</strong></span> <span class='ocrx_word' id='word_1_13' title='bbox 2216 426 2345 481; x_wconf 89' lang='lat' dir='ltr'>dit:</span> <span class='ocrx_word' id='word_1_14' title='bbox 2381 425 2623 481; x_wconf 87' lang='lat' dir='ltr'>Domine</span> <span class='ocrx_word' id='word_1_15' title='bbox 2662 426 2847 495; x_wconf 86' lang='lat' dir='ltr'>Pater,</span> <span class='ocrx_word' id='word_1_16' title='bbox 2890 425 3015 493; x_wconf 86' lang='lat' dir='ltr'>jam</span> <span class='ocrx_word' id='word_1_17' title='bbox 3066 439 3167 495; x_wconf 90' lang='lat' dir='ltr'>per</span> <span class='ocrx_word' id='word_1_18' title='bbox 3215 424 3360 478; x_wconf 89' lang='lat' dir='ltr'>duos</span> <span class='ocrx_word' id='word_1_19' title='bbox 3409 437 3659 492; x_wconf 84' lang='lat' dir='ltr'>menses,</span> <span class='ocrx_word' id='word_1_20' title='bbox 3710 426 3764 478; x_wconf 90' lang='lat' dir='ltr'>et</span> <span class='ocrx_word' id='word_1_21' title='bbox 3790 439 3845 480; x_wconf 86' lang='lat' dir='ltr'>eo</span> 
     </span>
    </p>
   </div>
   <div class='ocr_carea' id='block_1_5' title="bbox 454 514 2004 595">
    <p class='ocr_par' dir='ltr' id='par_1_5' title="bbox 454 514 2004 595">
     <span class='ocr_line' id='line_1_5' title="bbox 454 514 2004 595; baseline -0.005 -17"><span class='ocrx_word' id='word_1_22' title='bbox 454 522 759 595; x_wconf 73' lang='lat' dir='ltr'>praefatum</span> <span class='ocrx_word' id='word_1_23' title='bbox 790 518 1070 573; x_wconf 88' lang='lat' dir='ltr'>miserum</span> <span class='ocrx_word' id='word_1_24' title='bbox 1104 515 1173 569; x_wconf 92' lang='lat' dir='ltr'>de</span> <span class='ocrx_word' id='word_1_25' title='bbox 1200 514 1403 569; x_wconf 89' lang='lat' dir='ltr'>mortis</span> <span class='ocrx_word' id='word_1_26' title='bbox 1435 515 1689 585; x_wconf 90' lang='lat' dir='ltr'>periculo</span> <span class='ocrx_word' id='word_1_27' title='bbox 1719 516 2004 571; x_wconf 76' lang='lat' dir='ltr'>liberavit.</span> 
     </span>
    </p>
   </div>
   <div class='ocr_carea' id='block_1_6' title="bbox 1024 603 1533 659">
    <p class='ocr_par' dir='ltr' id='par_1_6' title="bbox 1024 603 1533 659">
     <span class='ocr_line' id='line_1_6' title="bbox 1024 603 1533 659; baseline -0.002 0"><span class='ocrx_word' id='word_1_28' title='bbox 1024 603 1261 659; x_wconf 84' lang='lat' dir='ltr'><strong>CAPUT</strong></span> <span class='ocrx_word' id='word_1_29' title='bbox 1321 603 1533 658; x_wconf 85' lang='lat' dir='ltr'><strong>XXXV.</strong></span> 
     </span>
    </p>
   </div>
   <div class='ocr_carea' id='block_1_7' title="bbox 536 692 2106 764">
    <p class='ocr_par' dir='ltr' id='par_1_7' title="bbox 536 692 2106 764">
     <span class='ocr_line' id='line_1_7' title="bbox 536 692 2106 764; baseline -0.004 -11"><span class='ocrx_word' id='word_1_30' title='bbox 536 700 678 753; x_wconf 91' lang='lat' dir='ltr'>Item</span> <span class='ocrx_word' id='word_1_31' title='bbox 704 698 843 751; x_wconf 91' lang='lat' dir='ltr'>dum</span> <span class='ocrx_word' id='word_1_32' title='bbox 869 696 1023 751; x_wconf 92' lang='lat' dir='ltr'>idem</span> <span class='ocrx_word' id='word_1_33' title='bbox 1040 692 1387 748; x_wconf 81' lang='lat' dir='ltr'>venerabilis</span> <span class='ocrx_word' id='word_1_34' title='bbox 1409 698 1573 764; x_wconf 89' lang='lat' dir='ltr'>pater</span> <span class='ocrx_word' id='word_1_35' title='bbox 1593 711 1627 748; x_wconf 90' lang='lat' dir='ltr'>a</span> <span class='ocrx_word' id='word_1_36' title='bbox 1650 693 1956 748; x_wconf 87' lang='lat' dir='ltr'>visitandis</span> <span class='ocrx_word' id='word_1_37' title='bbox 1978 692 2106 747; x_wconf 82' lang='lat' dir='ltr'>aliis</span> 
     </span>
    </p>
   </div>
   <div class='ocr_carea' id='block_1_8' title="bbox 455 781 2101 857">
    <p class='ocr_par' dir='ltr' id='par_1_8' title="bbox 455 781 2101 857">
     <span class='ocr_line' id='line_1_8' title="bbox 455 781 2101 857; baseline -0.004 -15"><span class='ocrx_word' id='word_1_38' title='bbox 455 786 732 843; x_wconf 86' lang='lat' dir='ltr'>coenobiis</span> <span class='ocrx_word' id='word_1_39' title='bbox 790 785 1194 857; x_wconf 79' lang='lat' dir='ltr'>regrederetur</span> <span class='ocrx_word' id='word_1_40' title='bbox 1240 784 1308 837; x_wconf 86' lang='lat' dir='ltr'>ad</span> <span class='ocrx_word' id='word_1_41' title='bbox 1344 799 1541 848; x_wconf 90' lang='lat' dir='ltr'>suum,</span> <span class='ocrx_word' id='word_1_42' title='bbox 1584 798 1808 837; x_wconf 90' lang='lat' dir='ltr'>memor</span> <span class='ocrx_word' id='word_1_43' title='bbox 1838 781 2101 853; x_wconf 84' lang='lat' dir='ltr'>plurimae</span> 
     </span>
    </p>
   </div>
   <div class='ocr_carea' id='block_1_9' title="bbox 454 870 2103 949">
    <p class='ocr_par' dir='ltr' id='par_1_9' title="bbox 454 870 2103 949">
     <span class='ocr_line' id='line_1_9' title="bbox 454 870 2103 949; baseline -0.005 -18"><span class='ocrx_word' id='word_1_44' title='bbox 454 876 793 949; x_wconf 79' lang='lat' dir='ltr'>indigentiae</span> <span class='ocrx_word' id='word_1_45' title='bbox 825 892 941 945; x_wconf 89' lang='lat' dir='ltr'>qua</span> <span class='ocrx_word' id='word_1_46' title='bbox 971 872 1189 928; x_wconf 91' lang='lat' dir='ltr'>multos</span> <span class='ocrx_word' id='word_1_47' title='bbox 1216 871 1400 941; x_wconf 88' lang='lat' dir='ltr'>premi</span> <span class='ocrx_word' id='word_1_48' title='bbox 1425 876 1789 943; x_wconf 80' lang='lat' dir='ltr'>cognoverat,</span> <span class='ocrx_word' id='word_1_49' title='bbox 1822 870 2103 925; x_wconf 88' lang='lat' dir='ltr'>introiens</span> 
     </span>
    </p>
   </div>
   <div class='ocr_carea' id='block_1_10' title="bbox 457 958 2103 1033">
    <p class='ocr_par' dir='ltr' id='par_1_10' title="bbox 457 958 2103 1033">
     <span class='ocr_line' id='line_1_10' title="bbox 457 958 2103 1033; baseline -0.005 -12"><span class='ocrx_word' id='word_1_50' title='bbox 457 964 905 1033; x_wconf 80' lang='lat' dir='ltr'>monasterium,</span> <span class='ocrx_word' id='word_1_51' title='bbox 935 961 1400 1032; x_wconf 81' lang='lat' dir='ltr'>dispensatorem</span> <span class='ocrx_word' id='word_1_52' title='bbox 1431 960 1683 1028; x_wconf 80' lang='lat' dir='ltr'>familiae,</span> <span class='ocrx_word' id='word_1_53' title='bbox 1720 960 1953 1015; x_wconf 88' lang='lat' dir='ltr'>nomine</span> <span class='ocrx_word' id='word_1_54' title='bbox 1975 958 2103 1013; x_wconf 87' lang='lat' dir='ltr'>Gef-</span> 
     </span>
    </p>
   </div>
   <div class='ocr_carea' id='block_1_11' title="bbox 456 1049 2101 1120">
    <p class='ocr_par' dir='ltr' id='par_1_11' title="bbox 456 1049 2101 1120">
     <span class='ocr_line' id='line_1_11' title="bbox 456 1049 2101 1120; baseline -0.005 -10"><span class='ocrx_word' id='word_1_55' title='bbox 456 1056 784 1120; x_wconf 77' lang='lat' dir='ltr'>l’redum,et</span> <span class='ocrx_word' id='word_1_56' title='bbox 811 1053 1048 1107; x_wconf 83' lang='lat' dir='ltr'>fratrem</span> <span class='ocrx_word' id='word_1_57' title='bbox 1082 1049 1389 1104; x_wconf 83' lang='lat' dir='ltr'>Rusticum</span> <span class='ocrx_word' id='word_1_58' title='bbox 1422 1052 1858 1119; x_wconf 82' lang='lat' dir='ltr'>procuratorem</span> <span class='ocrx_word' id='word_1_59' title='bbox 1899 1065 2101 1102; x_wconf 90' lang='lat' dir='ltr'>mona-</span> 
     </span>
    </p>
   </div>
   <div class='ocr_carea' id='block_1_12' title="bbox 455 1138 2101 1209">
    <p class='ocr_par' dir='ltr' id='par_1_12' title="bbox 455 1138 2101 1209">
     <span class='ocr_line' id='line_1_12' title="bbox 455 1138 2101 1209; baseline -0.005 -10"><span class='ocrx_word' id='word_1_60' title='bbox 455 1145 632 1199; x_wconf 92' lang='lat' dir='ltr'>chum</span> <span class='ocrx_word' id='word_1_61' title='bbox 679 1144 750 1197; x_wconf 91' lang='lat' dir='ltr'>ad</span> <span class='ocrx_word' id='word_1_62' title='bbox 802 1158 862 1197; x_wconf 90' lang='lat' dir='ltr'>se</span> <span class='ocrx_word' id='word_1_63' title='bbox 913 1157 1148 1207; x_wconf 90' lang='lat' dir='ltr'>vocans,</span> <span class='ocrx_word' id='word_1_64' title='bbox 1192 1138 1275 1193; x_wconf 89' lang='lat' dir='ltr'>ait</span> <span class='ocrx_word' id='word_1_65' title='bbox 1325 1157 1337 1193; x_wconf 89' lang='lat'>:</span> <span class='ocrx_word' id='word_1_66' title='bbox 1388 1138 1775 1209; x_wconf 88' lang='lat' dir='ltr'>Inspiciamus</span> <span class='ocrx_word' id='word_1_67' title='bbox 1826 1138 2101 1191; x_wconf 85' lang='lat' dir='ltr'>horreum</span> 
     </span>
    </p>
   </div>
   <div class='ocr_carea' id='block_1_13' title="bbox 454 1224 2105 1301">
    <p class='ocr_par' dir='ltr' id='par_1_13' title="bbox 454 1224 2105 1301">
     <span class='ocr_line' id='line_1_13' title="bbox 454 1224 2105 1301; baseline -0.005 -13"><span class='ocrx_word' id='word_1_68' title='bbox 454 1238 723 1289; x_wconf 88' lang='lat' dir='ltr'>nostrum</span> <span class='ocrx_word' id='word_1_69' title='bbox 774 1229 1065 1301; x_wconf 91' lang='lat' dir='ltr'>quomodo</span> <span class='ocrx_word' id='word_1_70' title='bbox 1114 1245 1175 1284; x_wconf 91' lang='lat' dir='ltr'>se</span> <span class='ocrx_word' id='word_1_71' title='bbox 1216 1228 1445 1293; x_wconf 85' lang='lat' dir='ltr'>habeat,</span> <span class='ocrx_word' id='word_1_72' title='bbox 1489 1228 1643 1297; x_wconf 92' lang='lat' dir='ltr'>quod</span> <span class='ocrx_word' id='word_1_73' title='bbox 1701 1232 1838 1280; x_wconf 90' lang='lat' dir='ltr'>tunc</span> <span class='ocrx_word' id='word_1_74' title='bbox 1893 1224 2105 1296; x_wconf 89' lang='lat' dir='ltr'>reperit</span> 
     </span>
    </p>
   </div>
   <div class='ocr_carea' id='block_1_14' title="bbox 452 1314 2098 1387">
    <p class='ocr_par' dir='ltr' id='par_1_14' title="bbox 452 1314 2098 1387">
     <span class='ocr_line' id='line_1_14' title="bbox 452 1314 2098 1387; baseline -0.005 -9"><span class='ocrx_word' id='word_1_75' title='bbox 452 1322 819 1377; x_wconf 89' lang='lat' dir='ltr'>abundanter</span> <span class='ocrx_word' id='word_1_76' title='bbox 848 1334 975 1373; x_wconf 88' lang='lat' dir='ltr'>esse</span> <span class='ocrx_word' id='word_1_77' title='bbox 1033 1315 1337 1387; x_wconf 88' lang='lat' dir='ltr'>repletum.</span> <span class='ocrx_word' id='word_1_78' title='bbox 1383 1315 1625 1380; x_wconf 88' lang='lat' dir='ltr'>Quibus,</span> <span class='ocrx_word' id='word_1_79' title='bbox 1666 1315 1834 1387; x_wconf 88' lang='lat' dir='ltr'>quasi</span> <span class='ocrx_word' id='word_1_80' title='bbox 1863 1314 2098 1385; x_wconf 88' lang='lat' dir='ltr'>ironice,</span> 
     </span>
    </p>
   </div>
   <div class='ocr_carea' id='block_1_15' title="bbox 450 1402 2100 1478">
    <p class='ocr_par' dir='ltr' id='par_1_15' title="bbox 450 1402 2100 1478">
     <span class='ocr_line' id='line_1_15' title="bbox 450 1402 2100 1478; baseline -0.006 -13"><span class='ocrx_word' id='word_1_81' title='bbox 450 1411 633 1465; x_wconf 85' lang='lat' dir='ltr'>dixit:</span> <span class='ocrx_word' id='word_1_82' title='bbox 659 1432 685 1457; x_wconf 92' lang='grc'><strong>‹‹</strong></span> <span class='ocrx_word' id='word_1_83' title='bbox 705 1405 1130 1478; x_wconf 86' lang='lat' dir='ltr'>Quamplurimi</span> <span class='ocrx_word' id='word_1_84' title='bbox 1161 1406 1269 1459; x_wconf 88' lang='lat' dir='ltr'>sub</span> <span class='ocrx_word' id='word_1_85' title='bbox 1295 1404 1536 1458; x_wconf 85' lang='lat' dir='ltr'>instanti</span> <span class='ocrx_word' id='word_1_86' title='bbox 1562 1404 1907 1459; x_wconf 90' lang='lat' dir='ltr'>necessitate</span> <span class='ocrx_word' id='word_1_87' title='bbox 1931 1402 2100 1456; x_wconf 88' lang='lat' dir='ltr'>famis</span> 
     </span>
    </p>
   </div>
   <div class='ocr_carea' id='block_1_16' title="bbox 448 1492 2100 1571">
    <p class='ocr_par' dir='ltr' id='par_1_16' title="bbox 448 1492 2100 1571">
     <span class='ocr_line' id='line_1_16' title="bbox 448 1492 2100 1571; baseline -0.005 -17"><span class='ocrx_word' id='word_1_88' title='bbox 448 1498 885 1571; x_wconf 91' lang='lat' dir='ltr'>opprimuntur,</span> <span class='ocrx_word' id='word_1_89' title='bbox 916 1512 1017 1550; x_wconf 91' lang='lat' dir='ltr'>vos</span> <span class='ocrx_word' id='word_1_90' title='bbox 1052 1498 1245 1549; x_wconf 91' lang='lat' dir='ltr'>autem</span> <span class='ocrx_word' id='word_1_91' title='bbox 1282 1493 1520 1548; x_wconf 84' lang='lat' dir='ltr'>uberius</span> <span class='ocrx_word' id='word_1_92' title='bbox 1552 1493 1885 1548; x_wconf 87' lang='lat' dir='ltr'>abundatis.</span> <span class='ocrx_word' id='word_1_93' title='bbox 1923 1514 1951 1540; x_wconf 84' lang='grc'>››</span> <span class='ocrx_word' id='word_1_94' title='bbox 1982 1492 2100 1545; x_wconf 89' lang='lat' dir='ltr'>Sta-</span> 
     </span>
    </p>
   </div>
   <div class='ocr_carea' id='block_1_17' title="bbox 447 1582 2101 1658">
    <p class='ocr_par' dir='ltr' id='par_1_17' title="bbox 447 1582 2101 1658">
     <span class='ocr_line' id='line_1_17' title="bbox 447 1582 2101 1658; baseline -0.005 -17"><span class='ocrx_word' id='word_1_95' title='bbox 447 1586 673 1658; x_wconf 88' lang='lat' dir='ltr'>timque</span> <span class='ocrx_word' id='word_1_96' title='bbox 695 1584 881 1656; x_wconf 85' lang='lat' dir='ltr'>jussit</span> <span class='ocrx_word' id='word_1_97' title='bbox 911 1585 1207 1656; x_wconf 85' lang='lat' dir='ltr'>quoddam</span> <span class='ocrx_word' id='word_1_98' title='bbox 1234 1582 1558 1647; x_wconf 87' lang='lat' dir='ltr'>vasculum,</span> <span class='ocrx_word' id='word_1_99' title='bbox 1592 1582 1825 1652; x_wconf 84' lang='lat' dir='ltr'>capiens</span> <span class='ocrx_word' id='word_1_100' title='bbox 1850 1585 2101 1651; x_wconf 86' lang='lat' dir='ltr'>quatuor</span> 
     </span>
    </p>
   </div>
   <div class='ocr_carea' id='block_1_18' title="bbox 444 1670 2097 1746">
    <p class='ocr_par' dir='ltr' id='par_1_18' title="bbox 444 1670 2097 1746">
     <span class='ocr_line' id='line_1_18' title="bbox 444 1670 2097 1746; baseline -0.005 -16"><span class='ocrx_word' id='word_1_101' title='bbox 444 1674 533 1731; x_wconf 89' lang='lat' dir='ltr'>vel</span> <span class='ocrx_word' id='word_1_102' title='bbox 566 1676 827 1746; x_wconf 90' lang='lat' dir='ltr'>quinque</span> <span class='ocrx_word' id='word_1_103' title='bbox 859 1670 1430 1741; x_wconf 87' lang='lat' dir='ltr'>modios,impleri,et</span> <span class='ocrx_word' id='word_1_104' title='bbox 1470 1671 1551 1725; x_wconf 91' lang='lat' dir='ltr'>sic</span> <span class='ocrx_word' id='word_1_105' title='bbox 1583 1687 1686 1741; x_wconf 89' lang='lat' dir='ltr'>per</span> <span class='ocrx_word' id='word_1_106' title='bbox 1715 1670 2097 1740; x_wconf 86' lang='lat' dir='ltr'>semetipsum</span> 
     </span>
    </p>
   </div>
   <div class='ocr_carea' id='block_1_19' title="bbox 446 1757 2097 1831">
    <p class='ocr_par' dir='ltr' id='par_1_19' title="bbox 446 1757 2097 1831">
     <span class='ocr_line' id='line_1_19' title="bbox 446 1757 2097 1831; baseline -0.005 -13"><span class='ocrx_word' id='word_1_107' title='bbox 446 1765 515 1818; x_wconf 90' lang='lat' dir='ltr'>ad</span> <span class='ocrx_word' id='word_1_108' title='bbox 547 1764 692 1817; x_wconf 87' lang='lat' dir='ltr'>hora</span> <span class='ocrx_word' id='word_1_109' title='bbox 720 1761 894 1817; x_wconf 90' lang='lat' dir='ltr'>tertia</span> <span class='ocrx_word' id='word_1_110' title='bbox 922 1777 1109 1831; x_wconf 91' lang='lat' dir='ltr'>usque</span> <span class='ocrx_word' id='word_1_111' title='bbox 1140 1761 1210 1813; x_wconf 90' lang='lat' dir='ltr'>ad</span> <span class='ocrx_word' id='word_1_112' title='bbox 1270 1775 1483 1814; x_wconf 90' lang='lat' dir='ltr'>nonam</span> <span class='ocrx_word' id='word_1_113' title='bbox 1530 1764 1651 1813; x_wconf 89' lang='lat' dir='ltr'>tam</span> <span class='ocrx_word' id='word_1_114' title='bbox 1684 1758 1890 1829; x_wconf 81' lang='lat' dir='ltr'>grandi</span> <span class='ocrx_word' id='word_1_115' title='bbox 1923 1757 2097 1828; x_wconf 89' lang='lat' dir='ltr'>largi-</span> 
     </span>
    </p>
   </div>
   <div class='ocr_carea' id='block_1_20' title="bbox 444 1846 2093 1919">
    <p class='ocr_par' dir='ltr' id='par_1_20' title="bbox 444 1846 2093 1919">
     <span class='ocr_line' id='line_1_20' title="bbox 444 1846 2093 1919; baseline -0.004 -13"><span class='ocrx_word' id='word_1_116' title='bbox 444 1855 563 1906; x_wconf 86' lang='lat' dir='ltr'>tate</span> <span class='ocrx_word' id='word_1_117' title='bbox 593 1851 787 1905; x_wconf 89' lang='lat' dir='ltr'>oneris</span> <span class='ocrx_word' id='word_1_118' title='bbox 818 1851 1156 1919; x_wconf 87' lang='lat' dir='ltr'>occupatus,</span> <span class='ocrx_word' id='word_1_119' title='bbox 1192 1846 1523 1901; x_wconf 86' lang='lat' dir='ltr'>nullatenus</span> <span class='ocrx_word' id='word_1_120' title='bbox 1555 1846 1690 1901; x_wconf 90' lang='lat' dir='ltr'>inde</span> <span class='ocrx_word' id='word_1_121' title='bbox 1720 1846 2093 1911; x_wconf 89' lang='lat' dir='ltr'>rccessit,sed</span> 
     </span>
    </p>
   </div>
   <div class='ocr_carea' id='block_1_21' title="bbox 450 1936 2097 2009">
    <p class='ocr_par' dir='ltr' id='par_1_21' title="bbox 450 1936 2097 2009">
     <span class='ocr_line' id='line_1_21' title="bbox 450 1936 2097 2009; baseline -0.002 -17"><span class='ocrx_word' id='word_1_122' title='bbox 450 1939 767 2009; x_wconf 86' lang='lat' dir='ltr'>unicuique</span> <span class='ocrx_word' id='word_1_123' title='bbox 796 1937 1068 2004; x_wconf 90' lang='lat' dir='ltr'>venienti,</span> <span class='ocrx_word' id='word_1_124' title='bbox 1103 1936 1196 1990; x_wconf 91' lang='lat' dir='ltr'>cui</span> <span class='ocrx_word' id='word_1_125' title='bbox 1228 1936 1602 2002; x_wconf 90' lang='lat' dir='ltr'>multum,cui</span> <span class='ocrx_word' id='word_1_126' title='bbox 1638 1952 1867 2006; x_wconf 91' lang='lat' dir='ltr'>parum,</span> <span class='ocrx_word' id='word_1_127' title='bbox 1903 1936 2097 1989; x_wconf 90' lang='lat' dir='ltr'>distri-</span> 
     </span>
    </p>
   </div>
   <div class='ocr_carea' id='block_1_22' title="bbox 443 2024 2091 2097">
    <p class='ocr_par' dir='ltr' id='par_1_22' title="bbox 443 2024 2091 2097">
     <span class='ocr_line' id='line_1_22' title="bbox 443 2024 2091 2097; baseline -0.002 -14"><span class='ocrx_word' id='word_1_128' title='bbox 443 2028 593 2095; x_wconf 89' lang='lat' dir='ltr'>buit,</span> <span class='ocrx_word' id='word_1_129' title='bbox 625 2032 681 2082; x_wconf 90' lang='lat' dir='ltr'>et</span> <span class='ocrx_word' id='word_1_130' title='bbox 710 2042 941 2097; x_wconf 87' lang='lat' dir='ltr'>semper</span> <span class='ocrx_word' id='word_1_131' title='bbox 972 2025 1233 2096; x_wconf 90' lang='lat' dir='ltr'>plenum,</span> <span class='ocrx_word' id='word_1_132' title='bbox 1266 2025 1382 2079; x_wconf 92' lang='lat' dir='ltr'>Deo</span> <span class='ocrx_word' id='word_1_133' title='bbox 1412 2024 1713 2096; x_wconf 82' lang='lat' dir='ltr'>largiente,</span> <span class='ocrx_word' id='word_1_134' title='bbox 1748 2025 2091 2095; x_wconf 85' lang='lat' dir='ltr'>permansit.</span> 
     </span>
    </p>
   </div>
   <div class='ocr_carea' id='block_1_23' title="bbox 1012 2112 1523 2168">
    <p class='ocr_par' dir='ltr' id='par_1_23' title="bbox 1012 2112 1523 2168">
     <span class='ocr_line' id='line_1_23' title="bbox 1012 2112 1523 2168; baseline -0.004 0"><span class='ocrx_word' id='word_1_135' title='bbox 1012 2112 1238 2168; x_wconf 86' lang='lat' dir='ltr'>CAPUT</span> <span class='ocrx_word' id='word_1_136' title='bbox 1288 2113 1523 2168; x_wconf 83' lang='lat' dir='ltr'>XXXVI.</span> 
     </span>
    </p>
   </div>
   <div class='ocr_carea' id='block_1_24' title="bbox 512 2202 2092 2272">
    <p class='ocr_par' dir='ltr' id='par_1_24' title="bbox 512 2202 2092 2272">
     <span class='ocr_line' id='line_1_24' title="bbox 512 2202 2092 2272; baseline -0.003 -10"><span class='ocrx_word' id='word_1_137' title='bbox 512 2207 749 2272; x_wconf 89' lang='lat' dir='ltr'>Deinde,</span> <span class='ocrx_word' id='word_1_138' title='bbox 780 2206 921 2259; x_wconf 88' lang='lat' dir='ltr'>dum</span> <span class='ocrx_word' id='word_1_139' title='bbox 954 2204 1013 2258; x_wconf 91' lang='lat' dir='ltr'>in</span> <span class='ocrx_word' id='word_1_140' title='bbox 1044 2203 1195 2258; x_wconf 86' lang='lat' dir='ltr'>beati</span> <span class='ocrx_word' id='word_1_141' title='bbox 1229 2202 1404 2257; x_wconf 88' lang='lat' dir='ltr'>Salvii</span> <span class='ocrx_word' id='word_1_142' title='bbox 1435 2202 1694 2257; x_wconf 90' lang='lat' dir='ltr'>coenobio</span> <span class='ocrx_word' id='word_1_143' title='bbox 1747 2209 2092 2270; x_wconf 88' lang='lat' dir='ltr'>moraretur,</span> 
     </span>
    </p>
   </div>
   <div class='ocr_carea' id='block_1_25' title="bbox 444 2292 2097 2369">
    <p class='ocr_par' dir='ltr' id='par_1_25' title="bbox 444 2292 2097 2369">
     <span class='ocr_line' id='line_1_25' title="bbox 444 2292 2097 2369; baseline -0.004 -17"><span class='ocrx_word' id='word_1_144' title='bbox 444 2301 503 2353; x_wconf 88' lang='lat' dir='ltr'>et</span> <span class='ocrx_word' id='word_1_145' title='bbox 532 2314 634 2369; x_wconf 90' lang='lat' dir='ltr'>per</span> <span class='ocrx_word' id='word_1_146' title='bbox 682 2299 957 2363; x_wconf 90' lang='lat' dir='ltr'>Azonem,</span> <span class='ocrx_word' id='word_1_147' title='bbox 992 2292 1093 2364; x_wconf 93' lang='lat' dir='ltr'>qui</span> <span class='ocrx_word' id='word_1_148' title='bbox 1133 2296 1334 2364; x_wconf 86' lang='lat' dir='ltr'>postea</span> <span class='ocrx_word' id='word_1_149' title='bbox 1394 2296 1605 2347; x_wconf 81' lang='lat' dir='ltr'>sanctae</span> <span class='ocrx_word' id='word_1_150' title='bbox 1659 2296 1955 2364; x_wconf 80' lang='lat' dir='ltr'>Reparatae</span> <span class='ocrx_word' id='word_1_151' title='bbox 1988 2292 2097 2346; x_wconf 88' lang='lat' dir='ltr'>fuit</span> 
     </span>
    </p>
   </div>
   <div class='ocr_carea' id='block_1_26' title="bbox 441 2380 2094 2453">
    <p class='ocr_par' dir='ltr' id='par_1_26' title="bbox 441 2380 2094 2453">
     <span class='ocr_line' id='line_1_26' title="bbox 441 2380 2094 2453; baseline -0.005 -12"><span class='ocrx_word' id='word_1_152' title='bbox 441 2386 643 2453; x_wconf 85' lang='lat' dir='ltr'>abbas,</span> <span class='ocrx_word' id='word_1_153' title='bbox 676 2385 845 2440; x_wconf 86' lang='lat' dir='ltr'>xenia</span> <span class='ocrx_word' id='word_1_154' title='bbox 872 2384 996 2437; x_wconf 89' lang='lat' dir='ltr'>viro</span> <span class='ocrx_word' id='word_1_155' title='bbox 1027 2382 1127 2436; x_wconf 90' lang='lat' dir='ltr'>Dei</span> <span class='ocrx_word' id='word_1_156' title='bbox 1159 2380 1408 2435; x_wconf 86' lang='lat' dir='ltr'>Teuzoni</span> <span class='ocrx_word' id='word_1_157' title='bbox 1442 2381 1667 2436; x_wconf 89' lang='lat' dir='ltr'>incluso</span> <span class='ocrx_word' id='word_1_158' title='bbox 1700 2398 1802 2452; x_wconf 86' lang='lat' dir='ltr'>pro</span> <span class='ocrx_word' id='word_1_159' title='bbox 1831 2381 2094 2435; x_wconf 89' lang='lat' dir='ltr'>ciborum</span> 
     </span>
    </p>
   </div>
   <div class='ocr_carea' id='block_1_27' title="bbox 438 2470 2093 2540">
    <p class='ocr_par' dir='ltr' id='par_1_27' title="bbox 438 2470 2093 2540">
     <span class='ocr_line' id='line_1_27' title="bbox 438 2470 2093 2540; baseline -0.004 -11"><span class='ocrx_word' id='word_1_160' title='bbox 438 2474 841 2530; x_wconf 88' lang='lat' dir='ltr'>benedictione</span> <span class='ocrx_word' id='word_1_161' title='bbox 864 2472 1187 2536; x_wconf 88' lang='lat' dir='ltr'>mandaret,</span> <span class='ocrx_word' id='word_1_162' title='bbox 1212 2470 1486 2540; x_wconf 82' lang='lat' dir='ltr'>praefatus</span> <span class='ocrx_word' id='word_1_163' title='bbox 1516 2474 1650 2536; x_wconf 90' lang='lat' dir='ltr'>Azo,</span> <span class='ocrx_word' id='word_1_164' title='bbox 1686 2471 1822 2524; x_wconf 91' lang='lat' dir='ltr'>dum</span> <span class='ocrx_word' id='word_1_165' title='bbox 1860 2470 2093 2537; x_wconf 87' lang='lat' dir='ltr'>rediret,</span> 
     </span>
    </p>
   </div>
   <div class='ocr_carea' id='block_1_28' title="bbox 440 2558 2090 2634">
    <p class='ocr_par' dir='ltr' id='par_1_28' title="bbox 440 2558 2090 2634">
     <span class='ocr_line' id='line_1_28' title="bbox 440 2558 2090 2634; baseline -0.004 -17"><span class='ocrx_word' id='word_1_166' title='bbox 440 2562 537 2618; x_wconf 89' lang='lat' dir='ltr'>via</span> <span class='ocrx_word' id='word_1_167' title='bbox 567 2561 915 2634; x_wconf 88' lang='lat' dir='ltr'>digrediens,</span> <span class='ocrx_word' id='word_1_168' title='bbox 940 2560 1242 2630; x_wconf 88' lang='lat' dir='ltr'>tugurium</span> <span class='ocrx_word' id='word_1_169' title='bbox 1275 2558 1573 2628; x_wconf 88' lang='lat' dir='ltr'>quoddam</span> <span class='ocrx_word' id='word_1_170' title='bbox 1605 2558 1931 2626; x_wconf 79' lang='lat' dir='ltr'>intravit,ct</span> <span class='ocrx_word' id='word_1_171' title='bbox 1955 2574 2090 2612; x_wconf 92' lang='lat' dir='ltr'>cum</span> 
     </span>
    </p>
   </div>
   <div class='ocr_carea' id='block_1_29' title="bbox 442 2645 2095 2721">
    <p class='ocr_par' dir='ltr' id='par_1_29' title="bbox 442 2645 2095 2721">
     <span class='ocr_line' id='line_1_29' title="bbox 442 2645 2095 2721; baseline -0.004 -16"><span class='ocrx_word' id='word_1_172' title='bbox 442 2651 722 2707; x_wconf 78' lang='lat' dir='ltr'>fratribus</span> <span class='ocrx_word' id='word_1_173' title='bbox 748 2666 895 2721; x_wconf 90' lang='lat' dir='ltr'>quos</span> <span class='ocrx_word' id='word_1_174' title='bbox 926 2648 1006 2702; x_wconf 89' lang='lat' dir='ltr'>ibi</span> <span class='ocrx_word' id='word_1_175' title='bbox 1061 2646 1274 2717; x_wconf 90' lang='lat' dir='ltr'>reperit</span> <span class='ocrx_word' id='word_1_176' title='bbox 1331 2645 1519 2700; x_wconf 90' lang='lat' dir='ltr'>multa</span> <span class='ocrx_word' id='word_1_177' title='bbox 1575 2646 1805 2702; x_wconf 91' lang='lat' dir='ltr'>locutus</span> <span class='ocrx_word' id='word_1_178' title='bbox 1845 2650 1951 2702; x_wconf 88' lang='lat' dir='ltr'>est.</span> <span class='ocrx_word' id='word_1_179' title='bbox 1986 2646 2095 2711; x_wconf 91' lang='lat' dir='ltr'>Qui</span> 
     </span>
    </p>
   </div>
   <div class='ocr_carea' id='block_1_30' title="bbox 444 2736 2094 2811">
    <p class='ocr_par' dir='ltr' id='par_1_30' title="bbox 444 2736 2094 2811">
     <span class='ocr_line' id='line_1_30' title="bbox 444 2736 2094 2811; baseline -0.002 -17"><span class='ocrx_word' id='word_1_180' title='bbox 444 2741 517 2795; x_wconf 90' lang='lat' dir='ltr'>ad</span> <span class='ocrx_word' id='word_1_181' title='bbox 549 2743 774 2811; x_wconf 86' lang='lat' dir='ltr'>patrem</span> <span class='ocrx_word' id='word_1_182' title='bbox 806 2737 1060 2803; x_wconf 86' lang='lat' dir='ltr'>rediens,</span> <span class='ocrx_word' id='word_1_183' title='bbox 1093 2737 1234 2795; x_wconf 83' lang='lat' dir='ltr'>dum</span> <span class='ocrx_word' id='word_1_184' title='bbox 1266 2736 1339 2790; x_wconf 90' lang='lat' dir='ltr'>ab</span> <span class='ocrx_word' id='word_1_185' title='bbox 1370 2751 1436 2789; x_wconf 92' lang='lat' dir='ltr'>eo</span> <span class='ocrx_word' id='word_1_186' title='bbox 1457 2739 1740 2806; x_wconf 79' lang='lat' dir='ltr'>quaereret</span> <span class='ocrx_word' id='word_1_187' title='bbox 1772 2753 1783 2791; x_wconf 90' lang='lat'><strong>:</strong></span> <span class='ocrx_word' id='word_1_188' title='bbox 1820 2736 1980 2790; x_wconf 87' lang='lat' dir='ltr'>Unde</span> <span class='ocrx_word' id='word_1_189' title='bbox 2003 2752 2094 2790; x_wconf 91' lang='lat' dir='ltr'>ve-</span> 
     </span>
    </p>
   </div>
   <div class='ocr_carea' id='block_1_31' title="bbox 442 2824 2092 2899">
    <p class='ocr_par' dir='ltr' id='par_1_31' title="bbox 442 2824 2092 2899">
     <span class='ocr_line' id='line_1_31' title="bbox 442 2824 2092 2899; baseline -0.002 -16"><span class='ocrx_word' id='word_1_190' title='bbox 442 2829 535 2884; x_wconf 87' lang='lat' dir='ltr'>nis</span> <span class='ocrx_word' id='word_1_191' title='bbox 557 2828 584 2882; x_wconf 84' lang='lat'><strong>?</strong></span> <span class='ocrx_word' id='word_1_192' title='bbox 613 2832 670 2883; x_wconf 89' lang='lat' dir='ltr'>et</span> <span class='ocrx_word' id='word_1_193' title='bbox 697 2828 823 2899; x_wconf 90' lang='lat' dir='ltr'>ipse</span> <span class='ocrx_word' id='word_1_194' title='bbox 854 2824 1253 2897; x_wconf 88' lang='lat' dir='ltr'>respondisset</span> <span class='ocrx_word' id='word_1_195' title='bbox 1281 2840 1343 2879; x_wconf 90' lang='lat' dir='ltr'>se</span> <span class='ocrx_word' id='word_1_196' title='bbox 1367 2841 1480 2894; x_wconf 91' lang='lat' dir='ltr'>quo</span> <span class='ocrx_word' id='word_1_197' title='bbox 1504 2824 1723 2879; x_wconf 89' lang='lat' dir='ltr'>missus</span> <span class='ocrx_word' id='word_1_198' title='bbox 1749 2825 1937 2879; x_wconf 85' lang='lat' dir='ltr'>fuerat</span> <span class='ocrx_word' id='word_1_199' title='bbox 1957 2826 2092 2892; x_wconf 89' lang='lat' dir='ltr'>isse,</span> 
     </span>
    </p>
   </div>
   <div class='ocr_carea' id='block_1_32' title="bbox 442 2912 2097 2984">
    <p class='ocr_par' dir='ltr' id='par_1_32' title="bbox 442 2912 2097 2984">
     <span class='ocr_line' id='line_1_32' title="bbox 442 2912 2097 2984; baseline -0.002 -12"><span class='ocrx_word' id='word_1_200' title='bbox 442 2934 509 2972; x_wconf 89' lang='lat' dir='ltr'>ac</span> <span class='ocrx_word' id='word_1_201' title='bbox 542 2917 784 2982; x_wconf 87' lang='lat' dir='ltr'>redisse,</span> <span class='ocrx_word' id='word_1_202' title='bbox 818 2931 953 2969; x_wconf 83' lang='lat' dir='ltr'>mox</span> <span class='ocrx_word' id='word_1_203' title='bbox 974 2914 1045 2969; x_wconf 90' lang='lat' dir='ltr'>ab</span> <span class='ocrx_word' id='word_1_204' title='bbox 1077 2930 1143 2969; x_wconf 93' lang='lat' dir='ltr'>eo</span> <span class='ocrx_word' id='word_1_205' title='bbox 1175 2913 1396 2969; x_wconf 90' lang='lat' dir='ltr'>audivit</span> <span class='ocrx_word' id='word_1_206' title='bbox 1430 2929 1441 2966; x_wconf 92' lang='lat'><strong>:</strong></span> <span class='ocrx_word' id='word_1_207' title='bbox 1474 2917 1589 2984; x_wconf 84' lang='lat' dir='ltr'>Ego</span> <span class='ocrx_word' id='word_1_208' title='bbox 1622 2912 1863 2983; x_wconf 88' lang='lat' dir='ltr'>quidem</span> <span class='ocrx_word' id='word_1_209' title='bbox 1895 2930 2011 2968; x_wconf 87' lang='lat' dir='ltr'>non</span> <span class='ocrx_word' id='word_1_210' title='bbox 2042 2918 2097 2968; x_wconf 90' lang='lat' dir='ltr'>te</span> 
     </span>
    </p>
   </div>
   <div class='ocr_carea' id='block_1_33' title="bbox 450 3001 2093 3073">
    <p class='ocr_par' dir='ltr' id='par_1_33' title="bbox 450 3001 2093 3073">
     <span class='ocr_line' id='line_1_33' title="bbox 450 3001 2093 3073; baseline -0.001 -15"><span class='ocrx_word' id='word_1_211' title='bbox 450 3004 591 3059; x_wconf 90' lang='lat' dir='ltr'>illuc</span> <span class='ocrx_word' id='word_1_212' title='bbox 622 3004 777 3058; x_wconf 90' lang='lat' dir='ltr'>unde</span> <span class='ocrx_word' id='word_1_213' title='bbox 806 3004 968 3057; x_wconf 90' lang='lat' dir='ltr'>venis</span> <span class='ocrx_word' id='word_1_214' title='bbox 992 3002 1281 3057; x_wconf 86' lang='lat' dir='ltr'>mandavi.</span> <span class='ocrx_word' id='word_1_215' title='bbox 1316 3002 1533 3057; x_wconf 81' lang='lat' dir='ltr'>Deinde</span> <span class='ocrx_word' id='word_1_216' title='bbox 1559 3001 1887 3073; x_wconf 88' lang='lat' dir='ltr'>digressum</span> <span class='ocrx_word' id='word_1_217' title='bbox 1922 3019 1954 3057; x_wconf 91' lang='lat' dir='ltr'>a</span> <span class='ocrx_word' id='word_1_218' title='bbox 1982 3002 2093 3071; x_wconf 89' lang='lat' dir='ltr'>via,</span> 
     </span>
    </p>
   </div>
   <div class='ocr_carea' id='block_1_34' title="bbox 449 3091 2096 3164">
    <p class='ocr_par' dir='ltr' id='par_1_34' title="bbox 449 3091 2096 3164">
     <span class='ocr_line' id='line_1_34' title="bbox 449 3091 2096 3164; baseline -0.002 -15"><span class='ocrx_word' id='word_1_219' title='bbox 449 3098 507 3150; x_wconf 86' lang='lat' dir='ltr'>et</span> <span class='ocrx_word' id='word_1_220' title='bbox 536 3094 867 3164; x_wconf 90' lang='lat' dir='ltr'>ingressum</span> <span class='ocrx_word' id='word_1_221' title='bbox 898 3091 1137 3164; x_wconf 88' lang='lat' dir='ltr'>tugurii,</span> <span class='ocrx_word' id='word_1_222' title='bbox 1169 3108 1231 3146; x_wconf 91' lang='lat' dir='ltr'>ac</span> <span class='ocrx_word' id='word_1_223' title='bbox 1278 3092 1473 3161; x_wconf 89' lang='lat' dir='ltr'>verba,</span> <span class='ocrx_word' id='word_1_224' title='bbox 1525 3108 1653 3162; x_wconf 84' lang='lat' dir='ltr'>quae</span> <span class='ocrx_word' id='word_1_225' title='bbox 1683 3108 1815 3145; x_wconf 90' lang='lat' dir='ltr'>cum</span> <span class='ocrx_word' id='word_1_226' title='bbox 1848 3092 2096 3147; x_wconf 90' lang='lat' dir='ltr'>inventis</span> 
     </span>
    </p>
   </div>
   <div class='ocr_carea' id='block_1_35' title="bbox 2214 512 3849 588">
    <p class='ocr_par' dir='ltr' id='par_1_35' title="bbox 2214 512 3849 588">
     <span class='ocr_line' id='line_1_35' title="bbox 2214 512 3849 588; baseline -0.001 -18"><span class='ocrx_word' id='word_1_227' title='bbox 2214 515 2489 588; x_wconf 88' lang='lat' dir='ltr'>amplius,</span> <span class='ocrx_word' id='word_1_228' title='bbox 2523 513 2711 570; x_wconf 89' lang='lat' dir='ltr'>multa</span> <span class='ocrx_word' id='word_1_229' title='bbox 2764 516 2999 568; x_wconf 88' lang='lat' dir='ltr'>tenetur</span> <span class='ocrx_word' id='word_1_230' title='bbox 3029 512 3386 567; x_wconf 79' lang='lat' dir='ltr'>infirmitate.</span> <span class='ocrx_word' id='word_1_231' title='bbox 3428 513 3589 575; x_wconf 89' lang='lat' dir='ltr'>Quod</span> <span class='ocrx_word' id='word_1_232' title='bbox 3621 512 3849 569; x_wconf 83' lang='lat' dir='ltr'>audiens</span> 
     </span>
    </p>
   </div>
   <div class='ocr_carea' id='block_1_36' title="bbox 2212 601 3845 673">
    <p class='ocr_par' dir='ltr' id='par_1_36' title="bbox 2212 601 3845 673">
     <span class='ocr_line' id='line_1_36' title="bbox 2212 601 3845 673; baseline -0.001 -14"><span class='ocrx_word' id='word_1_233' title='bbox 2212 604 2578 659; x_wconf 87' lang='lat' dir='ltr'>venerandus</span> <span class='ocrx_word' id='word_1_234' title='bbox 2614 605 2799 665; x_wconf 90' lang='lat' dir='ltr'>Pater,</span> <span class='ocrx_word' id='word_1_235' title='bbox 2835 617 3045 673; x_wconf 88' lang='lat' dir='ltr'>panem</span> <span class='ocrx_word' id='word_1_236' title='bbox 3078 601 3321 673; x_wconf 90' lang='lat' dir='ltr'>accepit,</span> <span class='ocrx_word' id='word_1_237' title='bbox 3353 601 3522 672; x_wconf 90' lang='lat' dir='ltr'>eique</span> <span class='ocrx_word' id='word_1_238' title='bbox 3553 618 3654 672; x_wconf 86' lang='lat' dir='ltr'>pro</span> <span class='ocrx_word' id='word_1_239' title='bbox 3686 602 3845 657; x_wconf 90' lang='lat' dir='ltr'>bene-</span> 
     </span>
    </p>
   </div>
   <div class='ocr_carea' id='block_1_37' title="bbox 2213 691 3847 763">
    <p class='ocr_par' dir='ltr' id='par_1_37' title="bbox 2213 691 3847 763">
     <span class='ocr_line' id='line_1_37' title="bbox 2213 691 3847 763; baseline -0.001 -15"><span class='ocrx_word' id='word_1_240' title='bbox 2213 694 2464 748; x_wconf 81' lang='lat' dir='ltr'>dictione</span> <span class='ocrx_word' id='word_1_241' title='bbox 2495 692 2676 758; x_wconf 90' lang='lat' dir='ltr'>misit,</span> <span class='ocrx_word' id='word_1_242' title='bbox 2701 692 2837 746; x_wconf 90' lang='lat' dir='ltr'>Post</span> <span class='ocrx_word' id='word_1_243' title='bbox 2868 696 3139 762; x_wconf 86' lang='lat' dir='ltr'>quartam</span> <span class='ocrx_word' id='word_1_244' title='bbox 3171 691 3325 746; x_wconf 90' lang='lat' dir='ltr'>diem</span> <span class='ocrx_word' id='word_1_245' title='bbox 3352 708 3452 762; x_wconf 90' lang='lat' dir='ltr'>per</span> <span class='ocrx_word' id='word_1_246' title='bbox 3473 691 3847 763; x_wconf 86' lang='lat' dir='ltr'>semetipsum</span> 
     </span>
    </p>
   </div>
   <div class='ocr_carea' id='block_1_38' title="bbox 2212 780 3851 852">
    <p class='ocr_par' dir='ltr' id='par_1_38' title="bbox 2212 780 3851 852">
     <span class='ocr_line' id='line_1_38' title="bbox 2212 780 3851 852; baseline 0 -15"><span class='ocrx_word' id='word_1_247' title='bbox 2212 784 2283 837; x_wconf 89' lang='lat' dir='ltr'>ad</span> <span class='ocrx_word' id='word_1_248' title='bbox 2316 799 2449 837; x_wconf 92' lang='lat' dir='ltr'>eum</span> <span class='ocrx_word' id='word_1_249' title='bbox 2480 782 2655 850; x_wconf 78' lang='lat' dir='ltr'>venit,</span> <span class='ocrx_word' id='word_1_250' title='bbox 2683 798 2748 835; x_wconf 91' lang='lat' dir='ltr'>ac</span> <span class='ocrx_word' id='word_1_251' title='bbox 2770 797 2872 852; x_wconf 86' lang='lat' dir='ltr'>pro</span> <span class='ocrx_word' id='word_1_252' title='bbox 2904 780 3109 847; x_wconf 90' lang='lat' dir='ltr'>salute,</span> <span class='ocrx_word' id='word_1_253' title='bbox 3136 796 3311 850; x_wconf 87' lang='lat' dir='ltr'>quam</span> <span class='ocrx_word' id='word_1_254' title='bbox 3344 780 3771 851; x_wconf 86' lang='lat' dir='ltr'>receperat,Deo</span> <span class='ocrx_word' id='word_1_255' title='bbox 3802 788 3851 837; x_wconf 87' lang='lat' dir='ltr'>et</span> 
     </span>
    </p>
   </div>
   <div class='ocr_carea' id='block_1_39' title="bbox 2212 869 2992 941">
    <p class='ocr_par' dir='ltr' id='par_1_39' title="bbox 2212 869 2992 941">
     <span class='ocr_line' id='line_1_39' title="bbox 2212 869 2992 941; baseline -0.006 -15"><span class='ocrx_word' id='word_1_256' title='bbox 2212 870 2320 926; x_wconf 86' lang='lat' dir='ltr'>sibi</span> <span class='ocrx_word' id='word_1_257' title='bbox 2357 871 2574 926; x_wconf 90' lang='lat' dir='ltr'>multas</span> <span class='ocrx_word' id='word_1_258' title='bbox 2605 870 2824 941; x_wconf 87' lang='lat' dir='ltr'>gratias</span> <span class='ocrx_word' id='word_1_259' title='bbox 2856 869 2992 939; x_wconf 84' lang='lat' dir='ltr'>egit.</span> 
     </span>
    </p>
   </div>
   <div class='ocr_carea' id='block_1_40' title="bbox 2780 958 3291 1013">
    <p class='ocr_par' dir='ltr' id='par_1_40' title="bbox 2780 958 3291 1013">
     <span class='ocr_line' id='line_1_40' title="bbox 2780 958 3291 1013; baseline 0 -2"><span class='ocrx_word' id='word_1_260' title='bbox 2780 959 3009 1013; x_wconf 85' lang='lat' dir='ltr'>CAPUT</span> <span class='ocrx_word' id='word_1_261' title='bbox 3056 958 3291 1013; x_wconf 83' lang='lat' dir='ltr'><strong>XXXIX.</strong></span> 
     </span>
    </p>
   </div>
   <div class='ocr_carea' id='block_1_41' title="bbox 2285 1046 3849 1119">
    <p class='ocr_par' dir='ltr' id='par_1_41' title="bbox 2285 1046 3849 1119">
     <span class='ocr_line' id='line_1_41' title="bbox 2285 1046 3849 1119; baseline -0.001 -16"><span class='ocrx_word' id='word_1_262' title='bbox 2285 1049 2521 1113; x_wconf 90' lang='lat' dir='ltr'>Deinde,</span> <span class='ocrx_word' id='word_1_263' title='bbox 2571 1065 2703 1103; x_wconf 92' lang='lat' dir='ltr'>cum</span> <span class='ocrx_word' id='word_1_264' title='bbox 2755 1048 2909 1102; x_wconf 90' lang='lat' dir='ltr'>idem</span> <span class='ocrx_word' id='word_1_265' title='bbox 2960 1048 3045 1101; x_wconf 83' lang='lat' dir='ltr'>vir</span> <span class='ocrx_word' id='word_1_266' title='bbox 3076 1046 3258 1101; x_wconf 90' lang='lat' dir='ltr'>multo</span> <span class='ocrx_word' id='word_1_267' title='bbox 3286 1051 3418 1119; x_wconf 90' lang='lat' dir='ltr'>post</span> <span class='ocrx_word' id='word_1_268' title='bbox 3445 1050 3706 1118; x_wconf 86' lang='lat' dir='ltr'>tempore</span> <span class='ocrx_word' id='word_1_269' title='bbox 3736 1063 3849 1101; x_wconf 88' lang='lat' dir='ltr'>mo-</span> 
     </span>
    </p>
   </div>
   <div class='ocr_carea' id='block_1_42' title="bbox 2214 1136 3850 1210">
    <p class='ocr_par' dir='ltr' id='par_1_42' title="bbox 2214 1136 3850 1210">
     <span class='ocr_line' id='line_1_42' title="bbox 2214 1136 3850 1210; baseline 0.001 -19"><span class='ocrx_word' id='word_1_270' title='bbox 2214 1144 2455 1207; x_wconf 88' lang='lat' dir='ltr'>reretur,</span> <span class='ocrx_word' id='word_1_271' title='bbox 2490 1137 2764 1210; x_wconf 73' lang='lat' dir='ltr'>praecepit</span> <span class='ocrx_word' id='word_1_272' title='bbox 2793 1136 2912 1192; x_wconf 82' lang='lat' dir='ltr'>ﬁlio</span> <span class='ocrx_word' id='word_1_273' title='bbox 2946 1142 3009 1191; x_wconf 90' lang='lat' dir='ltr'>ut</span> <span class='ocrx_word' id='word_1_274' title='bbox 3038 1152 3282 1207; x_wconf 85' lang='lat' dir='ltr'>equum,</span> <span class='ocrx_word' id='word_1_275' title='bbox 3329 1137 3422 1191; x_wconf 92' lang='lat' dir='ltr'>cui</span> <span class='ocrx_word' id='word_1_276' title='bbox 3471 1137 3671 1191; x_wconf 89' lang='lat' dir='ltr'>sedere</span> <span class='ocrx_word' id='word_1_277' title='bbox 3718 1154 3850 1192; x_wconf 91' lang='lat' dir='ltr'>con-</span> 
     </span>
    </p>
   </div>
   <div class='ocr_carea' id='block_1_43' title="bbox 2213 1225 3849 1296">
    <p class='ocr_par' dir='ltr' id='par_1_43' title="bbox 2213 1225 3849 1296">
     <span class='ocr_line' id='line_1_43' title="bbox 2213 1225 3849 1296; baseline -0.001 -13"><span class='ocrx_word' id='word_1_278' title='bbox 2213 1231 2498 1295; x_wconf 89' lang='lat' dir='ltr'>sueverat,</span> <span class='ocrx_word' id='word_1_279' title='bbox 2533 1233 2733 1281; x_wconf 87' lang='lat' dir='ltr'>sancto</span> <span class='ocrx_word' id='word_1_280' title='bbox 2763 1225 2974 1281; x_wconf 89' lang='lat' dir='ltr'>Joanni</span> <span class='ocrx_word' id='word_1_281' title='bbox 3005 1226 3186 1295; x_wconf 84' lang='lat' dir='ltr'>daret,</span> <span class='ocrx_word' id='word_1_282' title='bbox 3210 1231 3265 1279; x_wconf 89' lang='lat' dir='ltr'>et</span> <span class='ocrx_word' id='word_1_283' title='bbox 3295 1229 3360 1279; x_wconf 88' lang='lat' dir='ltr'>ut</span> <span class='ocrx_word' id='word_1_284' title='bbox 3390 1241 3491 1296; x_wconf 90' lang='lat' dir='ltr'>pro</span> <span class='ocrx_word' id='word_1_285' title='bbox 3523 1242 3584 1280; x_wconf 89' lang='lat' dir='ltr'>se</span> <span class='ocrx_word' id='word_1_286' title='bbox 3614 1226 3849 1281; x_wconf 89' lang='lat' dir='ltr'>interce-</span> 
     </span>
    </p>
   </div>
   <div class='ocr_carea' id='block_1_44' title="bbox 2212 1313 3851 1388">
    <p class='ocr_par' dir='ltr' id='par_1_44' title="bbox 2212 1313 3851 1388">
     <span class='ocr_line' id='line_1_44' title="bbox 2212 1313 3851 1388; baseline -0.001 -17"><span class='ocrx_word' id='word_1_287' title='bbox 2212 1319 2372 1372; x_wconf 89' lang='lat' dir='ltr'>deret</span> <span class='ocrx_word' id='word_1_288' title='bbox 2397 1318 2637 1388; x_wconf 87' lang='lat' dir='ltr'>rogavit.</span> <span class='ocrx_word' id='word_1_289' title='bbox 2669 1318 2918 1371; x_wconf 89' lang='lat' dir='ltr'>Sanetus</span> <span class='ocrx_word' id='word_1_290' title='bbox 2967 1317 3161 1369; x_wconf 89' lang='lat' dir='ltr'>autem</span> <span class='ocrx_word' id='word_1_291' title='bbox 3208 1314 3296 1367; x_wconf 91' lang='lat' dir='ltr'>vir</span> <span class='ocrx_word' id='word_1_292' title='bbox 3342 1313 3669 1386; x_wconf 89' lang='lat' dir='ltr'>despiciens</span> <span class='ocrx_word' id='word_1_293' title='bbox 3699 1320 3851 1370; x_wconf 87' lang='lat' dir='ltr'>tran-</span> 
     </span>
    </p>
   </div>
   <div class='ocr_carea' id='block_1_45' title="bbox 2214 1403 3850 1477">
    <p class='ocr_par' dir='ltr' id='par_1_45' title="bbox 2214 1403 3850 1477">
     <span class='ocr_line' id='line_1_45' title="bbox 2214 1403 3850 1477; baseline 0 -18"><span class='ocrx_word' id='word_1_294' title='bbox 2214 1408 2402 1473; x_wconf 88' lang='lat' dir='ltr'>itoria,</span> <span class='ocrx_word' id='word_1_295' title='bbox 2439 1410 2836 1477; x_wconf 85' lang='lat' dir='ltr'>paupertatem</span> <span class='ocrx_word' id='word_1_296' title='bbox 2870 1421 3099 1471; x_wconf 90' lang='lat' dir='ltr'>amans,</span> <span class='ocrx_word' id='word_1_297' title='bbox 3132 1403 3389 1458; x_wconf 69' lang='lat' dir='ltr'>cmlestia</span> <span class='ocrx_word' id='word_1_298' title='bbox 3415 1403 3850 1474; x_wconf 85' lang='lat' dir='ltr'>concupiscens,</span> 
     </span>
    </p>
   </div>
   <div class='ocr_carea' id='block_1_46' title="bbox 2210 1493 3852 1565">
    <p class='ocr_par' dir='ltr' id='par_1_46' title="bbox 2210 1493 3852 1565">
     <span class='ocr_line' id='line_1_46' title="bbox 2210 1493 3852 1565; baseline -0.001 -15"><span class='ocrx_word' id='word_1_299' title='bbox 2210 1512 2427 1565; x_wconf 90' lang='lat' dir='ltr'>equum</span> <span class='ocrx_word' id='word_1_300' title='bbox 2459 1495 2683 1550; x_wconf 90' lang='lat' dir='ltr'>homini</span> <span class='ocrx_word' id='word_1_301' title='bbox 2715 1493 2983 1559; x_wconf 91' lang='lat' dir='ltr'>reddidit,</span> <span class='ocrx_word' id='word_1_302' title='bbox 3019 1497 3076 1548; x_wconf 92' lang='lat' dir='ltr'>et</span> <span class='ocrx_word' id='word_1_303' title='bbox 3106 1494 3176 1547; x_wconf 90' lang='lat' dir='ltr'>ad</span> <span class='ocrx_word' id='word_1_304' title='bbox 3211 1493 3445 1564; x_wconf 89' lang='lat' dir='ltr'>propria</span> <span class='ocrx_word' id='word_1_305' title='bbox 3475 1509 3607 1548; x_wconf 91' lang='lat' dir='ltr'>cum</span> <span class='ocrx_word' id='word_1_306' title='bbox 3640 1509 3707 1549; x_wconf 92' lang='lat' dir='ltr'>eo</span> <span class='ocrx_word' id='word_1_307' title='bbox 3740 1494 3852 1548; x_wconf 88' lang='lat' dir='ltr'>red-</span> 
     </span>
    </p>
   </div>
   <div class='ocr_carea' id='block_1_47' title="bbox 2212 1580 3853 1654">
    <p class='ocr_par' dir='ltr' id='par_1_47' title="bbox 2212 1580 3853 1654">
     <span class='ocr_line' id='line_1_47' title="bbox 2212 1580 3853 1654; baseline 0.001 -18"><span class='ocrx_word' id='word_1_308' title='bbox 2212 1584 2509 1654; x_wconf 89' lang='lat' dir='ltr'>irejussit.</span> <span class='ocrx_word' id='word_1_309' title='bbox 2534 1588 2792 1654; x_wconf 89' lang='lat' dir='ltr'>Cumque</span> <span class='ocrx_word' id='word_1_310' title='bbox 2826 1582 3077 1637; x_wconf 89' lang='lat' dir='ltr'>multum</span> <span class='ocrx_word' id='word_1_311' title='bbox 3124 1580 3434 1636; x_wconf 88' lang='lat' dir='ltr'>obsisteret</span> <span class='ocrx_word' id='word_1_312' title='bbox 3464 1585 3519 1636; x_wconf 89' lang='lat' dir='ltr'>et</span> <span class='ocrx_word' id='word_1_313' title='bbox 3548 1594 3767 1654; x_wconf 87' lang='lat' dir='ltr'>equum</span> <span class='ocrx_word' id='word_1_314' title='bbox 3801 1598 3853 1637; x_wconf 89' lang='lat' dir='ltr'>se</span> 
     </span>
    </p>
   </div>
   <div class='ocr_carea' id='block_1_48' title="bbox 2210 1671 3852 1742">
    <p class='ocr_par' dir='ltr' id='par_1_48' title="bbox 2210 1671 3852 1742">
     <span class='ocr_line' id='line_1_48' title="bbox 2210 1671 3852 1742; baseline 0 -17"><span class='ocrx_word' id='word_1_315' title='bbox 2210 1688 2324 1726; x_wconf 92' lang='lat' dir='ltr'>non</span> <span class='ocrx_word' id='word_1_316' title='bbox 2362 1672 2740 1726; x_wconf 90' lang='lat' dir='ltr'>reducturum</span> <span class='ocrx_word' id='word_1_317' title='bbox 2768 1675 3071 1739; x_wconf 88' lang='lat' dir='ltr'>assereret,</span> <span class='ocrx_word' id='word_1_318' title='bbox 3096 1671 3332 1726; x_wconf 89' lang='lat' dir='ltr'>tandem</span> <span class='ocrx_word' id='word_1_319' title='bbox 3357 1675 3641 1742; x_wconf 79' lang='lat' dir='ltr'>praecepto</span> <span class='ocrx_word' id='word_1_320' title='bbox 3674 1672 3852 1726; x_wconf 89' lang='lat' dir='ltr'>sancti</span> 
     </span>
    </p>
   </div>
   <div class='ocr_carea' id='block_1_49' title="bbox 2205 1759 3854 1831">
    <p class='ocr_par' dir='ltr' id='par_1_49' title="bbox 2205 1759 3854 1831">
     <span class='ocr_line' id='line_1_49' title="bbox 2205 1759 3854 1831; baseline -0.001 -17"><span class='ocrx_word' id='word_1_321' title='bbox 2205 1760 2313 1814; x_wconf 90' lang='lat' dir='ltr'>viri</span> <span class='ocrx_word' id='word_1_322' title='bbox 2346 1765 2600 1831; x_wconf 88' lang='lat' dir='ltr'>coactus,</span> <span class='ocrx_word' id='word_1_323' title='bbox 2635 1777 2768 1815; x_wconf 91' lang='lat' dir='ltr'>cum</span> <span class='ocrx_word' id='word_1_324' title='bbox 2801 1776 2949 1831; x_wconf 92' lang='lat' dir='ltr'>equo</span> <span class='ocrx_word' id='word_1_325' title='bbox 2980 1759 3149 1815; x_wconf 78' lang='lat' dir='ltr'>laetus</span> <span class='ocrx_word' id='word_1_326' title='bbox 3178 1760 3249 1813; x_wconf 90' lang='lat' dir='ltr'>ad</span> <span class='ocrx_word' id='word_1_327' title='bbox 3283 1776 3391 1814; x_wconf 89' lang='lat' dir='ltr'>sua</span> <span class='ocrx_word' id='word_1_328' title='bbox 3420 1759 3854 1829; x_wconf 84' lang='lat' dir='ltr'>rediit,benedi-</span> 
     </span>
    </p>
   </div>
   <div class='ocr_carea' id='block_1_50' title="bbox 2206 1847 3847 1913">
    <p class='ocr_par' dir='ltr' id='par_1_50' title="bbox 2206 1847 3847 1913">
     <span class='ocr_line' id='line_1_50' title="bbox 2206 1847 3847 1913; baseline -0.001 -9"><span class='ocrx_word' id='word_1_329' title='bbox 2206 1866 2344 1904; x_wconf 73' lang='lat' dir='ltr'>cens</span> <span class='ocrx_word' id='word_1_330' title='bbox 2370 1850 2547 1903; x_wconf 91' lang='lat' dir='ltr'>Deum</span> <span class='ocrx_word' id='word_1_331' title='bbox 2572 1850 2631 1902; x_wconf 90' lang='lat' dir='ltr'>in</span> <span class='ocrx_word' id='word_1_332' title='bbox 2652 1848 2796 1903; x_wconf 87' lang='lat' dir='ltr'>tanti</span> <span class='ocrx_word' id='word_1_333' title='bbox 2822 1848 3011 1903; x_wconf 89' lang='lat' dir='ltr'>Patris</span> <span class='ocrx_word' id='word_1_334' title='bbox 3030 1847 3605 1913; x_wconf 90' lang='lat' dir='ltr'>admiratione.Quod</span> <span class='ocrx_word' id='word_1_335' title='bbox 3633 1848 3847 1903; x_wconf 85' lang='lat' dir='ltr'>factum</span> 
     </span>
    </p>
   </div>
   <div class='ocr_carea' id='block_1_51' title="bbox 2203 1936 3640 1993">
    <p class='ocr_par' dir='ltr' id='par_1_51' title="bbox 2203 1936 3640 1993">
     <span class='ocr_line' id='line_1_51' title="bbox 2203 1936 3640 1993; baseline -0.001 0"><span class='ocrx_word' id='word_1_336' title='bbox 2203 1944 2292 1993; x_wconf 90' lang='lat' dir='ltr'>est</span> <span class='ocrx_word' id='word_1_337' title='bbox 2321 1940 2459 1993; x_wconf 90' lang='lat' dir='ltr'>dum</span> <span class='ocrx_word' id='word_1_338' title='bbox 2490 1938 2680 1993; x_wconf 88' lang='lat' dir='ltr'>adhuc</span> <span class='ocrx_word' id='word_1_339' title='bbox 2712 1941 2865 1993; x_wconf 87' lang='lat' dir='ltr'>esset</span> <span class='ocrx_word' id='word_1_340' title='bbox 2894 1938 2953 1992; x_wconf 91' lang='lat' dir='ltr'>in</span> <span class='ocrx_word' id='word_1_341' title='bbox 2986 1936 3247 1992; x_wconf 77' lang='lat' dir='ltr'>cmnobio</span> <span class='ocrx_word' id='word_1_342' title='bbox 3282 1937 3640 1992; x_wconf 89' lang='lat' dir='ltr'>Muscetano.</span> 
     </span>
    </p>
   </div>
   <div class='ocr_carea' id='block_1_52' title="bbox 2843 2026 3213 2082">
    <p class='ocr_par' dir='ltr' id='par_1_52' title="bbox 2843 2026 3213 2082">
     <span class='ocr_line' id='line_1_52' title="bbox 2843 2026 3213 2082; baseline 0 0"><span class='ocrx_word' id='word_1_343' title='bbox 2843 2026 3073 2082; x_wconf 86' lang='lat' dir='ltr'><strong>CAPUT</strong></span> <span class='ocrx_word' id='word_1_344' title='bbox 3100 2027 3213 2082; x_wconf 89' lang='lat' dir='ltr'>XL.</span> 
     </span>
    </p>
   </div>
   <div class='ocr_carea' id='block_1_53' title="bbox 2275 2115 3853 2187">
    <p class='ocr_par' dir='ltr' id='par_1_53' title="bbox 2275 2115 3853 2187">
     <span class='ocr_line' id='line_1_53' title="bbox 2275 2115 3853 2187; baseline 0 -16"><span class='ocrx_word' id='word_1_345' title='bbox 2275 2119 2455 2181; x_wconf 90' lang='lat' dir='ltr'>Quem</span> <span class='ocrx_word' id='word_1_346' title='bbox 2488 2116 2681 2171; x_wconf 90' lang='lat' dir='ltr'>locum</span> <span class='ocrx_word' id='word_1_347' title='bbox 2714 2117 2854 2170; x_wconf 92' lang='lat' dir='ltr'>dum</span> <span class='ocrx_word' id='word_1_348' title='bbox 2877 2115 2988 2170; x_wconf 89' lang='lat' dir='ltr'>alio</span> <span class='ocrx_word' id='word_1_349' title='bbox 3022 2120 3281 2187; x_wconf 88' lang='lat' dir='ltr'>tempore</span> <span class='ocrx_word' id='word_1_350' title='bbox 3301 2115 3584 2183; x_wconf 88' lang='lat' dir='ltr'>visitaret,</span> <span class='ocrx_word' id='word_1_351' title='bbox 3613 2130 3853 2171; x_wconf 87' lang='lat' dir='ltr'>cernens</span> 
     </span>
    </p>
   </div>
   <div class='ocr_carea' id='block_1_54' title="bbox 2206 2203 3849 2277">
    <p class='ocr_par' dir='ltr' id='par_1_54' title="bbox 2206 2203 3849 2277">
     <span class='ocr_line' id='line_1_54' title="bbox 2206 2203 3849 2277; baseline 0 -18"><span class='ocrx_word' id='word_1_352' title='bbox 2206 2206 2261 2259; x_wconf 89' lang='lat' dir='ltr'>in</span> <span class='ocrx_word' id='word_1_353' title='bbox 2297 2222 2361 2260; x_wconf 93' lang='lat' dir='ltr'>eo</span> <span class='ocrx_word' id='word_1_354' title='bbox 2411 2222 2609 2261; x_wconf 90' lang='lat' dir='ltr'>cassas</span> <span class='ocrx_word' id='word_1_355' title='bbox 2639 2204 2980 2277; x_wconf 86' lang='lat' dir='ltr'>grandiores</span> <span class='ocrx_word' id='word_1_356' title='bbox 3023 2203 3495 2276; x_wconf 89' lang='lat' dir='ltr'>pulchrioresque</span> <span class='ocrx_word' id='word_1_357' title='bbox 3527 2204 3647 2259; x_wconf 89' lang='lat' dir='ltr'>fore</span> <span class='ocrx_word' id='word_1_358' title='bbox 3677 2221 3849 2275; x_wconf 87' lang='lat' dir='ltr'>quam</span> 
     </span>
    </p>
   </div>
   <div class='ocr_carea' id='block_1_55' title="bbox 2203 2292 3851 2362">
    <p class='ocr_par' dir='ltr' id='par_1_55' title="bbox 2203 2292 3851 2362">
     <span class='ocr_line' id='line_1_55' title="bbox 2203 2292 3851 2362; baseline -0.002 -11"><span class='ocrx_word' id='word_1_359' title='bbox 2203 2295 2682 2362; x_wconf 83' lang='lat' dir='ltr'>vellet,accersito</span> <span class='ocrx_word' id='word_1_360' title='bbox 2697 2294 2932 2348; x_wconf 88' lang='lat' dir='ltr'>domino</span> <span class='ocrx_word' id='word_1_361' title='bbox 2952 2293 3196 2348; x_wconf 88' lang='lat' dir='ltr'>Rodulfo</span> <span class='ocrx_word' id='word_1_362' title='bbox 3211 2293 3473 2362; x_wconf 79' lang='lat' dir='ltr'>ejusdem</span> <span class='ocrx_word' id='word_1_363' title='bbox 3500 2292 3607 2347; x_wconf 92' lang='lat' dir='ltr'>loci</span> <span class='ocrx_word' id='word_1_364' title='bbox 3622 2293 3851 2361; x_wconf 85' lang='lat' dir='ltr'>abbate,</span> 
     </span>
    </p>
   </div>
   <div class='ocr_carea' id='block_1_56' title="bbox 2206 2381 3853 2438">
    <p class='ocr_par' dir='ltr' id='par_1_56' title="bbox 2206 2381 3853 2438">
     <span class='ocr_line' id='line_1_56' title="bbox 2206 2381 3853 2438; baseline -0.001 0"><span class='ocrx_word' id='word_1_365' title='bbox 2206 2383 2315 2438; x_wconf 89' lang='lat' dir='ltr'>sibi</span> <span class='ocrx_word' id='word_1_366' title='bbox 2352 2383 2515 2438; x_wconf 91' lang='lat' dir='ltr'>vultu</span> <span class='ocrx_word' id='word_1_367' title='bbox 2544 2382 2916 2438; x_wconf 88' lang='lat' dir='ltr'>serenissimo</span> <span class='ocrx_word' id='word_1_368' title='bbox 2948 2381 3093 2436; x_wconf 83' lang='lat' dir='ltr'>dixit</span> <span class='ocrx_word' id='word_1_369' title='bbox 3128 2398 3138 2436; x_wconf 94' lang='lat'>:</span> <span class='ocrx_word' id='word_1_370' title='bbox 3175 2404 3201 2431; x_wconf 85' lang='lat'><strong>«</strong></span> <span class='ocrx_word' id='word_1_371' title='bbox 3235 2382 3319 2436; x_wconf 90' lang='lat' dir='ltr'><strong>Tu</strong></span> <span class='ocrx_word' id='word_1_372' title='bbox 3351 2381 3409 2436; x_wconf 92' lang='lat' dir='ltr'>in</span> <span class='ocrx_word' id='word_1_373' title='bbox 3440 2382 3550 2438; x_wconf 91' lang='lat' dir='ltr'>hoc</span> <span class='ocrx_word' id='word_1_374' title='bbox 3576 2381 3700 2437; x_wconf 91' lang='lat' dir='ltr'>loco</span> <span class='ocrx_word' id='word_1_375' title='bbox 3732 2400 3853 2437; x_wconf 89' lang='lat' dir='ltr'>ma-</span> 
     </span>
    </p>
   </div>
   <div class='ocr_carea' id='block_1_57' title="bbox 2205 2470 3860 2544">
    <p class='ocr_par' dir='ltr' id='par_1_57' title="bbox 2205 2470 3860 2544">
     <span class='ocr_line' id='line_1_57' title="bbox 2205 2470 3860 2544; baseline 0.001 -18"><span class='ocrx_word' id='word_1_376' title='bbox 2205 2472 2337 2543; x_wconf 88' lang='lat' dir='ltr'>gnis</span> <span class='ocrx_word' id='word_1_377' title='bbox 2370 2472 2664 2544; x_wconf 86' lang='lat' dir='ltr'>expensis,</span> <span class='ocrx_word' id='word_1_378' title='bbox 2688 2471 2906 2542; x_wconf 90' lang='lat' dir='ltr'>quibus</span> <span class='ocrx_word' id='word_1_379' title='bbox 2932 2487 3215 2542; x_wconf 90' lang='lat' dir='ltr'>pauperes</span> <span class='ocrx_word' id='word_1_380' title='bbox 3239 2470 3477 2541; x_wconf 89' lang='lat' dir='ltr'>plurimi</span> <span class='ocrx_word' id='word_1_381' title='bbox 3500 2471 3746 2526; x_wconf 87' lang='lat' dir='ltr'>refoveri</span> <span class='ocrx_word' id='word_1_382' title='bbox 3766 2489 3860 2544; x_wconf 91' lang='lat' dir='ltr'>po-</span> 
     </span>
    </p>
   </div>
   <div class='ocr_carea' id='block_1_58' title="bbox 2204 2559 3857 2632">
    <p class='ocr_par' dir='ltr' id='par_1_58' title="bbox 2204 2559 3857 2632">
     <span class='ocr_line' id='line_1_58' title="bbox 2204 2559 3857 2632; baseline -0.001 -16"><span class='ocrx_word' id='word_1_383' title='bbox 2204 2561 2550 2627; x_wconf 86' lang='lat' dir='ltr'>tuissent,ex</span> <span class='ocrx_word' id='word_1_384' title='bbox 2571 2560 2803 2632; x_wconf 90' lang='lat' dir='ltr'>proprio</span> <span class='ocrx_word' id='word_1_385' title='bbox 2826 2562 2953 2615; x_wconf 92' lang='lat' dir='ltr'>voto</span> <span class='ocrx_word' id='word_1_386' title='bbox 2986 2559 3203 2631; x_wconf 87' lang='lat' dir='ltr'>palatia</span> <span class='ocrx_word' id='word_1_387' title='bbox 3232 2559 3549 2615; x_wconf 89' lang='lat' dir='ltr'>fabricasti.</span> <span class='ocrx_word' id='word_1_388' title='bbox 3575 2581 3602 2609; x_wconf 87' lang='grc'><strong>››</strong></span> <span class='ocrx_word' id='word_1_389' title='bbox 3628 2560 3695 2614; x_wconf 89' lang='lat' dir='ltr'>Et</span> <span class='ocrx_word' id='word_1_390' title='bbox 3727 2577 3857 2615; x_wconf 90' lang='lat' dir='ltr'>con-</span> 
     </span>
    </p>
   </div>
   <div class='ocr_carea' id='block_1_59' title="bbox 2203 2647 3861 2721">
    <p class='ocr_par' dir='ltr' id='par_1_59' title="bbox 2203 2647 3861 2721">
     <span class='ocr_line' id='line_1_59' title="bbox 2203 2647 3861 2721; baseline -0.001 -17"><span class='ocrx_word' id='word_1_391' title='bbox 2203 2666 2405 2704; x_wconf 88' lang='lat' dir='ltr'>versus</span> <span class='ocrx_word' id='word_1_392' title='bbox 2438 2651 2508 2704; x_wconf 90' lang='lat' dir='ltr'>ad</span> <span class='ocrx_word' id='word_1_393' title='bbox 2542 2651 2857 2721; x_wconf 88' lang='lat' dir='ltr'>quemdam</span> <span class='ocrx_word' id='word_1_394' title='bbox 2891 2649 3145 2703; x_wconf 90' lang='lat' dir='ltr'>rivulum</span> <span class='ocrx_word' id='word_1_395' title='bbox 3191 2647 3496 2720; x_wconf 89' lang='lat' dir='ltr'>parvulum</span> <span class='ocrx_word' id='word_1_396' title='bbox 3528 2665 3709 2721; x_wconf 89' lang='lat' dir='ltr'>pr0pe</span> <span class='ocrx_word' id='word_1_397' title='bbox 3741 2665 3861 2703; x_wconf 87' lang='lat' dir='ltr'>ma-</span> 
     </span>
    </p>
   </div>
   <div class='ocr_carea' id='block_1_60' title="bbox 2205 2737 3854 2809">
    <p class='ocr_par' dir='ltr' id='par_1_60' title="bbox 2205 2737 3854 2809">
     <span class='ocr_line' id='line_1_60' title="bbox 2205 2737 3854 2809; baseline 0 -16"><span class='ocrx_word' id='word_1_398' title='bbox 2205 2742 2464 2805; x_wconf 89' lang='lat' dir='ltr'>nantem,</span> <span class='ocrx_word' id='word_1_399' title='bbox 2495 2739 2639 2793; x_wconf 80' lang='lat' dir='ltr'>dixit</span> <span class='ocrx_word' id='word_1_400' title='bbox 2672 2756 2683 2793; x_wconf 91' lang='lat'>:</span> <span class='ocrx_word' id='word_1_401' title='bbox 2718 2761 2744 2787; x_wconf 85' lang='lat'><strong>«</strong></span> <span class='ocrx_word' id='word_1_402' title='bbox 2780 2739 2933 2793; x_wconf 87' lang='lat' dir='ltr'>Deus</span> <span class='ocrx_word' id='word_1_403' title='bbox 2966 2737 3463 2809; x_wconf 90' lang='lat' dir='ltr'>omnipotens,qui</span> <span class='ocrx_word' id='word_1_404' title='bbox 3493 2738 3563 2793; x_wconf 89' lang='lat' dir='ltr'>de</span> <span class='ocrx_word' id='word_1_405' title='bbox 3592 2738 3854 2793; x_wconf 86' lang='lat' dir='ltr'>minimis</span> 
     </span>
    </p>
   </div>
   <div class='ocr_carea' id='block_1_61' title="bbox 2206 2825 3861 2898">
    <p class='ocr_par' dir='ltr' id='par_1_61' title="bbox 2206 2825 3861 2898">
     <span class='ocr_line' id='line_1_61' title="bbox 2206 2825 3861 2898; baseline -0.002 -16"><span class='ocrx_word' id='word_1_406' title='bbox 2206 2828 2430 2898; x_wconf 88' lang='lat' dir='ltr'>majora</span> <span class='ocrx_word' id='word_1_407' title='bbox 2461 2828 2646 2882; x_wconf 87' lang='lat' dir='ltr'>facere</span> <span class='ocrx_word' id='word_1_408' title='bbox 2678 2826 3049 2896; x_wconf 89' lang='lat' dir='ltr'>consuevisti,</span> <span class='ocrx_word' id='word_1_409' title='bbox 3082 2826 3447 2897; x_wconf 89' lang='lat' dir='ltr'>videam,per</span> <span class='ocrx_word' id='word_1_410' title='bbox 3476 2825 3658 2897; x_wconf 88' lang='lat' dir='ltr'>hujus</span> <span class='ocrx_word' id='word_1_411' title='bbox 3693 2825 3861 2881; x_wconf 89' lang='lat' dir='ltr'>rivuli</span> 
     </span>
    </p>
   </div>
   <div class='ocr_carea' id='block_1_62' title="bbox 2205 2914 3860 2987">
    <p class='ocr_par' dir='ltr' id='par_1_62' title="bbox 2205 2914 3860 2987">
     <span class='ocr_line' id='line_1_62' title="bbox 2205 2914 3860 2987; baseline 0 -16"><span class='ocrx_word' id='word_1_412' title='bbox 2205 2916 2768 2987; x_wconf 87' lang='lat' dir='ltr'>paucitatem,hujus</span> <span class='ocrx_word' id='word_1_413' title='bbox 2798 2916 3054 2972; x_wconf 87' lang='lat' dir='ltr'>enormis</span> <span class='ocrx_word' id='word_1_414' title='bbox 3084 2914 3310 2970; x_wconf 81' lang='lat' dir='ltr'>aediﬁcii</span> <span class='ocrx_word' id='word_1_415' title='bbox 3343 2914 3454 2970; x_wconf 93' lang='lat' dir='ltr'>cito</span> <span class='ocrx_word' id='word_1_416' title='bbox 3482 2915 3860 2971; x_wconf 80' lang='lat' dir='ltr'>vindictam.»</span> 
     </span>
    </p>
   </div>
   <div class='ocr_carea' id='block_1_63' title="bbox 2206 3002 3857 3075">
    <p class='ocr_par' dir='ltr' id='par_1_63' title="bbox 2206 3002 3857 3075">
     <span class='ocr_line' id='line_1_63' title="bbox 2206 3002 3857 3075; baseline -0.002 -16"><span class='ocrx_word' id='word_1_417' title='bbox 2206 3006 2273 3060; x_wconf 83' lang='lat' dir='ltr'>Et</span> <span class='ocrx_word' id='word_1_418' title='bbox 2304 3005 2425 3060; x_wconf 82' lang='lat' dir='ltr'>haec</span> <span class='ocrx_word' id='word_1_419' title='bbox 2455 3006 2676 3072; x_wconf 91' lang='lat' dir='ltr'>dicens,</span> <span class='ocrx_word' id='word_1_420' title='bbox 2708 3006 2929 3075; x_wconf 90' lang='lat' dir='ltr'>absque</span> <span class='ocrx_word' id='word_1_421' title='bbox 2960 3020 3142 3069; x_wconf 88' lang='lat' dir='ltr'>mora,</span> <span class='ocrx_word' id='word_1_422' title='bbox 3193 3002 3544 3059; x_wconf 75' lang='lat' dir='ltr'>discessit‘.0</span> <span class='ocrx_word' id='word_1_423' title='bbox 3575 3004 3732 3059; x_wconf 86' lang='lat' dir='ltr'>mira</span> <span class='ocrx_word' id='word_1_424' title='bbox 3763 3002 3857 3059; x_wconf 85' lang='lat' dir='ltr'>Dei</span> 
     </span>
    </p>
   </div>
   <div class='ocr_carea' id='block_1_64' title="bbox 2208 3092 3859 3165">
    <p class='ocr_par' dir='ltr' id='par_1_64' title="bbox 2208 3092 3859 3165">
     <span class='ocr_line' id='line_1_64' title="bbox 2208 3092 3859 3165; baseline -0.002 -15"><span class='ocrx_word' id='word_1_425' title='bbox 2208 3095 2499 3165; x_wconf 85' lang='lat' dir='ltr'>potentia!</span> <span class='ocrx_word' id='word_1_426' title='bbox 2538 3095 2843 3150; x_wconf 87' lang='lat' dir='ltr'>confestim</span> <span class='ocrx_word' id='word_1_427' title='bbox 2866 3092 3109 3158; x_wconf 89' lang='lat' dir='ltr'>rivulus,</span> <span class='ocrx_word' id='word_1_428' title='bbox 3142 3109 3208 3148; x_wconf 90' lang='lat' dir='ltr'>eo</span> <span class='ocrx_word' id='word_1_429' title='bbox 3244 3093 3566 3159; x_wconf 89' lang='lat' dir='ltr'>recedente,</span> <span class='ocrx_word' id='word_1_430' title='bbox 3600 3106 3859 3148; x_wconf 77' lang='lat' dir='ltr'>crescam</span> 
     </span>
    </p>
   </div>
   <div class='ocr_carea' id='block_1_65' title="bbox 450 3168 3859 3255">
    <p class='ocr_par' dir='ltr' id='par_1_65' title="bbox 450 3168 3859 3255">
     <span class='ocr_line' id='line_1_65' title="bbox 450 3168 3859 3255; baseline -0.001 -17"><span class='ocrx_word' id='word_1_431' title='bbox 450 3183 732 3239; x_wconf 89' lang='lat' dir='ltr'>fratribus</span> <span class='ocrx_word' id='word_1_432' title='bbox 762 3182 985 3249; x_wconf 90' lang='lat' dir='ltr'>habuit,</span> <span class='ocrx_word' id='word_1_433' title='bbox 1002 3199 1104 3253; x_wconf 93' lang='lat' dir='ltr'>per</span> <span class='ocrx_word' id='word_1_434' title='bbox 1134 3181 1408 3254; x_wconf 89' lang='lat' dir='ltr'>spiritum</span> <span class='ocrx_word' id='word_1_435' title='bbox 1432 3198 1872 3253; x_wconf 88' lang='lat' dir='ltr'>recognoscens,</span> <span class='ocrx_word' id='word_1_436' title='bbox 1904 3182 2101 3237; x_wconf 90' lang='lat' dir='ltr'>omnia</span> <span class='ocrx_word' id='word_1_437' title='bbox 2130 3168 2172 3235; x_wconf 82' lang='lat' dir='ltr'>C</span> <span class='ocrx_word' id='word_1_438' title='bbox 2212 3183 2398 3254; x_wconf 78' lang='lat' dir='ltr'>caepit,</span> <span class='ocrx_word' id='word_1_439' title='bbox 2439 3188 2495 3238; x_wconf 92' lang='lat' dir='ltr'>et</span> <span class='ocrx_word' id='word_1_440' title='bbox 2544 3198 2905 3255; x_wconf 87' lang='lat' dir='ltr'>congregans</span> <span class='ocrx_word' id='word_1_441' title='bbox 2946 3198 3231 3253; x_wconf 89' lang='lat' dir='ltr'>aquarum</span> <span class='ocrx_word' id='word_1_442' title='bbox 3262 3182 3479 3236; x_wconf 85' lang='lat' dir='ltr'>fluenta</span> <span class='ocrx_word' id='word_1_443' title='bbox 3504 3179 3859 3253; x_wconf 80' lang='lat' dir='ltr'>largissime,</span> 
     </span>
    </p>
   </div>
   <div class='ocr_carea' id='block_1_66' title="bbox 451 3270 1174 3342">
    <p class='ocr_par' dir='ltr' id='par_1_66' title="bbox 451 3270 1174 3342">
     <span class='ocr_line' id='line_1_66' title="bbox 451 3270 1174 3342; baseline -0.004 -15"><span class='ocrx_word' id='word_1_444' title='bbox 451 3287 555 3342; x_wconf 89' lang='lat' dir='ltr'>per</span> <span class='ocrx_word' id='word_1_445' title='bbox 585 3271 850 3326; x_wconf 90' lang='lat' dir='ltr'>ordinem</span> <span class='ocrx_word' id='word_1_446' title='bbox 882 3270 1174 3342; x_wconf 89' lang='lat' dir='ltr'>patefecit.</span> 
     </span>
    </p>
   </div>
   <div class='ocr_carea' id='block_1_67' title="bbox 1003 3359 1548 3414">
    <p class='ocr_par' dir='ltr' id='par_1_67' title="bbox 1003 3359 1548 3414">
     <span class='ocr_line' id='line_1_67' title="bbox 1003 3359 1548 3414; baseline 0.002 -2"><span class='ocrx_word' id='word_1_447' title='bbox 1003 3359 1237 3413; x_wconf 84' lang='lat' dir='ltr'><strong>CAPUT</strong></span> <span class='ocrx_word' id='word_1_448' title='bbox 1279 3359 1548 3414; x_wconf 82' lang='lat' dir='ltr'><strong>XXXVII.</strong></span> 
     </span>
    </p>
   </div>
   <div class='ocr_carea' id='block_1_68' title="bbox 523 3447 2106 3521">
    <p class='ocr_par' dir='ltr' id='par_1_68' title="bbox 523 3447 2106 3521">
     <span class='ocr_line' id='line_1_68' title="bbox 523 3447 2106 3521; baseline -0.001 -17"><span class='ocrx_word' id='word_1_449' title='bbox 523 3450 742 3505; x_wconf 88' lang='lat' dir='ltr'>Eodem</span> <span class='ocrx_word' id='word_1_450' title='bbox 773 3452 1054 3520; x_wconf 88' lang='lat' dir='ltr'>tempore,</span> <span class='ocrx_word' id='word_1_451' title='bbox 1088 3465 1201 3518; x_wconf 92' lang='lat' dir='ltr'>quo</span> <span class='ocrx_word' id='word_1_452' title='bbox 1234 3447 1563 3503; x_wconf 89' lang='lat' dir='ltr'>Simoniaca</span> <span class='ocrx_word' id='word_1_453' title='bbox 1590 3448 1825 3504; x_wconf 84' lang='lat' dir='ltr'>haeresis</span> <span class='ocrx_word' id='word_1_454' title='bbox 1860 3467 1960 3521; x_wconf 90' lang='lat' dir='ltr'>per</span> <span class='ocrx_word' id='word_1_455' title='bbox 1989 3451 2106 3504; x_wconf 89' lang='lat' dir='ltr'>Tu-</span> 
     </span>
    </p>
   </div>
   <div class='ocr_carea' id='block_1_69' title="bbox 453 3537 2111 3609">
    <p class='ocr_par' dir='ltr' id='par_1_69' title="bbox 453 3537 2111 3609">
     <span class='ocr_line' id='line_1_69' title="bbox 453 3537 2111 3609; baseline -0.001 -14"><span class='ocrx_word' id='word_1_456' title='bbox 453 3538 639 3595; x_wconf 88' lang='lat' dir='ltr'>sciam</span> <span class='ocrx_word' id='word_1_457' title='bbox 666 3538 1162 3609; x_wconf 85' lang='lat' dir='ltr'>pullulabat,dum</span> <span class='ocrx_word' id='word_1_458' title='bbox 1194 3537 1505 3608; x_wconf 78' lang='lat' dir='ltr'>praedictus</span> <span class='ocrx_word' id='word_1_459' title='bbox 1537 3541 1701 3608; x_wconf 90' lang='lat' dir='ltr'>pater</span> <span class='ocrx_word' id='word_1_460' title='bbox 1731 3538 1923 3593; x_wconf 90' lang='lat' dir='ltr'>adhuc</span> <span class='ocrx_word' id='word_1_461' title='bbox 1958 3543 2111 3594; x_wconf 83' lang='lat' dir='ltr'>esset</span> 
     </span>
    </p>
   </div>
   <div class='ocr_carea' id='block_1_70' title="bbox 453 3624 2111 3695">
    <p class='ocr_par' dir='ltr' id='par_1_70' title="bbox 453 3624 2111 3695">
     <span class='ocr_line' id='line_1_70' title="bbox 453 3624 2111 3695; baseline 0 -13"><span class='ocrx_word' id='word_1_462' title='bbox 453 3629 513 3683; x_wconf 92' lang='lat' dir='ltr'>in</span> <span class='ocrx_word' id='word_1_463' title='bbox 545 3628 748 3682; x_wconf 90' lang='lat' dir='ltr'>eodem</span> <span class='ocrx_word' id='word_1_464' title='bbox 801 3625 997 3681; x_wconf 87' lang='lat' dir='ltr'>Sancti</span> <span class='ocrx_word' id='word_1_465' title='bbox 1042 3624 1219 3680; x_wconf 89' lang='lat' dir='ltr'>Salvii</span> <span class='ocrx_word' id='word_1_466' title='bbox 1269 3626 1550 3691; x_wconf 77' lang='lat' dir='ltr'>cmnobio,</span> <span class='ocrx_word' id='word_1_467' title='bbox 1600 3627 1839 3695; x_wconf 90' lang='lat' dir='ltr'>quidam</span> <span class='ocrx_word' id='word_1_468' title='bbox 1875 3628 2111 3682; x_wconf 88' lang='lat' dir='ltr'>Floren-</span> 
     </span>
    </p>
   </div>
   <div class='ocr_carea' id='block_1_71' title="bbox 456 3713 2109 3786">
    <p class='ocr_par' dir='ltr' id='par_1_71' title="bbox 456 3713 2109 3786">
     <span class='ocr_line' id='line_1_71' title="bbox 456 3713 2109 3786; baseline -0.002 -13"><span class='ocrx_word' id='word_1_469' title='bbox 456 3718 638 3784; x_wconf 88' lang='lat' dir='ltr'>tinus,</span> <span class='ocrx_word' id='word_1_470' title='bbox 691 3716 859 3786; x_wconf 85' lang='lat' dir='ltr'>cujus</span> <span class='ocrx_word' id='word_1_471' title='bbox 906 3714 1085 3780; x_wconf 82' lang='lat' dir='ltr'>filius,</span> <span class='ocrx_word' id='word_1_472' title='bbox 1149 3713 1385 3783; x_wconf 87' lang='lat' dir='ltr'>langore</span> <span class='ocrx_word' id='word_1_473' title='bbox 1436 3714 1807 3782; x_wconf 90' lang='lat' dir='ltr'>constrictus,</span> <span class='ocrx_word' id='word_1_474' title='bbox 1857 3715 2109 3770; x_wconf 89' lang='lat' dir='ltr'>vicinam</span> 
     </span>
    </p>
   </div>
   <div class='ocr_carea' id='block_1_72' title="bbox 457 3806 2112 3877">
    <p class='ocr_par' dir='ltr' id='par_1_72' title="bbox 457 3806 2112 3877">
     <span class='ocr_line' id='line_1_72' title="bbox 457 3806 2112 3877; baseline -0.002 -16"><span class='ocrx_word' id='word_1_475' title='bbox 457 3806 828 3877; x_wconf 90' lang='lat' dir='ltr'>operiebatur</span> <span class='ocrx_word' id='word_1_476' title='bbox 858 3807 1126 3871; x_wconf 88' lang='lat' dir='ltr'>mortem,</span> <span class='ocrx_word' id='word_1_477' title='bbox 1162 3806 1227 3856; x_wconf 89' lang='lat' dir='ltr'>ut</span> <span class='ocrx_word' id='word_1_478' title='bbox 1257 3818 1478 3873; x_wconf 80' lang='lat' dir='ltr'>aegrum</span> <span class='ocrx_word' id='word_1_479' title='bbox 1512 3806 1713 3856; x_wconf 89' lang='lat' dir='ltr'>natum</span> <span class='ocrx_word' id='word_1_480' title='bbox 1760 3809 2013 3874; x_wconf 90' lang='lat' dir='ltr'>sanaret,</span> <span class='ocrx_word' id='word_1_481' title='bbox 2047 3820 2112 3858; x_wconf 89' lang='lat' dir='ltr'>ac</span> 
     </span>
    </p>
   </div>
   <div class='ocr_carea' id='block_1_73' title="bbox 458 3890 2112 3960">
    <p class='ocr_par' dir='ltr' id='par_1_73' title="bbox 458 3890 2112 3960">
     <span class='ocr_line' id='line_1_73' title="bbox 458 3890 2112 3960; baseline -0.002 -11"><span class='ocrx_word' id='word_1_482' title='bbox 458 3895 722 3949; x_wconf 86' lang='lat' dir='ltr'>redderet</span> <span class='ocrx_word' id='word_1_483' title='bbox 763 3895 1076 3960; x_wconf 88' lang='lat' dir='ltr'>rogaturus</span> <span class='ocrx_word' id='word_1_484' title='bbox 1122 3890 1386 3945; x_wconf 87' lang='lat' dir='ltr'>accessit.</span> <span class='ocrx_word' id='word_1_485' title='bbox 1440 3890 1542 3944; x_wconf 88' lang='lat' dir='ltr'>Cui</span> <span class='ocrx_word' id='word_1_486' title='bbox 1576 3907 1708 3944; x_wconf 92' lang='lat' dir='ltr'>cum</span> <span class='ocrx_word' id='word_1_487' title='bbox 1750 3891 1967 3946; x_wconf 91' lang='lat' dir='ltr'>diceret</span> <span class='ocrx_word' id='word_1_488' title='bbox 1998 3909 2112 3947; x_wconf 90' lang='lat' dir='ltr'>non</span> 
     </span>
    </p>
   </div>
   <div class='ocr_carea' id='block_1_74' title="bbox 459 3978 2112 4050">
    <p class='ocr_par' dir='ltr' id='par_1_74' title="bbox 459 3978 2112 4050">
     <span class='ocr_line' id='line_1_74' title="bbox 459 3978 2112 4050; baseline 0.001 -15"><span class='ocrx_word' id='word_1_489' title='bbox 459 3983 583 4036; x_wconf 74' lang='lat' dir='ltr'>haec</span> <span class='ocrx_word' id='word_1_490' title='bbox 616 3998 743 4047; x_wconf 87' lang='lat' dir='ltr'>sua,</span> <span class='ocrx_word' id='word_1_491' title='bbox 768 3980 868 4033; x_wconf 90' lang='lat' dir='ltr'>sed</span> <span class='ocrx_word' id='word_1_492' title='bbox 902 3978 1301 4049; x_wconf 88' lang='lat' dir='ltr'>apostolorum</span> <span class='ocrx_word' id='word_1_493' title='bbox 1331 3994 1479 4048; x_wconf 88' lang='lat' dir='ltr'>esse,</span> <span class='ocrx_word' id='word_1_494' title='bbox 1515 3984 1678 4050; x_wconf 84' lang='lat' dir='ltr'>pater</span> <span class='ocrx_word' id='word_1_495' title='bbox 1706 3980 2112 4050; x_wconf 87' lang='lat' dir='ltr'>gemebundus</span> 
     </span>
    </p>
   </div>
   <div class='ocr_carea' id='block_1_75' title="bbox 466 4066 2114 4141">
    <p class='ocr_par' dir='ltr' id='par_1_75' title="bbox 466 4066 2114 4141">
     <span class='ocr_line' id='line_1_75' title="bbox 466 4066 2114 4141; baseline 0.001 -18"><span class='ocrx_word' id='word_1_496' title='bbox 466 4071 793 4141; x_wconf 88' lang='lat' dir='ltr'>prostratus</span> <span class='ocrx_word' id='word_1_497' title='bbox 849 4068 976 4137; x_wconf 90' lang='lat' dir='ltr'>ejus</span> <span class='ocrx_word' id='word_1_498' title='bbox 1024 4066 1305 4137; x_wconf 88' lang='lat' dir='ltr'>vestigiis,</span> <span class='ocrx_word' id='word_1_499' title='bbox 1330 4066 1537 4122; x_wconf 87' lang='lat' dir='ltr'>tandiu</span> <span class='ocrx_word' id='word_1_500' title='bbox 1582 4068 1853 4139; x_wconf 88' lang='lat' dir='ltr'>precibus</span> <span class='ocrx_word' id='word_1_501' title='bbox 1902 4069 2114 4125; x_wconf 87' lang='lat' dir='ltr'>institit</span> 
     </span>
    </p>
   </div>
   <div class='ocr_carea' id='block_1_76' title="bbox 467 4155 2114 4222">
    <p class='ocr_par' dir='ltr' id='par_1_76' title="bbox 467 4155 2114 4222">
     <span class='ocr_line' id='line_1_76' title="bbox 467 4155 2114 4222; baseline -0.001 -8"><span class='ocrx_word' id='word_1_502' title='bbox 467 4160 650 4214; x_wconf 90' lang='lat' dir='ltr'>donec</span> <span class='ocrx_word' id='word_1_503' title='bbox 680 4155 895 4222; x_wconf 88' lang='lat' dir='ltr'>vir,Dei</span> <span class='ocrx_word' id='word_1_504' title='bbox 928 4155 1300 4210; x_wconf 89' lang='lat' dir='ltr'>miseratione</span> <span class='ocrx_word' id='word_1_505' title='bbox 1322 4161 1672 4222; x_wconf 89' lang='lat' dir='ltr'>commotus,</span> <span class='ocrx_word' id='word_1_506' title='bbox 1694 4156 1891 4221; x_wconf 88' lang='lat' dir='ltr'>ipsum</span> <span class='ocrx_word' id='word_1_507' title='bbox 1922 4158 2114 4213; x_wconf 88' lang='lat' dir='ltr'>remit-</span> 
     </span>
    </p>
   </div>
   <div class='ocr_carea' id='block_1_77' title="bbox 466 4243 2111 4317">
    <p class='ocr_par' dir='ltr' id='par_1_77' title="bbox 466 4243 2111 4317">
     <span class='ocr_line' id='line_1_77' title="bbox 466 4243 2111 4317; baseline 0 -16"><span class='ocrx_word' id='word_1_508' title='bbox 466 4251 595 4301; x_wconf 90' lang='lat' dir='ltr'>tens</span> <span class='ocrx_word' id='word_1_509' title='bbox 649 4245 719 4301; x_wconf 89' lang='lat' dir='ltr'>ad</span> <span class='ocrx_word' id='word_1_510' title='bbox 756 4243 1010 4315; x_wconf 90' lang='lat' dir='ltr'>propria,</span> <span class='ocrx_word' id='word_1_511' title='bbox 1045 4260 1106 4299; x_wconf 90' lang='lat' dir='ltr'>se</span> <span class='ocrx_word' id='word_1_512' title='bbox 1150 4259 1253 4314; x_wconf 89' lang='lat' dir='ltr'>pro</span> <span class='ocrx_word' id='word_1_513' title='bbox 1285 4259 1350 4297; x_wconf 93' lang='lat' dir='ltr'>eo</span> <span class='ocrx_word' id='word_1_514' title='bbox 1385 4244 1565 4299; x_wconf 90' lang='lat' dir='ltr'>Deum</span> <span class='ocrx_word' id='word_1_515' title='bbox 1598 4248 1945 4316; x_wconf 87' lang='lat' dir='ltr'>rogaturum</span> <span class='ocrx_word' id='word_1_516' title='bbox 1980 4262 2111 4317; x_wconf 90' lang='lat' dir='ltr'>pro-</span> 
     </span>
    </p>
   </div>
   <div class='ocr_carea' id='block_1_78' title="bbox 471 4333 2113 4405">
    <p class='ocr_par' dir='ltr' id='par_1_78' title="bbox 471 4333 2113 4405">
     <span class='ocr_line' id='line_1_78' title="bbox 471 4333 2113 4405; baseline 0 -15"><span class='ocrx_word' id='word_1_517' title='bbox 471 4336 655 4390; x_wconf 90' lang='lat' dir='ltr'>misit.</span> <span class='ocrx_word' id='word_1_518' title='bbox 689 4335 853 4389; x_wconf 91' lang='lat' dir='ltr'>Tunc</span> <span class='ocrx_word' id='word_1_519' title='bbox 884 4333 1106 4403; x_wconf 84' lang='lat' dir='ltr'>statim,</span> <span class='ocrx_word' id='word_1_520' title='bbox 1166 4349 1232 4387; x_wconf 91' lang='lat' dir='ltr'>eo</span> <span class='ocrx_word' id='word_1_521' title='bbox 1264 4333 1618 4400; x_wconf 89' lang='lat' dir='ltr'>discedente,</span> <span class='ocrx_word' id='word_1_522' title='bbox 1668 4335 2113 4405; x_wconf 89' lang='lat' dir='ltr'>convocatisque</span> 
     </span>
    </p>
   </div>
   <div class='ocr_carea' id='block_1_79' title="bbox 465 4422 2111 4494">
    <p class='ocr_par' dir='ltr' id='par_1_79' title="bbox 465 4422 2111 4494">
     <span class='ocr_line' id='line_1_79' title="bbox 465 4422 2111 4494; baseline -0.001 -15"><span class='ocrx_word' id='word_1_523' title='bbox 465 4424 765 4494; x_wconf 89' lang='lat' dir='ltr'>fratribus,</span> <span class='ocrx_word' id='word_1_524' title='bbox 790 4422 1129 4494; x_wconf 88' lang='lat' dir='ltr'>suppliciter</span> <span class='ocrx_word' id='word_1_525' title='bbox 1157 4422 1401 4477; x_wconf 89' lang='lat' dir='ltr'>orationi</span> <span class='ocrx_word' id='word_1_526' title='bbox 1432 4422 1717 4477; x_wconf 91' lang='lat' dir='ltr'>incubuit.</span> <span class='ocrx_word' id='word_1_527' title='bbox 1743 4424 1967 4486; x_wconf 87' lang='lat' dir='ltr'>Quibus</span> <span class='ocrx_word' id='word_1_528' title='bbox 1999 4424 2111 4478; x_wconf 89' lang='lat' dir='ltr'>bu-</span> 
     </span>
    </p>
   </div>
   <div class='ocr_carea' id='block_1_80' title="bbox 2218 3270 3875 3344">
    <p class='ocr_par' dir='ltr' id='par_1_80' title="bbox 2218 3270 3875 3344">
     <span class='ocr_line' id='line_1_80' title="bbox 2218 3270 3875 3344; baseline -0.002 -18"><span class='ocrx_word' id='word_1_529' title='bbox 2218 3272 2416 3327; x_wconf 89' lang='lat' dir='ltr'>relicto</span> <span class='ocrx_word' id='word_1_530' title='bbox 2468 3272 2699 3344; x_wconf 88' lang='lat' dir='ltr'>proprio</span> <span class='ocrx_word' id='word_1_531' title='bbox 2748 3271 2930 3340; x_wconf 89' lang='lat' dir='ltr'>alveo,</span> <span class='ocrx_word' id='word_1_532' title='bbox 2974 3287 3231 3343; x_wconf 78' lang='lat' dir='ltr'>praeceps</span> <span class='ocrx_word' id='word_1_533' title='bbox 3262 3271 3334 3325; x_wconf 93' lang='lat' dir='ltr'>de</span> <span class='ocrx_word' id='word_1_534' title='bbox 3366 3274 3562 3325; x_wconf 91' lang='lat' dir='ltr'>monte</span> <span class='ocrx_word' id='word_1_535' title='bbox 3592 3270 3734 3338; x_wconf 89' lang='lat' dir='ltr'>ruit,</span> <span class='ocrx_word' id='word_1_536' title='bbox 3768 3270 3875 3323; x_wconf 90' lang='lat' dir='ltr'>im-</span> 
     </span>
    </p>
   </div>
   <div class='ocr_carea' id='block_1_81' title="bbox 2220 3359 3872 3432">
    <p class='ocr_par' dir='ltr' id='par_1_81' title="bbox 2220 3359 3872 3432">
     <span class='ocr_line' id='line_1_81' title="bbox 2220 3359 3872 3432; baseline -0.002 -16"><span class='ocrx_word' id='word_1_537' title='bbox 2220 3378 2453 3416; x_wconf 88' lang='lat' dir='ltr'>mensos</span> <span class='ocrx_word' id='word_1_538' title='bbox 2485 3365 2781 3432; x_wconf 89' lang='lat' dir='ltr'>petrarum</span> <span class='ocrx_word' id='word_1_539' title='bbox 2832 3360 3107 3430; x_wconf 88' lang='lat' dir='ltr'>scopulos</span> <span class='ocrx_word' id='word_1_540' title='bbox 3145 3363 3201 3415; x_wconf 91' lang='lat' dir='ltr'>et</span> <span class='ocrx_word' id='word_1_541' title='bbox 3231 3359 3469 3415; x_wconf 88' lang='lat' dir='ltr'>arbores</span> <span class='ocrx_word' id='word_1_542' title='bbox 3522 3374 3726 3414; x_wconf 88' lang='lat' dir='ltr'>secum</span> <span class='ocrx_word' id='word_1_543' title='bbox 3757 3363 3872 3413; x_wconf 82' lang='lat' dir='ltr'>tra-</span> 
     </span>
    </p>
   </div>
   <div class='ocr_carea' id='block_1_82' title="bbox 2222 3447 3871 3520">
    <p class='ocr_par' dir='ltr' id='par_1_82' title="bbox 2222 3447 3871 3520">
     <span class='ocr_line' id='line_1_82' title="bbox 2222 3447 3871 3520; baseline -0.002 -18"><span class='ocrx_word' id='word_1_544' title='bbox 2222 3450 2697 3520; x_wconf 70' lang='lat' dir='ltr'>hens,praedictas</span> <span class='ocrx_word' id='word_1_545' title='bbox 2728 3449 2931 3504; x_wconf 91' lang='lat' dir='ltr'>domos</span> <span class='ocrx_word' id='word_1_546' title='bbox 2950 3449 3215 3504; x_wconf 91' lang='lat' dir='ltr'>funditus</span> <span class='ocrx_word' id='word_1_547' title='bbox 3245 3448 3469 3503; x_wconf 91' lang='lat' dir='ltr'>evertit.</span> <span class='ocrx_word' id='word_1_548' title='bbox 3498 3447 3667 3502; x_wconf 89' lang='lat' dir='ltr'>Unde</span> <span class='ocrx_word' id='word_1_549' title='bbox 3697 3447 3871 3502; x_wconf 84' lang='lat' dir='ltr'>abbas</span> 
     </span>
    </p>
   </div>
   <div class='ocr_carea' id='block_1_83' title="bbox 2220 3536 3870 3609">
    <p class='ocr_par' dir='ltr' id='par_1_83' title="bbox 2220 3536 3870 3609">
     <span class='ocr_line' id='line_1_83' title="bbox 2220 3536 3870 3609; baseline -0.001 -18"><span class='ocrx_word' id='word_1_550' title='bbox 2220 3538 2483 3607; x_wconf 85' lang='lat' dir='ltr'>ejusdem</span> <span class='ocrx_word' id='word_1_551' title='bbox 2518 3537 2625 3592; x_wconf 93' lang='lat' dir='ltr'>loci</span> <span class='ocrx_word' id='word_1_552' title='bbox 2658 3554 2791 3592; x_wconf 92' lang='lat' dir='ltr'>cum</span> <span class='ocrx_word' id='word_1_553' title='bbox 2829 3538 3108 3592; x_wconf 89' lang='lat' dir='ltr'>fratribus</span> <span class='ocrx_word' id='word_1_554' title='bbox 3137 3538 3536 3609; x_wconf 89' lang='lat' dir='ltr'>perturbatus,</span> <span class='ocrx_word' id='word_1_555' title='bbox 3570 3536 3643 3591; x_wconf 91' lang='lat' dir='ltr'>de</span> <span class='ocrx_word' id='word_1_556' title='bbox 3672 3537 3870 3591; x_wconf 87' lang='lat' dir='ltr'>eodem</span> 
     </span>
    </p>
   </div>
   <div class='ocr_carea' id='block_1_84' title="bbox 2221 3626 3880 3698">
    <p class='ocr_par' dir='ltr' id='par_1_84' title="bbox 2221 3626 3880 3698">
     <span class='ocr_line' id='line_1_84' title="bbox 2221 3626 3880 3698; baseline -0.001 -18"><span class='ocrx_word' id='word_1_557' title='bbox 2221 3626 2345 3681; x_wconf 92' lang='lat' dir='ltr'>loco</span> <span class='ocrx_word' id='word_1_558' title='bbox 2378 3627 2706 3682; x_wconf 77' lang='lat' dir='ltr'>crenobium</span> <span class='ocrx_word' id='word_1_559' title='bbox 2741 3630 2969 3681; x_wconf 89' lang='lat' dir='ltr'>mutare</span> <span class='ocrx_word' id='word_1_560' title='bbox 2999 3626 3367 3698; x_wconf 88' lang='lat' dir='ltr'>disponebat.</span> <span class='ocrx_word' id='word_1_561' title='bbox 3404 3628 3558 3691; x_wconf 91' lang='lat' dir='ltr'>Quos</span> <span class='ocrx_word' id='word_1_562' title='bbox 3590 3626 3880 3697; x_wconf 85' lang='lat' dir='ltr'>benignus</span> 
     </span>
    </p>
   </div>
   <div class='ocr_carea' id='block_1_85' title="bbox 2222 3711 3882 3785">
    <p class='ocr_par' dir='ltr' id='par_1_85' title="bbox 2222 3711 3882 3785">
     <span class='ocr_line' id='line_1_85' title="bbox 2222 3711 3882 3785; baseline -0.002 -16"><span class='ocrx_word' id='word_1_563' title='bbox 2222 3720 2390 3772; x_wconf 83' lang='lat' dir='ltr'>Pater</span> <span class='ocrx_word' id='word_1_564' title='bbox 2420 3716 2513 3771; x_wconf 90' lang='lat' dir='ltr'>his</span> <span class='ocrx_word' id='word_1_565' title='bbox 2541 3716 2731 3771; x_wconf 88' lang='lat' dir='ltr'>verbis</span> <span class='ocrx_word' id='word_1_566' title='bbox 2764 3715 3100 3772; x_wconf 91' lang='lat' dir='ltr'>consolatus</span> <span class='ocrx_word' id='word_1_567' title='bbox 3129 3719 3219 3771; x_wconf 89' lang='lat' dir='ltr'>est</span> <span class='ocrx_word' id='word_1_568' title='bbox 3250 3733 3263 3770; x_wconf 91' lang='lat'><strong>:</strong></span> <span class='ocrx_word' id='word_1_569' title='bbox 3292 3735 3319 3767; x_wconf 74' lang='grc' dir='ltr'>ς(</span> <span class='ocrx_word' id='word_1_570' title='bbox 3348 3715 3559 3782; x_wconf 91' lang='lat' dir='ltr'>Nolite,</span> <span class='ocrx_word' id='word_1_571' title='bbox 3582 3711 3882 3785; x_wconf 86' lang='lat' dir='ltr'>inquit,ti-</span> 
     </span>
    </p>
   </div>
   <div class='ocr_carea' id='block_1_86' title="bbox 2225 3800 3884 3874">
    <p class='ocr_par' dir='ltr' id='par_1_86' title="bbox 2225 3800 3884 3874">
     <span class='ocr_line' id='line_1_86' title="bbox 2225 3800 3884 3874; baseline -0.002 -16"><span class='ocrx_word' id='word_1_572' title='bbox 2225 3821 2382 3860; x_wconf 88' lang='lat' dir='ltr'>mere</span> <span class='ocrx_word' id='word_1_573' title='bbox 2413 3821 2517 3859; x_wconf 90' lang='lat' dir='ltr'>nec</span> <span class='ocrx_word' id='word_1_574' title='bbox 2548 3804 2975 3859; x_wconf 89' lang='lat' dir='ltr'>habitationem</span> <span class='ocrx_word' id='word_1_575' title='bbox 3008 3803 3407 3874; x_wconf 89' lang='lat' dir='ltr'>mutare,quia</span> <span class='ocrx_word' id='word_1_576' title='bbox 3437 3802 3660 3858; x_wconf 90' lang='lat' dir='ltr'>rivulus</span> <span class='ocrx_word' id='word_1_577' title='bbox 3692 3801 3791 3857; x_wconf 89' lang='lat' dir='ltr'>ille</span> <span class='ocrx_word' id='word_1_578' title='bbox 3812 3800 3884 3855; x_wconf 88' lang='lat' dir='ltr'>de</span> 
     </span>
    </p>
   </div>
   <div class='ocr_carea' id='block_1_87' title="bbox 2223 3891 3887 3961">
    <p class='ocr_par' dir='ltr' id='par_1_87' title="bbox 2223 3891 3887 3961">
     <span class='ocr_line' id='line_1_87' title="bbox 2223 3891 3887 3961; baseline -0.002 -15"><span class='ocrx_word' id='word_1_579' title='bbox 2223 3897 2427 3948; x_wconf 69' lang='lat' dir='ltr'>csztero</span> <span class='ocrx_word' id='word_1_580' title='bbox 2460 3892 2621 3947; x_wconf 91' lang='lat' dir='ltr'>nullo</span> <span class='ocrx_word' id='word_1_581' title='bbox 2648 3894 2822 3947; x_wconf 91' lang='lat' dir='ltr'>modo</span> <span class='ocrx_word' id='word_1_582' title='bbox 2856 3893 3018 3948; x_wconf 91' lang='lat' dir='ltr'>vobis</span> <span class='ocrx_word' id='word_1_583' title='bbox 3045 3891 3201 3947; x_wconf 89' lang='lat' dir='ltr'>ultra</span> <span class='ocrx_word' id='word_1_584' title='bbox 3223 3891 3472 3948; x_wconf 88' lang='lat' dir='ltr'>nocebit.</span> <span class='ocrx_word' id='word_1_585' title='bbox 3503 3914 3531 3941; x_wconf 83' lang='lat'>»</span> <span class='ocrx_word' id='word_1_586' title='bbox 3562 3892 3723 3956; x_wconf 91' lang='lat' dir='ltr'>Quod</span> <span class='ocrx_word' id='word_1_587' title='bbox 3757 3891 3887 3961; x_wconf 87' lang='lat' dir='ltr'>ejus</span> 
     </span>
    </p>
   </div>
   <div class='ocr_carea' id='block_1_88' title="bbox 2225 3978 3883 4053">
    <p class='ocr_par' dir='ltr' id='par_1_88' title="bbox 2225 3978 3883 4053">
     <span class='ocr_line' id='line_1_88' title="bbox 2225 3978 3883 4053; baseline -0.002 -18"><span class='ocrx_word' id='word_1_588' title='bbox 2225 3982 2795 4047; x_wconf 89' lang='lat' dir='ltr'>vaticinium,verum</span> <span class='ocrx_word' id='word_1_589' title='bbox 2821 3983 3176 4053; x_wconf 83' lang='lat' dir='ltr'>firmumque</span> <span class='ocrx_word' id='word_1_590' title='bbox 3198 3981 3314 4037; x_wconf 91' lang='lat' dir='ltr'>huc</span> <span class='ocrx_word' id='word_1_591' title='bbox 3343 3998 3532 4052; x_wconf 91' lang='lat' dir='ltr'>usque</span> <span class='ocrx_word' id='word_1_592' title='bbox 3558 3978 3883 4053; x_wconf 89' lang='lat' dir='ltr'>permansit</span> 
     </span>
    </p>
   </div>
   <div class='ocr_carea' id='block_1_89' title="bbox 2225 4068 3883 4141">
    <p class='ocr_par' dir='ltr' id='par_1_89' title="bbox 2225 4068 3883 4141">
     <span class='ocr_line' id='line_1_89' title="bbox 2225 4068 3883 4141; baseline -0.002 -16"><span class='ocrx_word' id='word_1_593' title='bbox 2225 4070 2487 4141; x_wconf 91' lang='lat' dir='ltr'>Denique</span> <span class='ocrx_word' id='word_1_594' title='bbox 2509 4069 2730 4125; x_wconf 92' lang='lat' dir='ltr'>rivulus</span> <span class='ocrx_word' id='word_1_595' title='bbox 2757 4070 2853 4125; x_wconf 92' lang='lat' dir='ltr'>ille</span> <span class='ocrx_word' id='word_1_596' title='bbox 2883 4071 2953 4125; x_wconf 91' lang='lat' dir='ltr'>de</span> <span class='ocrx_word' id='word_1_597' title='bbox 2984 4075 3187 4126; x_wconf 70' lang='lat' dir='ltr'>caetero</span> <span class='ocrx_word' id='word_1_598' title='bbox 3210 4070 3415 4125; x_wconf 91' lang='lat' dir='ltr'>domos</span> <span class='ocrx_word' id='word_1_599' title='bbox 3442 4069 3522 4125; x_wconf 91' lang='lat' dir='ltr'>ibi</span> <span class='ocrx_word' id='word_1_600' title='bbox 3549 4068 3883 4124; x_wconf 85' lang='lat' dir='ltr'>nullatenus</span> 
     </span>
    </p>
   </div>
   <div class='ocr_carea' id='block_1_90' title="bbox 2225 4158 3882 4230">
    <p class='ocr_par' dir='ltr' id='par_1_90' title="bbox 2225 4158 3882 4230">
     <span class='ocr_line' id='line_1_90' title="bbox 2225 4158 3882 4230; baseline -0.001 -18"><span class='ocrx_word' id='word_1_601' title='bbox 2225 4159 2391 4227; x_wconf 83' lang='lat' dir='ltr'>laesit,</span> <span class='ocrx_word' id='word_1_602' title='bbox 2426 4176 2530 4214; x_wconf 89' lang='lat' dir='ltr'>nec</span> <span class='ocrx_word' id='word_1_603' title='bbox 2562 4160 2715 4230; x_wconf 92' lang='lat' dir='ltr'>quod</span> <span class='ocrx_word' id='word_1_604' title='bbox 2749 4164 2889 4215; x_wconf 91' lang='lat' dir='ltr'>tunc</span> <span class='ocrx_word' id='word_1_605' title='bbox 2922 4159 3131 4215; x_wconf 89' lang='lat' dir='ltr'>accidit</span> <span class='ocrx_word' id='word_1_606' title='bbox 3187 4160 3373 4215; x_wconf 90' lang='lat' dir='ltr'>sancti</span> <span class='ocrx_word' id='word_1_607' title='bbox 3416 4159 3521 4214; x_wconf 91' lang='lat' dir='ltr'>viri</span> <span class='ocrx_word' id='word_1_608' title='bbox 3583 4158 3882 4230; x_wconf 88' lang='lat' dir='ltr'>precibus,</span> 
     </span>
    </p>
   </div>
   <div class='ocr_carea' id='block_1_91' title="bbox 2224 4247 3037 4320">
    <p class='ocr_par' dir='ltr' id='par_1_91' title="bbox 2224 4247 3037 4320">
     <span class='ocr_line' id='line_1_91' title="bbox 2224 4247 3037 4320; baseline 0 -18"><span class='ocrx_word' id='word_1_609' title='bbox 2224 4247 2469 4303; x_wconf 89' lang='lat' dir='ltr'>ulterius</span> <span class='ocrx_word' id='word_1_610' title='bbox 2503 4247 2744 4303; x_wconf 91' lang='lat' dir='ltr'>minime</span> <span class='ocrx_word' id='word_1_611' title='bbox 2773 4248 3037 4320; x_wconf 88' lang='lat' dir='ltr'>contigit.</span> 
     </span>
    </p>
   </div>
   <div class='ocr_carea' id='block_1_92' title="bbox 2835 4338 3251 4393">
    <p class='ocr_par' dir='ltr' id='par_1_92' title="bbox 2835 4338 3251 4393">
     <span class='ocr_line' id='line_1_92' title="bbox 2835 4338 3251 4393; baseline -0.002 0"><span class='ocrx_word' id='word_1_612' title='bbox 2835 4339 3070 4393; x_wconf 89' lang='lat' dir='ltr'><strong>CAPUT</strong></span> <span class='ocrx_word' id='word_1_613' title='bbox 3109 4338 3251 4392; x_wconf 89' lang='lat' dir='ltr'><strong>XLI.</strong></span> 
     </span>
    </p>
   </div>
   <div class='ocr_carea' id='block_1_93' title="bbox 2296 4427 3885 4498">
    <p class='ocr_par' dir='ltr' id='par_1_93' title="bbox 2296 4427 3885 4498">
     <span class='ocr_line' id='line_1_93' title="bbox 2296 4427 3885 4498; baseline 0 -18"><span class='ocrx_word' id='word_1_614' title='bbox 2296 4428 2513 4481; x_wconf 88' lang='lat' dir='ltr'>Iterum</span> <span class='ocrx_word' id='word_1_615' title='bbox 2536 4444 2669 4481; x_wconf 90' lang='lat' dir='ltr'>cum</span> <span class='ocrx_word' id='word_1_616' title='bbox 2701 4427 2962 4481; x_wconf 89' lang='lat' dir='ltr'>audisset</span> <span class='ocrx_word' id='word_1_617' title='bbox 2983 4429 3297 4498; x_wconf 90' lang='lat' dir='ltr'>quemdam</span> <span class='ocrx_word' id='word_1_618' title='bbox 3326 4428 3519 4483; x_wconf 89' lang='lat' dir='ltr'>virum</span> <span class='ocrx_word' id='word_1_619' title='bbox 3551 4428 3885 4483; x_wconf 84' lang='lat' dir='ltr'>venientem</span> 
     </span>
    </p>
   </div>
   <div class='ocr_carea' id='block_1_94' title="bbox 462 4512 3891 4600">
    <p class='ocr_par' dir='ltr' id='par_1_94' title="bbox 462 4512 3891 4600">
     <span class='ocr_line' id='line_1_94' title="bbox 462 4512 3891 4600; baseline -0.001 -30"><span class='ocrx_word' id='word_1_620' title='bbox 462 4514 682 4570; x_wconf 89' lang='lat' dir='ltr'>militer</span> <span class='ocrx_word' id='word_1_621' title='bbox 712 4512 770 4567; x_wconf 92' lang='lat' dir='ltr'>in</span> <span class='ocrx_word' id='word_1_622' title='bbox 802 4516 1014 4568; x_wconf 90' lang='lat' dir='ltr'>terram</span> <span class='ocrx_word' id='word_1_623' title='bbox 1048 4512 1373 4583; x_wconf 89' lang='lat' dir='ltr'>prostratis,</span> <span class='ocrx_word' id='word_1_624' title='bbox 1435 4516 1490 4566; x_wconf 89' lang='lat' dir='ltr'>et</span> <span class='ocrx_word' id='word_1_625' title='bbox 1519 4512 1878 4567; x_wconf 90' lang='lat' dir='ltr'>orationibus</span> <span class='ocrx_word' id='word_1_626' title='bbox 1912 4530 2013 4583; x_wconf 90' lang='lat' dir='ltr'>pro</span> <span class='ocrx_word' id='word_1_627' title='bbox 2045 4529 2110 4567; x_wconf 90' lang='lat' dir='ltr'>eo</span> <span class='ocrx_word' id='word_1_628' title='bbox 2144 4535 2190 4600; x_wconf 75' lang='grc' dir='ltr'>Ι)</span> <span class='ocrx_word' id='word_1_629' title='bbox 2224 4515 2293 4569; x_wconf 88' lang='lat' dir='ltr'>ad</span> <span class='ocrx_word' id='word_1_630' title='bbox 2327 4516 2763 4571; x_wconf 87' lang='lat' dir='ltr'>conversionem</span> <span class='ocrx_word' id='word_1_631' title='bbox 2798 4519 2985 4571; x_wconf 89' lang='lat' dir='ltr'>totum</span> <span class='ocrx_word' id='word_1_632' title='bbox 3037 4533 3212 4572; x_wconf 90' lang='lat' dir='ltr'>suum</span> <span class='ocrx_word' id='word_1_633' title='bbox 3262 4517 3684 4588; x_wconf 89' lang='lat' dir='ltr'>patrimonium</span> <span class='ocrx_word' id='word_1_634' title='bbox 3734 4514 3891 4571; x_wconf 87' lang='lat' dir='ltr'>scri-</span> 
     </span>
    </p>
   </div>
   <div class='ocr_carea' id='block_1_95' title="bbox 466 4600 2109 4671">
    <p class='ocr_par' dir='ltr' id='par_1_95' title="bbox 466 4600 2109 4671">
     <span class='ocr_line' id='line_1_95' title="bbox 466 4600 2109 4671; baseline -0.001 -13"><span class='ocrx_word' id='word_1_635' title='bbox 466 4605 538 4659; x_wconf 89' lang='lat' dir='ltr'>ad</span> <span class='ocrx_word' id='word_1_636' title='bbox 571 4602 887 4657; x_wconf 86' lang='lat' dir='ltr'>Dominum</span> <span class='ocrx_word' id='word_1_637' title='bbox 920 4600 1085 4668; x_wconf 88' lang='lat' dir='ltr'>fusis,</span> <span class='ocrx_word' id='word_1_638' title='bbox 1122 4600 1235 4667; x_wconf 90' lang='lat' dir='ltr'>ille,</span> <span class='ocrx_word' id='word_1_639' title='bbox 1297 4600 1389 4655; x_wconf 92' lang='lat' dir='ltr'>cui</span> <span class='ocrx_word' id='word_1_640' title='bbox 1420 4605 1689 4655; x_wconf 89' lang='lat' dir='ltr'>cantatur</span> <span class='ocrx_word' id='word_1_641' title='bbox 1746 4600 1802 4653; x_wconf 91' lang='lat' dir='ltr'>in</span> <span class='ocrx_word' id='word_1_642' title='bbox 1835 4600 2062 4671; x_wconf 89' lang='lat' dir='ltr'>psalmo</span> <span class='ocrx_word' id='word_1_643' title='bbox 2096 4620 2109 4656; x_wconf 91' lang='lat'><strong>:</strong></span> 
     </span>
    </p>
   </div>
   <div class='ocr_carea' id='block_1_96' title="bbox 464 4687 2109 4760">
    <p class='ocr_par' dir='ltr' id='par_1_96' title="bbox 464 4687 2109 4760">
     <span class='ocr_line' id='line_1_96' title="bbox 464 4687 2109 4760; baseline -0.002 -13"><span class='ocrx_word' id='word_1_644' title='bbox 464 4694 686 4749; x_wconf 78' lang='lat' dir='ltr'>Domini</span> <span class='ocrx_word' id='word_1_645' title='bbox 732 4698 810 4747; x_wconf 81' lang='lat' dir='ltr'>est</span> <span class='ocrx_word' id='word_1_646' title='bbox 870 4690 1043 4757; x_wconf 75' lang='lat' dir='ltr'>salus,</span> <span class='ocrx_word' id='word_1_647' title='bbox 1079 4706 1178 4760; x_wconf 86' lang='lat' dir='ltr'>per</span> <span class='ocrx_word' id='word_1_648' title='bbox 1241 4687 1433 4744; x_wconf 88' lang='lat' dir='ltr'>dilecti</span> <span class='ocrx_word' id='word_1_649' title='bbox 1485 4689 1575 4743; x_wconf 92' lang='lat' dir='ltr'>sui</span> <span class='ocrx_word' id='word_1_650' title='bbox 1634 4689 2109 4746; x_wconf 87' lang='lat' dir='ltr'>intercessionem</span> 
     </span>
    </p>
   </div>
   <div class='ocr_carea' id='block_1_97' title="bbox 463 4776 2109 4853">
    <p class='ocr_par' dir='ltr' id='par_1_97' title="bbox 463 4776 2109 4853">
     <span class='ocr_line' id='line_1_97' title="bbox 463 4776 2109 4853; baseline -0.002 -17"><span class='ocrx_word' id='word_1_651' title='bbox 463 4786 745 4853; x_wconf 76' lang='lat' dir='ltr'>aegrotum</span> <span class='ocrx_word' id='word_1_652' title='bbox 777 4779 1012 4849; x_wconf 82' lang='lat' dir='ltr'>integrae</span> <span class='ocrx_word' id='word_1_653' title='bbox 1043 4776 1280 4833; x_wconf 89' lang='lat' dir='ltr'>sanitati</span> <span class='ocrx_word' id='word_1_654' title='bbox 1313 4778 1590 4832; x_wconf 86' lang='lat' dir='ltr'>restituit.</span> <span class='ocrx_word' id='word_1_655' title='bbox 1617 4777 1734 4832; x_wconf 90' lang='lat' dir='ltr'>Hoc</span> <span class='ocrx_word' id='word_1_656' title='bbox 1757 4777 2109 4833; x_wconf 88' lang='lat' dir='ltr'>miraculum</span> 
     </span>
    </p>
   </div>
   <div class='ocr_carea' id='block_1_98' title="bbox 463 4866 2106 4939">
    <p class='ocr_par' dir='ltr' id='par_1_98' title="bbox 463 4866 2106 4939">
     <span class='ocr_line' id='line_1_98' title="bbox 463 4866 2106 4939; baseline -0.002 -15"><span class='ocrx_word' id='word_1_657' title='bbox 463 4871 617 4924; x_wconf 90' lang='lat' dir='ltr'>idem</span> <span class='ocrx_word' id='word_1_658' title='bbox 650 4869 773 4939; x_wconf 90' lang='lat' dir='ltr'>ipse</span> <span class='ocrx_word' id='word_1_659' title='bbox 816 4867 909 4921; x_wconf 89' lang='lat' dir='ltr'>cui</span> <span class='ocrx_word' id='word_1_660' title='bbox 942 4867 1291 4922; x_wconf 79' lang='lat' dir='ltr'>beneﬁcium</span> <span class='ocrx_word' id='word_1_661' title='bbox 1332 4867 1601 4921; x_wconf 84' lang='lat' dir='ltr'>sanitatis</span> <span class='ocrx_word' id='word_1_662' title='bbox 1632 4866 1966 4937; x_wconf 88' lang='lat' dir='ltr'>impensum</span> <span class='ocrx_word' id='word_1_663' title='bbox 2000 4871 2106 4938; x_wconf 80' lang='lat' dir='ltr'>est,</span> 
     </span>
    </p>
   </div>
   <div class='ocr_carea' id='block_1_99' title="bbox 462 4955 2109 5029">
    <p class='ocr_par' dir='ltr' id='par_1_99' title="bbox 462 4955 2109 5029">
     <span class='ocr_line' id='line_1_99' title="bbox 462 4955 2109 5029; baseline -0.001 -17"><span class='ocrx_word' id='word_1_664' title='bbox 462 4958 547 5013; x_wconf 90' lang='lat' dir='ltr'>sic</span> <span class='ocrx_word' id='word_1_665' title='bbox 578 4957 913 5029; x_wconf 89' lang='lat' dir='ltr'>contigisse,</span> <span class='ocrx_word' id='word_1_666' title='bbox 968 4960 1033 5009; x_wconf 89' lang='lat' dir='ltr'>ut</span> <span class='ocrx_word' id='word_1_667' title='bbox 1075 4955 1349 5019; x_wconf 83' lang='lat' dir='ltr'>diximus,</span> <span class='ocrx_word' id='word_1_668' title='bbox 1414 4956 1595 5010; x_wconf 91' lang='lat' dir='ltr'>donec</span> <span class='ocrx_word' id='word_1_669' title='bbox 1626 4955 1787 5022; x_wconf 84' lang='lat' dir='ltr'>vixit,</span> <span class='ocrx_word' id='word_1_670' title='bbox 1820 4956 1946 5010; x_wconf 87' lang='lat' dir='ltr'>viva</span> <span class='ocrx_word' id='word_1_671' title='bbox 1973 4973 2109 5012; x_wconf 84' lang='lat' dir='ltr'>voce</span> 
     </span>
    </p>
   </div>
   <div class='ocr_carea' id='block_1_100' title="bbox 460 5050 841 5103">
    <p class='ocr_par' dir='ltr' id='par_1_100' title="bbox 460 5050 841 5103">
     <span class='ocr_line' id='line_1_100' title="bbox 460 5050 841 5103; baseline -0.01 -1"><span class='ocrx_word' id='word_1_672' title='bbox 460 5050 708 5103; x_wconf 88' lang='lat' dir='ltr'>testatus</span> <span class='ocrx_word' id='word_1_673' title='bbox 738 5050 841 5102; x_wconf 85' lang='lat' dir='ltr'>est.</span> 
     </span>
    </p>
   </div>
   <div class='ocr_carea' id='block_1_101' title="bbox 1012 5133 1569 5189">
    <p class='ocr_par' dir='ltr' id='par_1_101' title="bbox 1012 5133 1569 5189">
     <span class='ocr_line' id='line_1_101' title="bbox 1012 5133 1569 5189; baseline 0.004 -3"><span class='ocrx_word' id='word_1_674' title='bbox 1012 5133 1243 5187; x_wconf 89' lang='lat' dir='ltr'><strong>CAPUT</strong></span> <span class='ocrx_word' id='word_1_675' title='bbox 1282 5133 1569 5189; x_wconf 83' lang='lat' dir='ltr'><strong>XXXVIII.</strong></span> 
     </span>
    </p>
   </div>
   <div class='ocr_carea' id='block_1_102' title="bbox 533 5222 2107 5296">
    <p class='ocr_par' dir='ltr' id='par_1_102' title="bbox 533 5222 2107 5296">
     <span class='ocr_line' id='line_1_102' title="bbox 533 5222 2107 5296; baseline -0.001 -15"><span class='ocrx_word' id='word_1_676' title='bbox 533 5227 654 5281; x_wconf 84' lang='lat' dir='ltr'>Alio</span> <span class='ocrx_word' id='word_1_677' title='bbox 672 5237 905 5295; x_wconf 88' lang='lat' dir='ltr'>quoque</span> <span class='ocrx_word' id='word_1_678' title='bbox 929 5222 1451 5292; x_wconf 88' lang='lat' dir='ltr'>tempore,quidam</span> <span class='ocrx_word' id='word_1_679' title='bbox 1472 5222 1638 5277; x_wconf 89' lang='lat' dir='ltr'>miles</span> <span class='ocrx_word' id='word_1_680' title='bbox 1661 5239 1729 5278; x_wconf 87' lang='lat' dir='ltr'>ex</span> <span class='ocrx_word' id='word_1_681' title='bbox 1751 5224 1963 5296; x_wconf 83' lang='lat' dir='ltr'>Oppido</span> <span class='ocrx_word' id='word_1_682' title='bbox 1981 5225 2107 5281; x_wconf 90' lang='lat' dir='ltr'>Cer-</span> 
     </span>
    </p>
   </div>
   <div class='ocr_carea' id='block_1_103' title="bbox 460 5310 2106 5382">
    <p class='ocr_par' dir='ltr' id='par_1_103' title="bbox 460 5310 2106 5382">
     <span class='ocr_line' id='line_1_103' title="bbox 460 5310 2106 5382; baseline 0 -13"><span class='ocrx_word' id='word_1_683' title='bbox 460 5315 731 5377; x_wconf 87' lang='lat' dir='ltr'>lianensi,</span> <span class='ocrx_word' id='word_1_684' title='bbox 766 5310 925 5382; x_wconf 86' lang='lat' dir='ltr'>gravi</span> <span class='ocrx_word' id='word_1_685' title='bbox 953 5310 1289 5366; x_wconf 80' lang='lat' dir='ltr'>infirmitate</span> <span class='ocrx_word' id='word_1_686' title='bbox 1321 5312 1645 5375; x_wconf 77' lang='lat' dir='ltr'>tenebatur,</span> <span class='ocrx_word' id='word_1_687' title='bbox 1671 5318 1728 5367; x_wconf 90' lang='lat' dir='ltr'>et</span> <span class='ocrx_word' id='word_1_688' title='bbox 1760 5314 2106 5369; x_wconf 87' lang='lat' dir='ltr'>notissimus</span> 
     </span>
    </p>
   </div>
   <div class='ocr_carea' id='block_1_104' title="bbox 460 5400 2104 5470">
    <p class='ocr_par' dir='ltr' id='par_1_104' title="bbox 460 5400 2104 5470">
     <span class='ocr_line' id='line_1_104' title="bbox 460 5400 2104 5470; baseline 0.001 -14"><span class='ocrx_word' id='word_1_689' title='bbox 460 5406 585 5457; x_wconf 89' lang='lat' dir='ltr'>erat</span> <span class='ocrx_word' id='word_1_690' title='bbox 608 5402 777 5456; x_wconf 88' lang='lat' dir='ltr'>beato</span> <span class='ocrx_word' id='word_1_691' title='bbox 835 5400 1069 5466; x_wconf 89' lang='lat' dir='ltr'>Joanni,</span> <span class='ocrx_word' id='word_1_692' title='bbox 1094 5404 1151 5453; x_wconf 87' lang='lat' dir='ltr'>et</span> <span class='ocrx_word' id='word_1_693' title='bbox 1180 5415 1311 5455; x_wconf 89' lang='lat' dir='ltr'>ecce</span> <span class='ocrx_word' id='word_1_694' title='bbox 1343 5416 1545 5455; x_wconf 88' lang='lat' dir='ltr'>servus</span> <span class='ocrx_word' id='word_1_695' title='bbox 1602 5403 1867 5470; x_wconf 84' lang='lat' dir='ltr'>ejusdem</span> <span class='ocrx_word' id='word_1_696' title='bbox 1900 5402 2104 5458; x_wconf 91' lang='lat' dir='ltr'>militis</span> 
     </span>
    </p>
   </div>
   <div class='ocr_carea' id='block_1_105' title="bbox 460 5488 2103 5558">
    <p class='ocr_par' dir='ltr' id='par_1_105' title="bbox 460 5488 2103 5558">
     <span class='ocr_line' id='line_1_105' title="bbox 460 5488 2103 5558; baseline -0.001 -10"><span class='ocrx_word' id='word_1_697' title='bbox 460 5490 697 5548; x_wconf 86' lang='lat' dir='ltr'>veniens</span> <span class='ocrx_word' id='word_1_698' title='bbox 728 5489 800 5544; x_wconf 89' lang='lat' dir='ltr'>ad</span> <span class='ocrx_word' id='word_1_699' title='bbox 832 5488 1093 5558; x_wconf 81' lang='lat' dir='ltr'>illum,ac</span> <span class='ocrx_word' id='word_1_700' title='bbox 1123 5490 1330 5544; x_wconf 91' lang='lat' dir='ltr'>beatus</span> <span class='ocrx_word' id='word_1_701' title='bbox 1360 5490 1615 5543; x_wconf 87' lang='lat' dir='ltr'>Joannes</span> <span class='ocrx_word' id='word_1_702' title='bbox 1664 5492 1761 5545; x_wconf 91' lang='lat' dir='ltr'>ubi</span> <span class='ocrx_word' id='word_1_703' title='bbox 1795 5509 1927 5547; x_wconf 91' lang='lat' dir='ltr'>eum</span> <span class='ocrx_word' id='word_1_704' title='bbox 1963 5510 2103 5547; x_wconf 89' lang='lat' dir='ltr'>con-</span> 
     </span>
    </p>
   </div>
   <div class='ocr_carea' id='block_1_106' title="bbox 460 5578 2099 5657">
    <p class='ocr_par' dir='ltr' id='par_1_106' title="bbox 460 5578 2099 5657">
     <span class='ocr_line' id='line_1_106' title="bbox 460 5578 2099 5657; baseline 0.001 -20"><span class='ocrx_word' id='word_1_705' title='bbox 460 5578 744 5657; x_wconf 85' lang='lat' dir='ltr'>spexit,de</span> <span class='ocrx_word' id='word_1_706' title='bbox 766 5595 871 5636; x_wconf 85' lang='lat' dir='ltr'>suo</span> <span class='ocrx_word' id='word_1_707' title='bbox 885 5578 1325 5653; x_wconf 89' lang='lat' dir='ltr'>dominoipsum</span> <span class='ocrx_word' id='word_1_708' title='bbox 1344 5579 1848 5653; x_wconf 85' lang='lat' dir='ltr'>interrogavit.Cui</span> <span class='ocrx_word' id='word_1_709' title='bbox 1863 5598 2099 5654; x_wconf 86' lang='lat' dir='ltr'>respon-</span> 
     </span>
    </p>
   </div>
   <div class='ocr_carea' id='block_1_107' title="bbox 2224 4602 3893 4675">
    <p class='ocr_par' dir='ltr' id='par_1_107' title="bbox 2224 4602 3893 4675">
     <span class='ocr_line' id='line_1_107' title="bbox 2224 4602 3893 4675; baseline -0.001 -17"><span class='ocrx_word' id='word_1_710' title='bbox 2224 4605 2414 4675; x_wconf 88' lang='lat' dir='ltr'>psisse</span> <span class='ocrx_word' id='word_1_711' title='bbox 2444 4606 2503 4659; x_wconf 92' lang='lat' dir='ltr'>in</span> <span class='ocrx_word' id='word_1_712' title='bbox 2533 4604 2818 4675; x_wconf 87' lang='lat' dir='ltr'>chartula,</span> <span class='ocrx_word' id='word_1_713' title='bbox 2843 4609 2899 4660; x_wconf 91' lang='lat' dir='ltr'>et</span> <span class='ocrx_word' id='word_1_714' title='bbox 2927 4606 3368 4661; x_wconf 88' lang='lat' dir='ltr'>succeesoribus</span> <span class='ocrx_word' id='word_1_715' title='bbox 3398 4606 3733 4661; x_wconf 77' lang='lat' dir='ltr'>haereditate</span> <span class='ocrx_word' id='word_1_716' title='bbox 3762 4602 3893 4675; x_wconf 80' lang='lat' dir='ltr'>pri-</span> 
     </span>
    </p>
   </div>
   <div class='ocr_carea' id='block_1_108' title="bbox 2221 4692 3887 4763">
    <p class='ocr_par' dir='ltr' id='par_1_108' title="bbox 2221 4692 3887 4763">
     <span class='ocr_line' id='line_1_108' title="bbox 2221 4692 3887 4763; baseline -0.001 -16"><span class='ocrx_word' id='word_1_717' title='bbox 2221 4694 2393 4763; x_wconf 89' lang='lat' dir='ltr'>vatis,</span> <span class='ocrx_word' id='word_1_718' title='bbox 2433 4711 2630 4748; x_wconf 86' lang='lat' dir='ltr'>secum</span> <span class='ocrx_word' id='word_1_719' title='bbox 2675 4695 2745 4748; x_wconf 87' lang='lat' dir='ltr'>ad</span> <span class='ocrx_word' id='word_1_720' title='bbox 2792 4695 3214 4750; x_wconf 89' lang='lat' dir='ltr'>monasterium</span> <span class='ocrx_word' id='word_1_721' title='bbox 3263 4695 3566 4761; x_wconf 88' lang='lat' dir='ltr'>detulisse,</span> <span class='ocrx_word' id='word_1_722' title='bbox 3629 4711 3755 4749; x_wconf 78' lang='lat' dir='ltr'>mox</span> <span class='ocrx_word' id='word_1_723' title='bbox 3807 4692 3887 4747; x_wconf 84' lang='lat' dir='ltr'>ad</span> 
     </span>
    </p>
   </div>
   <div class='ocr_carea' id='block_1_109' title="bbox 2222 4782 3891 4856">
    <p class='ocr_par' dir='ltr' id='par_1_109' title="bbox 2222 4782 3891 4856">
     <span class='ocr_line' id='line_1_109' title="bbox 2222 4782 3891 4856; baseline 0.001 -21"><span class='ocrx_word' id='word_1_724' title='bbox 2222 4782 2563 4852; x_wconf 74' lang='lat' dir='ltr'>praedictum</span> <span class='ocrx_word' id='word_1_725' title='bbox 2594 4783 2923 4837; x_wconf 64' lang='lat' dir='ltr'>coenobium</span> <span class='ocrx_word' id='word_1_726' title='bbox 2956 4785 3198 4851; x_wconf 89' lang='lat' dir='ltr'>venit,et</span> <span class='ocrx_word' id='word_1_727' title='bbox 3227 4784 3448 4855; x_wconf 87' lang='lat' dir='ltr'>abbati,</span> <span class='ocrx_word' id='word_1_728' title='bbox 3483 4785 3587 4856; x_wconf 90' lang='lat' dir='ltr'>qui</span> <span class='ocrx_word' id='word_1_729' title='bbox 3617 4784 3891 4839; x_wconf 80' lang='lat' dir='ltr'>chartam</span> 
     </span>
    </p>
   </div>
   <div class='ocr_carea' id='block_1_110' title="bbox 2220 4863 3889 4944">
    <p class='ocr_par' dir='ltr' id='par_1_110' title="bbox 2220 4863 3889 4944">
     <span class='ocr_line' id='line_1_110' title="bbox 2220 4863 3889 4944; baseline -0.002 -19"><span class='ocrx_word' id='word_1_730' title='bbox 2220 4875 2535 4943; x_wconf 88' lang='lat' dir='ltr'>acceperat,</span> <span class='ocrx_word' id='word_1_731' title='bbox 2570 4872 2879 4943; x_wconf 88' lang='lat' dir='ltr'>imperavit</span> <span class='ocrx_word' id='word_1_732' title='bbox 2909 4876 2972 4927; x_wconf 93' lang='lat' dir='ltr'>ut</span> <span class='ocrx_word' id='word_1_733' title='bbox 3002 4863 3225 4944; x_wconf 75' lang='lat' dir='ltr'>absque</span> <span class='ocrx_word' id='word_1_734' title='bbox 3276 4889 3442 4928; x_wconf 88' lang='lat' dir='ltr'>mora</span> <span class='ocrx_word' id='word_1_735' title='bbox 3470 4890 3602 4928; x_wconf 89' lang='lat' dir='ltr'>eam</span> <span class='ocrx_word' id='word_1_736' title='bbox 3636 4870 3740 4928; x_wconf 88' lang='lat' dir='ltr'>sibi</span> <span class='ocrx_word' id='word_1_737' title='bbox 3774 4870 3889 4923; x_wconf 86' lang='lat' dir='ltr'>de-</span> 
     </span>
    </p>
   </div>
   <div class='ocr_carea' id='block_1_111' title="bbox 2220 4960 3886 5032">
    <p class='ocr_par' dir='ltr' id='par_1_111' title="bbox 2220 4960 3886 5032">
     <span class='ocr_line' id='line_1_111' title="bbox 2220 4960 3886 5032; baseline -0.001 -19"><span class='ocrx_word' id='word_1_738' title='bbox 2220 4961 2410 5015; x_wconf 88' lang='lat' dir='ltr'>ferret.</span> <span class='ocrx_word' id='word_1_739' title='bbox 2436 4963 2619 5025; x_wconf 88' lang='lat' dir='ltr'>Quam</span> <span class='ocrx_word' id='word_1_740' title='bbox 2649 4962 2787 5015; x_wconf 91' lang='lat' dir='ltr'>dum</span> <span class='ocrx_word' id='word_1_741' title='bbox 2813 4961 3251 5032; x_wconf 88' lang='lat' dir='ltr'>acciperet,eam</span> <span class='ocrx_word' id='word_1_742' title='bbox 3287 4962 3629 5017; x_wconf 89' lang='lat' dir='ltr'>minutatim</span> <span class='ocrx_word' id='word_1_743' title='bbox 3661 4960 3886 5017; x_wconf 82' lang='lat' dir='ltr'>discer-</span> 
     </span>
    </p>
   </div>
   <div class='ocr_carea' id='block_1_112' title="bbox 2218 5047 3890 5122">
    <p class='ocr_par' dir='ltr' id='par_1_112' title="bbox 2218 5047 3890 5122">
     <span class='ocr_line' id='line_1_112' title="bbox 2218 5047 3890 5122; baseline 0 -19"><span class='ocrx_word' id='word_1_744' title='bbox 2218 5066 2381 5120; x_wconf 90' lang='lat' dir='ltr'>pens,</span> <span class='ocrx_word' id='word_1_745' title='bbox 2418 5050 2544 5119; x_wconf 89' lang='lat' dir='ltr'>ejus</span> <span class='ocrx_word' id='word_1_746' title='bbox 2566 5049 2624 5103; x_wconf 92' lang='lat' dir='ltr'>in</span> <span class='ocrx_word' id='word_1_747' title='bbox 2652 5054 2866 5105; x_wconf 87' lang='lat' dir='ltr'>terram</span> <span class='ocrx_word' id='word_1_748' title='bbox 2894 5050 3082 5105; x_wconf 88' lang='lat' dir='ltr'>frusta</span> <span class='ocrx_word' id='word_1_749' title='bbox 3105 5050 3609 5122; x_wconf 87' lang='lat' dir='ltr'>projecit.Justius</span> <span class='ocrx_word' id='word_1_750' title='bbox 3640 5047 3890 5122; x_wconf 84' lang='lat' dir='ltr'>quidem</span> 
     </span>
    </p>
   </div>
   <div class='ocr_carea' id='block_1_113' title="bbox 2218 5133 3890 5211">
    <p class='ocr_par' dir='ltr' id='par_1_113' title="bbox 2218 5133 3890 5211">
     <span class='ocr_line' id='line_1_113' title="bbox 2218 5133 3890 5211; baseline -0.003 -20"><span class='ocrx_word' id='word_1_751' title='bbox 2218 5138 2327 5192; x_wconf 90' lang='lat' dir='ltr'>sibi</span> <span class='ocrx_word' id='word_1_752' title='bbox 2345 5138 2651 5193; x_wconf 87' lang='lat' dir='ltr'>videbatur</span> <span class='ocrx_word' id='word_1_753' title='bbox 2669 5156 2802 5194; x_wconf 90' lang='lat' dir='ltr'>cum</span> <span class='ocrx_word' id='word_1_754' title='bbox 2824 5138 3048 5211; x_wconf 83' lang='lat' dir='ltr'>exiguis</span> <span class='ocrx_word' id='word_1_755' title='bbox 3063 5140 3248 5194; x_wconf 90' lang='lat' dir='ltr'>vivere</span> <span class='ocrx_word' id='word_1_756' title='bbox 3271 5156 3452 5211; x_wconf 91' lang='lat' dir='ltr'>quam</span> <span class='ocrx_word' id='word_1_757' title='bbox 3474 5133 3890 5210; x_wconf 80' lang='lat' dir='ltr'>multiplicatis</span> 
     </span>
    </p>
   </div>
   <div class='ocr_carea' id='block_1_114' title="bbox 2216 5225 3892 5298">
    <p class='ocr_par' dir='ltr' id='par_1_114' title="bbox 2216 5225 3892 5298">
     <span class='ocr_line' id='line_1_114' title="bbox 2216 5225 3892 5298; baseline -0.002 -18"><span class='ocrx_word' id='word_1_758' title='bbox 2216 5226 2426 5297; x_wconf 88' lang='lat' dir='ltr'>opibus</span> <span class='ocrx_word' id='word_1_759' title='bbox 2457 5228 2779 5298; x_wconf 87' lang='lat' dir='ltr'>superbire.</span> <span class='ocrx_word' id='word_1_760' title='bbox 2813 5228 3033 5283; x_wconf 90' lang='lat' dir='ltr'>Deinde</span> <span class='ocrx_word' id='word_1_761' title='bbox 3085 5226 3253 5283; x_wconf 89' lang='lat' dir='ltr'>valde</span> <span class='ocrx_word' id='word_1_762' title='bbox 3303 5233 3656 5293; x_wconf 89' lang='lat' dir='ltr'>commotus,</span> <span class='ocrx_word' id='word_1_763' title='bbox 3687 5225 3892 5280; x_wconf 86' lang='lat' dir='ltr'>Deum</span> 
     </span>
    </p>
   </div>
   <div class='ocr_carea' id='block_1_115' title="bbox 2215 5315 3893 5388">
    <p class='ocr_par' dir='ltr' id='par_1_115' title="bbox 2215 5315 3893 5388">
     <span class='ocr_line' id='line_1_115' title="bbox 2215 5315 3893 5388; baseline -0.002 -19"><span class='ocrx_word' id='word_1_764' title='bbox 2215 5316 2459 5386; x_wconf 88' lang='lat' dir='ltr'>ejusque</span> <span class='ocrx_word' id='word_1_765' title='bbox 2509 5316 2837 5387; x_wconf 88' lang='lat' dir='ltr'>apostolum</span> <span class='ocrx_word' id='word_1_766' title='bbox 2889 5317 3185 5382; x_wconf 89' lang='lat' dir='ltr'>invocans,</span> <span class='ocrx_word' id='word_1_767' title='bbox 3219 5316 3408 5388; x_wconf 86' lang='lat' dir='ltr'>inquit</span> <span class='ocrx_word' id='word_1_768' title='bbox 3447 5335 3458 5373; x_wconf 92' lang='lat'><strong>:</strong></span> <span class='ocrx_word' id='word_1_769' title='bbox 3493 5315 3893 5385; x_wconf 74' lang='lat' dir='ltr'>Omnipotens</span> 
     </span>
    </p>
   </div>
   <div class='ocr_carea' id='block_1_116' title="bbox 2216 5402 3893 5477">
    <p class='ocr_par' dir='ltr' id='par_1_116' title="bbox 2216 5402 3893 5477">
     <span class='ocr_line' id='line_1_116' title="bbox 2216 5402 3893 5477; baseline -0.002 -20"><span class='ocrx_word' id='word_1_770' title='bbox 2216 5406 2477 5472; x_wconf 89' lang='lat' dir='ltr'>Domine,</span> <span class='ocrx_word' id='word_1_771' title='bbox 2510 5409 2567 5460; x_wconf 93' lang='lat' dir='ltr'>et</span> <span class='ocrx_word' id='word_1_772' title='bbox 2600 5410 2683 5474; x_wconf 89' lang='lat' dir='ltr'>tu,</span> <span class='ocrx_word' id='word_1_773' title='bbox 2718 5411 2920 5460; x_wconf 90' lang='lat' dir='ltr'>sancte</span> <span class='ocrx_word' id='word_1_774' title='bbox 2953 5405 3548 5476; x_wconf 89' lang='lat' dir='ltr'>Patre,apostolorum</span> <span class='ocrx_word' id='word_1_775' title='bbox 3581 5402 3893 5477; x_wconf 83' lang='lat' dir='ltr'>princeps,</span> 
     </span>
    </p>
   </div>
   <div class='ocr_carea' id='block_1_117' title="bbox 2216 5490 3890 5553">
    <p class='ocr_par' dir='ltr' id='par_1_117' title="bbox 2216 5490 3890 5553">
     <span class='ocr_line' id='line_1_117' title="bbox 2216 5490 3890 5553; baseline -0.002 -6"><span class='ocrx_word' id='word_1_776' title='bbox 2216 5493 2563 5549; x_wconf 88' lang='lat' dir='ltr'>ulciscimini</span> <span class='ocrx_word' id='word_1_777' title='bbox 2630 5510 2722 5549; x_wconf 90' lang='lat' dir='ltr'>me</span> <span class='ocrx_word' id='word_1_778' title='bbox 2780 5495 2849 5549; x_wconf 90' lang='lat' dir='ltr'>de</span> <span class='ocrx_word' id='word_1_779' title='bbox 2908 5494 3016 5549; x_wconf 90' lang='lat' dir='ltr'>isto</span> <span class='ocrx_word' id='word_1_780' title='bbox 3048 5494 3331 5549; x_wconf 74' lang='lat' dir='ltr'>cmnobio.</span> <span class='ocrx_word' id='word_1_781' title='bbox 3396 5496 3465 5549; x_wconf 87' lang='lat' dir='ltr'>Et</span> <span class='ocrx_word' id='word_1_782' title='bbox 3494 5495 3614 5549; x_wconf 81' lang='lat' dir='ltr'>haee</span> <span class='ocrx_word' id='word_1_783' title='bbox 3643 5490 3890 5553; x_wconf 84' lang='lat' dir='ltr'>dicens,</span> 
     </span>
    </p>
   </div>
   <div class='ocr_carea' id='block_1_118' title="bbox 2213 5582 3895 5658">
    <p class='ocr_par' dir='ltr' id='par_1_118' title="bbox 2213 5582 3895 5658">
     <span class='ocr_line' id='line_1_118' title="bbox 2213 5582 3895 5658; baseline -0.001 -20"><span class='ocrx_word' id='word_1_784' title='bbox 2213 5584 2399 5640; x_wconf 85' lang='lat' dir='ltr'>iratus</span> <span class='ocrx_word' id='word_1_785' title='bbox 2430 5583 2733 5639; x_wconf 86' lang='lat' dir='ltr'>confestim</span> <span class='ocrx_word' id='word_1_786' title='bbox 2758 5583 3059 5641; x_wconf 88' lang='lat' dir='ltr'>abscessit.</span> <span class='ocrx_word' id='word_1_787' title='bbox 3085 5584 3206 5651; x_wconf 88' lang='lat' dir='ltr'>Quo</span> <span class='ocrx_word' id='word_1_788' title='bbox 3239 5601 3356 5647; x_wconf 87' lang='lat' dir='ltr'>non</span> <span class='ocrx_word' id='word_1_789' title='bbox 3386 5582 3556 5658; x_wconf 80' lang='lat' dir='ltr'>longe</span> <span class='ocrx_word' id='word_1_790' title='bbox 3581 5582 3895 5656; x_wconf 71' lang='lat' dir='ltr'>digresso,</span> 
     </span>
    </p>
   </div>
  </div>
