4004 6170
155 325 268 388 685

3440 344 3559 404 686

156 459 497 532 repentinus
518 459 598 516 ibi
622 477 944 521 succensus
965 467 1052 520 est
1071 464 1245 537 ignis,
1267 465 1366 536 qui
1388 468 1579 521 totum
1601 480 1800 521 mona-
1828 469 1879 536 Α
1915 463 2128 518 iterum
2161 469 2294 536 post
2323 465 2447 522 dies
2481 468 2722 541 triginta
2750 470 2938 526 eidem
2971 473 3255 530 monacho
3288 474 3560 532 similiter

157 549 396 604 sterium
415 565 485 606 ex
505 550 716 621 majori
737 557 902 624 parte
919 553 1440 617 combussit.Quod
1463 554 1800 610 incendium
1913 552 2203 624 apparuit,
2232 554 2401 625 eique
2433 555 2578 612 dixit
2607 575 2618 613 :
2653 559 2830 626 Vade,
2855 564 2912 615 et
2940 565 3143 617 sancto
3176 563 3325 634 patri
3346 564 3560 620 Joanni

155 637 347 693 socius
367 639 675 710 ejus,dum
699 642 1163 714 cerneret,eique
1186 643 1502 712 nuntiaret,
1523 659 1627 699 nec
1649 647 1801 697 retro
1913 660 2016 714 age
2048 661 2150 714 pro
2185 660 2276 698 me
2307 645 2545 716 gratias,
2581 647 2837 704 inferens
2868 650 3006 720 quia
3034 668 3138 723 ego
3172 670 3274 725 per
3301 670 3435 709 eum
3468 671 3557 710 re-

154 727 426 799 respexit,
457 745 563 784 nec
594 729 666 784 ad
697 729 890 785 locum
922 730 1113 800 rediit,
1137 733 1237 788 sed
1268 733 1361 788 via
1391 748 1522 803 qua
1551 736 1803 803 coeperat
1913 731 2258 788 conciliatus
2288 733 2347 788 in
2378 733 2693 792 electorum
2723 743 2871 793 ccetu
2905 740 3180 796 consisto.

151 815 689 873 Vallimbrosanum
721 819 1050 874 ccenobium
1082 821 1430 877 festinanter
1458 820 1658 876 adivit.
2504 824 2737 880 CAPUT
2776 827 2963 882 XLIV.

759 907 994 963 CAPUT
1032 909 1196 964 XLIl.
1985 909 2111 965 Alio
2135 915 2392 982 tempore
2414 911 2652 982 quidam
2669 931 3004 986 conversus,
3020 919 3555 989 instinctudiaboli,

224 994 354 1051 Alio
380 1001 662 1068 tempore,
687 1013 821 1052 cum
847 997 905 1051 in
939 998 1141 1054 eodem
1164 1004 1318 1056 esset
1345 999 1724 1065 monasterio,
1748 1003 1805 1054 et
1914 999 2190 1054 saeculum
2212 1001 2595 1072 dereliquisse
2615 1009 2672 1058 et
2695 1005 2765 1058 ad
2794 1007 3215 1063 monasterium
3245 1025 3307 1065 se
3328 1011 3559 1066 venisse

154 1102 308 1157 papa
327 1084 655 1156 Stephanus
677 1101 778 1157 per
801 1085 1079 1142 viciniora
1102 1089 1222 1143 loca
1243 1088 1538 1156 transiret,
1563 1105 1701 1143 suos
1722 1087 1801 1142 le-
1914 1089 2205 1160 paenituit.
2240 1090 2348 1154 Qui
2381 1107 2514 1146 cum
2547 1093 2781 1148 beatum
2804 1095 3090 1151 Joannem
3123 1097 3322 1154 nimiis
3354 1116 3418 1153 ac
3449 1100 3560 1154 im-

154 1179 324 1248 gates
344 1175 415 1230 ad
437 1190 572 1230 eum
604 1174 767 1229 misit
797 1179 855 1231 et
875 1177 948 1231 ad
980 1193 1041 1232 se
1062 1177 1254 1232 venire
1277 1177 1516 1250 r‘ogavit.
1541 1177 1804 1248 Cumque
1914 1178 2180 1250 portunis
2211 1179 2483 1251 precibus
2512 1198 2663 1254 saepe
2694 1191 2955 1254 rogasset
2985 1202 3020 1240 a
3050 1187 3403 1243 monasterio
3426 1204 3561 1243 cum

155 1264 340 1318 nimia
370 1269 645 1334 gravatus
677 1265 1041 1335 aegritudine,
1071 1281 1175 1322 nec
1209 1271 1406 1338 posset
1427 1268 1498 1322 ad
1531 1283 1664 1322 eum
1697 1265 1801 1336 ire,
1915 1267 2043 1336 ejus
2074 1266 2307 1322 licentia
2337 1268 2653 1340 discedere,
2678 1275 2909 1327 tandem
2931 1273 3017 1328 vir
3037 1274 3244 1331 beatus
3267 1293 3381 1332 non
3403 1281 3564 1332 tran-

154 1369 261 1408 nec
291 1351 485 1422 vellet,
516 1352 691 1424 legati
726 1357 1096 1410 revertuntur
1135 1356 1208 1410 ad
1253 1357 1558 1411 dominum
1592 1372 1804 1428 papam
1917 1356 2102 1427 quillo
2125 1357 2319 1412 animo
2352 1375 2564 1429 passus
2587 1365 2676 1415 est
2704 1378 2838 1417 eum
2863 1362 3040 1418 abire.
3065 1365 3328 1437 Cumque
3360 1365 3567 1438 paulu-

152 1447 488 1500 asserentes
510 1441 766 1498 illumad
793 1443 1072 1500 sevenire
1094 1461 1209 1500 non
1232 1445 1660 1516 posse.Quibus
1682 1445 1807 1516 ipse
1917 1444 2042 1500 lum
2102 1462 2136 1501 a
2187 1445 2666 1504 Valle-umbrosa
2723 1450 2951 1518 fuisset,
3003 1451 3234 1509 diabolo
3295 1455 3565 1526 ducente,

152 1531 460 1604 respondit
490 1547 503 1584 :
554 1534 638 1586 Ite
681 1530 852 1601 eique
883 1532 1078 1602 dicite,
1112 1534 1160 1587 si
1193 1533 1363 1589 aliter
1393 1550 1511 1589 non
1542 1532 1714 1602 valet,
1747 1533 1805 1586 in
1917 1533 2238 1604 digressus,
2271 1536 2342 1590 de
2373 1535 2489 1591 alta
2520 1553 2661 1609 rupe
2703 1554 2806 1609 per
2852 1556 3032 1610 quam
3063 1540 3204 1608 ibat,
3239 1543 3312 1597 ab
3363 1545 3568 1599 eodem

151 1619 303 1676 lecto
352 1620 487 1676 duci
536 1635 600 1675 se
646 1619 838 1675 faciat.
873 1621 980 1684 Qui
1029 1637 1162 1677 mox
1201 1623 1273 1677 ad
1305 1623 1503 1694 ipsum
1533 1619 1804 1694 regressi,
1917 1639 2091 1694 quem
2109 1624 2466 1695 sequebatur
2481 1627 3215 1698 praecipitatus,confestim
3233 1631 3568 1704 exspiravit.

147 1712 392 1782 jussum
423 1708 647 1765 domini
677 1725 840 1780 papae
886 1709 1000 1764 sibi
1045 1711 1339 1766 nuntiant.
1373 1711 1535 1776 Quod
1566 1713 1808 1767 sanctus
1919 1711 2082 1766 Unde
2107 1717 2373 1782 patenter
2403 1714 2732 1770 ostenditur
2760 1732 2940 1787 quam
2971 1718 3365 1789 periculosum
3396 1721 3572 1777 fuerit

154 1799 327 1855 Pater
352 1797 618 1865 audiens,
643 1797 843 1852 statim
872 1797 1178 1854 ecclesiam
1211 1798 1410 1867 intrat,
1439 1800 1619 1854 Deum
1649 1798 1804 1869 ejus-
1840 1845 1888 1910 B
1918 1805 2187 1856 sanctum
2217 1801 2411 1856 virum
2441 1801 2790 1875 relinquere,
2815 1810 2920 1861 aut
2947 1808 3076 1877 ejus
3107 1807 3568 1880 indignationem

161 1905 264 1910 ___-
304 1891 533 1910 _-__.l.-_
571 1890 759 1910 -___-L
814 1891 876 1910 --ι
910 1887 1142 1910 ,ιε----Δ
1180 1888 1287 1910 -2L:
1336 1887 1637 1910 ___-:1!_-...
1674 1887 1778 1910 -L-
1918 1888 2207 1910 3_____._-.._

155 1905 270 1961 que
301 1891 535 1944 sanctos
566 1890 781 1954 exorat,
814 1891 879 1941 ut
908 1887 1144 1959 aliquod
1178 1888 1290 1943 sibi
1331 1887 1642 1944 consilium
1673 1887 1808 1943 abs-
1841 1887 1888 1910 "
1918 1888 2232 1946 incurrere.

156 1993 271 2051 que
301 1974 582 2036 seandalo
613 1975 798 2047 daret,
831 1991 903 2031 ne
947 1977 1019 2032 ad
1049 1977 1453 2049 supradictum
1483 1993 1696 2048 papam
1727 1976 1810 2031 ire
2525 1981 2756 2036 CAPUT
2801 1982 2960 2037 XLV.

157 2068 386 2123 debeat.
411 2065 685 2120 Oratione
711 2063 1022 2138 completa,
1046 2066 1118 2121 ad
1149 2065 1373 2138 legatos
1403 2081 1566 2137 papae
1588 2065 1810 2136 exiens,
1991 2069 2134 2123 Item
2159 2067 2310 2124 alius
2336 2068 2532 2138 homo,
2561 2069 2890 2128 Florentius
2921 2074 3178 2142 nomine,
3204 2076 3439 2130 urbanas
3461 2075 3574 2132 elo-

155 2155 305 2211 lecto
339 2171 402 2209 se
434 2153 767 2227 projiciens,
797 2153 1132 2224 aliquantos
1163 2171 1474 2210 conversos
1501 2155 1696 2210 venire
1728 2154 1809 2210 fe-
1920 2157 2168 2228 quentiae
2191 2161 2246 2212 et
2267 2157 2474 2225 civilis,
2500 2158 2601 2229 qui
2627 2159 2959 2216 Simoniaca
2983 2164 3228 2233 perfidia
3249 2181 3352 2234 pro
3376 2166 3574 2222 defen-

157 2245 255 2312 cit,
282 2247 343 2300 et
373 2259 436 2299 se
467 2244 538 2298 ad
570 2259 782 2315 papam
815 2242 1033 2315 portari
1063 2243 1352 2316 pracepit.
1377 2244 1643 2315 Cumque
1673 2259 1812 2315 pau-
1920 2245 2083 2300 sione
2115 2247 2424 2316 cujusdam
2459 2245 2716 2319 episcopi
2764 2248 2930 2304 valde
2977 2252 3165 2306 fuerat
3211 2252 3571 2318 maculatus,

155 2333 349 2389 lulum
381 2349 414 2388 a
456 2331 809 2388 monasterio
840 2332 1243 2404 processisset,
1275 2349 1410 2388 mox
1440 2348 1540 2388 aer
1567 2331 1810 2388 validis-
1919 2335 2061 2390 dum
2111 2335 2465 2406 gravissima
2513 2341 2810 2392 teneretur
2857 2339 3220 2409 infirmitate,
3272 2343 3446 2397 morti
3509 2359 3573 2398 se

156 2423 307 2479 sime
338 2420 722 2478 conturbatus
753 2425 863 2488 est,
888 2425 952 2476 ut
979 2425 1282 2476 ventorum
1309 2421 1583 2476 nimietas
1613 2425 1669 2476 et
1696 2420 1807 2476 im-
1919 2423 2250 2495 proximum
2270 2425 2504 2495 penitus
2522 2427 2959 2496 asserebat,sed
2984 2429 3136 2484 inter
3152 2446 3356 2502 graves
3378 2431 3573 2490 luctus

122 2511 444 2568 -mensitas
492 2509 822 2582 pluviarum
875 2509 1094 2582 pariter
1139 2515 1602 2583 prorumperent.
1646 2510 1808 2576 Quod
1918 2513 2270 2584 crebrosque
2300 2531 2541 2576 suorum
2575 2515 2890 2587 singultus,
2925 2534 3026 2588 per
3071 2518 3290 2574 amicos
3345 2537 3484 2576 suos
3537 2538 3572 2577 a

155 2618 288 2658 cum
324 2599 497 2672 legati
530 2602 854 2667 cernerent,
879 2598 1046 2654 illum
1077 2615 1209 2655 vere
1229 2599 1328 2654 Dei
1362 2599 1661 2654 hominem
1684 2615 1807 2654 cre-
1917 2606 2117 2656 sancto
2169 2602 2291 2657 viro
2344 2605 2738 2660 monasticum
2771 2605 3038 2660 habitum
3071 2607 3406 2678 postulavit.
3439 2609 3565 2681 Cui,

155 2691 385 2756 dentes,
427 2690 499 2744 ad
551 2687 973 2744 monasterium
1024 2689 1225 2744 reverti
1280 2689 1560 2755 fecerunt,
1592 2693 1650 2742 et
1695 2687 1806 2759 ipsi
1918 2691 2044 2746 sine
2074 2691 2260 2746 multa
2289 2691 2590 2758 dilatione,
2632 2694 2993 2764 probationis
3022 2695 3291 2752 habitum
3323 2696 3568 2754 minime

153 2796 334 2835 cursu
359 2779 584 2834 concito
605 2777 678 2833 ad
703 2777 1034 2849 pontificem
1057 2778 1377 2833 redierunt.
1402 2777 1518 2832 Hoc
1543 2793 1678 2832 cum
1710 2777 1810 2832 do-
1916 2779 2178 2846 tradidit,
2211 2779 2402 2835 sciens
2433 2797 2561 2836 esse
2591 2781 2874 2852 scriptum
2913 2799 2926 2836 :
2983 2783 3210 2840 Probale
3237 2785 3485 2856 spiritus,
3516 2791 3568 2843 si

155 2870 358 2924 minus
408 2883 560 2940 papa
609 2870 1003 2938 cognosceret,
1050 2866 1365 2938 ipsumque
1415 2866 1634 2921 diceret
1680 2881 1809 2924 esse
1915 2884 1984 2924 ea:
2013 2869 2117 2924 Deo
2145 2876 2275 2924 sunt
2311 2869 2358 2939 (I
2382 2870 2540 2924 Joan.
2573 2887 2651 2938 ιν,
2686 2872 2756 2941 1).
2791 2872 2899 2936 Qui
2931 2878 3203 2945 suscepto
3237 2874 3563 2931 monastico

155 2963 455 3014 sanctum.
478 2955 622 3011 Nolo
651 2955 818 3010 illum
841 2955 913 3011 ad
943 2971 1036 3011 me
1067 2955 1220 3010 ultra
1249 2954 1464 3022 venire,
1489 2956 1589 3010 sed
1621 2955 1679 3009 in
1701 2971 1809 3009 coa-
1916 2957 2142 3027 habitu,
2177 2958 2317 3012 dum
2358 2959 2485 3028 jam
2537 2957 2953 3032 convaluisset,
2986 2965 3044 3016 et
3073 2961 3330 3018 claustra
3358 2980 3562 3019 mona-

157 3048 331 3104 nobio
365 3063 472 3102 suo
502 3045 698 3117 quiete
728 3059 988 3108 manere,
1011 3045 1326 3116 ipsumque
1357 3061 1460 3116 pro
1491 3059 1604 3114 me,
1629 3048 1809 3100 statu-
1915 3045 2077 3102 sterii
2110 3045 2317 3100 baculo
2349 3051 2714 3103 sustentante
2737 3047 3037 3117 lustraret,
3061 3051 3373 3107 infirmitas
3403 3053 3564 3124 prior

157 3153 268 3207 que
300 3134 572 3191 Ecclesia:
603 3132 922 3202 catholicae,
945 3133 1047 3187 Dei
1078 3132 1445 3189 clementiam
1477 3148 1732 3188 exorare.
1915 3150 2049 3188 eum
2080 3134 2332 3206 repetiit,
2360 3133 2441 3188 ita
2472 3140 2538 3190 ut
2567 3137 2739 3192 morti
2773 3139 3138 3210 propinquus
3169 3157 3296 3196 esse
3327 3141 3560 3196 videba-

769 3221 1000 3276 CAPUT
1019 3221 1204 3277 XLIII.
1838 3212 1881 3279 C
1918 3227 2031 3278 tur.
2047 3222 2209 3285 Quod
2232 3223 2372 3278 dum
2395 3223 2481 3278 vir
2500 3229 2740 3280 sanctus
2761 3227 3046 3292 audisset,
3065 3228 3344 3284 adhibitis
3361 3245 3562 3284 secum

219 3315 286 3370 In
306 3314 511 3370 eodem
529 3316 725 3370 autem
743 3311 1006 3368 caanobio
1026 3311 1185 3366 fratri
1205 3311 1438 3367 cuidam
1457 3310 1806 3366 medicinam
1917 3311 2215 3379 fratribus,
2249 3311 2496 3367 festinus
2525 3312 2742 3368 lectum
2784 3315 2982 3386 aegroti
3030 3316 3214 3386 petiit,
3247 3333 3314 3371 ac
3361 3315 3566 3372 multis

148 3422 264 3460 sua
295 3420 481 3458 manu
516 3402 776 3467 tradidit,
808 3405 866 3457 et
913 3398 1200 3471 exemplo,
1233 3417 1410 3455 causa
1456 3399 1571 3454 alia
1615 3416 1808 3456 emer-
1918 3400 2188 3471 precibus
2219 3418 2374 3468 eum,
2409 3401 2511 3471 qui
2542 3401 2600 3454 in
2631 3401 2895 3471 proximo
2931 3403 3253 3458 moriturus
3283 3407 3426 3470 erat,
3454 3407 3564 3457 Do-

145 3497 356 3565 gente,
392 3490 532 3546 alias
561 3490 807 3547 festinus
839 3490 983 3546 abiit
1013 3490 1326 3544 Praedictus
1355 3505 1489 3544 vero
1531 3494 1802 3562 aegrotus,
1919 3489 2079 3544 mino
2109 3489 2576 3544 commendabat.
2614 3489 2887 3545 Inﬁrmus
2934 3507 3067 3545 vero
3118 3492 3294 3563 cmpit
3340 3490 3567 3547 vultum

146 3599 265 3638 non
297 3598 366 3638 se
387 3585 553 3636 caute
572 3580 932 3644 custodiens,
956 3579 1110 3633 intra
1140 3594 1360 3650 paucos
1391 3579 1518 3633 dies
1549 3578 1808 3650 exspira-
1920 3593 2093 3632 suum
2121 3577 2333 3648 operiri
2357 3576 2554 3650 pallio,
2577 3594 2692 3648 quo
2713 3579 2902 3634 fuerat
2923 3583 3251 3652 coopertus.
3278 3581 3365 3635 Ad
3391 3597 3569 3652 quem

145 3671 248 3740 vit,
272 3687 388 3744 pro
410 3669 580 3740 cujus
611 3667 896 3724 memoria
927 3683 1029 3739 per
1062 3671 1241 3722 totam
1275 3667 1809 3739 congregationem,
1921 3666 2562 3732 abbasJoannes:Quid
2581 3667 2841 3738 estquod
2861 3668 3026 3740 agis?
3040 3670 3187 3723 Tum
3210 3669 3572 3742 ille,pallens

149 3759 302 3816 sicut
325 3775 459 3815 mos
482 3762 593 3825 est,
615 3757 708 3829 agi
730 3773 834 3829 pro
853 3756 1302 3827 defunctis,ejus
1325 3755 1550 3812 obitum
1573 3772 1676 3828 per
1696 3756 1814 3827 api-
1922 3760 1978 3810 et
2003 3760 2282 3825 tremens,
2307 3755 2454 3810 dixit
2478 3775 2490 3812 :
2525 3755 2914 3812 Terribilibus
2944 3757 3130 3813 oculis
3162 3775 3336 3814 cerno
3367 3758 3570 3813 diabo-

148 3865 271 3905 cem
292 3846 634 3905 destinavit.
659 3846 774 3902 Nec
797 3847 982 3902 multo
1007 3850 1158 3918 post,
1182 3845 1269 3900 vir
1289 3845 1392 3900 Dei
1425 3845 1677 3917 rediens,
1711 3845 1812 3900 ab-
1924 3844 2048 3899 lum
2082 3861 2259 3916 prope
2287 3844 2584 3914 assistere,
2606 3861 2675 3900 ex
2703 3846 2873 3914 cujus
2905 3862 3003 3902 ore
3026 3847 3184 3902 mirae
3213 3847 3572 3919 magnitudi-

150 3939 350 3994 batem
401 3936 513 3992 loci
561 3937 632 3991 de
687 3936 862 3991 fratre
912 3934 1036 4002 illo,
1070 3934 1320 4006 qualiter
1362 3935 1689 4004 defecisset,
1723 3935 1813 3989 in-
1925 3933 2017 3988 nis
2040 3934 2298 3999 ﬂamma,
2321 3949 2508 4004 exque
2540 3933 2780 3990 naribus
2811 3935 3168 4006 sulphureus
3191 3937 3390 3992 fumus
3410 3951 3572 4008 egre-

153 4027 356 4098 quirit.
401 4025 518 4091 Ille,
550 4025 693 4081 dum
725 4025 775 4080 ei
807 4028 1020 4080 cuncta
1050 4023 1311 4080 seriatim
1344 4025 1540 4095 refert,
1566 4023 1714 4079 dixit
1742 4023 1814 4079 ad
1925 4021 2104 4077 ditur.
2138 4021 2246 4077 Ubi
2278 4026 2387 4090 est,
2420 4021 2662 4094 inquit?
2711 4027 2791 4078 En
2842 4022 2923 4078 ibi
2977 4028 3085 4091 est,
3119 4025 3354 4081 domine
3384 4025 3572 4080 Pater.

157 4115 324 4172 illum
353 4132 370 4171 :
402 4114 565 4170 Mitte
589 4131 768 4186 quam
791 4113 977 4179 ocius,
1001 4116 1060 4168 et
1087 4129 1157 4168 ex
1183 4111 1343 4168 omni
1368 4112 1817 4186 congregatione
1928 4112 2092 4166 Tunc
2122 4111 2332 4166 beatus
2369 4111 2626 4166 Joannes
2673 4111 2886 4184 raptim
2936 4112 3180 4169 abstulit
3228 4129 3460 4168 crucem
3507 4128 3578 4169 ex

155 4205 510 4262 memoriam
540 4205 671 4275 ejus
700 4201 847 4258 dele.
874 4202 1036 4266 Quod
1068 4202 1209 4257 dum
1242 4201 1460 4256 factum
1490 4207 1664 4269 esset,
1687 4217 1818 4256 evo-
1930 4200 2206 4256 manibus
2236 4201 2488 4256 tenentis
2518 4217 2672 4270 eam,
2702 4205 2758 4257 et
2787 4201 3087 4258 diabolum
3127 4218 3197 4258 ex
3237 4219 3306 4258 ea
3352 4202 3579 4258 fortiter

155 4293 277 4350 luto
304 4293 613 4364 aliquanto
637 4297 919 4365 tempore,
943 4289 1176 4346 cuidam
1206 4290 1492 4346 monacho
1524 4308 1591 4346 ex
1613 4291 1817 4345 eodem
1932 4289 2238 4362 percussit.
2273 4290 2381 4357 Qui
2414 4289 2614 4346 statim
2645 4306 2713 4346 ex
2742 4291 2928 4347 oculis
2959 4291 3250 4363 mirantis,
3283 4296 3347 4348 ut
3379 4292 3579 4347 fumus

152 4381 278 4439 loco
300 4383 468 4439 circa
501 4380 762 4437 medium
795 4381 950 4436 diem
981 4379 1288 4434 visibiliter
1309 4379 1620 4434 defunctus
1651 4395 1824 4449 appa-
1933 4379 2187 4433 evanuit.
2223 4379 2385 4433 Tunc
2433 4395 2602 4450 aeger,
2635 4396 2773 4435 voce
2825 4397 2942 4451 qua
2989 4385 3234 4452 poterat,
3267 4379 3580 4446 clamabat,

161 4473 299 4529 ruit.
324 4472 422 4528 Ad
445 4485 622 4543 quem
656 4469 968 4542 inquiens:
1001 4468 1296 4540 Numquid
1329 4472 1392 4522 tu
1412 4484 1474 4523 es
1497 4467 1826 4522 monachus
1936 4466 2135 4523 dicens
2167 4483 2179 4521 :
2232 4467 2348 4523 Deo
2393 4468 2632 4539 gratias,
2667 4468 2782 4523 Deo
2813 4468 3052 4539 gratias,
3089 4485 3220 4524 ecce
3252 4468 3421 4538 fugit,
3455 4482 3588 4522 ecce

158 4561 291 4618 atlis
311 4563 342 4616 ?
377 4559 716 4632 respondit:
743 4563 1006 4624 Prorsus,
1030 4557 1127 4613 ille
1150 4575 1162 4613 :
1187 4555 1446 4620 Qualiter
1467 4572 1622 4611 nunc
1651 4555 1778 4627 agis
1797 4554 1826 4610 ‘2
1860 4582 1906 4646 D
1939 4556 2180 4613 recessit
2205 4573 2218 4623 ;
2252 4573 2381 4612 ecce
2411 4573 2567 4612 nunc
2600 4556 2766 4612 adest
2794 4557 2963 4612 beata
2993 4557 3196 4626 Maria,
3221 4559 3458 4611 sanctus
3488 4554 3589 4608 Pe-

159 4651 308 4706 Tum
351 4649 460 4706 ille
496 4665 509 4703 :
564 4647 1143 4712 Excommunicatus,
1176 4650 1232 4700 et
1282 4663 1316 4701 a
1367 4644 1658 4702 consortio
1691 4645 1830 4700 fide-
1860 4643 1891 4646 ⁷
1943 4650 2069 4701 trus
2092 4663 2224 4700 cum
2259 4649 2460 4701 sancto
2481 4646 2812 4701 Benedicto.
2843 4646 2944 4700 Vix
2973 4646 3149 4700 verba
3177 4643 3589 4714 compleverat,

162 4736 303 4793 lium
339 4753 454 4811 per
482 4739 710 4808 patrem
730 4735 1017 4791 Joannem
1047 4751 1178 4790 sum
1212 4739 1573 4807 segregatus.
1602 4733 1833 4804 Adjecit
1941 4739 1998 4790 et
2045 4734 2244 4790 statim
2297 4733 2567 4805 spiritum
2621 4733 2930 4788 exhalavit.
2966 4733 3108 4787 Hinc
3160 4731 3386 4804 liquido
3436 4735 3597 4802 patet

164 4828 324 4882 ἤνυε
359 4825 644 4894 inquiens
680 4841 692 4878 :
730 4823 1032 4888 Quomodo
1063 4827 1119 4878 te
1144 4823 1353 4892 juvare
1385 4821 1692 4878 valemus?
1724 4823 1829 4877 Ite-
1947 4838 2121 4894 quam
2149 4821 2408 4893 praecelsi
2428 4821 2618 4875 meriti
2639 4821 2812 4876 fuerit
2835 4822 2942 4876 iste
2965 4820 3403 4886 sanctusPater,
3425 4820 3597 4890 cujus

167 4932 297 4970 rum
321 4915 453 4971 ait:
484 4913 544 4968 Si
567 4917 809 4968 sanctus
831 4912 1088 4968 Joannes
1111 4928 1203 4966 me
1226 4910 1707 4966 reconciliaverit.
1729 4910 1836 4976 Qui
1949 4911 2223 4983 precibus
2245 4909 2369 4982 ipse
2394 4909 2730 4981 languidus,
2759 4927 2863 4981 per
2890 4911 3082 4966 crucis
3105 4909 3498 4973 obstaculum,
3524 4907 3597 4962 ab

167 5005 374 5060 statim
404 5007 677 5058 sanctum
702 5001 892 5057 virum
940 5000 1104 5066 adiit,
1128 5005 1185 5056 et
1207 5016 1572 5071 quaecunque
1595 4999 1663 5054 de
1685 5015 1838 5054 mor-
1950 4999 2325 5056 infestatione
2357 5000 2686 5054 damonum
2719 5004 2808 5054 est
2836 4999 3139 5056 liberatus.

168 5099 270 5149 tuo
318 5093 553 5148 viderat
600 5095 658 5146 et
707 5091 994 5157 audierat,
1028 5089 1354 5162 plangendo
1399 5088 1724 5160 plurimum
1757 5088 1841 5144 illi
2539 5087 2775 5142 CAPUT
2814 5088 3006 5144 XLVI.

168 5183 442 5238 seriatim
459 5179 1296 5251 retulit.Tuncipse,sicuterat
1309 5182 1503 5233 mente
1519 5177 1840 5250 piissimus,
2023 5177 2148 5232 Non
2177 5177 2346 5248 longe
2374 5181 2504 5247 post
2522 5177 2679 5231 venit
2700 5177 2769 5232 ad
2803 5194 2938 5232 eum
2965 5177 3204 5249 quidam
3228 5175 3488 5231 rusticus
3525 5178 3602 5241 et,

168 5272 457 5326 abbatem
481 5269 596 5325 loci
623 5268 816 5325 venire
850 5267 1143 5339 praecepit,
1168 5270 1222 5320 et
1255 5281 1360 5337 pro
1393 5264 1595 5320 anima
1625 5282 1847 5321 excom-
1957 5265 2300 5338 provolutus
2330 5266 2459 5334 ejus
2488 5265 2758 5337 genibus,
2784 5267 3015 5338 magnis
3044 5266 3284 5320 vocibus
3305 5264 3479 5334 ccepit
3508 5264 3607 5318 ob-

169 5358 472 5414 municati
499 5356 695 5413 fratris
717 5356 978 5411 officium
1009 5360 1065 5410 et
1093 5353 1525 5425 eleemosynam
1560 5353 1617 5408 in
1644 5355 1846 5409 eodem
1961 5355 2092 5414 nixe
2115 5370 2317 5426 rogare
2346 5371 2479 5409 cum
2511 5371 2618 5426 pro
2646 5355 2818 5409 unico
2849 5372 2954 5409 suo
2977 5355 3035 5408 in
3060 5369 3242 5425 agone
3265 5353 3604 5420 constituto,

170 5449 474 5514 coenobio,
508 5464 574 5502 ac
625 5463 728 5518 per
773 5450 954 5501 totam
995 5443 1531 5516 congregationem,
1564 5442 1725 5498 velut
1753 5459 1846 5497 eo-
1961 5448 2252 5515 quatenus
2282 5443 2408 5498 suis
2438 5443 2710 5514 precibus
2737 5444 2809 5498 ab
2840 5443 3080 5498 instanti
3114 5442 3320 5498 mortis
3351 5441 3609 5514 periculo

174 5538 318 5592 dem
374 5535 472 5591 die
523 5535 790 5605 obiisset,
839 5533 1129 5588 instanter
1177 5532 1298 5587 fieri
1351 5531 1675 5586 mandavit.
1717 5531 1851 5594 Qua:
1963 5532 2256 5588 liberaret.
2289 5531 2391 5587 Cui
2426 5533 2679 5588 multum
2713 5532 3093 5603 compatiens,
3119 5531 3396 5587 fratribus
3425 5530 3610 5603 impe-

176 5627 401 5686 omnia
452 5626 592 5694 dum
638 5622 886 5680 fideliter
913 5621 1203 5696 completa
1231 5621 1508 5694 fuissent,
1539 5621 1854 5679 defunctus
1966 5627 2054 5678 rat
2105 5638 2207 5693 pro
2257 5625 2469 5694 aegroto
2521 5621 2622 5678 Dei
2673 5621 3135 5698 misericordiam
3176 5637 3430 5679 exorare.
3463 5618 3612 5687 Quid
