4030 6164
455 296 570 357 687

1501 296 1565 355 s.
1611 294 1939 358 JOANNIS
1987 276 2430 357 GUALBERTI
2473 294 2808 357 ABBATIS

3726 262 3821 353 eae

458 430 647 487 multa
668 428 695 483 ?
725 428 1022 485 Fratribus
1070 426 1129 481 in
1174 426 1419 484 ecclesia
1461 430 1784 496 orantibus,
1820 429 1946 501 ipse
1977 428 2100 484 solo
2129 430 2184 496 Α
2218 427 2518 501 Egredere,
2552 428 2690 499 quia
2719 429 2994 483 dominus
3025 425 3205 480 abbas
3236 424 3541 497 imperavit
3569 426 3633 480 ut
3674 430 3724 482 te
3749 443 3822 481 oc-

455 516 1050 593 prostratus,magnis
1072 517 1389 589 gemitibus
1404 518 1616 574 Christi
1638 518 2100 574 misericordiam

454 607 782 681 postulans,
813 623 1024 679 panem
1057 607 1404 675 transmisit,
1438 610 1495 663 et
1547 608 1748 664 statim
1800 606 2101 679 aegrotanti

455 698 647 753 reddit
678 696 1013 752 sanitatem.

1061 787 1301 841 CAPUT
1333 786 1547 841 XLVII.

528 875 747 931 Deinde
778 892 911 930 eum
943 875 1133 931 adhuc
1176 876 1348 930 famis
1379 876 1576 947 inopia
1604 877 1979 933 vehementer
2008 876 2103 930 in-

462 968 666 1032 staret,
683 970 740 1022 et
759 965 1070 1037 praedictus
1084 966 1252 1021 Pater
1274 970 1413 1020 tunc
1434 971 1566 1020 ante
1593 966 1742 1021 fores
1766 964 2101 1021 monasterii

459 1056 530 1111 de
546 1054 752 1111 Razolo
773 1059 943 1124 esset,
963 1055 1251 1127 aspiciens
1272 1072 1579 1110 vaccarum
1602 1072 1843 1111 suarum
1866 1070 2102 1126 gregem

458 1145 679 1216 injugo
700 1143 933 1215 Alpium
958 1160 1211 1215 pascere,
1230 1160 1407 1198 unam
1432 1160 1498 1199 ex
1520 1143 1812 1216 illis,dum
1837 1142 1983 1197 nihil
2007 1142 2103 1196 ha-

456 1234 617 1289 beret
632 1234 787 1306 quod
810 1233 1168 1305 pauperibus
1188 1233 1531 1289 alimoniam
1559 1233 1891 1304 petentibus
1917 1234 2100 1298 daret,

457 1340 491 1379 a
520 1324 686 1379 beato
725 1322 906 1378 Paulo
954 1324 1179 1395 petivit,
1213 1324 1411 1379 dicens
1446 1340 1457 1377 :
1518 1323 1560 1377 Ο
1594 1326 1792 1378 sancte
1827 1320 2019 1391 Paule,
2053 1321 2102 1376 si

454 1412 812 1484 pauperibus
834 1411 927 1467 his
957 1428 1137 1467 unam
1161 1412 1329 1467 dares
1352 1429 1419 1467 ex
1439 1410 1577 1468 illis.
1603 1416 1735 1466 Haec
1758 1427 1823 1466 eo
1852 1410 2101 1478 dicente,

454 1518 574 1558 una
595 1501 870 1557 deorsum
892 1501 1032 1569 ruit,
1056 1501 1373 1572 statimque
1397 1504 1626 1555 mortua
1647 1505 1753 1556 est.
1780 1500 1960 1570 Cujus
1984 1516 2104 1555 car-

456 1606 559 1646 nes
584 1590 765 1661 jussit
794 1591 1070 1647 continuo
1103 1590 1227 1645 dari
1258 1590 1635 1661 pauperibus.
1672 1590 1795 1653 Qua
1827 1605 2102 1644 consum-

455 1684 575 1751 pta,
599 1679 845 1751 supplex
873 1680 1090 1733 orando
1121 1679 1461 1748 secundam,
1486 1678 1720 1735 tertiam
1753 1682 1810 1733 et
1831 1681 2103 1747 quartam

455 1769 694 1840 accepit.
729 1769 883 1863 Quas
914 1784 1118 1874 omges
1141 1768 1506 1874 pauperibus
1536 1767 1762 1822 tribuit.
1789 1769 1913 1832 Qua
1939 1767 2008 1820 de
2042 1781 2103 1820 re
2134 1808 2182 1874 B

452 1858 716 1927 pastores
749 1854 945 1909 tristes
969 1854 1175 1925 effecti,
1200 1855 1413 1910 duxere
1444 1871 1677 1927 gregem
1699 1870 2005 1910 vaccarum
2036 1871 2104 1909 ex

457 1942 569 1999 alio
599 1944 779 1999 latere
809 1943 1045 1999 montis.
1081 1944 1191 1999 Sed
1223 1943 1377 1998 idem
1407 1944 1494 1999 vir
1524 1943 1623 1998 Dei
1657 1943 1923 2015 petitioni
1954 1960 2103 2014 pau-

456 2048 661 2105 perum
686 2033 994 2089 subvenire
1016 2034 1378 2101 desiderans,
1399 2050 1531 2089 cum
1556 2050 1671 2089 non
1695 2032 1937 2089 haberet
1961 2032 2102 2103 quid

456 2122 789 2193 petentibus
820 2123 1004 2192 daret,
1037 2123 1248 2178 iterum
1281 2124 1351 2178 ad
1383 2126 1653 2179 sanctum
1685 2121 1933 2177 Paulum
1967 2139 2104 2177 con-

454 2226 659 2267 versus
691 2210 805 2267 ait:
842 2210 884 2266 Ο
905 2211 1175 2283 Apostole
1226 2217 1445 2282 sancte,
1469 2212 1565 2267 isti
1598 2211 1789 2268 locum
1821 2212 2102 2267 mutando

455 2300 754 2373 fugerunt,
782 2306 862 2370 te,
894 2300 994 2371 qui
1048 2301 1229 2373 hujus
1276 2301 1388 2357 loci
1432 2305 1712 2372 patronus
1758 2301 1978 2369 existis,
2014 2301 2103 2355 fu-

459 2406 593 2463 gere
641 2395 955 2462 nequeunt.
1011 2392 1120 2459 Tu,
1172 2390 1272 2461 qui
1332 2391 1586 2446 multum
1640 2389 2102 2445 misericordiam

458 2480 809 2553 prasdicasti,
832 2479 1024 2534 tribue
1055 2480 1199 2533 mihi
1230 2480 1368 2551 quid
1393 2480 1582 2535 adhuc
1613 2480 1886 2551 inepibus
1919 2479 2102 2551 porri-

459 2585 593 2641 gere
636 2568 882 2625 valeam.
918 2569 1010 2623 Sic
1062 2584 1128 2624 eo
1177 2584 1310 2623 cum
1354 2568 1627 2640 lacrymis
1658 2573 1879 2633 orante,
1912 2568 2102 2622 denuo

460 2660 720 2731 quinque
749 2660 820 2714 de
847 2674 1153 2714 vaccarum
1185 2674 1428 2714 numero
1461 2662 1827 2724 corruerunt,
1852 2674 2102 2728 quarum

459 2749 727 2803 omnium
757 2764 958 2804 carnes
1001 2747 1060 2801 in
1091 2748 1288 2802 cibum
1327 2747 1510 2818 jussit
1542 2746 1895 2819 pauperibus
1928 2746 2102 2801 mini-

460 2836 655 2892 strari.
678 2837 841 2892 Tunc
871 2840 1134 2908 pastores
1165 2836 1335 2892 valde
1366 2836 1583 2891 turbati
1617 2853 1720 2909 pro
1752 2852 1959 2892 novem
1985 2836 2104 2892 ani-

464 2925 711 2980 malium
743 2926 981 2994 damno,
1010 2925 1307 2981 venientes
1339 2926 1617 2982 adversus
1665 2942 1823 2991 eum,
1856 2941 2100 2998 magnas

460 3012 731 3084 querelas
761 3014 1145 3086 ingeminant,
1179 3015 1436 3071 dicentes
1471 3033 1483 3071 :
1515 3014 1720 3071 Melius
1750 3014 1809 3070 in
1840 3018 1942 3071 tuo
1975 3032 2099 3070 mo-

459 3103 718 3159 nasterio
746 3103 1214 3160 Vallimbrosano
1247 3110 1432 3160 stares
1464 3120 1641 3176 quam
1689 3104 1803 3159 huc
1851 3105 2097 3160 venires.

458 3192 682 3259 Quibus
711 3192 808 3248 ille
838 3193 1061 3265 placide
1092 3194 1392 3266 respondit
1429 3212 1440 3249 :
1495 3194 1624 3249 Scio
1655 3210 1755 3249 vos
1786 3210 1962 3265 super
1991 3194 2100 3249 hoc
2132 3176 2174 3242 Ο

458 3298 586 3337 esse
615 3282 837 3349 tristes,
871 3299 975 3337 nec
1005 3282 1260 3354 amplius
1294 3282 1469 3339 vultis
1508 3282 1863 3354 impendere.
1898 3284 1979 3339 Ne
2026 3284 2103 3338 ti-

462 3370 689 3439 meatis,
719 3371 857 3442 quia
888 3371 1050 3425 nulla
1078 3387 1280 3426 earum
1312 3371 1419 3426 hoc
1452 3376 1709 3441 tempore
1736 3370 1867 3442 plus
1899 3371 2103 3426 morie-

458 3464 575 3516 tur.
609 3460 771 3524 Quod
803 3465 859 3517 et
888 3462 1106 3516 factum
1138 3465 1246 3516 est.
1278 3462 1348 3516 Et
1396 3460 1477 3516 sic
1523 3461 1650 3532 ipso
1681 3466 1899 3531 orante,
1934 3461 2104 3515 ruina

444 3560 767 3608 ‘vaccarum
797 3555 854 3607 et
883 3568 1040 3607 mors
1072 3551 1231 3623 prius
1264 3550 1410 3619 fuit;
1442 3554 1499 3605 et
1529 3567 1662 3604 mox
1693 3554 1757 3605 ut
1784 3567 1948 3606 orare
1978 3566 2102 3606 ces-

463 3643 631 3713 savit,
684 3641 1006 3697 incolumes
1064 3643 1533 3712 permanserunt.
1586 3642 1811 3695 Interea
1866 3644 2103 3695 sanctus

459 3731 615 3787 idem
638 3736 829 3803 Pater,
854 3733 1024 3802 cujus
1049 3734 1304 3785 mentem
1337 3728 1575 3783 ﬂamma
1626 3728 1927 3786 charitatis
1980 3746 2105 3785 ure-

454 3820 573 3889 bat,
599 3838 841 3878 cernens
862 3820 1053 3876 adhuc
1076 3819 1476 3875 famelicorum
1506 3818 1785 3889 inopiam,
1810 3823 1865 3873 et
1896 3835 1956 3875 se
1988 3837 2102 3875 non

453 3909 669 3966 habere
700 3911 855 3981 quod
889 3910 1111 3965 concite
1150 3910 1288 3963 dare
1310 3912 1527 3979 posset,
1556 3911 1743 3962 totum
1766 3907 1853 3963 lac
1880 3909 2103 3965 anima-

455 3999 601 4054 lium
626 3999 1011 4071 superstitum
1034 3998 1218 4069 jussit
1240 3999 1510 4053 distribui
1534 3998 1909 4069 pauperibus,
1933 4003 1989 4054 et
2018 4000 2102 4055 sic

458 4085 559 4141 diu
582 4085 754 4141 lactis
777 4087 1083 4157 praebendo
1105 4086 1411 4158 liquorem,
1438 4085 1655 4141 multos
1687 4104 1720 4141 a
1750 4086 1920 4141 famis
1949 4088 2096 4159 peri-

456 4175 585 4230 culo
616 4174 902 4231 liberavit.

1016 4264 1244 4320 CAPUT
1282 4265 1531 4320 XLVIII.

524 4359 587 4410 In
610 4353 829 4411 eisdem
857 4354 1233 4423 diebus,cum
1261 4356 1331 4410 ad
1353 4354 1890 4410 Vallimbrosanum
1914 4372 2099 4411 caeno-

452 4444 617 4500 bium
650 4446 1071 4517 regrederetur,
1098 4445 1375 4501 accersito
1407 4444 1599 4499 villico
1631 4445 1702 4498 de
1724 4447 1927 4515 Ponta,
1963 4461 2096 4516 pro-

2211 517 2421 573 cidam.
2456 519 2739 590 Egressus
2770 516 2967 572 statim
3003 520 3091 571 est
3123 514 3461 570 interfectus
3493 515 3564 569 ab
3596 513 3707 570 illo.

2858 594 3118 661 'CAPUT
3160 604 3216 660 L.

2283 697 2563 753 Praeterea
2618 693 2968 751 venerabilis
3016 694 3186 749 Pater
3233 692 3525 749 transiens
3578 693 3707 748 inde
3748 710 3829 765 per

2211 785 2408 859 Alpes,
2439 785 2598 841 venit
2629 786 2701 841 ad
2732 784 2925 840 locum
2956 782 3016 838 in
3048 800 3161 855 quo
3194 786 3366 838 tantae
3400 782 3625 838 arboris
3654 784 3827 838 obsta-

2213 875 2411 930 culum
2434 878 2631 930 ruerat
2657 874 2812 945 quod
2836 871 3155 927 multorum
3179 871 3343 944 paria
3364 872 3561 939 boum,
3584 876 3639 928 et
3666 871 3830 928 homi-

2212 982 2354 1019 num
2386 962 2701 1019 multitudo
2734 962 2934 1018 leviter
2962 977 3228 1017 amovere
3258 977 3375 1017 non
3405 965 3669 1032 poterant
3695 980 3708 1029 ;
3741 962 3831 1018 alia

2214 1070 2445 1125 quoque
2473 1053 2581 1121 via,
2607 1053 2855 1124 rupibus
2880 1050 3322 1121 obsistentibus,
3351 1050 3460 1105 iter
3490 1051 3701 1106 mutari
3735 1068 3846 1106 non'

2212 1148 2455 1215 poterat.
2485 1142 2587 1196 Ubi
2612 1142 2835 1196 modice
2865 1142 3265 1209 conturbatus,
3292 1140 3459 1212 quasi
3483 1141 3829 1211 queritando,

2213 1234 2369 1289 socio
2391 1232 2580 1287 dicere
2602 1231 2808 1303 ccepit:
2840 1230 2959 1285 Heu
2985 1230 2995 1283 l
3027 1229 3167 1301 quid
3190 1228 3475 1284 faciemus
3492 1229 3518 1283 ?
3543 1229 3611 1284 Et
3631 1246 3835 1284 conver-

2213 1340 2316 1378 sus
2364 1322 2423 1377 in
2471 1321 2764 1393 precibus,
2796 1336 2929 1375 cum
2977 1319 3165 1374 redire
3204 1318 3315 1373 sibi
3346 1335 3517 1389 grave
3546 1318 3833 1387 videretur,

2215 1429 2317 1468 nec
2349 1411 2656 1483 procedere
2688 1413 2904 1481 posset,
2940 1407 3203 1463 divinum
3238 1407 3518 1463 auxilium
3559 1407 3836 1464 humiliter

2213 1502 2573 1557 obsecrabat.
2622 1501 2785 1554 Tunc
2833 1499 2974 1569 Ugo,
3028 1497 3317 1570 plebanus
3368 1498 3567 1553 Sancti
3616 1497 3839 1553 Joannis

2214 1589 2477 1661 majoris,
2504 1592 2736 1645 tentans
2771 1587 2818 1643 si
2853 1604 3028 1659 quem
3061 1587 3376 1642 transitum
3408 1585 3707 1658 inveniret,
3728 1591 3839 1641 tan-

2213 1680 2345 1735 dem
2373 1694 2683 1751 aggressus
2708 1676 2919 1733 molem
2943 1675 3169 1731 arboris
3192 1675 3399 1731 levavit
3422 1675 3479 1730 in
3504 1674 3672 1741 collo,
3691 1676 3841 1746 cujus

2214 1770 2443 1841 pondus
2474 1768 2742 1823 homines
2774 1765 2966 1831 inulti,
2997 1781 3101 1821 nec
3133 1764 3454 1821 multorum
3487 1765 3651 1835 paria
3678 1765 3839 1820 boum

2213 1860 2295 1931 (ut
2329 1856 2672 1930 praedictum
2704 1856 2812 1925 est)
2864 1854 3157 1910 ullatenus
3198 1854 3577 1927 dimoverent,
3611 1869 3841 1925 eamque

2213 1947 2366 2003 sicut
2394 1946 2517 2001 leve
2544 1942 2863 2017 virgultum
2898 1943 2997 1999 diu
3043 1943 3346 2011 sustinuit,
3380 1946 3444 1998 ut
3473 1943 3720 2015 ipsemet
3755 1960 3841 1999 saa-

2213 2037 2346 2108 pius
2375 2035 2721 2091 testabatur.
2753 2034 2963 2105 Sicque
2992 2032 3355 2088 transierunt
3384 2031 3550 2089 illaesi
3579 2049 3839 2088 veneran-

2213 2127 2323 2181 dus
2343 2126 2530 2194 Patcr,
2551 2122 2979 2195 prmdictusque
3000 2121 3305 2193 plebanus.
3323 2123 3485 2187 Quod
3509 2122 3841 2177 miraculum

2212 2214 2413 2271 incolae
2472 2218 2635 2269 terrae
2695 2229 2851 2267 nunc
2902 2227 3091 2284 usque
3147 2215 3460 2279 testantur,
3520 2210 3840 2282 adjicientes

2214 2309 2409 2360 actum
2440 2320 2567 2359 esse
2600 2303 2658 2357 in
2689 2302 2882 2357 locum
2915 2302 3014 2372 qui
3047 2301 3263 2357 dicitur
3294 2302 3364 2356 ad
3396 2299 3842 2371 Cellas-veteres,

2213 2411 2327 2450 non
2358 2394 2528 2465 longe
2562 2410 2595 2447 a
2633 2390 2893 2447 coenobio
2927 2388 3253 2447 Razolcnsi.

2855 2479 3089 2535 CAPUT
3131 2480 3219 2535 LI.

2284 2576 2428 2629 Item
2460 2571 2771 2645 praedictus
2792 2570 2961 2625 Pater
2983 2569 3328 2625 custodibus
3358 2570 3538 2626 boum
3558 2570 3627 2625 de
3650 2570 3842 2626 Razolo

2213 2664 2304 2719 die
2333 2666 2452 2718 toto
2485 2677 2650 2717 arare
2682 2660 2977 2733 praecepit,
3001 2662 3059 2714 et
3086 2658 3145 2713 in
3179 2662 3345 2714 nocte
3369 2659 3584 2730 pabula
3605 2676 3842 2733 carpere.

2212 2752 2302 2808 Illi
2322 2768 2455 2807 vero
2478 2752 2897 2822 respondentes
2924 2766 3094 2805 ursos
3125 2752 3181 2804 et
3207 2748 3399 2820 lupos,
3424 2752 3844 2825 nocturnosque

2210 2842 2418 2898 timere
2445 2840 2723 2911 latrones,
2760 2839 2841 2895 ait
2868 2838 2991 2895 eis:
3023 2839 3233 2894 Beatus
3266 2837 3479 2894 Paulus
3510 2837 3727 2896 illaesos
3757 2855 3843 2896 eos

2212 2931 2522 2987 custodiat.
2556 2930 2719 2985 Tunc
2750 2932 2924 2985 noctu
2955 2928 3251 2984 venientes
3308 2926 3587 2996 latrones,
3611 2945 3790 2984 unum
3819 2943 3847 2982 θ

2209 3022 2399 3076 bobus
2450 3037 2551 3092 per
2594 3035 2812 3075 cornua
2841 3017 3191 3090 ligaverunt,
3226 3017 3328 3072 sed
3368 3018 3439 3074 de
3469 3016 3594 3073 loco
3626 3022 3844 3073 mutare

2211 3128 2325 3168 non
2346 3109 2674 3165 valuerunt.
2700 3109 2881 3173 Quem
2907 3123 3079 3162 mane
3105 3107 3375 3162 custodes
3397 3106 3588 3163 adhuc
3609 3107 3842 3179 ligatum

2212 3204 2568 3278 repererunt,
2604 3199 3009 3269 lacrymasque
3059 3212 3218 3252 more
3272 3196 3580 3252 hominum
3613 3197 3843 3253 fundere

2212 3296 2531 3368 coeperunt,
2566 3293 2623 3345 et
2660 3288 2767 3343 hoc
2799 3286 3072 3359 praedicto
3104 3286 3261 3341 Patri
3294 3286 3730 3343 nuntiaverunt.
3762 3287 3840 3340 Ad

2212 3403 2387 3461 quem
2420 3385 2585 3438 Pater
2614 3377 2894 3434 accedens
2924 3376 3069 3431 dixit
3097 3392 3109 3429 :
3143 3375 3186 3430 Ο
3216 3375 3341 3443 bos,
3374 3376 3538 3442 vade,
3566 3379 3840 3447 tuumque

2213 3474 2470 3533 ofﬁcium
2505 3468 2703 3540 imple.
2734 3467 2860 3521 Non
2891 3465 3047 3521 enim
3078 3469 3135 3519 te
3166 3469 3457 3520 servatum
3490 3482 3523 3520 a
3552 3465 3735 3520 noxiis
3768 3466 3845 3519 fe-

2213 3567 2315 3632 ris,
2338 3564 2749 3629 latronumque
2770 3554 2975 3627 rapina
2998 3557 3237 3609 sanctus
3262 3552 3478 3609 Paulus
3497 3554 3735 3625 perdere
3759 3569 3847 3608 vo-

2213 3655 2341 3709 luit.

2841 3731 3074 3787 CAPUT
3116 3731 3232 3787 LII.

2285 3832 2420 3887 Post
2441 3829 2582 3893 hzec,
2607 3842 2740 3881 cum
2767 3827 2921 3879 esset
2944 3822 3003 3876 in
3027 3820 3387 3887 Passiniano,
3410 3819 3499 3873 vir
3522 3819 3757 3892 quidam
3788 3835 3851 3874 ex

2211 3917 2503 3976 territorio
2534 3912 2807 3971 Poniensi
2836 3911 2993 3967 venit
3034 3909 3106 3964 ad
3156 3925 3313 3973 eum,
3345 3908 3547 3964 dicens
3578 3907 3847 3965 saeculum

2211 4026 2274 4065 se
2304 4007 2449 4064 velle
2473 4004 2819 4075 relinquere.
2846 4002 3027 4065 Quem
3052 3997 3221 4070 quasi
3252 4014 3557 4069 respuens,
3582 4002 3643 4053 ut
3665 3997 3851 4053 abiret

2201 4096 2420 4168 jussit;
2456 4094 2555 4149 sed
2579 4092 2754 4147 homo
2779 4086 3126 4144 mirabiliter
3145 4086 3371 4142 instans
3394 4096 3450 4141 et
3472 4090 3536 4141 ut
3563 4086 3651 4142 sui
3673 4086 3845 4140 mise-

2211 4190 2432 4241 reretur
2458 4179 2803 4255 suppliciter
2829 4195 3024 4249 orans,
3048 4177 3307 4244 demum,
3338 4176 3492 4231 sicut
3511 4180 3632 4231 erat
3661 4173 3843 4229 mitis-

2207 4276 2416 4345 simus,
2441 4273 2567 4343 ejus
2595 4270 2699 4343 pitc
2724 4267 2987 4341 petitioni
3010 4266 3236 4321 annuit.
3262 4265 3371 4330 Qui
3389 4264 3629 4321 veniens
3654 4268 3846 4319 reatus

2206 4382 2344 4420 suos
2366 4380 2433 4418 ex
2464 4364 2627 4434 parte
2654 4357 2932 4431 prodidit,
2957 4359 3013 4411 et
3039 4356 3288 4425 majores
3311 4355 3599 4425 quosdam
3621 4350 3847 4409 erubuit

2206 4452 2485 4509 conﬁteri.
2524 4452 2705 4515 Quem
2738 4464 2851 4502 non
2886 4448 3018 4516 post
3046 4444 3169 4499 dies
3201 4442 3398 4516 plures
3431 4444 3501 4498 ad
3537 4441 3850 4513 susceptio-

453 4535 613 4591 miSit
662 4535 713 4590 ei
763 4536 1065 4591 berbicum
1098 4535 1325 4589 mittere
1356 4551 1612 4606 gregem.
1642 4533 1703 4588 in
1755 4551 1868 4604 quo
1920 4534 2091 4589 mlllti
2124 4548 2170 4612 D
2204 4558 2338 4597 nem
2358 4541 2752 4611 hospitum,et
2774 4532 3211 4607 peregrinorum
3234 4532 3583 4605 obsequium
3603 4529 3847 4588 exterius

451 4625 659 4681 arietes
689 4626 1095 4693 habebantur;
1130 4626 1427 4697 jussitque
1458 4624 1539 4678 illi
1572 4625 1641 4678 de
1682 4624 2091 4695 praedictarum

448 4714 642 4770 ovium
672 4715 823 4769 lacte
866 4732 926 4769 se
974 4732 1230 4786 pascere,
1264 4718 1631 4787 quantosque
1665 4730 1862 4768 secum
1897 4719 2091 4784 posset

447 4820 757 4875 pauperes,
783 4808 955 4875 atque
977 4805 1046 4858 de
1069 4806 1269 4860 eodem
1296 4804 1554 4876 quotidie
1578 4807 1926 4868 sustentare,
1952 4820 2089 4873 prae-

446 4892 632 4946 dictos
662 4909 793 4947 vero
827 4892 1054 4958 arietes,
1089 4894 1271 4947 donec
1303 4897 1636 4965 superesset
1666 4909 1819 4947 unus
1850 4910 1915 4947 ex
1947 4892 2084 4961 illis,

445 4980 719 5051 inopibus
749 4980 1079 5053 largiretur,
1113 4983 1312 5052 sicque
1344 4984 1563 5037 factum
1595 4987 1701 5038 est.

1040 5070 1266 5124 CAPUT
1304 5070 1490 5125 XLIX.

513 5162 759 5227 Quidam
791 5161 967 5215 etiam
1001 5158 1255 5213 famulus
1286 5160 1412 5228 ejus
1464 5160 1533 5214 de
1585 5161 1791 5215 Razolo
1822 5160 2083 5216 Vallum-

442 5252 676 5305 brosam
707 5250 867 5304 venit
900 5250 970 5302 ad
1020 5264 1174 5317 eum,
1211 5248 1489 5301 nuntians
1523 5266 1727 5304 ursum
1762 5251 2081 5305 maximum

440 5356 749 5394 vaccarum
784 5338 1063 5392 damnum
1097 5339 1295 5392 crebro
1337 5337 1539 5391 facere.
1576 5340 1678 5393 Cui
1728 5338 1871 5392 dixit
1905 5356 1915 5393 :
1968 5338 2081 5393 Va-

440 5426 531 5495 de,
561 5432 616 5481 et
646 5427 904 5482 interﬁce
935 5444 1089 5483 eum.
1123 5427 1228 5490 Qui
1262 5444 1583 5499 regressus,
1618 5429 2081 5498 przcdictumque

438 5532 642 5571 ursum
672 5517 729 5571 in
755 5521 920 5572 antro
946 5518 1198 5589 quodam
1222 5516 1444 5572 arboris
1474 5520 1723 5570 stantem
1756 5517 2077 5583 inveniens,

436 5606 626 5664 securi
652 5607 980 5685 percutiens
1004 5609 1291 5677 arborem,
1308 5605 1571 5679 nihilque
1594 5610 1881 5671 metuens,
1898 5605 2074 5662 dixit:

2203 4630 2518 4687 collocavit.
2546 4628 2684 4682 Pius
2707 4628 2901 4681 autem
2926 4627 3097 4678 Pater
3120 4638 3445 4694 agnoscens
3472 4620 3849 4694 inspiratione

2201 4720 2394 4775 divina
2416 4735 2541 4790 quae
2567 4714 2833 4787 nequiter
2853 4710 3263 4776 occultaverat,
3280 4727 3398 4764 una
3420 4710 3514 4765 die
3532 4712 3669 4765 dum
3691 4708 3847 4762 idem

2201 4809 2494 4865 Gerardus
2516 4805 2793 4861 alimenta
2811 4801 3184 4857 venientibus
3208 4799 3543 4871 hospitibus
3562 4796 3854 4854 ministra—

2197 4903 2303 4964 ret,
2332 4896 2498 4951 illum
2524 4908 2787 4950 seorsum
2812 4907 3046 4959 vocans,
3071 4888 3217 4943 dixit
3246 4886 3297 4942 ei
3324 4904 3335 4942 :
3370 4887 3644 4952 Gerarde,
3668 4898 3849 4958 quare

2196 5002 2290 5041 me
2312 4985 2394 5040 sic
2418 4983 2616 5039 fallere
2636 4977 3063 5053 praesumpsisti
3083 4977 3109 5030 ?
3130 4974 3318 5030 Atille
3339 4978 3598 5031 tremens
3614 4986 3850 5043 respon-

2195 5076 2281 5128 dit
2314 5092 2325 5129 :
2377 5071 2695 5137 Quomodo,
2731 5070 2898 5124 Pater
2929 5068 3011 5121 mi
3036 5066 3063 5120 ‘?
3094 5066 3163 5121 Et
3194 5065 3399 5120 Pater:
3437 5065 3672 5131 Quando
3703 5076 3850 5116 con-

2193 5178 2336 5234 grue
2370 5161 2586 5233 poteris
2609 5160 2679 5215 ad
2714 5174 2804 5213 me
2834 5156 3055 5226 venias,
3080 5156 3311 5226 etquod
3344 5156 3641 5226 professus
3659 5168 3717 5207 es
3748 5148 3844 5201 in-

2192 5250 2435 5306 dicabis.
2462 5253 2536 5303 At
2556 5248 2651 5302 ille
2674 5251 3027 5319 prrcceptum
3046 5244 3233 5299 Patris
3256 5243 3603 5315 adimplens,
3628 5241 3759 5295 dum
3788 5234 3849 5289 ei

2190 5340 2376 5405 licuit,
2401 5338 2559 5394 venit
2591 5337 2662 5391 ad
2685 5352 2839 5391 eum.
2866 5334 2965 5390 Cui
2999 5335 3087 5389 vir
3109 5332 3341 5389 Domini
3372 5350 3384 5387 :
3418 5329 3686 5403 Nunquid
3720 5341 3845 5379 non

2190 5430 2333 5484 mihi
2361 5427 2578 5493 dixisti,
2604 5426 2741 5497 quia
2770 5441 2839 5479 ex
2866 5425 3092 5496 integro
3128 5428 3363 5479 tuorum
3397 5422 3671 5479 scelerum
3698 5415 3844 5470 abs-

2189 5518 2421 5572 condita
2452 5516 2733 5587 penderes
2756 5514 2782 5567 ?
2813 5517 2879 5567 Et
2910 5512 3040 5566 ille:
3078 5512 3288 5583 Utique
3312 5511 3449 5567 dixi.
3480 5511 3548 5566 Et
3569 5510 3727 5563 Pater
3756 5501 3843 5555 ad

2190 5621 2323 5663 eum
2350 5623 2362 5663 :
2398 5606 2455 5661 Si
2487 5605 2567 5661 ita
2586 5603 2805 5671 dixisti,
2835 5618 3014 5674 quare
3045 5605 3166 5658 tam
3194 5600 3660 5659 crudelissimum
3688 5590 3845 5651 faci-
