4004 6170
365 350 475 413 691

1422 348 1486 410 S.
1533 350 1860 412 JOANNIS
1909 349 2354 412 GUALBERTI
2399 348 2737 411 ABBATIS

3627 357 3720 419 692

375 486 490 544 ﬁde
512 485 811 541 ﬁrmatum
835 485 1223 554 reportans,et
1245 483 1611 555 marsupium
1632 486 1885 555 profecto
1908 501 2023 540 non
2054 484 2108 550 Α
2138 484 2412 554 deinceps
2442 482 2745 540 monachis
2776 480 2910 538 facti
2943 484 3082 538 sunt
3110 479 3595 555 adjutores,ipsius
3613 504 3721 544 con-

375 592 650 631 vacuum.
684 576 994 644 Acceperat
1043 572 1197 627 enim
1240 590 1273 627 a
1321 572 1566 629 Domino
1612 574 1751 629 Jesu
1798 573 2029 628 Christo

379 665 605 721 vultum
640 662 914 717 omnibus
945 666 1201 733 gratum,
1246 666 1302 718 et
1350 680 1678 718 sermonem
1735 663 2032 735 placidum

384 753 674 819 exhibere,
707 767 1064 823 manumque
1091 751 1311 823 largam
1345 752 1413 807 ad
1458 753 1858 823 praebendum,
1891 753 2032 806 dum

386 841 630 897 facultas
661 840 711 895 ei
740 845 1094 912 suppeteret.

1002 931 1234 986 CAPUT
1278 932 1415 986 LIX.

455 1022 586 1076 Jam
620 1020 857 1076 omissis
890 1020 1161 1092 plurimis
1193 1038 1319 1093 qua:
1352 1022 1503 1076 Deus
1537 1038 1640 1093 per
1668 1023 1795 1091 ejus
1829 1020 2037 1075 merita

386 1110 1041 1180 declaraverat,tempus
1063 1110 1276 1181 expetit
1299 1111 1507 1165 referre
1526 1111 1757 1182 qualem
1781 1116 1837 1165 ct
1859 1127 2038 1180 quan-

383 1202 506 1254 tam
537 1215 797 1271 pugnam
830 1203 1030 1253 contra
1062 1199 1455 1254 Simoniacam
1503 1200 1770 1255 haeresim
1819 1199 2034 1254 Johan-

386 1304 491 1343 nes
523 1292 685 1359 pater
717 1305 851 1342 cum
898 1288 1042 1355 suis,
1094 1293 1241 1343 teste
1290 1289 1546 1344 maxima
1598 1294 1761 1360 parte
1810 1288 2036 1344 mundi.

389 1381 504 1432 Deo
536 1377 808 1449 propitio,
843 1377 1042 1449 gessit.

1020 1467 1253 1523 CAPUT
1291 1468 1399 1523 LX.

465 1554 627 1610 Sicut
670 1572 849 1627 supra
898 1556 1121 1612 dictum
1173 1562 1280 1624 est,
1330 1561 1584 1612 Joannes
1616 1561 1781 1628 pater
1809 1558 2043 1612 Petrum

398 1643 742 1700 Florentinaz
764 1644 1034 1700 Ecclesia:
1064 1645 1463 1700 Simoniacum
1495 1644 1821 1700 invasorem
1852 1648 2047 1716 aperte

399 1732 775 1801 elamaverat;
806 1734 995 1787 adhuc
1027 1734 1201 1787 etiam
1250 1733 1472 1805 eligens
1522 1751 1655 1788 eum
1697 1734 1822 1788 suis
1854 1734 2046 1805 potius

2141 574 2485 628 demnantes
2512 577 2568 628 et
2597 572 3073 646 blasphemantes
3101 569 3487 627 omnimodam
3519 577 3723 646 pravita-

2143 664 2281 718 tem.

2757 752 2992 807 CAPUT
3034 751 3173 806 LXI.

2214 841 2489 912 Sequenti
2520 856 2654 896 vero
2687 840 2778 895 die
2809 844 2929 895 tam
2970 839 3239 895 homines
3287 855 3457 910 quam
3504 842 3731 900 mulieres

2145 931 2443 986 Florentiae
2474 932 2544 985 ad
2579 929 2981 1002 supradictum
3015 928 3345 985 coenobium
3392 938 3665 996 venerunt,
3692 938 3737 987 et

2146 1020 2480 1093 quicunque
2500 1024 2767 1090 poterant
2788 1017 3238 1074 necessitatibus
3264 1016 3503 1072 fratrum
3525 1036 3740 1077 necessa-

2147 1110 2233 1164 ria
2255 1110 2502 1165 ﬁdeliter
2521 1107 3141 1164 obtulerunt.Felicem
3165 1122 3226 1161 se
3252 1106 3495 1178 quisque
3516 1108 3745 1163 credebat

2149 1199 2198 1254 si
2218 1197 2471 1269 aliquem
2497 1196 2917 1252 monachorum
2940 1195 3135 1250 videre
3176 1194 3424 1265 valebat,
3455 1200 3550 1250 aut
3585 1212 3746 1253 eorum

2149 1303 2380 1343 sacrum
2417 1286 2765 1357 sanguinem
2796 1286 2993 1341 fusum
3025 1301 3094 1339 ex
3123 1290 3301 1354 terra,
3324 1282 3609 1356 lapidibus
3634 1291 3681 1341 et
3700 1286 3752 1340 li-

2151 1376 2305 1449 gnis,
2338 1375 2462 1431 suis
2494 1374 2704 1447 pannis
2735 1378 2932 1446 posset
2960 1378 3282 1445 extergere,
3299 1372 3590 1445 cupientes
3618 1373 3751 1430 illum

2153 1483 2257 1538 pro
2289 1464 2520 1537 magnis
2551 1463 2811 1535 reliquiis
2844 1479 3043 1519 secum
3075 1462 3310 1519 habere.

2755 1552 2985 1609 CAPUT
3028 1552 3195 1608 LXII.

2229 1643 2441 1699 Beatus
2472 1647 2666 1699 autem
2689 1643 2945 1699 Joannes
2962 1640 3386 1699 Vallumbrosae
3400 1644 3537 1698 tunc
3552 1641 3761 1713 positus,

2158 1733 2404 1787 audiens
2427 1732 2582 1802 quod
2606 1731 2917 1801 acciderat,
2944 1747 3139 1787 amore
3163 1730 3431 1803 martyrii
3460 1731 3689 1803 ﬂagrans
3706 1730 3761 1785 ad

400 1821 666 1877 amittere
698 1821 1003 1877 mortalem
1033 1821 1234 1890 vitam,
1269 1839 1445 1893 quam
1497 1822 1682 1878 celare
1722 1822 2047 1893 veritatem,
2079 1856 2126 1920 B
2158 1822 2439 1877 Sanctum
2467 1820 2722 1877 Salvium
2756 1819 3002 1875 festinus
3024 1819 3196 1875 venit.
3230 1820 3516 1876 Abbatem
3545 1824 3765 1875 ceteros

398 1910 595 1982 ipsum
628 1910 861 1965 Petrum
896 1926 1010 1965 non
1040 1914 1272 1965 tantum
1302 1910 1723 1978 Simoniacum,
1748 1912 1849 1967 sed
1870 1911 2044 1967 etiam

398 1998 733 2053 haareticum
766 2015 917 2070 saepe
946 1999 1175 2054 dicebat
1207 2018 1218 2055 :
1256 2001 1408 2055 unde
1439 2000 1734 2071 pervalida
1754 2001 2047 2056 contentio

399 2088 458 2141 in
504 2086 723 2142 clerum
757 2091 813 2141 et
850 2087 1131 2159 populum
1180 2088 1579 2144 Florentinum
1613 2095 1737 2145 orta
1784 2095 1890 2145 est.
1936 2089 2049 2145 Alii

399 2176 1010 2248 quidem,temporalia
1041 2179 1349 2233 commoda
1378 2178 1920 2251 diligentes,ipsum
1949 2179 2051 2233 de-

397 2266 743 2329 fendebant;
776 2265 873 2321 alii
906 2284 1039 2321 cum
1072 2267 1398 2338 monachis,
1431 2270 1554 2339 jam
1580 2268 1812 2324 illorum
1846 2267 2049 2323 crude-

398 2354 555 2410 libus
585 2355 799 2425 verbis,
831 2355 1018 2411 eidem
1053 2356 1453 2413 vehementius
1484 2358 1865 2412 obsistebant.
1906 2364 2050 2412 Uum

402 2444 523 2499 haec
555 2443 734 2515 igitur
753 2445 1048 2499 contentio
1066 2462 1168 2515 per
1189 2446 1312 2501 dies
1338 2446 1555 2501 multos
1582 2447 1732 2501 inter
1752 2446 1973 2501 elerum
2001 2450 2055 2500 et

407 2531 691 2604 populum
724 2532 1059 2597 haberetur,
1092 2542 1144 2587 et
1173 2534 1381 2588 seditio
1414 2535 1547 2588 inde
1578 2536 1910 2605 frequenter
1939 2534 2058 2589 ori-

406 2620 947 2685 retur,existimavit
975 2620 1277 2676 haereticus
1312 2626 1516 2677 Petrus
1547 2622 1787 2678 clericos
1808 2622 2059 2678 etlaicos

408 2708 518 2762 hoc
552 2708 723 2762 modo
756 2712 991 2778 terrere,
1026 2709 1074 2764 si
1106 2710 1423 2765 monachos
1466 2716 1714 2778 necaret,
1767 2729 1800 2764 a
1846 2710 2060 2781 quibus

410 2798 586 2851 verba
616 2797 725 2852 sibi
760 2798 1049 2853 contraria
1080 2798 1362 2871 principia
1395 2805 1790 2871 sumpserant.
1816 2800 1923 2854 Pro
1947 2815 2063 2869 qua

416 2902 477 2939 re
510 2885 691 2941 missa
723 2885 1099 2942 multitudine
1126 2888 1384 2959 peditum
1404 2894 1461 2943 et
1483 2889 2064 2960 equitum,nocturno

421 2975 894 3045 tempore,jussit
915 2975 1100 3031 sancti
1124 2976 1301 3031 Salvii
1322 2977 1648 3032 coenobium
1666 2977 1800 3049 igne
1823 2977 2063 3032 combu-

418 3061 552 3131 ri,et
572 3064 888 3119 monachos
920 3063 1000 3118 ibi
1033 3070 1293 3137 repertos
1316 3066 1585 3122 interﬁci.
1618 3067 1905 3122 Joannem
1936 3081 2066 3120 vero

420 3154 643 3222 patrem
678 3150 799 3208 illic
829 3153 1184 3209 existimavit
1215 3161 1352 3209 tunc
1382 3155 1755 3226 inveniri,sed
1791 3155 1913 3226 ipse
1932 3173 2069 3227 prte-

2159 1928 2272 1982 que
2305 1911 2507 1965 fratres
2542 1910 2891 1982 ﬂagellatos,
2925 1926 3128 1977 caesos,
3160 1910 3355 1964 nudos
3406 1908 3765 1975 considerans,

2157 1998 2303 2053 dixit
2335 2016 2347 2053 :
2374 2022 2399 2047 ‹‹
2435 1998 2601 2053 Nunc
2630 2014 2761 2053 vere
2794 1998 3064 2053 monachi
3094 1998 3258 2066 estis,
3290 1998 3397 2054 sed
3427 2014 3531 2053 cur
3557 1996 3668 2052 sine
3692 2012 3767 2050 me

2158 2088 2267 2143 hoc
2313 2087 2565 2158 perferre
2606 2086 2913 2143 voluistis?
2945 2111 2967 2139 ι
3004 2087 3186 2143 Valde
3217 2086 3378 2143 enim
3420 2086 3601 2143 doluit
3643 2084 3771 2156 quod

2160 2176 2407 2248 praefatae
2440 2176 2829 2248 persecutioni
2862 2176 3061 2231 minus
3092 2176 3771 2233 interfuit.Verumtameu

2162 2266 2219 2319 in
2254 2265 2361 2320 hoc
2394 2265 2517 2336 ipse
2548 2265 2811 2337 martyrii
2842 2265 3109 2319 bravium
3141 2264 3529 2336 obtinuit,qui
3558 2264 3775 2334 discipu-

2162 2354 2352 2409 lorum
2390 2358 2615 2409 mentes
2648 2355 2719 2409 ad
2752 2371 2985 2410 omnem
3016 2354 3391 2409 tolerantiam
3424 2352 3686 2409 incitavit.
3712 2352 3777 2406 Ad

2165 2442 2273 2497 hoc
2305 2442 2480 2497 etiam
2511 2442 2687 2511 venit,
2721 2443 2875 2513 quod
2910 2460 2972 2498 se
3006 2443 3210 2513 teneri,
3246 2442 3555 2516 ﬂagellari,
3584 2442 3781 2497 detrun-

2166 2530 2283 2586 cari
2315 2531 2607 2601 sperabat,
2641 2535 2697 2585 et
2722 2532 2902 2587 occidi
2940 2549 3044 2604 pro
3077 2532 3421 2588 defensione
3451 2529 3722 2587 catholica:
3737 2530 3783 2583 ﬁ-

2168 2619 2281 2673 dei.
2316 2619 2580 2674 Monachi
2607 2636 2737 2675 vero
2758 2624 2916 2676 tanto
2949 2620 3217 2676 fortiores
3247 2621 3464 2677 exinde
3494 2620 3624 2677 facti
3652 2624 3782 2686 sunt,

2171 2712 2390 2779 quanto
2421 2709 2744 2765 securiores
2794 2710 2865 2765 de
2913 2727 3127 2765 corona
3171 2710 3467 2783 martyrii,
3499 2725 3664 2781 quam
3684 2708 3783 2777 jam

2172 2801 2685 2869 praegustaverant.
2718 2799 2864 2854 Nam
2896 2804 3159 2871 tempore
3188 2801 3403 2872 synodi
3459 2803 3653 2856 euntes
3700 2800 3786 2850 Ro-

2173 2889 2698 2954 mam,constanter
2726 2892 2784 2942 et
2812 2886 3044 2959 publice
3076 2892 3313 2943 Petrum
3349 2886 3725 2943 Simoniacum
3744 2886 3789 2937 et

2173 2975 2513 3030 haereticum
2554 2975 3083 3047 proclamaverunt,
3133 2977 3333 3048 ignem
3382 2993 3445 3032 se
3494 2975 3790 3048 proﬁtentes

2175 3064 2397 3120 intrare
2418 3065 2489 3120 ad
2520 3065 2710 3121 scelus
2741 3065 2929 3137 ipsius
2958 3065 3353 3137 probandum.
3378 3063 3690 3121 Alexander
3710 3076 3792 3115 au-

2175 3156 2293 3208 tem
2349 3154 2518 3225 Papa,
2567 3155 2666 3225 qui
2716 3158 2857 3209 tunc
2904 3153 3235 3225 apostolica:
3286 3154 3421 3209 sedi
3472 3148 3792 3226 praesidebat,

416 3239 587 3294 terito
617 3240 711 3296 die
737 3247 1073 3298 recesserat.
1103 3244 1357 3315 Ingressi
1381 3244 1559 3317 igitur
1588 3245 2066 3313 ecclesiam,dum
2099 3223 2142 3292 (ἶ
2182 3258 2287 3298 nec
2316 3246 2455 3297 tunc
2486 3248 2827 3299 accusatum
2875 3242 3059 3298 voluit
3106 3243 3426 3313 deponere,
3461 3258 3566 3297 nec
3606 3240 3797 3312 igneam

416 3328 625 3385 fratres
654 3334 1008 3386 nocturnum
1037 3332 1294 3387 ofﬁcium
1326 3332 1701 3405 celebrarent,
1748 3335 2066 3406 cvaginatis

416 3417 752 3486 ensibus,ut
780 3418 1037 3475 immites
1069 3421 1535 3487 carniﬁces,oves
1566 3423 1780 3478 Christi
1814 3427 2068 3479 mactare

414 3506 847 3578 cmperunt.Alii
879 3508 1169 3579 siquidem
1206 3510 1263 3564 in
1296 3510 1481 3565 fronte
1510 3515 1631 3565 tam
1660 3527 1833 3583 grave
1858 3512 2070 3567 vulnus

416 3596 751 3663 inﬁxerunt,
784 3601 849 3651 ut
875 3614 1061 3668 usque
1094 3598 1164 3652 ad
1196 3598 1599 3655 testitudinem
1650 3601 1867 3656 cerebri
1918 3601 2070 3657 acies

420 3683 555 3738 ferri
584 3684 833 3753 veniret;
868 3684 1116 3741 alterum
1166 3702 1300 3741 vero
1350 3692 1471 3742 tam
1524 3688 1721 3760 impie,
1768 3694 1887 3745 tam
1936 3706 2073 3761 grac

418 3771 566 3827 viter
595 3773 705 3827 sub
736 3773 917 3829 oculis
950 3779 1387 3846 percusserunt,
1420 3780 1486 3831 ut
1539 3794 1719 3832 nasus
1767 3782 1824 3832 et
1872 3779 2074 3834 dentes

423 3877 556 3916 cum
606 3862 894 3933 superiori
925 3862 1078 3918 labio
1111 3880 1144 3918 a
1175 3864 1514 3936 compagine
1543 3865 1714 3921 solita
1745 3866 2075 3923 divideren-

421 3954 537 4016 tur,
570 3955 625 4006 et
656 3967 833 4022 super
862 3952 1106 4007 barbam
1141 3952 1199 4006 in
1231 3953 1489 4008 inferiori
1521 3955 1643 4031 loco
1686 3956 2008 4027 penderent
2059 3973 2072 4011 :

425 4038 522 4092 alii
554 4043 829 4109 praeterea
859 4038 1185 4109 gladiorum
1234 4041 1448 4097 vulnus
1499 4043 1555 4097 in
1608 4044 1886 4100 interiora
1935 4045 2076 4100 ﬁxe-

427 4130 584 4179 runt.
620 4125 835 4179 Dehinc
868 4143 1043 4197 super
1072 4144 1170 4183 eos
1196 4129 1372 4185 variis
1402 4130 1589 4202 plagis
1620 4130 2075 4201 illatis,demum

428 4212 636 4268 altaria
665 4213 896 4284 penitus
927 4220 1337 4283 everterunt,et
1365 4219 1679 4290 depraedati
1710 4227 1849 4276 sunt
1881 4223 2080 4278 omnia

430 4318 557 4372 quae
588 4302 946 4360 invenerant.
990 4304 1124 4361 Post
1177 4306 1317 4377 haec,
1379 4306 1513 4379 igne
1573 4309 1847 4367 domibus
1890 4311 2076 4383 impo-

431 4391 566 4458 sito,
597 4392 903 4448 monachis
952 4393 1009 4447 in
1062 4394 1305 4451 ecclesia
1362 4401 1585 4467 septem
1636 4400 1895 4471 psalmos
1945 4418 2077 4456 cum

432 4480 663 4536 letaniis
719 4482 1112 4552 cantantibus,
1165 4489 1222 4539 et
1278 4485 1336 4540 in
1398 4485 1557 4541 nullo
1626 4488 2075 4559 reluctantibus,

2176 3331 2362 3404 legem
2393 3350 2427 3388 a
2459 3332 2761 3388 monachis
2791 3348 3043 3387 sumere.
3079 3332 3215 3387 Pars
3249 3331 3418 3387 enim
3452 3330 3695 3387 maxime
3710 3322 3801 3395 epi-

2178 3438 2487 3493 sCOporum
2517 3422 2684 3476 Petro
2720 3422 2966 3492 favebat,
2995 3425 3050 3477 et
3080 3436 3285 3476 omnes
3341 3437 3494 3493 pene
3540 3412 3803 3474 monachis

2180 3515 2345 3566 erant
2376 3510 2633 3578 adversi;
2667 3511 2768 3565 sed
2802 3510 3249 3565 archidiaconus
3282 3507 3673 3582 Ildeprandus
3705 3518 3805 3558 mo-

2181 3598 2507 3654 nachorum
2540 3599 2600 3654 in
2630 3598 2907 3655 omnibus
2939 3599 3172 3655 auditor
3218 3602 3276 3655 et
3328 3600 3609 3656 defensor
3652 3595 3806 3651 factus

2182 3691 2289 3742 est.

2796 3776 3027 3834 CAPUT
3067 3777 3257 3833 LXIII.

2256 3865 2470 3921 Deinde
2518 3882 2652 3921 cum
2699 3865 2772 3922 lis
2817 3867 2946 3939 ipsa
2988 3866 3251 3938 quotidie
3298 3870 3601 3923 cresceret
3632 3864 3687 3917 in
3719 3860 3814 3915 im-

2186 3972 2481 4023 mensum,
2511 3959 2674 4011 tanta
2703 3955 3031 4027 persecutio
3062 3954 3213 4010 facta
3242 3960 3336 4011 est
3378 3957 3664 4011 adversus
3712 3948 3815 4005 Flo-

2186 4043 2483 4099 rentinum
2515 4044 2737 4099 clerum
2771 4043 3070 4099 catholica)
3091 4044 3375 4116 partis,ut
3402 4060 3536 4101 eam
3562 4058 3672 4098 non
3700 4039 3819 4095 ferre

2186 4132 2442 4187 valentes
2466 4132 2931 4206 archipresbyter
2960 4132 3176 4205 aliique
3207 4132 3819 4206 quamplures,exeun-

2188 4225 2275 4276 tes
2308 4222 2379 4275 de
2409 4220 2636 4275 civitate
2668 4223 3053 4295 confugerent
3082 4222 3459 4293 Septimense
3482 4218 3822 4278 cmnobium:

2189 4310 2404 4382 quibus
2433 4310 2689 4366 Joannes
2722 4315 2887 4382 pater
2916 4311 3166 4384 benigne
3191 4312 3518 4384 susceptis,
3539 4308 3695 4367 omni
3714 4305 3826 4362 cha-

2190 4400 2358 4455 ritate
2390 4400 2721 4455 subsidium
2754 4417 2857 4471 pro
2890 4417 3063 4471 posse
3085 4400 3415 4457 ferebat.Eo
3449 4404 3706 4471 tempore
3732 4394 3825 4448 dux

2191 4488 2552 4571 Gottifredus
2597 4489 2676 4543 ita
2708 4488 2857 4561 parti
2910 4488 3062 4544 Petri
3111 4490 3369 4557 favebat,
3419 4494 3488 4544 ut
3538 4488 3831 4544 minaretur

434 4588 540 4627 nec
570 4570 872 4626 silentium
902 4572 1328 4646 frangentibus,
1383 4574 1542 4647 ipsos
1591 4579 1841 4633 nudatos
1889 4582 1945 4633 et
1994 4596 2081 4635 se-
2116 4592 2162 4657 Ι)
2196 4576 2528 4632 interimere
2559 4577 2878 4632 monachos
2922 4582 2979 4632 et
3010 4577 3253 4633 clericos
3300 4578 3505 4633 eidem
3552 4577 3828 4633 adversos;

436 4660 677 4716 mivivos
725 4660 1122 4732 relinquentes
1170 4663 1467 4731 abierunt;
1519 4682 1655 4720 nam
1704 4666 1882 4722 etiam
1930 4668 2083 4738 ejus-

437 4748 568 4803 dem
602 4750 941 4805 monasterii
975 4755 1196 4822 patrem
1234 4753 1466 4809 nomine
1515 4754 1907 4823 Dominicum,
1959 4774 2087 4813 con-

436 4838 762 4893 versatione
806 4840 1269 4905 sanetissimum,
1321 4844 1481 4898 omni
1532 4844 1899 4900 nudaverunt
1943 4847 2086 4900 ami-

441 4931 557 4980 ctu.
591 4927 696 4991 Qui
722 4931 917 4980 tamen
941 4928 1023 4981 sic
1045 4930 1260 4992 nudus,
1286 4933 1454 5003 cmpit
1488 4932 1733 4988 sollicite
1758 4949 2013 5004 quaerere
2042 4933 2089 4987 si

443 5013 583 5083 quid
610 5018 806 5084 posset
832 5014 1086 5071 invenire
1114 5022 1263 5088 quod
1298 5037 1357 5075 se
1392 5022 1683 5087 indueret;
1709 5023 1944 5078 tandem
1970 5022 2089 5095 pel-

442 5101 654 5157 liceum
670 5102 1013 5159 indumentu
1026 5108 1261 5177 m,quod
1278 5108 1351 5161 ob
1372 5108 1656 5165 incuriam
1678 5111 1830 5165 inter
1846 5112 2091 5167 fratrum

444 5191 623 5249 lectos
654 5192 960 5260 ceciderat,
1016 5193 1253 5263 invenit,
1301 5212 1479 5267 seque
1510 5197 1676 5252 illum
1708 5200 2003 5255 dissutum
2037 5206 2093 5257 et

443 5284 809 5339 conscissum
842 5301 905 5339 ac
937 5287 1223 5340 vetustate
1254 5284 1547 5357 dilapsum
1574 5286 1900 5343 intluit.Sctl
1939 5290 2092 5345 unde

444 5370 718 5427 inimicus
748 5374 1044 5429 victoriam
1081 5380 1137 5431 et
1167 5374 1575 5430 exultationem
1624 5378 1924 5447 acquirere
1968 5395 2087 5433 cre-

445 5459 614 5525 didit,
646 5461 699 5514 ii.
730 5464 781 5516 le
820 5463 1235 5520 detrimentum
1288 5470 1344 5521 et
1393 5465 1796 5520 confusionem
1850 5466 2085 5522 invenit.

443 5549 587 5604 Nam
623 5550 789 5605 multi
822 5553 892 5606 de
922 5553 1072 5609 clero
1101 5560 1157 5610 et
1184 5554 1417 5627 populo,
1452 5554 1547 5625 qui
1583 5554 1743 5626 prius
1770 5557 1896 5624 ejus
1927 5556 2088 5611 vide-

447 5640 661 5696 bantur
690 5657 817 5697 esse
840 5642 1114 5713 fautores,
1149 5645 1334 5715 ipsius
1367 5646 1657 5702 intuentes
1706 5644 2085 5715 impietatem,

2198 4682 2313 4737 qua
2338 4666 2410 4721 de
2440 4682 2619 4722 causa
2650 4666 2797 4721 Petri
2833 4683 2969 4738 pars
2998 4672 3139 4723 tunc
3171 4665 3487 4738 aliquanto
3536 4660 3830 4738 praavaluit.

2198 4754 2332 4818 Quae
2364 4759 2558 4811 autem
2586 4754 2789 4827 lingua
2837 4754 2943 4809 fari
2982 4759 3171 4827 potest
3196 4755 3647 4827 persecutiones
3673 4756 3721 4807 et
3748 4763 3831 4803 an-

2198 4844 2428 4915 gustias
2452 4860 2598 4916 quas
2630 4860 2697 4900 ea
2726 4848 3069 4916 tempestate
3102 4843 3373 4900 catholici
3408 4849 3558 4900 sunt
3575 4834 3836 4917 perpessi?

2198 4932 2430 4988 Eisdem
2466 4950 2696 5006 quoque
2724 4933 2930 4989 diebus
2961 4933 3236 5005 praefatus
3286 4932 3451 5004 Papa
3511 4928 3838 4988 Florentium

2201 5023 2377 5093 venit,
2414 5030 2471 5077 et
2496 5024 2654 5095 ligna
2676 5027 2993 5095 praeparata
3027 5028 3083 5078 et
3132 5023 3471 5078 coadunata
3504 5026 3647 5079 sunt
3674 5018 3741 5075 ad
3766 5031 3840 5071 ac-

2202 5112 2568 5167 cendendum
2600 5113 2795 5183 ignem
2815 5129 2988 5183 quem
3010 5111 3234 5183 ingredi
3256 5112 3537 5167 monachi
3554 5108 3842 5182 cupiebant

2201 5205 2267 5256 ut
2287 5201 2733 5271 comprobarent
2749 5217 2899 5271 saepe
2917 5200 3103 5256 fatum
3124 5200 3355 5255 Petrum
3381 5198 3778 5255 Simoniacum
3798 5197 3844 5249 et

2201 5288 2534 5343 I‘lCDI‘cLICUIIl
2566 5305 2714 5343 esse.
2749 5289 2910 5354 Quod
2940 5305 3181 5344 examen
3215 5306 3368 5360 papa
3414 5292 3565 5344 tunc
3609 5286 3841 5357 recipere

2201 5376 2420 5444 renuit;
2454 5378 2553 5432 sed
2589 5376 2740 5432 clero
2772 5381 2827 5432 et
2861 5375 3072 5448 populo
3102 5377 3211 5432 sub
3244 5376 3455 5432 eadem
3505 5376 3609 5434 lite
3640 5374 3843 5436 relicto,

2200 5466 2487 5521 discessit.
2522 5467 2629 5521 Sed
2664 5466 2918 5538 qualiter
2946 5466 3336 5538 omnipotenti
3370 5465 3497 5521 Deo
3531 5464 3846 5539 praedictam

2200 5560 2421 5627 pestem
2446 5556 2679 5611 tandem
2708 5557 2911 5612 sedare
2931 5560 2987 5612 et
3010 5572 3250 5628 prorsus
3280 5554 3625 5627 exstirpare
3648 5552 3852 5627 placue~

2200 5646 2293 5714 rit,
2330 5650 2393 5702 ut
2424 5645 2636 5705 clarius
2665 5645 2851 5718 possit
2881 5643 3149 5718 intelligi,
3181 5649 3301 5705 tota
3344 5644 3607 5716 epistola
3639 5643 3850 5701 Floren-
