4030 6164
220 346 329 412 693

1812 337 2000 401 VITA
2012 378 2026 397 .

3508 319 3627 389 694

221 485 492 548 tiuorum,
526 478 765 554 praefato
794 491 958 552 papa
989 477 1222 547 directa,
1254 492 1358 549 per
1373 474 1640 531 ordinem
1662 472 1721 529 in
1750 471 1858 528 hoc
1885 474 1942 540 Α
1969 472 2288 530 oratorium
2317 471 2446 543 ejus
2475 466 2982 542 confugerant,aut
3007 462 3119 522 sibi
3149 459 3619 530 conciliarentur,

221 571 337 626 loco
358 568 665 633 scribitur,
684 572 740 623 et
761 567 915 638 quod
944 570 1082 622 tunc
1103 567 1408 622 ostendere
1429 563 1713 619 Dominus
1745 579 1862 617 om-

219 660 482 730 nipotens
499 657 777 730 dignatus
797 661 906 722 est,
933 657 1001 710 ad
1024 655 1175 711 beati
1197 654 1346 732 Petri
1369 652 1860 709 corroborandam

216 726 406 818 fidem,
464 753 522 803 et
551 726 624 802 ad
653 745 910 802 Simonis
942 745 1092 816 magi
1151 726 1566 799 detestandum
1606 756 1860 796 errorem

215 837 543 910 legentibus
575 841 632 892 et
661 833 1037 891 audientibus
1067 832 1291 904 liquido
1324 835 1538 903 pateat.

807 922 1040 978 CAPUT
1075 921 1241 978 LXIV
1255 961 1270 977 .

283 1037 310 1064 «ι
342 1013 688 1083 Alexandro,
721 1012 922 1084 primae
945 1012 1100 1068 sedis
1132 1009 1616 1066 reverendissimo
1640 1025 1704 1064 ac
1727 1007 1860 1062 uni-

211 1102 424 1159 versali
456 1102 750 1174 episcopo,
784 1101 974 1157 clerus
995 1105 1053 1156 et
1075 1100 1325 1173 populus
1349 1096 1863 1166 Florentinus,sin-

212 1209 352 1248 certe
388 1191 713 1247 devotionis
729 1189 1344 1262 obsequium,Jamdiu
1368 1188 1601 1244 taedium
1629 1191 1684 1242 et
1706 1185 1863 1240 labo-

213 1298 334 1337 rem
367 1285 890 1351 nostrum,necnon
905 1284 1196 1336 certamen
1217 1278 1638 1334 monachorum
1661 1279 1861 1330 contra

211 1370 606 1426 Simoniacam
639 1369 908 1427 heresim
940 1367 1260 1441 paternitas
1291 1367 1642 1423 vestrabene
1673 1364 1856 1419 novit:

213 1467 265 1518 et
284 1477 448 1516 nunc
479 1477 713 1532 quoque
742 1460 988 1531 dignum
1019 1463 1109 1514 est
1138 1463 1205 1514 ut
1235 1456 1484 1530 qualiter
1500 1457 1653 1511 Deus
1675 1453 1857 1510 excel-

214 1567 317 1606 sus
365 1549 459 1622 pie
490 1565 556 1604 ac
588 1548 1044 1604 misericorditer
1098 1546 1444 1620 scrupulum
1469 1546 1646 1616 hujus
1680 1542 1758 1598 rei
1791 1543 1861 1596 de

215 1639 494 1696 cordibus
524 1637 740 1694 nostris
767 1635 1489 1709 abraserit,praenoscatis.
1515 1635 1692 1706 Signa
1707 1631 1861 1688 enim

214 1733 265 1784 et
298 1727 596 1784 mirabilia
616 1727 900 1782 Dominus
922 1731 1121 1782 noster
1145 1725 1205 1780 in
1224 1725 1394 1781 nobis
1427 1725 1642 1790 fecit,et
1671 1738 1775 1794 per
1795 1737 1862 1777 ea

213 1818 531 1874 cecitatem
587 1815 950 1888 ignorantiae,
983 1819 1040 1870 et
1069 1813 1385 1871 dubietatis
1416 1811 1748 1884 caliginem,
1797 1827 1861 1865 ac

208 1906 486 1963 tenebras
507 1906 721 1961 erroris
744 1905 816 1960 de
833 1908 1065 1977 pectore
1089 1904 1398 1959 hominum
1432 1900 1675 1973 pepulit,
1707 1903 1765 1954 et
1786 1899 1859 1951 fi-

210 1996 345 2051 dem
377 1994 549 2050 nobis
577 1993 845 2066 augendo
876 1997 932 2048 et
962 1991 1280 2059 dilatando,
1305 1995 1362 2047 et
1399 1990 1460 2044 in
1477 2005 1540 2046 se
1574 1987 1861 2057 solidado,

215 2084 314 2140 lux
330 2083 632 2139 mentibus
649 2099 766 2137 suae
789 2082 1047 2137 veritatis
1060 2079 1378 2135 clementer
1398 2077 1644 2133 infulsit.
1661 2078 1864 2132 Pastor

215 2173 453 2244 quidem
476 2172 668 2226 bonus
691 2171 761 2225 de
782 2168 1177 2239 coelovenit,et
1197 2168 1402 2224 ovibus
1425 2165 1862 2233 assistentibus,

214 2265 390 2334 atque
421 2261 492 2316 ad
520 2276 581 2316 se
613 2259 755 2314 totis
788 2257 1064 2314 medullis
1087 2254 1862 2324 clamantibus,sententiam

214 2367 425 2407 sereno
457 2348 786 2416 clariorem,
813 2347 1051 2418 soleque
1072 2346 1436 2414 lucidiorem,
1467 2344 1746 2416 omnique
1777 2343 1864 2397 di-

213 2445 304 2496 cto
337 2439 710 2511 apertiorem,
745 2436 1022 2507 omnique
1050 2436 1180 2490 visu
1211 2434 1537 2502 certiorem,
1572 2434 1642 2488 de
1673 2433 1864 2488 medio

213 2527 393 2601 ignis,
427 2526 642 2600 populo
673 2543 779 2583 suo
802 2526 980 2581 dedit.
1005 2525 1166 2591 Quod
1186 2539 1322 2579 vero
1344 2523 1496 2595 plebi
1523 2521 1865 2578 Florentium

213 2619 280 2673 de
305 2619 482 2673 Petro
507 2615 909 2688 Papiensi,qui
933 2631 994 2671 se
1021 2618 1286 2669 nostrum
1299 2612 1640 2684 episcopum
1664 2610 1864 2666 haberi

210 2706 466 2776 volebat,
499 2705 816 2761 tenendum
849 2703 944 2768 sit,
978 2702 1036 2756 in
1070 2719 1176 2758 suo
1207 2702 1510 2757 tremendo
1524 2699 1751 2771 judicio
1774 2700 1868 2754 de-

211 2793 479 2850 claravit.
539 2793 647 2849 Sed
699 2792 834 2848 licet
864 2789 1284 2847 miraculorum
1318 2790 1572 2846 narratio
1603 2789 1869 2845 videatur

211 2882 657 2956 aliquantulum
693 2880 987 2952 protelari,
1025 2897 1202 2936 causa
1246 2884 1444 2942 tamen
1496 2878 1647 2933 unde
1677 2877 1868 2932 adhuc

210 2978 462 3028 ventum
491 2975 600 3041 est,
632 2986 1005 3042 nequaquam
1031 2967 1312 3024 inutiliter
1341 2971 1617 3040 putamus
1661 2967 1870 3022 debere

212 3060 514 3116 succincte
575 3058 892 3132 praescribi.
952 3059 1215 3124 Quadam
1271 3056 1485 3112 etenim
1519 3056 1612 3111 die
1665 3071 1870 3110 omnes

212 3148 571 3205 Florentinoe
591 3147 841 3203 civitatis
871 3146 1064 3202 clerici
1090 3163 1209 3200 una
1229 3144 1563 3217 congregati
1586 3143 1869 3215 cmpimus

1891 1832 2002 1913 ΒΥ

1974 568 2076 619 aut
2106 563 2232 619 sine
2263 579 2366 634 spe
2398 561 2706 616 audientiae
2730 562 2891 614 extra
2921 556 3213 614 civitatem
3243 551 3621 625 pellerentur,

1971 653 2116 707 Hinc
2148 653 2366 707 factum
2398 654 2486 705 est
2515 651 3047 718 ut,vesperascente
3061 644 3303 699 sabbato
3334 640 3486 695 initii
3521 641 3615 710 je-

1965 742 2140 811 junii,
2187 757 2322 796 cum
2373 738 2528 810 apud
2573 735 2908 809 praedictam
2940 732 3245 788 ecclesiam
3277 730 3434 786 Beati
3464 727 3615 784 Petri

1972 831 2218 904 apostoli
2276 829 2388 902 ipsi
2410 826 2601 882 clerici
2648 825 2965 880 lectionum
2997 839 3062 876 ac
3108 819 3615 892 responsoriorum

1971 921 2282 993 sequentis,
2345 915 2659 973 Dominicaa
2707 912 3171 974 recordarentur,
3223 906 3612 978 municipales

1971 1009 2257 1081 praesidis,
2318 1024 2383 1062 eo
2443 1003 2598 1076 quod
2657 1018 2718 1057 se
2759 1017 2894 1056 cum
2925 999 3084 1054 salva
3113 997 3431 1052 reverentia
3460 993 3616 1050 Petri

1970 1097 2216 1171 apostoli
2245 1094 2573 1150 Simoniaco
2604 1089 2870 1146 haeretico
2892 1105 3007 1142 non
3035 1101 3206 1159 posse
3238 1084 3470 1140 obedire
3529 1099 3617 1136 re-

1971 1184 2473 1260 sponderint,illos
2496 1186 2656 1236 extra
2677 1177 3061 1234 emunitatem
3087 1173 3344 1240 oratorii,
3378 1172 3618 1226 beatum

1969 1258 2206 1333 Petrum
2236 1271 2631 1346 apostolorum
2662 1267 2986 1340 principem
3007 1262 3495 1336 parvipendentes
3518 1258 3618 1329 eji-

1974 1370 2190 1422 cercnt.
2226 1363 2315 1419 Nil
2365 1360 2615 1431 denique
2660 1374 2762 1429 pro
2784 1356 2894 1410 hoc
2926 1352 3143 1408 scelere
3163 1365 3483 1406 concursus
3517 1364 3618 1402 ca-

1970 1454 2319 1512 tholicorum
2349 1451 2627 1518 virorum,
2651 1449 2707 1501 et
2730 1443 2983 1500 maxime
3005 1440 3352 1496 feminarum
3375 1435 3617 1492 velami-

1971 1563 2046 1600 na
2077 1544 2334 1616 capitum
2359 1537 2813 1613 projicientium,
2842 1538 2899 1588 et
2921 1531 3194 1603 expansis
3215 1528 3476 1583 crinibus
3511 1527 3619 1581 ile-

1972 1615 2167 1690 biliter
2195 1630 2609 1698 incedentium,
2633 1629 2868 1698 pectora
2897 1620 3132 1694 pugnis,
3155 1615 3517 1673 miserabiles
3539 1616 3612 1670 ad

1972 1729 2154 1779 Deum
2183 1737 2351 1777 voces
2407 1715 2710 1779 mittendo,
2751 1714 2894 1768 dure
2918 1707 3315 1776 tundentium,
3349 1709 3405 1760 et
3435 1719 3614 1774 super

2007 1813 2228 1868 irorum
2241 1827 2306 1866 ac
2321 1809 2575 1864 filiorum
2588 1807 2773 1860 morte
2794 1794 3447 1856 tristelamentantium.
3465 1793 3613 1848 Nam

1970 1904 2030 1957 in
2093 1899 2316 1972 plateas
2365 1897 2488 1951 luto
2513 1893 2713 1966 plenas
2741 1907 2803 1946 se
2833 1887 3289 1960 prosternentes,
3329 1882 3564 1938 aiebant
3597 1899 3610 1936 :

1899 1991 1902 1995 ’
1970 2016 1999 2043 ‹‹
2034 1996 2179 2055 Heu,
2238 1986 2387 2043 heu!
2423 2003 2454 2040 o
2511 1982 2755 2049 Christe,
2814 1983 2899 2045 tu,
2935 1976 3072 2030 hinc
3103 1972 3351 2044 ejiceris,
3382 1975 3440 2026 et
3468 1987 3616 2042 quo-

1973 2105 2001 2132 «
2035 2080 2207 2135 modo
2237 2095 2346 2132 nos
2378 2073 2669 2131 desolatas
2692 2066 2974 2138 relinquis
2999 2068 3020 2119 P
3049 2065 3133 2119 Tu
3165 2061 3474 2118 nobiscum
3511 2060 3618 2115 ha-

1979 2189 2002 2218 ι
2034 2168 2218 2224 bitare
2273 2182 2390 2221 non
2440 2159 2672 2228 sineris,
2729 2161 2784 2212 et
2815 2171 2920 2210 nos
2943 2151 3234 2224 quomodo
3264 2148 3358 2203 hic
3387 2147 3616 2203 habita-

1975 2282 2004 2309 ‹‹
2037 2254 2507 2313 mus?Vidimus
2566 2247 2703 2320 quia
2750 2243 3059 2300 nobiscum
3090 2254 3325 2294 manere
3359 2235 3619 2304 voluisti,

1974 2370 2001 2397 «
2027 2347 2128 2402 sed
2157 2343 2343 2412 vadis,
2383 2340 2520 2410 quia
2549 2337 2750 2394 Simon
2811 2335 3079 2403 maguste
3107 2345 3222 2383 non
3267 2325 3548 2399 permitit.
3577 2328 3622 2380 Ο

1975 2458 2004 2485 ‹‹
2032 2437 2229 2490 sancte
2260 2434 2446 2500 Petre,
2507 2423 2776 2496 nunquid
2809 2439 2842 2476 a
2868 2419 3104 2474 Simone
3135 2431 3305 2486 mago
3348 2413 3618 2480 vinceris,

1976 2546 2005 2574 ‹‹
2039 2523 2178 2595 quia
2208 2522 2280 2576 ad
2302 2525 2358 2575 te
2390 2512 2792 2587 confugientes
2819 2526 2932 2565 non
2956 2505 3219 2595 defendis
3238 2504 3266 2558 ‘I
3305 2503 3420 2595 Nos
3451 2505 3622 2572 puta-

1981 2635 2002 2662 α
2037 2589 2445 2680 vimusipsum
2475 2604 2537 2659 in
2563 2598 2948 2657 infernalibus
2978 2593 3166 2667 poenis
3195 2608 3322 2648 esse
3359 2589 3622 2644 vinctum

1977 2724 2005 2752 «
2039 2705 2095 2756 et
2122 2679 2493 2754 catenatum:
2528 2692 2629 2748 sed
2662 2703 2792 2745 ecce
2823 2685 3117 2742 cernimus
3147 2680 3314 2736 illum
3345 2679 3418 2734 ad
3452 2681 3622 2733 tuum

1982 2813 2003 2840 α
2036 2790 2288 2844 dedecus
2318 2782 2608 2840 hostiliter
2640 2775 3014 2834 suscitatum.
3047 2794 3075 2823 ››
3101 2770 3374 2824 Virorum
3405 2765 3623 2838 quippe

1977 2878 2076 2934 alii
2157 2877 2228 2932 ad
2283 2874 2427 2930 alios
2484 2869 2871 2927 dicebant;«
2958 2866 3015 2918 et
3089 2861 3286 2930 aperte
3370 2854 3619 2909 videtis:

1981 2988 2010 3017 (ι
2042 2966 2310 3021 Christus
2362 2962 2500 3017 hinc
2557 2954 2828 3021 discedit,
2889 2951 3030 3016 abit,
3076 2947 3216 3020 quia
3234 2945 3422 3017 legem
3455 2957 3625 2999 suam

1981 3076 2010 3106 «
2041 3052 2391 3124 adimplens,
2451 3064 2512 3102 se
2568 3042 2806 3118 pellenti
2847 3058 2961 3096 non
2988 3036 3226 3094 resistit.
3261 3035 3328 3089 Et
3357 3049 3485 3100 nos,
3516 3030 3628 3087 viri

1981 3167 2009 3194 «
2044 3139 2573 3209 fratres,civitatem
2605 3135 2777 3200 hanc,
2810 3147 2925 3202 quo
2956 3126 3224 3183 haeretica
3254 3139 3390 3194 pars
3413 3138 3481 3176 ea
3510 3136 3627 3175 non

209 3241 334 3294 tam
371 3239 444 3294 de
476 3236 702 3293 clericis
733 3237 804 3291 de
829 3235 970 3291 locis
1000 3235 1124 3290 suis
1155 3233 1434 3305 expulsis,
1469 3249 1648 3304 quam
1674 3212 1868 3288 etiam
1901 3213 1944 3280 C
1991 3255 2012 3282 ι
2045 3233 2314 3306 gaudeat,
2345 3225 2933 3292 incendamus,atque
2963 3233 3092 3273 cam
3123 3212 3379 3285 parvulis
3411 3213 3468 3264 et
3488 3225 3629 3263 uxo-

216 3328 282 3382 de
315 3327 495 3382 nobis
525 3325 691 3398 ipsis,
714 3328 847 3380 ante
860 3325 1205 3396 Papiensem
1229 3324 1462 3378 Petrum
1486 3320 1872 3392 conqueri.De

215 3415 471 3487 abjectis
493 3414 670 3482 enim,
705 3412 845 3484 quia
873 3412 1187 3468 consilium
1233 3415 1289 3467 et
1336 3409 1610 3466 solatium
1668 3424 1871 3463 eorum

217 3504 635 3573 amiseramus,
668 3507 726 3557 et
755 3501 896 3572 quia
925 3500 1103 3556 etiam
1133 3499 1290 3570 prior
1321 3501 1379 3552 et
1409 3497 1873 3568 archipresbyter

218 3598 422 3648 noster
469 3595 627 3647 metu
686 3589 947 3654 haeresis,
1007 3605 1036 3643 e
1076 3587 1310 3643 civitate
1366 3589 1766 3651 secesserant;
1801 3585 1872 3639 de

218 3681 394 3737 nobis
420 3680 797 3751 autem,quia
825 3680 978 3734 bona
995 3693 1132 3749 pars
1146 3676 1361 3732 civium
1393 3678 1725 3730 nostrorum
1762 3689 1869 3729 nos

214 3770 525 3825 haereticos
541 3768 906 3824 acclamabat
930 3791 944 3834 ;
967 3782 1105 3821 nam
1130 3764 1336 3820 videns
1369 3781 1474 3819 nos
1504 3763 1587 3818 ire
1617 3763 1690 3817 ad
1713 3777 1869 3829 eum,

214 3860 488 3915 dicebat:
524 3879 553 3910 «
586 3859 688 3928 Ite,
717 3857 794 3911 ite
825 3855 1077 3911 hzeretici
1108 3855 1175 3910 ad
1212 3853 1549 3909 haereticum
1576 3871 1588 3920 ;
1613 3851 1710 3920 ite,
1735 3849 1873 3923 quia

215 3970 243 3997 α
278 3965 390 4020 per
413 3963 517 4003 vos
546 3946 668 4001 haec
690 3944 895 4000 civitas
924 3942 1184 4014 voragini
1217 3942 1491 4008 dabitur;
1551 3941 1651 4011 qui
1707 3940 1872 3996 Chri-

219 4059 245 4086 ‹ι
278 4041 445 4092 stum
475 4034 778 4106 impietate
799 4036 990 4089 vestra
1007 4033 1077 4086 de
1093 4031 1226 4103 ipsa
1249 4029 1618 4102 expellitis,et
1634 4030 1870 4084 beatum

223 4127 503 4183 cPetrum
521 4121 856 4196 apostolum
871 4123 1298 4192 expugnantes,
1330 4119 1630 4174 Simonem
1654 4134 1871 4190 magun

221 4237 250 4264 ιι
280 4230 390 4286 pro
418 4218 532 4270 Deo
554 4213 889 4268 inducendo
921 4209 1134 4265 colitis.
1171 4231 1193 4257 ι
1231 4208 1377 4272 Quid
1438 4207 1656 4279 plura?
1684 4207 1872 4278 Roga-

221 4319 356 4359 mus
389 4319 522 4359 eum
555 4307 620 4357 ut
646 4305 769 4356 tam
798 4316 906 4355 nos
937 4314 1116 4370 quam
1147 4311 1210 4352 se
1236 4297 1307 4352 ab
1329 4296 1438 4352 hac
1461 4295 1704 4351 infamia
1733 4295 1874 4350 libe-

216 4392 638 4462 ret,dicentes:
675 4411 703 4438 «
732 4389 872 4444 Ecce
901 4403 1008 4443 nos
1039 4386 1090 4441 si
1140 4389 1194 4440 te
1247 4385 1537 4440 mundum
1595 4385 1870 4447 senseris,

221 4504 248 4531 ‹‹
280 4482 332 4537 si
364 4487 430 4535 tu
462 4479 631 4535 nobis
654 4475 927 4548 jusseris,
961 4475 1064 4530 Dei
1096 4491 1199 4546 pro
1230 4479 1285 4529 te
1326 4472 1621 4544 judicium
1675 4472 1872 4528 subire

1985 3348 2012 3374 ‹‹
2046 3299 2208 3377 ribus
2257 3316 2493 3382 nostris,
2553 3325 2904 3384 quocunque
2926 3304 3200 3360 Christus
3247 3299 3400 3369 ierit,
3427 3313 3627 3352 secum

1984 3435 2011 3461 «
2045 3425 2281 3475 eamus;
2315 3406 2363 3462 si
2387 3399 2701 3459 Christiani
2732 3411 2962 3461 sumus,
2999 3394 3180 3447 Deum
3224 3400 3564 3457 sequamur.
3601 3403 3630 3431 ››

2061 3522 2087 3552 α
2111 3499 2211 3553 His
2224 3512 2360 3567 ergo
2383 3490 2703 3564 ejulatibus
2723 3485 2932 3554 hisque
2947 3479 3249 3537 doloribus
3271 3492 3376 3531 nos
3399 3488 3632 3567 queque

1983 3587 2195 3657 clerici,
2229 3565 2330 3656 qui
2358 3581 2469 3654 ipsi
2503 3574 2771 3650 Papiensi
2801 3572 3146 3628 videbamur
3176 3568 3428 3621 fautores
3457 3565 3514 3617 et
3537 3578 3631 3617 as-

1982 3653 2189 3743 seclm,’
2226 3653 2282 3728 et
2336 3653 2436 3740 qui
2468 3668 2539 3724 ab
2571 3665 2701 3721 aliis
2730 3659 2984 3718 haeretici
3034 3653 3528 3718 acclamabamur,
3562 3665 3627 3704 eo

1982 3764 2137 3836 quod
2170 3737 2368 3834 ipsum
2394 3756 2808 3827 sequebamur,
2836 3745 3104 3821 permoti,
3147 3757 3413 3798 seramus
3443 3737 3628 3795 eccle-

1983 3833 2122 3923 sias,
2155 3833 2214 3908 et
2273 3863 2433 3904 more
2465 3845 2880 3917 projectorum,
2917 3853 3034 3892 non
3066 3833 3366 3906 tangimus
3388 3844 3625 3898 campa-

1982 3916 2119 4008 nae,
2159 3937 2394 4012 populis
2451 3916 2567 3989 non
2628 3928 2906 4002 psalmos,
2932 3941 3046 3980 non
3077 3921 3330 3992 denique
3359 3916 3626 3974 canimus

1983 4005 2384 4086 missa-sf—Nec
2441 4038 2624 4086 mora,
2667 4017 2837 4073 nobis
2867 4011 3253 4086 congregatis,
3284 4009 3352 4064 fit
3383 4005 3625 4063 Domino

1980 4115 2304 4190 inspirante
2333 4111 2664 4168 consilium.
2699 4107 2786 4160 Ad
2818 4103 2920 4160 Dei
2965 4101 3306 4165 monachos,
3365 4096 3465 4168 qui
3521 4095 3626 4150 Se-

1981 4189 2164 4279 ptimo
2196 4205 2254 4259 in
2285 4199 2638 4258 monasterio
2665 4194 2862 4252 Sancti
2891 4190 3202 4248 Salvatoris
3221 4189 3626 4260 degunt,com-

1983 4295 2148 4352 muni
2176 4296 2309 4352 voto
2339 4289 2627 4363 quosdam
2646 4289 2914 4341 nostrum
2936 4281 3248 4349 mittimus,
3268 4279 3550 4350 petentes,
3569 4279 3629 4330 et

1982 4388 2213 4440 orantes
2246 4380 2603 4436 dubietatem
2636 4373 2816 4444 hujus
2847 4372 2925 4426 rei
2949 4369 3092 4425 velle
3123 4367 3451 4440 prodere,et
3480 4363 3627 4419 veri-

1979 4477 2156 4528 tatem
2191 4462 2986 4541 cognoscere,cognitamque
3009 4456 3254 4511 firmiter
3279 4453 3624 4526 promitten-

221 4593 250 4620 «
281 4587 405 4627 non
435 4567 822 4633 dubitamus;
854 4568 956 4621 aut
979 4564 1027 4620 si
1051 4563 1454 4636 probationem
1477 4579 1652 4634 quam
1679 4578 1874 4617 mona-
1904 4579 1951 4646 D
1981 4566 2070 4617 tes
2117 4538 2330 4615 tenere.
2391 4560 2759 4625 Responsum
2818 4551 3011 4604 autem
3061 4548 3150 4599 est
3189 4541 3359 4596 nobis
3381 4538 3539 4611 quia,
3576 4538 3626 4593 si

222 4679 248 4712 ε
278 4660 379 4715 chi
429 4657 525 4713 hic
580 4660 638 4712 et
669 4657 866 4711 Romae
896 4654 1084 4710 facere
1112 4651 1444 4720 voluerunt,
1476 4651 1734 4723 recipere
1764 4651 1871 4722 vis,

222 4771 250 4798 (ι
280 4749 355 4804 ad
390 4764 490 4804 eos
519 4747 698 4815 imus,
731 4760 949 4815 eosque
981 4741 1191 4798 obnixe
1221 4757 1519 4813 rogamus.
1559 4763 1578 4789 ν
1631 4739 1716 4793 Ad
1748 4739 1870 4794 hazc

217 4837 315 4893 ille
335 4835 531 4908 inquit
560 4836 836 4890 neutrum
868 4847 929 4886 se
950 4831 1179 4902 jubere,
1226 4833 1504 4885 neutrum
1529 4827 1692 4890 velle,
1718 4843 1867 4882 neu-

217 4930 378 4980 trum
410 4923 687 4997 recipere.
741 4920 892 4988 Quin
937 4919 1111 4975 etiam
1143 4919 1398 4975 edictum
1433 4934 1466 4972 a
1493 4915 1738 4988 praeside
1767 4932 1868 4987 per

213 5013 442 5088 legatos
474 5029 614 5070 suos
654 5009 1010 5083 impetravit,
1059 5012 1124 5063 ut
1163 5007 1514 5079 quicumque
1562 5004 1866 5074 laicorum,

216 5104 560 5175 quicunque
592 5099 938 5157 clericorum
963 5113 1025 5153 se
1056 5100 1119 5152 ut
1138 5096 1477 5168 episcopum
1497 5111 1611 5149 non
1634 5093 1866 5162 coleret,

214 5193 433 5265 suique
462 5189 709 5264 imperio
740 5205 856 5244 non
887 5185 1165 5253 obediret,
1198 5186 1269 5240 ad
1302 5183 1608 5256 praesidem
1641 5182 1869 5237 vinctus

215 5299 341 5338 non
399 5282 728 5346 duceretur,
761 5277 861 5334 sed
893 5275 1242 5331 traheretur.
1275 5273 1335 5329 Si
1365 5277 1560 5328 autem
1594 5271 1728 5343 quis
1761 5287 1867 5325 no-

222 5374 441 5438 strum,
500 5369 596 5425 his
642 5366 822 5423 minis
871 5363 1129 5432 territus,
1163 5363 1234 5418 de
1263 5361 1497 5417 civitate
1519 5361 1762 5432 fugeret,
1797 5359 1869 5414 ad

223 5460 559 5516 dominium
587 5456 890 5530 potestatis
922 5455 1330 5510 adsumeretur
1358 5450 1646 5522 quidquid
1678 5465 1872 5520 posse-

221 5549 434 5605 disset.
494 5545 698 5604 Clerici
754 5559 910 5613 vero,
961 5543 1060 5614 qui
1103 5542 1214 5598 sub
1264 5539 1508 5595 tutelam
1539 5538 1691 5594 beati
1720 5537 1872 5592 Petri

224 5637 482 5711 apostoli
543 5635 768 5709 agendo
815 5636 1016 5692 contra
1071 5629 1464 5702 Simoniacam
1513 5625 1780 5685 haeresim
1812 5626 1871 5684 in

1983 4647 2329 4706 catholicam
2387 4645 2563 4699 fidem
2613 4655 2715 4711 pro
2761 4635 2986 4692 viribus
3017 4631 3298 4687 vellemus
3318 4633 3514 4683 tenere
3535 4630 3626 4680 at-

1984 4754 2097 4809 que
2146 4734 2440 4797 defendre,
2516 4732 2574 4784 et
2644 4723 3032 4780 Simoniacam
3113 4714 3381 4773 haeresim
3438 4714 3628 4785 impu-

1979 4802 2214 4898 gnando
2246 4823 2566 4886 destruere,
2597 4813 2784 4869 virtus
2811 4806 3142 4875 Salvatoris,
3174 4811 3294 4861 tam
3324 4802 3505 4874 hujus
3522 4818 3626 4857 ne-

1975 4891 2117 4988 gotii
2173 4911 2528 4967 dubietatem
2581 4919 2758 4974 quam
2781 4899 2958 4956 etiam
2990 4895 3308 4954 caecitatem
3335 4894 3406 4949 de
3435 4891 3626 4948 cordi-

1975 4983 2087 5059 bus
2119 4999 2336 5057 nostris
2367 4992 3023 5054 eliminaret.Fatemur,
3083 4983 3496 5060 promissimus
3553 4983 3623 5037 de

1977 5092 2084 5147 hac
2134 5107 2194 5144 re
2247 5089 2358 5143 hoc
2416 5083 2583 5156 sequi
2636 5080 2793 5153 quod
2825 5083 2880 5134 et
2934 5077 3068 5150 ipsi,
3118 5076 3168 5132 si
3226 5074 3351 5130 suis
3399 5073 3620 5128 factum

1977 5179 2426 5250 compensarent
2481 5171 2674 5227 dictis.
2734 5168 2882 5234 Quid
2934 5166 3150 5239 plura?
3179 5163 3467 5221 Statuitur
3497 5162 3621 5216 dies

1979 5268 2283 5325 omnivoto
2306 5261 2638 5336 quaesitaﬁn
2654 5277 2770 5331 qua
2797 5257 3226 5314 etdubietatem
3260 5251 3623 5326 perdidimus

1979 5376 2046 5414 ex
2077 5355 2716 5428 quaveritatem,quam
2745 5346 3015 5404 monachi
3034 5345 3433 5414 dicebant,pro
3452 5357 3627 5414 posse

1980 5447 2341 5504 defendendo
2373 5449 2658 5499 tenemus.
2693 5441 2907 5504 Quarta
2936 5449 3192 5507 namque
3224 5433 3386 5504 feria,
3415 5432 3477 5487 in
3509 5430 3628 5504 pri-

1982 5554 2080 5593 ma
2135 5533 2503 5590 heddomada
2549 5524 3014 5597 Quadragesimae
3045 5521 3424 5580 constituitur
3470 5520 3618 5574 dies.

1984 5624 2249 5683 Secunda
2306 5624 2362 5677 et
2418 5617 2609 5687 tertia,
2643 5611 3154 5686 feriapspecialiter
3172 5629 3276 5685 pro
3307 5611 3414 5668 hoc
3448 5609 3626 5664 Deum
