4030 6164
402 308 521 385 695

1458 326 1522 385 S.
1568 323 1896 386 JOANNIS
1943 319 2391 383 GUALBER'I‘I
2438 322 2767 385 ABBATIS

3696 321 3803 384 696

402 476 661 529 oramus,
696 461 752 514 et
783 461 846 514 ut
873 460 1049 526 Deus,
1080 459 1180 529 qui
1213 458 1383 515 unica
1412 464 1500 515 est
1526 460 1757 527 veritas,
1781 457 2036 513 veritatis
2066 458 2115 523 Α
2154 454 2226 511 Ut
2247 460 2443 512 autem
2456 462 2690 512 ventum
2715 462 2804 512 est
2821 458 2892 513 ad
2913 458 3100 525 Agnus
3119 457 3241 524 Dei,
3257 457 3509 527 quatuor
3537 454 3801 510 monachi

406 552 585 621 hujus
631 553 912 605 reseraret
966 548 1206 613 ostium,
1230 550 1627 614 obsecramus,
1666 547 2042 604 Illucescente

405 656 540 699 vero
567 641 772 708 quarta
798 636 959 704 feria,
994 655 1026 692 a
1057 640 1310 709 quodam
1343 643 1607 694 nostrum
1628 640 1744 693 itur
1768 639 1837 692 ad
1856 638 2042 691 virum

410 728 751 798 Papiensem
785 726 884 796 qui
916 743 1127 798 rogans
1152 745 1285 782 eum
1320 728 1544 799 inquit:
1581 750 1607 775 α
1644 729 1753 782 Fac
1814 744 1914 797 pro
1946 726 2046 781 Dei

412 837 439 864 ‹‹
474 819 744 882 tremore,
777 832 999 886 proque
1030 818 1285 872 remedio
1318 818 1523 872 anima:
1551 825 1680 883 ture,
1706 819 1752 872 si
1785 822 1873 873 est
1904 818 1973 871 de
1994 821 2049 869 te

413 927 440 954 «
476 904 628 974 quod
656 904 920 959 monachi
952 904 1171 960 dicunt.
1196 907 1321 961 Noli
1355 907 1739 975 clericos,noli
1768 907 2048 979 populum

413 1016 440 1042 ‹‹
470 993 529 1048 in
548 993 1053 1050 eundolaboribus
1072 995 1299 1050 afﬁcere
1322 1013 1333 1063 ;
1356 997 1472 1051 noli
1502 998 1677 1051 [)eum
1704 997 2050 1069 experiendo

418 1105 439 1132 α
472 1087 715 1149 tentare,
750 1084 849 1138 sed
880 1084 1005 1152 ejus
1038 1084 1253 1155 negotii
1285 1084 1605 1155 veritatem,
1638 1087 1706 1139 ad
1743 1086 2051 1139 Dominum

412 1177 527 1226 «te
585 1172 990 1237 convertendo,
1046 1173 1269 1241 pande;
1329 1178 1447 1239 aut,
1508 1174 1555 1227 si
1608 1174 1714 1229 hoc
1766 1180 1819 1229 te
1863 1173 2055 1230 noscis

413 1261 789 1315 «immunem
823 1264 1007 1327 reatu,
1040 1261 1346 1316 nobiscum
1378 1263 1571 1317 venire
1603 1262 1863 1333 dignare.
1891 1286 1918 1313 ››
1968 1261 2055 1315 Ad

411 1371 438 1398 ‹‹
474 1366 599 1420 quae
660 1349 776 1403 ille.
812 1372 839 1397 ‹‹
902 1349 1017 1404 Nec
1045 1366 1149 1419 ego
1182 1350 1322 1405 illuc
1353 1351 1539 1417 venio,
1574 1367 1760 1421 neque
1792 1357 1869 1422 te,
1914 1354 1961 1407 si
1996 1358 2057 1409 tu

419 1457 441 1487 ι
476 1454 567 1493 me
616 1436 831 1510 diligis,
893 1439 976 1494 ire
1025 1439 1173 1494 volo.
1213 1462 1230 1487 »
1270 1440 1357 1493 Ad
1414 1440 1536 1494 haec
1557 1458 1688 1496 vero
1712 1441 1936 1498 dictum
1972 1453 2061 1502 est

414 1550 443 1577 ‹‹
476 1528 626 1582 sibi:
665 1528 973 1583 «Profecto
997 1529 1573 1601 Deijudicium,quia
1591 1547 1793 1586 omnes
1816 1534 2057 1606 vadunt,

416 1638 444 1666 ‹‹
473 1616 667 1672 videre
724 1616 855 1671 ibo:
893 1621 948 1671 et
999 1618 1097 1687 qui
1128 1618 1208 1672 ibi
1256 1622 1480 1688 agatur,
1515 1619 1757 1673 solerter
1786 1621 1935 1676 scire
1961 1639 2059 1676 cu-

420 1706 633 1773 «rabo;
666 1709 722 1760 et
752 1706 1142 1776 quodcunque
1174 1707 1328 1761 Deus
1350 1708 1533 1776 judex
1551 1709 1751 1778 justus
1772 1709 2062 1780 injudicio

2153 562 2307 600 unus
2323 546 2634 619 imaginem
2651 536 2881 602 Demini
2897 545 3331 611 crucifixi,alter
3364 560 3575 615 aquam
3592 543 3802 599 sancti-

2157 635 2625 702 ﬁcatam,tertius
2645 636 2953 715 duodecim
2970 652 3165 691 cereos
3183 628 3515 689 benedictos
3534 649 3803 689 accensos

2160 729 2408 795 quartus
2432 725 2800 780 thuribulum
2825 725 2994 780 thure
3016 725 3254 796 plenum
3270 723 3600 795 bajulantes
3616 739 3807 795 proce-

2158 813 2307 868 dunt
2329 814 2397 868 ad
2418 814 2885 869 succendendum
2910 813 3202 886 lignorum
3227 813 3591 885 praescriptas
3617 829 3804 884 pyras.

2161 902 2260 957 His
2292 902 2469 973 igitur
2500 903 2890 973 visis,clamor
2917 903 3182 958 omnium
3209 904 3264 955 in
3299 901 3509 957 cmlum
3527 901 3805 956 attollitur

2162 994 2326 1064 Kyric
2355 994 2556 1048 eleison
2584 992 2947 1048 ﬂebilissime
2975 992 3143 1064 pleno
3180 1009 3275 1047 ore
3318 995 3602 1046 cantatur.
3647 991 3809 1046 Jesus

2165 1081 2431 1137 Christus
2462 1083 2836 1149 creberrime,
2860 1086 2922 1136 ut
2940 1087 3236 1153 exsurgat,
3262 1097 3623 1151 causamque
3645 1096 3807 1134 suam

2166 1170 2456 1237 defendat,
2519 1177 2737 1226 oratur.
2772 1172 2951 1227 Maria
3008 1172 3135 1241 ejus
3194 1174 3401 1240 mater,
3458 1174 3521 1224 ut
3570 1169 3679 1224 hoc
3715 1169 3813 1223 sibi

2167 1259 2687 1327 suadeat,multum
2712 1278 2744 1316 a
2764 1259 3254 1331 viris,plurimum
3280 1277 3314 1315 a
3333 1259 3567 1314 feminis
3588 1258 3813 1329 suppli-

2169 1354 2372 1403 catur:
2424 1349 2575 1403 Petri
2634 1350 2881 1420 apostoli
2912 1366 3144 1419 nomen,
3205 1365 3318 1419 quo
3347 1349 3645 1403 Simonem
3677 1363 3808 1419 per-

2170 1438 2359 1493 dendo
2416 1439 2670 1507 damnet,
2723 1439 2937 1495 millies
2990 1439 3405 1511 ingeminatur.
3481 1438 3812 1509 Gregorius,

2171 1527 2332 1582 urbis
2364 1527 2595 1599 praesul,
2653 1533 2717 1583 ut
2746 1530 2817 1584 ad
2878 1544 3017 1583 suas
3072 1528 3493 1583 verificandum
3551 1530 3820 1599 properet

2173 1615 2526 1681 sanctiones,
2588 1615 2930 1687 suppliciter
2980 1616 3342 1670 obsecratur.
3404 1616 3632 1670 Interea
3674 1614 3812 1669 dum

2175 1718 2274 1772 pro
2331 1702 2552 1774 ingenii
2603 1704 2923 1775 capacitate
2972 1705 3044 1759 ab
3103 1704 3381 1759 omnibus
3420 1704 3574 1759 Deus
3605 1708 3819 1771 oratur,

423 1816 451 1844 ι(
486 1811 591 1850 suo
624 1798 776 1848 recto
826 1795 1254 1861 monstraverit,
1289 1796 1614 1850 secundum
1650 1813 1852 1851 meum
1889 1798 2015 1853 vale
2037 1817 2065 1854 r
2098 1830 2145 1895 Β
2175 1792 2498 1863 presbyter,
2530 1794 2822 1865 perceptis
2852 1793 3065 1849 salutis
3115 1793 3431 1865 mysteriis,
3494 1797 3550 1848 et
3596 1791 3822 1864 expleta

425 1905 451 1931 ‹‹
487 1882 945 1939 defensabo.Ncc
975 1882 1080 1936 tibi
1114 1899 1311 1937 meum
1344 1884 1655 1939 molestum
1690 1886 1765 1940 sit
1796 1887 2068 1958 itor,quia

425 1992 452 2019 ‹‹
485 1974 540 2025 te
566 1970 739 2025 hodie
769 1969 961 2041 qualis
1002 1970 1103 2039 sis,
1129 1972 1418 2027 sententia
1448 1973 1549 2028 Dei
1581 1980 1735 2029 recte
1781 1978 2065 2040 ostendet,

421 2082 451 2109 «
481 2061 595 2114 Aut
623 2058 778 2113 enim
832 2062 887 2113 te
920 2058 1111 2128 hodie,
1144 2060 1333 2131 magis
1364 2078 1542 2133 quam
1576 2079 1835 2134 unquam
1864 2065 2066 2132 fueris,

424 2168 447 2196 ε
472 2147 822 2202 habebimus
844 2148 1108 2213 charum,
1134 2148 1507 2205 autviliorem
1531 2156 1585 2206 et
1607 2158 2067 2224 contemptum.»

413 2237 531 2293 Nos
561 2236 821 2299 interim,
853 2237 1021 2307 quasi
1045 2237 1263 2292 ccclesti
1299 2241 1629 2310 praemoniti
1662 2242 1917 2313 oraculo,
1954 2260 2069 2299 non

414 2330 822 2397 exspectamus
840 2325 1113 2381 nuntium
1140 2344 1151 2381 :
1180 2328 1549 2399 curriturque
1573 2348 1606 2384 a
1628 2331 1795 2388 nobis
1819 2332 2067 2399 clericis,

413 2417 588 2484 atque
619 2412 804 2482 laicis,
854 2416 909 2466 et
940 2412 1175 2467 feminis
1235 2415 1305 2467 ad
1337 2416 1686 2486 Septimum,
1747 2419 1803 2472 in
1839 2437 1954 2490 quo
1986 2426 2072 2476 est

417 2502 605 2558 sancti
635 2500 954 2555 Salvatoris
978 2502 1422 2558 monasterium.
1461 2504 1505 2557 Ο
1534 2506 1683 2561 mira
1717 2509 1941 2563 Domini
1976 2527 2071 2581 po-

432 2589 891 2660 tentiamiraque
912 2589 1355 2662 clementia,qui
1388 2593 1720 2650 voluntates
1746 2614 1858 2652 non
1879 2600 2071 2654 solum

418 2679 833 2751 expeditis,sed
865 2678 1044 2734 etiam
1068 2681 1509 2751 praegnantibus
1529 2683 1679 2738 vires
1702 2686 1773 2739 ad
1813 2688 2072 2742 eundum

424 2768 697 2823 donavit!
733 2768 1011 2839 Nunquid
1043 2768 1199 2822 enim
1228 2768 1529 2839 longitudo
1561 2776 1877 2841 matronas,
1924 2794 2071 2831 nun-

428 2857 570 2927 quid
602 2857 696 2911 via
727 2855 1041 2911 caenolenta
1070 2856 1447 2913 multitudine
1479 2876 1764 2932 aquarum
1798 2863 2074 2921 delicatas

428 2945 680 3000 terruit?
741 2946 1003 3015 nunquid
1069 2962 1279 3016 pueros
1322 2948 1614 3018 jejunium
1669 2954 2078 3024 exasperavit?

435 3032 813 3103 Congregatis
859 3034 1109 3103 denique
1132 3036 1406 3092 omnibus
1439 3037 1661 3093 clericis
1692 3045 1750 3095 et
1781 3041 1944 3097 laicis
1975 3061 2077 3115 pro

434 3120 645 3175 miscui
668 3137 840 3177 sexus
872 3126 928 3177 et
957 3124 1143 3178 aetatis
1176 3126 1292 3179 fere
1316 3127 1387 3180 ad
1413 3127 1525 3181 tria
1557 3128 1743 3184 millia
1772 3131 1843 3185 ad
1866 3134 2076 3202 praedi-

430 3212 590 3264 ctum
625 3211 1044 3266 monasterium
1073 3212 1716 3285 interrogamuraviris
1734 3219 1833 3274 Dei
1862 3237 1873 3275 :
1910 3222 2077 3278 «Cur
2106 3202 2151 3270 (ἶ
2196 3235 2215 3260 ⁸
2250 3211 2374 3266 Viri
2428 3213 2635 3268 fratres
2669 3217 2725 3269 εἴ
2770 3230 2999 3269 801‘01‘89

429 3319 457 3347 (ί
492 3298 721 3366 fratres,
779 3299 1019 3355 venistis
1041 3301 1067 3354 ?
1100 3324 1121 3351 ι»
1178 3302 1583 3375 Respondetur
1636 3324 1669 3361 a
1702 3309 1911 3365 nobis:
1947 3335 1973 3361 ‹‹
2007 3313 2078 3368 Ut

428 3408 456 3436 ‹‹
494 3385 918 3453 illuminemur,
954 3393 1030 3449 et,
1064 3407 1318 3445 errorem
1342 3392 2072 3464 relinquentes,veritatem

429 3498 456 3525 ‹‹
491 3492 830 3547 sequamur.
868 3498 896 3526 ››
919 3509 987 3517 ——
1019 3500 1045 3527 «
1079 3480 1402 3551 Quomodo,
1425 3481 1723 3553 inquiunt,
1749 3486 2075 3545 illuminari

428 3588 455 3614 «
487 3564 663 3620 vultis
682 3565 709 3618 Ὺ
740 3565 1624 3639 »Nos,inquam,respondentcs
1649 3591 1661 3628 :
1690 3598 1717 3623 «
1743 3575 1815 3631 Ut
1836 3578 2073 3648 copioso

433 3673 455 3701 α
488 3653 939 3726 probeturigne,
972 3657 1126 3726 quod
1155 3656 1225 3711 de
1257 3659 1528 3729 Papicnsi
1571 3662 1737 3718 Petro
1794 3665 2009 3722 dicitis.
2046 3691 2074 3716 ››

430 3764 458 3791 ‹‹
486 3772 551 3782 -—-
581 3745 784 3812 Quem,
816 3743 1113 3814 inquiunt,
1138 3745 1394 3801 fructum
1426 3748 1534 3802 hoc
1566 3750 1716 3806 facto
1759 3752 2072 3828 habebitis,

431 3854 461 3881 «
493 3836 595 3887 aut
615 3849 789 3903 quem
822 3832 1101 3887 honorem
1133 3834 1267 3890 inde
1296 3836 1409 3891 Dco
1433 3838 1685 3894 reddctis
1708 3841 1734 3893 *ἶ
1762 3864 1788 3891 ››
1817 3843 2075 3916 Respon-

432 3921 639 3975 demus
670 3936 875 3975 omnes
904 3939 914 3975 :
955 3942 984 3970 «
1005 3922 1071 3975 Et
1090 3922 1310 3978 erimus
1337 3925 1633 3982 vobiscum
1659 3935 1873 3987 rectam
1900 3934 2073 3990 fidem

433 4030 461 4055 ‹‹
495 4009 953 4073 defendentes,et
975 4010 1365 4067 Simoniacam
1389 4014 1656 4071 hazresim
1681 4019 2073 4081 abominando

432 4117 459 4143 ‹‹
494 4099 607 4149 Deo
637 4112 870 4166 semper
898 4097 1114 4167 gratias
1146 4105 1405 4170 agentes.
1442 4124 1469 4149 »

503 4206 531 4231 ‹‹
558 4182 705 4245 Quid
735 4183 967 4272 longius
990 4202 1291 4242 moramur
1310 4189 1337 4242 ‘I
1357 4190 1528 4247 Fiunt
1559 4195 1761 4251 statim
1796 4216 1829 4252 a
1858 4202 2072 4272 populo

424 4271 551 4324 duae
573 4275 765 4326 strues
786 4271 1081 4344 lignorum
1106 4276 1643 4350 altrinsecusjuxta
1658 4301 1719 4339 se
1746 4287 1804 4341 in
1825 4271 2075 4361 longitu-

420 4358 555 4414 dine
581 4360 816 4431 positazz
852 4362 1195 4434 singillatim
1219 4382 1351 4422 vero
1384 4368 1688 4441 longitudo
1758 4358 2065 4449 utriusque

423 4449 534 4540 t‘uit
553 4450 767 4540 pedum
793 4451 991 4507 decem
1018 4470 1031 4521 ;
1056 4452 1303 4511 latitudo
1328 4462 1520 4513 autem
1537 4463 1845 4519 ambarum
1868 4466 2071 4540 singil-

612 4539 869 4635 quinque
891 4542 1127 4635 pedum,
1161 4548 1218 4599 et
1248 4546 1560 4603 dimidium
1593 4551 1820 4607 dimidii
1855 4538 2059 4626 pedis:
2105 4571 2153 4635 Β

427 4626 671 4684 altitudo
702 4630 948 4699 denique
978 4632 1287 4705 utriusque
1313 4639 1628 4708 separatim
1674 4642 1782 4697 fuit
1830 4648 2081 4714 quatuor

426 4719 641 4790 pedum
664 4723 719 4774 et
750 4718 1081 4776 dimidium.
1108 4722 1264 4778 Inter
1302 4728 1582 4799 utrasque
1630 4746 1762 4785 vero
1816 4750 1986 4804 pyras
2018 4736 2077 4790 in

426 4808 793 4879 longitudine
827 4811 1037 4865 semita
1058 4812 1234 4867 unius
1295 4816 1515 4870 brachii
1559 4819 1801 4887 exstitit,
1863 4826 1919 4877 et
1950 4824 2077 4895 ipsa

428 4900 644 4951 stracta
663 4896 834 4950 siccis
866 4896 1068 4968 lignis,
1102 4906 1158 4954 ct
1182 4903 1251 4956 ad
1289 4906 1615 4962 ardendum
1653 4908 1801 4964 bene
1831 4913 2073 4981 paratis,

428 4983 819 5073 Intereal’iunt
840 5001 941 5055 pro
973 4985 1081 5041 hac
1113 5004 1174 5043 re
1228 4992 1585 5061 psalmodize,
1645 4997 1890 5069 letaniae,
1944 5018 2079 5073 sup-

428 5070 1585 5148 plicationes.Monachus.(lOjintraturus
1604 5085 1796 5157 ignem
1815 5070 2074 5159 eligitur;

423 5163 714 5234 jussuque
763 5162 990 5218 abbatis
1050 5165 1449 5226 celebraturus
1513 5174 1756 5230 missam
1791 5177 1861 5229 ad
1896 5177 2077 5233 altare

432 5252 707 5321 procedit.
741 5254 920 5309 Missa
938 5272 1071 5309 vero
1096 5262 1363 5311 cantatur
1387 5276 1518 5315 cum
1544 5278 1757 5333 magna
1778 5266 2079 5321 dcvolione

430 5343 487 5393 et
512 5343 934 5411 supplicatione
968 5345 1253 5401 omnium.
1282 5348 1502 5403 Chorus
1556 5352 1977 5407 monachorum
2025 5358 2082 5409 et

434 5428 798 5499 clerico:‘rim,
837 5453 1057 5490 necnon
1092 5437 1368 5491 laicorum
1403 5456 1469 5492 cx
1503 5441 1671 5493 corde
1702 5441 2076 5513 lacrymatur.

505 5536 615 5606 (10)
652 5538 882 5620 Scilicet
913 5541 1169 5620 Petraus,
1203 5546 1273 5598 ob
1307 5544 1362 5597 id
1396 5545 1615 5620 Ignitus
1648 5546 1941 5620 dictus,de
1964 5566 2077 5620 quo

435 5625 610 5680 supra
642 5626 765 5681 cap.
802 5611 870 5666 i5
899 5617 954 5666 et
978 5613 1124 5669 infra
1155 5611 1277 5685 Cap.
1342 5611 1625 5687 sequenti.
1661 5617 1740 5672 De
1782 5611 1889 5675 hoc
1928 5611 2077 5677 facto

2178 1880 2379 1947 missa,
2407 1886 2695 1951 exutaque
2716 1882 2935 1947 casula,
2958 1882 3292 1953 caeterisque
3316 1881 3620 1937 sacerdotii
3649 1881 3819 1935 indu-

2178 1969 2390 2023 mentis
2421 1970 2533 2024 sibi
2566 1971 2828 2039 retentis,
2863 1988 3095 2027 crucem
3130 1970 3344 2026 Christi
3396 1975 3655 2041 portans,
3691 1985 3820 2024 cum

2178 2058 2489 2113 abbatibus
2520 2063 2576 2113 et
2606 2059 2909 2115 monachis
2947 2059 3189 2115 letanias
3224 2058 3504 2127 faciendo,
3534 2059 3605 2114 ad
3628 2062 3820 2113 strues

2178 2146 2472 2217 lignorum
2495 2149 2621 2218 jam
2653 2164 2822 2221 rogos
2850 2148 2972 2205 fieri
2992 2149 3336 2221 incipientes
3359 2148 3817 2220 appropinquat;

2180 2234 2375 2305 ibique
2401 2235 2554 2290 Deus
2586 2253 2763 2307 quam
2798 2235 3199 2308 multipliciter
3229 2253 3293 2292 ae
3347 2235 3722 2292 uniformiter
3754 2235 3817 2291 ab

2180 2324 2456 2379 omnibus
2487 2325 2782 2381 adoretur:
2821 2325 2990 2382 Nulla
3011 2325 3213 2398 lingua
3239 2324 3366 2395 fari,
3390 2323 3588 2379 nullus
3611 2339 3820 2379 sensus

2181 2412 2506 2485 colligendo
2523 2415 2674 2469 valet
2696 2414 2986 2470 meditari.
3008 2415 3267 2469 Tandem
3284 2413 3823 2483 silentiumﬁcunctis

2180 2502 2524 2573 imponitur,
2575 2508 2631 2558 et
2689 2508 2754 2559 ut
2811 2503 3203 2559 conditionem
3263 2504 3364 2573 rei,
3422 2518 3524 2574 pro
3574 2502 3697 2556 haec
3729 2502 3823 2556 {ie-

2180 2589 2343 2659 bant,
2378 2590 2597 2645 intente
2629 2591 2940 2647 audiamus
2963 2596 3019 2647 et
3040 2592 3183 2649 bene
3203 2589 3605 2661 intelligamus
3631 2606 3821 2644 mone-

2184 2694 2335 2731 mur.
2359 2677 2606 2749 Eligitur
2627 2680 2876 2750 denique
2893 2681 3171 2735 abbatum
3199 2696 3354 2735 unus
3376 2678 3672 2734 clamosus
3694 2695 3826 2734 voce

2184 2772 2420 2837 apertus
2452 2767 2673 2839 lingua,
2707 2770 2805 2839 qui
2838 2774 3035 2841 aperte
3093 2771 3164 2824 ad
3223 2768 3665 2841 intelligendam
3704 2783 3824 2823 ora-

2180 2855 2401 2910 tionem
2432 2855 2492 2909 in
2526 2873 2641 2927 qua
2658 2858 2909 2912 conditio
2931 2858 3227 2929 petitionis
3265 2858 3335 2913 ad
3359 2862 3541 2912 Deum
3564 2857 3821 2912 contine-

2185 2943 2359 2999 batur
2408 2945 2623 3016 populo
2681 2946 2837 3018 legit.
2864 2946 3344 3003 Collaudantibus
3377 2951 3569 3001 autem
3602 2946 3821 3000 cunctis

2186 3033 2598 3101 conditionem,
2631 3040 2772 3090 tunc
2799 3036 3010 3092 iterum
3041 3036 3189 3091 alius
3219 3036 3497 3091 abbatum
3529 3034 3822 3090 silentium

2187 3122 2350 3194 petit,
2376 3122 2725 3195 elevansque
2754 3141 2975 3194 vocem,
3010 3123 3331 3197 alloquitur
3361 3139 3567 3180 omnes
3591 3122 3784 3178 dicens
3814 3139 3826 3177 :

3006 3260 3018 3285 ,
3076 3231 3179 3285 pro
3229 3212 3417 3269 salute
3499 3212 3822 3267 animarum

2194 3323 2215 3350 α
2242 3305 2588 3370 vestrarum,
2622 3306 2767 3357 teste
2796 3302 2931 3373 Deo,
2966 3302 3074 3357 hoc
3114 3302 3465 3369 facimus,ut
3496 3300 3767 3371 deinceps
3796 3315 3827 3354 α

2188 3412 2216 3439 ‹‹
2248 3390 2578 3446 Simoniaca
2607 3390 2787 3462 lepra,
2824 3407 2949 3463 quae
2982 3391 3098 3446 fere
3138 3392 3266 3461 jam
3322 3394 3511 3445 totum
3570 3389 3825 3444 sordidat

2189 3503 2217 3528 ‹‹
2252 3480 2564 3546 mundum,
2598 3481 2868 3535 caveatis.
2902 3482 3089 3550 Hujus
3121 3480 3289 3550 leprze
3320 3478 3652 3551 contagium
3707 3481 3821 3532 tam

2191 3591 2219 3617 «
2250 3584 2531 3640 magnum
2564 3583 2690 3624 esse
2721 3568 2939 3637 sciatis,
2974 3568 3129 3639 quod
3154 3567 3326 3623 istius
3347 3566 3825 3623 immanitaticae-

2188 3678 2215 3705 «
2248 3661 2371 3712 tera
2417 3657 2665 3713 crimina
2716 3662 3052 3728 comparata
3104 3662 3244 3712 sunt
3275 3657 3441 3727 quasi
3473 3655 3641 3710 nihil.
3675 3676 3701 3703 ››
3728 3654 3823 3708 His

2185 3762 2321 3816 ergo
2351 3746 2612 3817 expletis,
2648 3763 2779 3801 cum
2804 3745 3036 3817 utrique
3094 3746 3218 3817 rogi
3267 3747 3392 3817 jam
3454 3762 3515 3801 se
3535 3761 3604 3799 ex
3625 3741 3822 3812 majori

2186 3839 2347 3905 parte
2378 3834 2434 3888 in
2466 3836 2896 3890 ﬂammivomos
2936 3834 3248 3890 vertissent
3275 3835 3578 3901 carbones,
3611 3836 3820 3888 etcum

2186 3924 2375 3979 media
2404 3925 2615 3980 semita
2642 3924 3073 3996 ignivomarum
3106 3924 3271 3995 copia
3325 3930 3647 3995 prunarum
3674 3924 3824 3976 tacta

2184 4016 2472 4082 aestuaret,
2506 4018 2570 4067 ut
2590 4030 2775 4084 usque
2806 4014 2876 4068 ad
2917 4013 3065 4068 talos
3096 4015 3273 4085 pedes
3302 4012 3672 4083 euntis,sicut
3697 4012 3824 4081 post

2183 4102 2243 4156 in
2273 4103 2613 4173 probatione
2639 4103 2844 4173 patuit,
2881 4103 2939 4157 in
2972 4120 3191 4172 prunas
3246 4101 3409 4174 infigi
3441 4104 3708 4173 possent;
3732 4114 3821 4152 sa-

2184 4193 2352 4246 cerdo
2385 4197 2441 4247 et
2472 4191 2816 4257 monachus,
2842 4193 3017 4262 jussu
3044 4192 3295 4262 abbatis,
3328 4191 3478 4245 hanc
3509 4188 3817 4245 orationem

2184 4297 2315 4335 cum
2340 4297 2553 4352 magna
2568 4278 3105 4348 vocc,audientibus
3128 4284 3185 4335 et
3201 4280 3478 4335 ﬂentibus
3501 4280 3617 4333 fere
3639 4277 3814 4332 tribus

2184 4368 2621 4438 millibus,fudit
2643 4370 2713 4424 ad
2741 4368 3114 4423 Dominum.«
3148 4368 3389 4423 Domine
3412 4368 3555 4423 Jesu
3582 4365 3813 4431 Christe,

2184 4482 2211 4507 ‹‹
2244 4475 2377 4513 vera
2404 4458 2506 4514 lux
2526 4459 2790 4513 omnium
2830 4457 2888 4513 in
2922 4463 2977 4513 te
3007 4458 3393 4527 credentium,
3418 4462 3581 4511 tuam
3604 4452 3819 4510 miseri-

2185 4569 2213 4596 ‹‹
2248 4549 2502 4602 cordiam
2537 4552 2689 4619 peto,
2718 4552 2881 4602 tuam
2913 4547 3279 4603 clementiam
3312 4564 3482 4603 exoro
3514 4552 3599 4614 ut,
3642 4545 3689 4600 si
3716 4547 3814 4597 Pe-

2195 4660 2214 4684 α
2250 4640 2375 4690 trus
2399 4637 2717 4708 Papiensis,
2753 4636 2853 4706 qui
2883 4636 3254 4692 Florentinus
3276 4638 3589 4708 episcopus
3619 4632 3815 4690 dicitur

2192 4747 2219 4774 ‹‹
2250 4724 2578 4779 interventu
2612 4726 2889 4796 pecuniae,
2923 4725 2979 4779 id
3012 4729 3102 4781 est
3134 4741 3376 4781 munere
3406 4743 3439 4780 a
3468 4718 3811 4793 manu,quod

2195 4832 2217 4861 α
2250 4818 2338 4868 est
2368 4812 2699 4869 Simoniaca
2729 4814 2989 4881 haeresis,
3022 4814 3414 4870 Florentinam
3475 4803 3714 4885 arripuit
3731 4824 3813 4863 se-

2187 4926 2213 4952 ‹‹
2247 4904 2399 4967 dem,
2436 4920 2587 4957 nunc
2616 4908 2700 4972 tu,
2736 4903 3059 4959 Filimterni
3112 4904 3319 4971 Patris,
3365 4902 3529 4960 salus
3585 4918 3724 4971 mea,
3761 4897 3815 4951 in

2188 5016 2215 5042 ‹‹
2252 4992 2358 5047 hoc
2416 4993 2719 5047 tremendo
2770 4993 2993 5062 judicio
3049 4994 3452 5064 adjuvandum
3482 5009 3575 5049 me
3596 4989 3810 5051 festina,

2188 5104 2215 5131 «
2250 5087 2306 5137 et
2336 5098 2429 5136 me
2458 5081 2707 5137 illaesum
2746 5082 2871 5137 sine
2902 5081 3099 5153 aliqua
3130 5082 3554 5138 combustionis
3606 5074 3815 5136 macula

2189 5193 2215 5221 ‹‹
2248 5171 2597 5225 mirabiliter
2622 5187 2935 5238 conserva;
2973 5172 3125 5227 sicut
3154 5174 3450 5243 quondam
3482 5171 3689 5227 illwsos
3715 5164 3811 5223 sal-

2190 5284 2219 5309 ‹‹
2245 5261 2391 5315 vasti
2445 5266 2562 5315 tres
2604 5277 2804 5331 pueros
2868 5260 2924 5314 in
2978 5260 3207 5316 camino
3230 5262 3385 5334 ignis
3415 5260 3687 5317 ardentis.
3716 5254 3811 5319 Qui

2190 5374 2213 5397 α
2251 5367 2383 5405 cum
2416 5355 2628 5405 aeterno
2690 5350 2855 5404 Patre
2887 5356 2987 5405 tuo
3019 5355 3074 5405 et
3105 5352 3323 5421 Spiritu
3377 5355 3577 5406 sancto
3634 5344 3811 5405 omnia

2191 5464 2217 5488 ‹‹
2242 5440 2589 5512 conperaris,
2623 5439 2859 5506 etvivis,
2891 5444 2947 5494 ct
2975 5457 3183 5511 regnas
3214 5441 3273 5495 in
3326 5441 3536 5496 szecula
3591 5435 3814 5495 saeculo-

2186 5548 2310 5618 lcge
2331 5548 2547 5620 librum
2578 5545 2813 5620 tertium
2850 5546 3071 5620 Dialogi
3104 5547 3347 5604 Victoris
3380 5547 3535 5603 tertii
3566 5548 3626 5603 in
3656 5545 3807 5620 parte

2188 5638 2228 5675 ιι
2260 5618 2454 5675 saeculi
2476 5619 2569 5685 IV,
2604 5634 2734 5689 pag.
2769 5618 2892 5675 456.
