4030 6164
420 374 541 438 699

1477 380 1540 441 S.
1587 380 1915 444 JOANNIS
1962 376 2409 443 GUALBERTI
2453 376 2789 441 ABBATIS

3708 378 3821 441 700

423 510 525 582 qui
556 526 623 564 ex
654 515 853 566 nostra
872 513 1028 567 terra
1056 527 1160 583 pro
1188 510 1424 569 vitando
1447 515 1737 571 consortio
1768 514 2065 569 haeretico-
2098 515 2152 581 Α
2180 512 2416 585 propria
2447 512 2820 582 monasteria,
2854 509 3124 584 qui,licet
3153 513 3464 566 maerentes
3493 514 3552 567 et
3579 508 3818 569 nimium

423 616 555 654 rum
587 600 657 653 ad
702 604 757 653 te
786 600 1191 674 confugerunt,
1226 621 1259 657 a
1304 603 1604 659 catholicis
1650 605 1737 659 fac
1788 603 2067 671 ordinari,

422 688 569 743 tales
617 687 755 742 illuc
805 688 1053 755 remitte,
1106 696 1164 746 et
1212 693 1706 749 Christianitatem
1748 696 1874 764 jam
1926 709 2070 766 pene

422 776 672 831 deletam
719 783 993 849 poterunt
1040 798 1366 837 renovare.»
1422 783 1571 848 Quid
1620 782 1855 838 multa?
1903 783 2071 837 Pater

421 865 574 936 pius,
602 882 763 921 more
816 868 1005 940 solito,
1062 869 1243 926 nimia
1290 872 1505 943 pietate
1553 875 1902 936 commotus,
1954 887 2068 925 non

422 953 613 1010 solum
648 955 802 1027 illos,
838 959 937 1012 sed
969 959 1143 1014 etiam
1176 977 1322 1032 quos
1361 962 1487 1031 jam
1520 962 1579 1015 in
1612 960 1874 1015 interiori
1928 959 2071 1015 cella

422 1044 772 1099 novitiorum
822 1046 1091 1119 habebat,
1124 1054 1180 1104 et
1211 1048 1310 1120 qui
1348 1054 1627 1105 venerant
1657 1050 1897 1104 induere
1945 1066 2069 1104 mo-

421 1130 705 1188 nasticam
740 1134 1171 1205 habitum,inde
1201 1138 1577 1206 abstraxit,ct
1606 1156 1638 1193 a
1671 1137 1919 1193 Rodulto
1950 1138 2071 1209 epi-

420 1238 596 1292 scopo
654 1223 991 1295 Tudertino,
1053 1226 1425 1281 sanctissimo
1477 1232 1533 1280 et
1594 1225 1877 1281 catholico
1926 1226 2068 1291 viro,

422 1310 711 1382 gradatim
736 1313 985 1367 ordinati
1007 1314 1391 1385 fecit,eosque
1415 1314 1805 1371 Mediolanum
1838 1314 2067 1370 direxit.

1001 1404 1235 1459 CAPUT
1278 1404 1486 1458 LXVII.

493 1492 655 1544 llunc
687 1490 1025 1563 episcopum
1061 1498 1193 1564 post
1222 1493 1372 1548 Petri
1406 1494 1517 1565 (12)
1550 1492 1865 1549 Simoniaei
1896 1494 2068 1564 depo-

419 1578 688 1634 sitionem
726 1580 795 1634 ad
852 1582 1168 1652 regendum
1218 1582 1618 1637 Florentinum
1669 1582 2067 1654 episcopatum

419 1684 570 1738 papa
602 1669 974 1724 mandaverat
1007 1686 1020 1725 :
1054 1675 1129 1740 et,
1167 1675 1231 1725 ut
1278 1670 1465 1743 magis
1495 1671 1705 1739 dicam,
1739 1672 1931 1743 ipsum
1967 1672 2067 1725 do-

419 1756 649 1811 minum
703 1758 1019 1812 Rodulfum
1069 1760 1409 1831 episcopum
1462 1760 1697 1835 praefato
1745 1759 2068 1815 Mediolano

419 1862 552 1900 cum
583 1846 723 1900 viris
753 1847 998 1903 eruditis
1028 1853 1228 1918 postea
1258 1848 1437 1914 misit,
1474 1848 1799 1914 ut,cunctis
1833 1848 2072 1904 catholi-
2100 1884 2149 1950 B

419 1934 502 1988 cis
531 1934 587 1987 id
621 1935 857 1989 omnino
893 1937 1247 2007 petentibus,
1280 1936 1595 2009 episcopali
1628 1938 1817 1992 ofﬁcio
1863 1939 2069 1993 subve-

418 2022 569 2076 niret
619 2024 689 2077 ad
735 2024 1093 2081 consolanda
1140 2026 1315 2082 corda
1378 2026 1658 2097 ﬁdelium,
1693 2026 1792 2081 diu
1843 2031 2072 2100 pastore

419 2111 704 2167 catholico
737 2113 1034 2169 destituta.

987 2203 1211 2259 CAPUT
1263 2205 1500 2259 LXVIII.

490 2292 552 2346 In
586 2291 805 2347 eisdem
828 2292 1037 2348 diebus
1068 2310 1184 2348 una
1207 2294 1417 2350 mulier
1447 2311 1581 2349 cum
1605 2295 1793 2350 tribus
1816 2293 2072 2366 parvulis

418 2380 576 2449 ﬁliis,
613 2398 863 2452 quorum
916 2399 1098 2437 unum
1132 2400 1165 2436 a
1196 2383 1434 2453 dextris,
1466 2400 1500 2437 a
1530 2383 1786 2439 sinistris
1825 2383 2072 2439 alterum

419 2471 661 2535 ducens,
690 2471 931 2524 tertium
982 2471 1042 2524 in
1097 2471 1361 2526 humeris
1412 2472 1624 2539 ferens,
1662 2473 1799 2527 ﬁliis
1849 2489 1914 2527 ac
1962 2472 2071 2527 sibi

417 2558 637 2612 victum
660 2558 1122 2630 circumquaque
1148 2561 1441 2632 pergendo
1465 2561 1918 2631 quaerebatQuae
1940 2577 2073 2616 cum

421 2646 490 2701 ad
510 2646 861 2717 hospitalem
880 2647 1720 2720 SanctiSalvii,elecmosynam
1737 2650 2073 2721 quaesitura,

420 2733 694 2802 venisset,
746 2752 995 2806 eamque
1042 2737 1249 2792 beatus
1296 2737 1554 2792 Joannes
1626 2737 2075 2808 multiplicatam

421 2822 578 2889 ﬁliis,
611 2827 666 2878 et
694 2824 1037 2896 depressam
1083 2825 1280 2897 inopia
1309 2830 1588 2892 cerneret,
1623 2825 1834 2897 pietate
1881 2830 2076 2882 motus

423 2913 728 2968 custodem
778 2912 1086 2985 hospitalis
1158 2915 1446 2969 Andream
1499 2916 1734 2970 nomine
1785 2919 1970 2980 vocat,
2022 2919 2079 2971 et

412 3002 586 3071 jubet
612 3007 677 3056 ut
725 3001 947 3073 aliquid
987 3002 1343 3058 muliercula:
1391 3003 1699 3076 largiatur.
1762 3002 1865 3059 Ille
1916 3021 2072 3072 vero,

423 3107 598 3162 quem
630 3090 908 3162 egestatis
939 3091 1105 3163 copia
1135 3092 1301 3148 valde
1342 3094 1985 3164 premebat,respondet
2016 3110 2078 3149 se

422 3178 656 3235 nonnisi
689 3196 897 3251 panem
931 3198 1115 3235 unum
1148 3182 1493 3238 babere.Cui
1526 3182 1879 3237 reverendus
1914 3183 2078 3237 Pater

2180 603 2519 668 flentes,nec
2551 602 2733 674 patris
2759 601 3016 673 jussioni
3049 600 3442 656 contradicere
3473 618 3819 672 praesumen-

2177 699 2285 761 tes,
2303 691 2464 745 inviti
2497 691 2953 747 revertebantur.
2971 691 3401 745 Remanserunt
3429 693 3665 745 tantum
3697 708 3819 746 cum

2178 796 2244 835 eo
2276 780 2529 836 domnus
2558 779 2835 835 Rusticus
2864 779 3114 851 prior,et
3145 781 3328 835 Laetus
3361 778 3821 835 Passinianensis

2178 869 2381 923 abbas.
2423 870 2526 924 Isti
2558 870 2897 924 accedentes
2946 870 3016 924 ad
3049 884 3181 923 eum
3214 869 3415 923 eadem
3466 869 3825 925 hebdomade

2181 975 2295 1029 qua
2326 957 2704 1025 obiit,humili
2736 974 2906 1029 prece
2940 963 3289 1030 rogaverunt
3317 957 3511 1029 ipsum
3545 964 3611 1014 ut
3643 958 3824 1013 fratri-

2180 1047 2293 1101 bus
2342 1047 2803 1102 exhortationem
2842 1047 3101 1118 aliquam
3132 1048 3201 1102 de
3249 1047 3559 1102 concordia
3590 1048 3752 1118 pacis
3777 1051 3825 1102 et

2179 1134 2482 1190 charitatis
2512 1135 2734 1191 unitate
2763 1134 3314 1207 relinqueret.’l‘unc
3338 1135 3523 1205 jussit
3552 1135 3683 1190 haec
3712 1153 3825 1207 quae

2180 1223 2276 1278 hic
2309 1224 2683 1279 continentur
2729 1224 2934 1279 dictari
2966 1230 3021 1279 et
3069 1224 3267 1295 scribi,
3302 1242 3405 1297 pro
3451 1226 3827 1281 aediﬁcatione

2182 1312 2443 1368 ﬁdelium
2478 1314 2534 1367 in
2566 1316 2867 1385 posterum
2900 1315 3317 1369 conservanda.

2772 1403 3010 1458 CAPUT
3052 1402 3243 1457 LXXI.

2252 1514 2277 1539 ‹‹
2311 1494 2566 1546 Joannes
2617 1492 2799 1547 abbas
2830 1492 3104 1546 omnibus
3150 1492 3427 1547 fratribus
3458 1491 3516 1546 in
3569 1511 3828 1549 amorem

2180 1580 2562 1635 fraternitatis
2610 1598 2808 1636 secum
2837 1581 3063 1652 junctis
3094 1582 3345 1637 salutem
3394 1586 3447 1637 et
3480 1582 3831 1638 benedictio-

2180 1669 2434 1725 nem.Me
2466 1671 2575 1725 sub
2605 1669 2762 1741 gravi
2797 1669 3136 1726 inﬁrmitate
3158 1671 3259 1725 diu
3289 1670 3833 1738 laborantem,Deus

2182 1763 2243 1812 ut
2274 1759 2533 1813 animam
2568 1759 2830 1831 recipiat,
2864 1776 3075 1831 corpus
3108 1776 3307 1814 meum
3337 1764 3511 1831 terra,
3544 1765 3833 1832 quatenus

2180 1847 2250 1902 ad
2300 1846 2597 1917 pulverem
2629 1851 2950 1902 revertatur
3002 1848 3159 1904 unde
3198 1849 3504 1904 materiam
3552 1850 3830 1921 sumpsit,

2183 1935 2440 2007 quotidie
2486 1941 2776 2008 exspecto.
2825 1938 2893 1991 Et
2942 1937 3050 1993 hoc
3102 1937 3318 1992 mirum
3374 1955 3489 1994 non
3537 1944 3656 2008 est,
3711 1939 3837 2010 quia

2181 2028 2318 2079 aetas
2332 2024 2507 2079 etiam
2522 2025 2743 2095 absque
2764 2029 2938 2080 tantae
2956 2025 3316 2082 inﬁrmitatis
3339 2027 3727 2099 oppressione
3740 2029 3836 2083 hoc

2182 2129 2275 2168 me
2307 2114 2584 2168 admonet
2636 2114 2896 2185 quotidie
2939 2118 3291 2186 exspectare.
3345 2117 3414 2170 Et
3458 2116 3597 2172 hinc
3653 2122 3837 2172 trans-

2181 2202 2265 2257 ire
2326 2203 2493 2274 quasi
2553 2203 2664 2259 sub
2721 2202 2952 2259 silentio
3020 2203 3349 2259 aatimabam
3408 2224 3426 2259 :
3485 2206 3586 2261 sed
3651 2205 3835 2261 locum

2183 2297 2241 2347 et
2271 2309 2483 2347 nomen
2518 2293 2670 2365 quod
2706 2293 2764 2347 in
2800 2293 2908 2348 hac
2939 2292 3309 2365 corruptibili
3341 2310 3532 2361 carne,
3566 2294 3839 2366 quamvis

2184 2398 2300 2436 non
2334 2380 2485 2436 sicut
2532 2381 2746 2448 decuit,
2780 2382 2963 2451 tenui,
3018 2399 3293 2453 pensans,
3327 2399 3454 2439 esse
3504 2383 3654 2439 utile
3686 2384 3836 2452 duxi,

2183 2471 2345 2526 vobis
2404 2469 2625 2541 aliquid
2702 2471 2772 2525 de
2829 2470 3063 2525 vinculo
3141 2471 3442 2527 charitatis
3494 2472 3658 2544 loqui
3721 2493 3733 2541 ;
3789 2477 3839 2528 et

2184 2559 2292 2613 hoc
2345 2576 2459 2614 non
2510 2576 2544 2615 a
2597 2560 2807 2627 nobis,
2839 2564 2896 2615 et
2949 2559 3193 2629 noviter,
3246 2563 3347 2617 sed
3397 2577 3525 2633 quae
3578 2562 3838 2633 quotidie

2184 2648 2423 2716 auditis,
2485 2650 2940 2704 transeurrendo
3012 2648 3291 2722 replicare
3356 2650 3627 2706 breviter.
3681 2654 3841 2713 Certe

2184 2737 2306 2791 haec
2356 2741 2445 2792 est
2479 2736 2581 2792 illa
2631 2738 2818 2793 virtus
2873 2755 2999 2810 qua)
3044 2754 3312 2795 ommum
3360 2756 3556 2795 rerum
3604 2740 3839 2797 Creato-

2185 2842 2308 2881 rem
2366 2826 2519 2881 efﬁci
2596 2827 2881 2898 compulit
2957 2833 3304 2883 creaturam.
3368 2833 3497 2884 Haec
3568 2835 3663 2885 est
3729 2830 3840 2896 illa,

2186 2931 2365 2985 quam
2392 2914 2646 2970 indicem
2680 2915 2805 2987 ipse
2835 2933 3079 2972 suorum
3110 2916 3376 2972 omnium
3426 2919 3839 2973 mandatorum

2186 3002 2464 3074 apostolis
2536 3004 2977 3075 commendans,
3028 3004 3109 3061 ait
3166 3022 3181 3059 :
3235 3006 3343 3061 Hoc
3388 3015 3465 3061 est
3506 3017 3843 3079 praeceptum

2185 3109 2388 3159 meum,
2440 3097 2500 3147 ut
2530 3092 2782 3163 diligatis
2829 3095 3082 3149 invicem.
3114 3095 3195 3150 De
3244 3094 3357 3149 ista
3402 3096 3658 3151 Jacobus
3702 3114 3841 3169 apo-

2188 3180 2375 3235 stolus
2407 3180 2679 3253 locuitur,
2736 3182 2937 3237 dicens
2970 3199 2982 3237 :
3017 3185 3128 3253 Qui
3173 3191 3340 3239 totam
3373 3186 3543 3253 legem
3587 3185 3838 3240 observa-

421 3256 2149 3343 deeodemjubetmulieriproDeicharitatepartemporri-C
2187 3272 2350 3337 verit,
2405 3271 2641 3342 offendat
2695 3274 2876 3326 autem
2930 3275 2989 3327 in
3048 3288 3177 3340 uno,
3228 3275 3407 3343 factus
3463 3278 3541 3329 est
3595 3277 3841 3329 omnium

420 3357 1023 3429 gere.Cujusjussioni
1038 3360 1689 3425 ministerobediens,ad
1708 3360 2079 3431 furnumpro-

419 3446 673 3517 perat,in
704 3463 818 3516 quo
842 3463 1053 3513 panem
1084 3449 1355 3503 eumdem
1380 3452 1805 3520 reposuerat,et
1835 3448 2075 3503 intuens

420 3535 567 3589 vidit
588 3538 775 3590 totum
799 3537 1037 3591 furnum
1062 3536 1303 3609 plenum
1326 3537 1712 3609 panibus.Qui
1732 3536 2077 3591 valdelaetus

425 3624 686 3692 effectus,
734 3625 805 3679 ad
859 3625 1024 3680 illum
1073 3626 1262 3692 rediit,
1308 3625 1536 3696 sibique
1587 3627 1739 3697 quod
1793 3625 2081 3681 acciderat

424 3712 734 3779 nuntiavit,
766 3714 991 3769 meritis
1041 3716 1169 3785 ejus
1202 3714 1259 3769 id
1306 3715 1567 3769 evenisse
1613 3731 1727 3769 non
1778 3714 2074 3770 dubitans.

425 3801 588 3863 Quod
620 3802 825 3857 beatus
872 3803 962 3857 vir
992 3802 1257 3869 audiens,
1293 3802 1438 3857 dixit
1479 3801 1529 3856 ei
1562 3819 1574 3856 :
1616 3825 1644 3851 «
1676 3804 1847 3871 Tace,
1882 3808 1939 3857 et
1969 3803 2079 3857 hoc

426 3890 645 3944 nemini
679 3890 876 3958 dicas;
913 3906 1123 3962 panem
1174 3894 1392 3958 autem,
1428 3896 1491 3944 ut
1516 3889 1693 3961 jussi,
1727 3892 1945 3961 petenti
1974 3890 2077 3945 tri-

428 3978 595 4034 buas.
631 4002 659 4029 ››

1025 4069 1253 4123 CAPUT
1286 4068 1469 4123 LXIX.

498 4156 635 4211 Post
660 4155 780 4211 haec
813 4158 885 4212 ad
916 4156 1329 4215 Passimanum
1363 4156 1554 4224 rediit,
1588 4156 1688 4210 ubi
1721 4158 1875 4212 diem
1908 4157 1979 4212 ab
2010 4174 2077 4213 eo

427 4243 601 4315 longo
636 4248 897 4316 tempore
925 4246 1345 4311 desideratum,
1379 4245 1598 4300 scilicet
1627 4249 1692 4301 ut
1728 4245 2076 4302 dissolvere-

426 4335 524 4386 tur
551 4337 608 4387 et
655 4338 810 4389 esset
840 4351 972 4389 cum
1028 4334 1277 4403 Christo,
1310 4335 1550 4390 devotus
1599 4339 1656 4390 et
1684 4334 1931 4407 supplex
1979 4351 2076 4391 ex-

427 4426 692 4493 spectare
740 4423 911 4495 coepit
959 4441 1089 4479 cum
1158 4441 1371 4496 magna
1413 4423 1603 4479 cordis
1670 4423 2022 4479 exultatione
2062 4449 2075 4491 ;

426 4511 640 4583 saepius
672 4512 829 4568 hunc
846 4514 1198 4569 versiculum
1224 4517 1490 4585 repetens
1510 4513 1723 4569 :Sitivit
1749 4514 1936 4567 anima
1956 4529 2076 4568 mea

2184 3375 2332 3414 reus.
2388 3359 2507 3414 Ista
2560 3364 2650 3415 est
2696 3361 2766 3414 de
2819 3378 2935 3432 qua
2983 3361 3188 3417 beatus
3254 3362 3553 3433 apostolus
3625 3363 3839 3419 Paulus

2187 3447 2371 3503 dicit:
2423 3449 2678 3505 Charitas
2726 3450 2959 3521 cooperit
3004 3452 3422 3521 multitudinem
3465 3459 3836 3523 peccatorum.

2186 3538 2332 3592 Hinc
2361 3554 2497 3609 ergo
2546 3537 2818 3611 colligere
2848 3556 3187 3609 possumus,
3223 3542 3377 3611 quod
3421 3543 3668 3598 tenendo
3701 3543 3835 3597 cha-

2187 3627 2439 3692 ritatem,
2499 3628 2699 3682 omnia
2776 3631 3011 3699 peccata
3070 3629 3279 3700 operiri
3331 3645 3344 3696 ;
3405 3634 3643 3687 ceteras
3708 3648 3837 3687 vero

2186 3716 2432 3771 virtutes
2486 3716 2912 3771 aestimantibus
2944 3734 3006 3772 se
3045 3718 3305 3774 obtinere
3334 3735 3527 3790 posse,
3560 3718 3682 3775 sine
3735 3721 3837 3775 hac

2187 3804 2333 3859 nihil
2381 3804 2591 3859 valere.
2635 3805 2747 3860 Sed
2796 3805 2918 3859 haec
2962 3805 3207 3862 audiens
3255 3807 3507 3879 quisque
3554 3810 3838 3880 superbus

2187 3896 2245 3948 et
2292 3891 2657 3961 inobediens,
2690 3892 2842 3948 hanc
2874 3894 2933 3948 in
2986 3895 3225 3950 veritate
3257 3895 3473 3968 cogitat
3520 3896 3752 3963 habere,
3789 3896 3837 3951 si

2186 3997 2248 4036 se
2279 3980 2656 4052 corporaliter
2677 3982 2735 4036 in
2760 3983 3171 4038 communione
3196 3984 3453 4039 fraterna
3477 3984 3685 4041 viderit
3706 4000 3837 4056 per-

2186 4069 2418 4125 durare.
2452 4072 2497 4124 A
2530 4087 2666 4142 qua,
2702 4075 2766 4126 ut
2797 4072 2878 4127 ita
2909 4072 3121 4143 dicam,
3146 4072 3419 4145 Opinione
3450 4074 3600 4130 falsa
3628 4090 3839 4129 unum-

2186 4174 2482 4229 quemque
2530 4160 2738 4215 beatus
2773 4160 3108 4232 Gregorius,
3149 4178 3283 4217 vere
3314 4161 3617 4218 charitatis
3661 4163 3834 4217 ﬁnem

2190 4247 2520 4315 indicando,
2574 4247 2852 4316 excludit,
2882 4249 3083 4305 dicens
3116 4266 3130 4304 :
3166 4272 3195 4299 «
3228 4249 3327 4305 Ille
3358 4250 3608 4322 perfecte
3654 4252 3835 4307 Deum

2185 4336 2396 4408 diligit,
2430 4337 2531 4408 qui
2586 4337 2700 4391 sibi
2731 4338 2801 4393 de
2832 4354 2893 4393 se
2926 4338 3071 4394 nihil
3103 4338 3404 4411 relinquit.
3439 4362 3467 4391 »
3501 4340 3646 4407 Quid
3698 4356 3831 4394 vero

2186 4427 2257 4480 de
2289 4424 2573 4481 charitate
2624 4426 3001 4498 singulariter
3028 4427 3239 4499 loquar
3280 4428 3484 4501 ignoro
3518 4447 3531 4485 :
3567 4429 3833 4500 quoniam

2187 4514 2386 4569 omnia
2416 4514 2715 4569 Dominica
2748 4516 3025 4571 mandata
3064 4516 3137 4572 ab
3169 4516 3279 4572 hac
3308 4517 3599 4589 pullulare
3645 4518 3832 4573 radice

424 4603 499 4656 ad
529 4602 695 4657 Deum
743 4605 963 4664 vivum;
994 4603 1209 4674 quando
1254 4604 1495 4667 veniam,
1538 4610 1587 4656 et
1632 4603 1904 4674 apparebo
1951 4606 2079 4656 ante
2110 4623 2156 4688 D
2188 4606 2306 4659 scio
2339 4620 2351 4656 :
2390 4603 2527 4674 quia
2556 4603 2603 4657 si
2637 4603 2804 4659 multi
2839 4609 2979 4660 sunt
3009 4605 3156 4661 rami
3188 4606 3323 4661 boni
3363 4607 3576 4678 operis,
3606 4624 3716 4662 una
3742 4609 3833 4661 est

424 4693 624 4761 faciem
653 4693 795 4747 Dei?
820 4696 875 4747 et
922 4693 1316 4765 subjungebat
1346 4710 1364 4745 :
1398 4691 1654 4748 Satiabor
1681 4707 1802 4746 cum
1840 4692 2078 4761 mani/c-

429 4781 667 4835 stabiiur
689 4781 836 4838 mihi
862 4783 1046 4854 gloria
1077 4790 1189 4838 tua.

1030 4870 1264 4926 CAPUT
1312 4870 1472 4926 LXX.

499 4959 802 5030 Languere
859 4958 1058 5029 itaque
1100 4963 1497 5030 gravescente,
1550 4958 1725 5030 coepit
1785 4957 2081 5014 evidenter

426 5046 619 5102 dicere
636 5047 789 5117 quod
808 5047 934 5102 vitae
950 5064 1066 5101 suae
1082 5048 1369 5101 terminus
1385 5046 2080 5119 propinquabat.Mandat

426 5135 625 5206 itaque
658 5136 967 5207 discipulis
999 5153 1145 5206 quos
1178 5135 1457 5190 fratribus
1490 5125 1903 5208 praeposuerat,
1926 5141 1981 5190 et
2007 5136 2075 5190 ad

431 5241 492 5279 se
524 5226 662 5280 facit
692 5227 913 5297 alisque
946 5242 1109 5280 mora
1135 5225 1514 5288 venire.Quos
1547 5226 1616 5279 de
1646 5225 1867 5280 ordinis
1889 5225 2081 5280 obser-

427 5314 979 5382 vatione,commissi
1014 5314 1208 5387 gregis
1238 5313 1502 5368 custodia
1533 5319 1993 5385 praemonens,et
2021 5316 2079 5369 in

430 5400 631 5457 multis
681 5420 779 5459 eos
810 5405 1145 5471 exhortans,
1199 5400 1492 5458 benedixit
1536 5403 1640 5471 eis,
1675 5407 1731 5457 et
1778 5403 2078 5459 osculatus

430 5492 520 5543 est
549 5506 667 5557 eos,
694 5493 1035 5563 prmcipiens
1068 5491 1385 5563 unicuique
1413 5491 1687 5546 continuo
1718 5508 1978 5548 remeare
2006 5494 2077 5547 ad

2186 4696 2383 4747 tamen
2415 4691 2579 4747 radix
2609 4691 2931 4748 charitatis.
2955 4694 3015 4747 In
3048 4694 3218 4765 cujus
3245 4694 3435 4751 calore
3465 4710 3826 4767 nequaquam

2187 4782 2418 4852 reprobi
2468 4785 2717 4852 possunt
2745 4782 2844 4837 diu
2893 4782 3231 4854 perdurare,
3264 4784 3505 4839 Domino
3546 4784 3827 4841 Salvatore

2188 4870 2417 4925 dicente
2475 4885 2490 4924 :
2548 4870 2875 4942 Refrigescet
2941 4871 3183 4927 Charitas
3254 4873 3560 4929 multorum
3612 4894 3632 4930 .-
3686 4887 3827 4944 quos

2190 4957 2433 5031 frigidos
2484 4961 2540 5013 et
2582 4960 2654 5013 ab
2698 4960 2922 5015 unitate
2973 4959 3191 5015 divisos
3240 4960 3540 5032 apostolus
3583 4962 3827 5018 Joannes

2188 5046 2437 5117 plangit,
2486 5047 2688 5102 dicens
2721 5064 2733 5102 :
2767 5051 2861 5104 Ex
2890 5049 3047 5105 nobis
3072 5050 3354 5116 exierunt,
3384 5052 3479 5107 sed
3526 5068 3635 5109 non
3657 5051 3828 5115 erant,

2187 5151 2257 5192 ex
2312 5137 2509 5203 nobis;
2572 5152 2701 5191 nam
2754 5140 2804 5192 si
2858 5139 3092 5209 fuissent
3148 5154 3218 5194 ea:
3274 5140 3448 5205 nobis,
3508 5140 3827 5195 mansissent

2186 5227 2372 5295 utique
2424 5225 2729 5281 nobiscum.
2771 5227 2839 5282 Et
2881 5227 2930 5282 si
2980 5226 3061 5283 ita
3107 5231 3215 5293 est,
3247 5226 3365 5284 imo
3412 5228 3554 5301 quia
3602 5230 3676 5284 ita
3718 5230 3823 5291 est,

2188 5314 2361 5369 debet
2391 5314 2797 5387 unusquisque
2827 5316 3016 5372 ﬁdelis
3049 5332 3283 5389 semper
3312 5333 3557 5389 pensare
3588 5315 3824 5390 qualiter

2189 5419 2251 5458 se
2288 5407 2408 5457 tam
2458 5418 2692 5459 summo
2742 5405 2892 5460 bono
2944 5405 3131 5477 possit
3175 5404 3469 5478 copulare,
3519 5418 3818 5475 secumque

2191 5509 2338 5565 quos
2386 5492 2599 5549 habeat
2647 5493 2709 5549 in
2756 5494 2848 5549 via
2893 5494 2994 5550 Dei
3057 5493 3247 5551 socios
3295 5496 3507 5553 anxius
3552 5508 3810 5570 querere.

504 5616 634 5699 (12).
668 5617 815 5673 Sunt
866 5617 964 5688 qui
998 5618 1194 5675 dicant
1221 5620 1458 5673 Petrum
1488 5614 1644 5672 hunc
1675 5616 1808 5673 facti
1854 5620 2234 5690 pcenitentem
2263 5617 2324 5675 in
2354 5617 2802 5692 Septimianum,
2835 5620 2907 5677 de
2937 5635 3052 5694 quo
3082 5636 3281 5695 supra,
3313 5620 3726 5682 monasterium
3749 5630 3814 5674 se

428 5704 732 5763 recepisse.
