4004 6170
120 407 222 469 701

1709 410 1924 475 VITA.

3407 405 3524 474 702

120 541 184 599 Et
211 540 361 598 sicut
389 539 644 613 reprobi,
676 541 828 600 hanc
859 543 1260 618 relinquendo,
1291 561 1326 600 a
1373 542 1587 601 Christi
1625 561 1755 601 cor-
1781 555 1838 622 Α
1866 545 2171 611 credentes
2226 545 2411 602 Deum
2462 544 2588 604 sine
2643 547 2824 606 fetore
2880 559 3050 621 posse
3108 560 3336 602 servare
3391 562 3517 602 ma-

119 648 246 706 μοι-θ
296 630 768 703 abscinduntur;
828 635 912 691 sic
968 635 1155 701 electi,
1223 651 1351 690 eam
1406 635 1466 690 in
1521 634 1762 690 veritate

119 719 540 792 amplectende,
571 723 760 779 eidem
788 724 1000 780 Christi
1033 725 1259 798 corpori
1310 725 1757 780 confirmantur.

119 811 196 866 Ad
240 810 396 866 hanc
443 827 577 866 vero
623 813 1034 870 inviolabiliter
1081 814 1528 871 custodiendam
1585 811 1755 868 valde

120 899 272 955 utilis
303 903 395 956 est
423 900 620 957 unitas
672 903 944 972 fraterna,
979 921 1105 976 quae
1165 920 1226 959 se
1275 901 1622 974 constringit
1649 902 1759 958 sub

119 989 288 1046 unius
334 1006 603 1061 persona!
660 1008 885 1063 curam,
945 993 1222 1065 quoniam
1271 993 1423 1049 sicut
1479 991 1698 1047 ﬂumen
1729 1009 1762 1046 a

117 1095 211 1136 suo
246 1078 411 1134 alveo
442 1078 714 1160 siccatur,
749 1082 798 1138 si
829 1083 888 1138 in
921 1083 1123 1139 multis
1171 1082 1372 1138 rivulis
1426 1081 1757 1136 dividatur:

116 1168 190 1225 sic
221 1168 484 1224 fraterna
513 1170 710 1226 unitas
729 1171 927 1228 minus
955 1173 1106 1228 valet
1135 1173 1203 1228 ad
1239 1171 1488 1244 singula,
1511 1170 1559 1224 si
1583 1168 1756 1224 fuerit

115 1273 317 1329 sparsa
339 1273 446 1329 per
471 1257 722 1316 diversa.
749 1260 992 1329 Idcirco,
1015 1267 1078 1316 ut
1101 1262 1158 1316 in
1181 1261 1352 1333 longo
1375 1259 1486 1315 ista
1501 1258 1758 1314 charitas

110 1344 461 1402 inviolabilis
491 1355 835 1421 permaneat
856 1350 1181 1421 vobiscum,
1200 1349 1328 1406 volo
1355 1353 1418 1404 ut
1440 1349 1498 1402 in
1523 1346 1759 1402 domino

113 1433 360 1490 Rodulfo
389 1440 581 1492 vestra
609 1454 751 1494 cura
776 1444 832 1515 et
861 1439 1173 1496 consilium
1220 1443 1351 1511 post
1402 1453 1598 1493 meum
1631 1435 1762 1491 obi-

111 1528 246 1584 tum.
259 1525 534 1596 pendeat,
567 1527 776 1584 saltem
807 1528 959 1585 sicut
992 1528 1050 1586 in
1102 1545 1194 1585 me
1243 1527 1518 1602 pependit
1546 1525 1605 1580 in
1633 1541 1763 1581 mea

111 1613 236 1669 vita.
272 1613 494 1670 Valete.
529 1637 558 1666 »

691 1708 922 1765 CAPUT
963 1710 1178 1766 LXXII.

178 1794 381 1851 Tertia
427 1800 628 1868 postea
673 1798 767 1855 die
814 1799 1158 1873 priusquam
1208 1801 1412 1869 obiret,
1461 1797 1604 1853 vidit
1647 1794 1759 1851 sibi

113 1884 389 1954 juvenem
418 1886 808 1958 assistentem,
842 1905 1017 1962 quem
1063 1890 1244 1946 fuisse
1267 1889 1456 1962 ipsius
1485 1885 1758 1959 angelum

122 1972 467 2032 estimatus.
499 1977 682 2040 Quem
713 1995 847 2034 cum
878 1980 1061 2046 solus,
1113 1984 1170 2036 et
1229 1978 1426 2034 nullus
1457 1975 1609 2033 alius
1640 1991 1762 2030 cer-

123 2067 298 2131 neret,
355 2064 439 2120 ait
486 2065 770 2124 fratribus
798 2085 811 2124 :
843 2090 864 2120 ι
922 2069 1108 2134 Quare
1153 2070 1390 2126 fratrem
1443 2067 1608 2122 illum
1644 2081 1759 2120 non

120 2154 335 2210 vocasti
361 2154 686 2224 vobiscum,
719 2159 861 2214 dum
910 2159 1261 2214 comedisti?
1293 2181 1320 2208 »
1373 2156 1473 2212 Cui
1511 2157 1756 2210 fratres:

120 2264 143 2289 «
177 2245 250 2297 De
286 2259 428 2314 quo,
482 2245 779 2316 inquiunt,
813 2247 988 2303 fratre
1027 2247 1199 2315 dicis,
1228 2245 1442 2303 Pater?
1473 2267 1500 2295 ››
1529 2245 1600 2300 Et
1629 2241 1756 2297 ille:

119 2354 143 2378 ‹‹
172 2335 243 2386 De
269 2332 397 2401 illo,
447 2333 659 2406 inquit,
687 2336 926 2408 pulchro
950 2338 1185 2409 juvene,
1215 2336 1315 2408 qui
1346 2337 1417 2391 ad
1445 2351 1552 2390 nos
1580 2331 1758 2400 venit,

114 2424 161 2475 et
189 2422 507 2479 nobiscum
538 2430 803 2482 moratur
847 2426 1204 2498 ingrediens,
1255 2429 1312 2482 et
1361 2422 1683 2496 egrediens.
1724 2439 1751 2471 ι

112 2515 178 2564 At
203 2509 294 2565 illi
321 2527 333 2565 :
364 2535 391 2560 ‹‹
427 2511 590 2569 Unde
617 2519 724 2582 est,
757 2519 813 2570 et
862 2533 979 2588 quo
1029 2515 1264 2571 nomine
1313 2511 1598 2569 vocatur?
1632 2532 1661 2559 »
1690 2538 1759 2548 ——

116 2622 140 2647 ς(
177 2599 458 2666 Nescitis,
485 2603 695 2675 inquit,
729 2605 868 2676 quia
913 2606 983 2661 de
1038 2610 1234 2661 monte
1288 2602 1518 2660 Domini
1571 2604 1678 2668 est,
1705 2602 1762 2654 et

115 2689 406 2764 Benignus
436 2694 762 2748 vocatur?»
802 2695 964 2751 Tunc
1011 2693 1107 2751 ille
1152 2694 1372 2768 Spiritu
1422 2694 1623 2749 sancto
1655 2689 1758 2743 do-

116 2784 272 2836 cente
299 2781 584 2838 intellexit
614 2784 888 2856 angelum
919 2801 1048 2841 esse
1076 2788 1135 2840 et
1163 2800 1292 2839 vere
1322 2783 1392 2838 de
1423 2784 1619 2837 monte
1648 2779 1758 2834 Do-

117 2869 278 2937 mini,
312 2870 371 2925 id
394 2878 481 2927 est
505 2873 575 2928 de
596 2873 738 2928 caelo
766 2875 908 2941 fore,
931 2873 1151 2946 talique
1172 2871 1501 2928 dixitillum
1524 2869 1761 2925 nomine

117 2959 423 3032 appellari,
457 2961 515 3017 id
547 2967 639 3018 est
668 2963 985 3036 Benignus.
1020 2969 1096 3020 De
1129 2962 1228 3019 illo
1249 2961 1541 3034 siquidem
1567 2961 1762 3014 monte

117 3047 430 3107 Psalmista
460 3051 579 3107 ait:
612 3055 754 3125 Quis
810 3053 1066 3110 ascendet
1123 3053 1184 3108 in
1227 3060 1464 3107 montem
1501 3048 1763 3104 Domini?

116 3143 168 3192 et
216 3139 403 3196 alibi:
467 3142 598 3210 Quis
653 3142 950 3215 requiescet
1025 3145 1085 3198 in
1140 3147 1325 3198 monte
1383 3148 1570 3196 sancto
1627 3139 1763 3194 tuo?

113 3227 192 3282 Ad
222 3228 428 3301 ipsum
459 3229 752 3303 siquidem
791 3235 1052 3288 montem
1102 3249 1203 3303 per
1251 3229 1498 3303 gratiam
1545 3224 1762 3283 Christi

114 3319 432 3375 ascendere
457 3320 750 3393 cupiebat,
785 3321 880 3378 cui
911 3321 1133 3378 diutius
1185 3321 1312 3394 ipse
1360 3318 1656 3375 servierat.
1693 3315 1762 3370 Et
1791 3305 1834 3374 C

110 3411 269 3461 recte
300 3407 473 3463 beato
515 3409 723 3466 Joanni
769 3411 1055 3484 Angelum
1108 3409 1240 3468 talis
1286 3408 1542 3465 nominis
1581 3407 1761 3478 depu-

109 3499 361 3562 taverat,
389 3513 560 3568 quem
593 3499 1049 3556 misericorditer
1077 3500 1371 3556 immensa
1405 3495 1764 3569 benignitate

111 3598 226 3654 pra:
263 3583 471 3641 multis
503 3587 851 3644 mortalibus
901 3589 1209 3644 ditaverat.
1255 3588 1478 3652 Quibus
1527 3583 1762 3653 auditis,

113 3672 320 3730 fratres
351 3674 649 3744 abierunt,
698 3681 755 3733 et
800 3694 976 3750 super
1027 3694 1292 3734 mensam
1339 3675 1555 3732 victum
1588 3672 1765 3729 unius

116 3759 376 3818 hominis
403 3770 752 3836 posuerunt,
783 3771 943 3822 extra
992 3767 1239 3822 fratrum
1287 3763 1560 3822 victualia
1590 3777 1765 3818 cons-

118 3849 345 3918 stituta,
400 3869 517 3924 quo
569 3854 905 3928 adimpleto,
959 3856 1194 3928 quievit.
1247 3855 1466 3911 Deinde
1516 3869 1651 3909 cum
1691 3851 1764 3906 ad

119 3938 334 3996 exitum
368 3942 815 4015 propinquaret,
838 3944 972 4001 fecit
1002 3945 1122 4000 hac
1151 3945 1211 4000 in
1243 3943 1534 4000 breviculo
1565 3940 1764 4005 scribi,

118 4033 171 4082 et
207 4030 266 4084 in
328 4047 520 4088 manu
579 4033 736 4106 poni,
796 4033 1026 4107 sibique
1081 4033 1764 4107 consepeliripraacepit:

120 4134 220 4175 EGO
255 4137 519 4178 JOANNBS
550 4139 732 4178 (ΖΒΕὒο
761 4141 828 4179 ET
850 4140 1161 4180 CONFITEOR
1186 4140 1361 4180 FIDEM
1382 4139 1541 4187 QUAM
1572 4137 1766 4178 SANCTI

116 4225 385 4266 APOSTOLI
450 4227 963 4282 PREDICAVERUNT,
1030 4231 1097 4269 ET
1152 4229 1348 4269 BANCTI
1432 4228 1643 4268 PATRES
1708 4227 1767 4265 1N

117 4313 383 4359 Quamon
423 4317 704 4357 CONCILIIS
744 4318 1300 4370 cormamavsauu'r;
1344 4305 1410 4357 ut
1440 4301 1770 4356 crederetur

119 4386 322 4444 intimo
356 4406 492 4446 eam
524 4391 696 4446 corde
724 4391 1005 4461 tenuisse,
1037 4407 1216 4465 quam
1243 4390 1549 4446 videbatur
1576 4390 1770 4446 verbis

119 4480 172 4530 et
201 4479 490 4550 operibus
520 4484 762 4535 eatenus
793 4480 1014 4536 utiliter
1043 4479 1394 4536 defendisse.

695 4570 930 4626 CAPUT
969 4569 1200 4626 LXXIII.

186 4655 326 4750 Post
377 4656 505 4750 haec
537 4656 766 4750 Christo
797 4660 1040 4715 tradidit
1089 4658 1384 4750 spiritum,
1419 4660 1678 4750 corporis
1707 4665 1766 4718 et
1804 4684 1853 4750 D

124 4745 437 4819 sanguinis
483 4746 672 4819 ipsius
718 4749 1093 4822 perceptione
1149 4749 1467 4821 munitum,
1508 4749 1568 4805 in
1599 4767 1776 4822 quem

123 4831 349 4908 integra
376 4835 498 4891 ﬁde
537 4837 890 4905 crediderat,
931 4855 1105 4910 quem
1159 4855 1303 4912 pure
1353 4837 1650 4907 dilexerat,
1684 4840 1777 4895 cui

119 4921 212 4991 pia
239 4924 586 4982 intentione
617 4926 914 4994 servierat,
947 4943 1146 4983 secum
1179 4926 1467 4984 talentum
1513 4928 1623 4983 sibi
1654 4945 1776 4984 cre-

120 5011 311 5069 ditum
349 5014 816 5087 multiplicatum
846 5020 1168 5088 reportans.
1216 5016 1372 5072 Obiit
1417 5020 1612 5072 autem
1653 5017 1777 5073 feli-

116 5100 258 5158 citer
286 5120 451 5160 anno
507 5105 665 5172 1073,
716 5105 1033 5162 Dominicae
1084 5106 1526 5173 incarnationis,
1574 5106 1631 5161 in
1667 5109 1777 5162 l'er-

114 5193 466 5248 ventissimo
494 5193 713 5250 aestatis
743 5195 968 5266 ardore,
1025 5199 1235 5266 quarto
1293 5195 1515 5252 scilicet
1568 5196 1777 5252 [duum

111 5277 442 5339 Juliarum.

693 5374 934 5430 CAPUT
960 5374 1200 5430 LXXIV.

184 5460 364 5517 Tunc
395 5462 639 5518 abbates
696 5463 795 5535 qui
849 5468 1166 5536 prasentes
1224 5468 1414 5531 erant,
1463 5480 1566 5534 spe
1620 5468 1778 5519 certa

151 5656 161 5665 _
182 5585 309 5656 (13)
346 5585 677 5643 Passiniani
693 5586 957 5668 scilicet,
976 5587 1076 5643 ubi
1099 5587 1270 5644 hodie
1291 5601 1773 5668 quoquesacrum

111 5657 245 5780 ejus
275 5672 499 5728 corpus
519 5663 805 5742 servatur,
825 5663 1031 5743 printer
1051 5675 1236 5744 unum
1258 5675 1289 5718 e
1312 5657 1593 5742 brachiis,
1619 5662 1773 5788 Ἧιοά

161 5727 575 5791 allumbrose.
601 5735 660 5790 et
679 5730 903 5791 aliquot
923 5731 1226 5791 reliquias.
1249 5748 1376 5791 quae
1395 5730 1535 5791 alibi
1557 5729 1634 5789 ha
1679 5747 1772 5791 en-

415 5745 575 5802 rose,
601 5745 660 5790 et
679 5745 903 5806 aliquot
923 5745 1226 5806 reliquias,
1249 5748 1376 5806 quae
1395 5745 1535 5791 eum
1557 5745 1749 5792 nanen

1792 1933 1840 1998 B

1871 634 2121 707 gistrum
2153 634 2212 690 in
2243 636 2463 692 aestatis
2496 637 2734 709 fervore,
2771 637 2868 710 qui
2901 635 3256 709 discipulum
3297 636 3425 707 ejus
3455 635 3515 690 in

1871 721 2004 794 igne
2033 723 2198 794 prius
2227 731 2556 782 servaverat
2607 728 2829 798 absque
2879 727 3038 781 omni
3088 724 3514 794 combustione,

1871 811 2336 868 deliberaverunt
2366 814 2544 869 funus
2593 815 2778 870 Patris
2836 814 3198 886 insepultum
3246 813 3516 886 retinere,

1871 899 2052 971 donec
2083 901 2324 958 abbates
2353 903 2424 958 ad
2457 904 2586 976 ejus
2618 904 2923 975 exsequias
2954 903 3214 973 undique
3245 901 3517 956 conveni-

1871 991 2018 1043 rent.
2043 989 2158 1045 Hac
2181 989 2378 1062 itaque
2410 1009 2587 1048 causa
2610 991 2969 1064 insepultum
2992 1007 3094 1062 per
3109 989 3368 1044 triduum
3394 1005 3518 1060 per-

1872 1077 2126 1133 mansit:
2191 1079 2249 1133 in
2308 1080 2524 1151 quibus
2578 1081 2806 1148 diebus,
2867 1080 2938 1136 ad
2997 1077 3344 1134 celebranda
3368 1077 3515 1131 tanti

1875 1165 2062 1221 Patris
2091 1167 2392 1240 obsequia,
2426 1187 2572 1242 pene
2619 1168 3025 1225 inumerabilis
3072 1166 3420 1222 clericorum
3453 1181 3519 1220 ac

1876 1255 2296 1312 monachorum
2327 1259 2644 1314 multitudo
2675 1259 2961 1315 convenit.
3023 1261 3134 1312 Per
3182 1255 3291 1310 hos
3322 1257 3517 1309 autem

1871 1342 1995 1398 dies
2027 1349 2084 1398 et
2114 1349 2312 1401 noctes
2343 1347 2445 1417 qui
2476 1353 2886 1413 convenerant,
2917 1351 3078 1402 tanto
3113 1343 3268 1399 Patri
3299 1342 3520 1397 honore

1871 1431 2132 1488 debitum
2156 1434 3033 1509 impendentes,intatigabiliter
3044 1433 3264 1506 gratias
3277 1434 3518 1502 agentes

1869 1518 2117 1588 Christo,
2150 1523 2251 1594 qui
2285 1540 2521 1580 cursum
2549 1526 2676 1596 ejus
2705 1525 2765 1580 in
2797 1525 2956 1580 omni
3007 1521 3284 1593 religione
3322 1534 3515 1574 serva-

1867 1615 2048 1681 verat,
2070 1611 2490 1671 benedicebant
2505 1615 2691 1671 Deum
2714 1615 2773 1671 in
2795 1614 2886 1672 his
2908 1630 3038 1686 quae
3059 1613 3130 1668 de
3150 1610 3520 1667 eonoverant

1869 1699 1926 1753 et
1954 1698 2282 1756 audierant.

2448 1791 2686 1848 CAPUT
2716 1791 2926 1848 LXXV.

1939 1895 2076 1952 Post
2098 1896 2218 1952 haec
2251 1897 2434 1954 sancti
2461 1899 2569 1955 viri
2599 1915 2812 1971 corpus
2842 1900 2901 1953 in
2946 1895 3181 1969 hymnis
3229 1897 3286 1949 et
3315 1891 3511 1948 laudi-

1871 1983 1982 2040 bus
2011 1986 2222 2042 debitis
2253 1988 2567 2060 sepultura:
2597 1990 2709 2058 (13)
2740 1987 3124 2052 tradiderunt,
3149 1985 3229 2038 ita
3247 1982 3514 2037 immune

1871 2074 1942 2128 ab
2001 2075 2157 2130 omni
2220 2076 2419 2143 fetore,
2477 2077 2976 2149 quemadmodum
3034 2074 3276 2129 illaesam
3337 2069 3512 2124 ﬁdem

1869 2178 2062 2229 suam,
2096 2164 2279 2230 donec
2333 2166 2496 2233 vixit,
2556 2167 2628 2222 ab
2683 2165 2841 2222 omni
2899 2160 3265 2234 contagionis
3321 2173 3516 2214 errore

1868 2258 2212 2320 servaverat,
2237 2260 2293 2311 et
2321 2255 2480 2311 velut
2501 2255 2885 2326 Omnipotens
2914 2249 3187 2322 discipuli
3210 2253 3513 2304 transeun-

1867 2338 1943 2394 tis
1973 2357 2076 2412 per
2104 2341 2298 2412 ignem
2330 2358 2566 2398 carnem
2596 2348 2653 2398 et
2681 2341 3081 2398 incumbustas
3109 2339 3299 2392 vestes
3331 2333 3514 2390 omni-

1868 2429 2040 2484 modo
2071 2431 2447 2488 custodierat.

2436 2540 2663 2597 CAPUT
2707 2539 2940 2596 LXXVI.

1938 2643 2060 2707 Quo
2091 2645 2342 2718 sepulto,
2375 2647 2672 2703 communi
2706 2647 2950 2702 fratrum
3000 2643 3279 2699 electione
3321 2637 3511 2695 domi-

1869 2749 1981 2788 nus
2008 2734 2294 2792 Rodulfus
2325 2735 2695 2791 obedentiam
2745 2734 2857 2790 sibi
2907 2751 2940 2788 a
2987 2733 3152 2788 Patre
3183 2731 3510 2800 injunctam

1869 2824 2109 2895 accepit,
2141 2831 2197 2880 et
2225 2826 2452 2882 trienno
2497 2827 2664 2896 rexit,
2719 2830 2800 2880 et"
2829 2825 2969 2879 dum
3017 2821 3159 2877 vixit
3196 2819 3512 2889 Vajanum,

1869 2911 2378 2984 Fontem-Taonis,
2413 2920 2472 2970 et
2499 2916 2755 2971 Coneum
2786 2914 2896 2970 sub
2919 2929 3026 2968 suo
3047 2907 3330 2983 regimine
3349 2921 3511 2962 sum-

1870 3000 2006 3072 psit.
2039 3006 2176 3058 Post
2206 3006 2374 3076 cujus
2406 3021 2708 3062 excessum
2741 3004 2900 3077 prior
2941 2999 3217 3058 Rusticus
3249 2994 3511 3068 regimen

1869 3092 2051 3147 totius
2082 3095 2551 3165 congregationis
2581 3093 2791 3157 tenuit,
2825 3108 3002 3164 quam
3028 3086 3319 3146 sexdecim
3343 3082 3511 3139 annis

1869 3179 2013 3236 satis
2035 3181 2283 3236 ﬁdeliter
2314 3182 2657 3238 custodivit:
2691 3184 2802 3238 sub
2823 3198 2943 3253 quo
2961 3178 3289 3236 coenobium
3309 3173 3514 3230 Sancti

1870 3269 2076 3342 Angeli
2106 3271 2166 3326 in
2199 3270 2466 3342 Pistoria,
2501 3272 2726 3326 Sanctae
2751 3269 3018 3326 Marizein
3046 3268 3296 3328 Nerana,
3316 3260 3514 3348 Sancti
3625 3341 3632 3348 .

1873 3358 2085 3416 Fidelis
2109 3360 2385 3430 Strumis,
2419 3359 2616 3415 Sancti
2665 3359 2826 3415 Pauli
2868 3357 3041 3421 Pisis,
3091 3350 3288 3410 Sancti
3319 3347 3512 3403 Salva-

1869 3449 2014 3504 toris
2048 3449 2103 3503 in
2134 3448 2446 3520 Sophene;
2488 3465 2673 3504 unum
2723 3448 2782 3502 in
2837 3449 3034 3500 monte
3076 3441 3338 3503 Armate,
3371 3435 3512 3491 alte-

1871 3554 2002 3592 rum
2035 3537 2261 3605 Osellaa,
2313 3538 2372 3592 in
2425 3537 2690 3610 partibus
2731 3533 3076 3592 Castellanis
3126 3526 3352 3586 noviter
3381 3527 3520 3580 sunt

1871 3625 2163 3682 instituta.

2434 3717 2666 3774 CAPUT
2702 3714 2965 3772 LXXVII.

1947 3825 2186 3892 Deinde,
2211 3829 2343 3898 post
2367 3824 2793 3898 depositionem
2815 3821 3009 3878 carnis
3029 3826 3085 3875 et
3116 3813 3302 3872 Patris
3323 3808 3519 3898 eximii

1875 3897 2263 3986 sepulturam,
2298 3897 2487 3970 multa
2515 3929 2620 3987 per
2647 3915 2775 3984 ejus
2805 3909 3015 3967 merita
3043 3909 3198 3964 Deus
3229 3897 3515 3959 ostendit:

1877 4019 2130 4073 quorum
2151 4003 2410 4076 aliquam
2433 4007 2658 4077 partem
2675 4003 3032 4073 subjungere
3054 3993 3199 4050 mihi
3222 3991 3416 4077 visum
3436 3988 3526 4042 est

1877 4091 2018 4148 utile
2048 4110 2151 4165 pro
2184 4076 2450 4150 utilitate
2465 4090 2808 4166 legentium,
2839 4092 2896 4146 et
2927 4084 3248 4144 multorum
3280 4076 3525 4136 aedifica-

1876 4180 2034 4238 tione
2063 4182 2346 4240 fidelium.

2415 4274 2646 4331 CAPUT
2699 4274 2984 4331 LXXVIII.

1951 4381 2228 4449 Joannes,
2261 4382 2360 4453 qui
2395 4383 2754 4439 camerarius
2786 4387 2844 4438 et
2874 4378 3208 4436 cellerarius
3258 4377 3401 4441 erat,
3441 4370 3522 4427 vi-

1883 4470 2029 4529 dens
2058 4470 2407 4528 immensam
2440 4473 2672 4530 turbam
2706 4470 3147 4534 monachorum,
3180 4465 3524 4520 clericorum

1883 4564 2260 4622 aclaicorum
2291 4565 2364 4620 ad
2422 4563 2726 4636 exsequias
2782 4559 2969 4618 sancti
3026 4555 3212 4612 Patris
3266 4550 3525 4620 undique

1885 4654 2191 4712 convenire
2221 4655 2363 4709 dum
2388 4671 2504 4710 non
2534 4653 2773 4709 haberet
2803 4649 2957 4722 quod
2985 4645 3168 4702 tantis
3192 4643 3390 4716 posset
3418 4653 3526 4709 ap-

1885 4766 2118 4821 ponere,
2148 4750 2323 4824 ccepit
2367 4749 2740 4806 vehementer
2786 4745 3051 4805 aestuare,
3105 4731 3373 4824 nesciens
3401 4725 3526 4824 orn-

1888 4817 2027 4896 nino
2058 4841 2197 4913 quid
2229 4817 2441 4914 ageret.
2472 4839 2734 4895 Tandem
2756 4837 2828 4894 ad
2857 4852 2920 4893 se
2942 4839 3207 4890 reversus
3227 4817 3530 4878 conﬁdens

1888 4931 1949 4987 in
1998 4930 2265 4997 Domino,
2298 4929 2642 5001 meritisque
2673 4927 2862 4984 Patris
2912 4923 3098 4983 sancti
3137 4922 3530 4995 praesumens,

1889 5019 2005 5075 ait:
2040 5043 2068 5070 «
2103 5020 2210 5088 Qui
2235 5020 2308 5075 de
2333 5017 2592 5090 quinque
2623 5017 2871 5090 panibus
2921 5014 3182 5088 quinque
3221 5005 3408 5065 millia
3439 5011 3540 5095 βεξοξ

1887 5109 2073 5180 tiavit,
2107 5113 2297 5181 potest
2324 5088 2650 5163 interventu
2684 5107 2867 5163 nostri
2900 5105 3088 5162 Patris
3113 5103 3289 5175 olera,
3323 5088 3531 5157 simul-

1889 5215 2002 5270 que
2022 5199 2341 5272 legumina,
2373 5213 2508 5253 cum
2531 5197 2661 5253 aliis
2681 5195 3034 5252 victualibus
3055 5193 3228 5250 hodie
3254 5187 3536 5262 multipli-

1887 5303 2038 5344 care.
2061 5310 2088 5337 »
2108 5290 2231 5353 Quo
2255 5287 2432 5358 dicto,
2450 5287 2706 5355 vascula,
2729 5303 2856 5358 quae
2881 5300 3042 5340 more
3063 5283 3232 5340 solito
3249 5279 3541 5336 fratribus

1888 5377 2082 5448 parari
2115 5375 2402 5444 solebant,
2434 5393 2561 5447 qua:
2597 5375 2956 5448 quotidianis
2979 5389 3179 5428 eorum
3204 5371 3410 5428 usibus
3440 5368 3534 5425 vix

1887 5465 2280 5532 sufﬁciebant,
2313 5465 2540 5537 integra
2570 5465 2703 5533 fide,
2736 5481 2839 5536 spe
2869 5467 3044 5531 certa,
3077 5461 3358 5518 charitate
3400 5474 3527 5532 perv

1885 5593 2013 5666 tur._
2055 5588 2482 5666 vallumbrosaa
2540 5589 2678 5666 item
2737 5590 2992 5648 vidimus
3048 5589 3314 5666 ejusdem
3347 5579 3537 5653 sancti

1883 5661 2234 5720 Psalterium
2263 5666 2320 5722 et
2347 5660 2617 5720 Manuale
2648 5677 2887 5738 precum
2916 5660 3422 5740 quotidianarum.
