4030 6164
473 347 593 435 ποθ

1533 348 1599 410 S.
1643 349 1971 413 JOANNIS
2017 349 2460 443 GUALBERTI
2504 350 2835 413 ABBATIS

3754 352 3856 414 704

478 481 650 553 facta,
683 486 739 537 et
768 482 838 537 ad
872 480 1241 552 coquendum
1265 497 1399 547 cum
1423 482 1658 539 cibariis
1682 484 1879 540 statim
1902 501 2123 557 praepa-
2154 487 2210 549 Α
2239 487 2465 540 eentem
2495 483 2768 540 velociter
2797 483 3223 558 exstinguebat.
3255 483 3448 549 Tunc,
3500 479 3691 538 animo
3729 482 3851 538 furi-

483 572 649 637 ravit,
682 575 739 626 et
758 570 828 625 ad
852 569 1046 642 ignem
1082 571 1295 642 posuit.
1331 570 1374 627 O
1406 571 1555 626 mira
1585 589 1676 628 res
1706 576 1762 628 et
1792 574 2081 645 stupenda
2106 573 2116 627 Ι

476 659 545 713 de
574 658 849 727 vasculis,
878 658 1094 730 quibus
1126 660 1269 731 [per,
1300 660 1387 716 vel
1433 663 1625 733 juxta]
1672 662 1904 717 solitam
1940 679 2120 717 anno-

474 764 608 802 nam
635 748 841 804 fratres
872 746 980 804 loci
1008 747 1169 805 illius
1192 754 1421 805 tantum
1445 750 1594 805 alere
1618 751 1862 819 solebat,
1888 769 1920 806 a
1952 768 2121 806 mane

473 852 658 907 usque
689 838 760 891 ad
796 843 1024 893 noctem
1058 840 1603 911 supervenientibus
1630 841 1848 896 ibidem
1875 841 2120 912 hospiti-

474 926 583 980 bus
616 926 1047 983 administravit
1074 946 1085 983 :
1125 930 1305 983 necin
1330 927 1523 1000 aliquo
1546 930 1900 1001 defecerunt,
1933 931 2121 986 sancti

472 1014 585 1069 viri
615 1015 885 1087 precibus
919 1016 1264 1071 mirabiliter
1293 1022 1485 1072 aucta.

1046 1105 1274 1160 CAPUT
1316 1105 1549 1162 LXXIX.

546 1191 834 1248 Dominus
868 1210 1101 1264 quoque
1118 1195 1431 1266 Gregorius
1459 1195 1561 1251 VII
1592 1213 1763 1268 papa,
1798 1196 1896 1268 qui
1929 1199 2000 1251 ad
2036 1215 2123 1253 sa-

471 1286 780 1337 crosancta
830 1283 1147 1338 missarum
1198 1283 1481 1339 solemnia
1534 1286 1773 1341 veniens
1822 1286 1880 1340 in
1936 1285 2122 1340 multa

469 1371 921 1441 compunctione
952 1370 1178 1427 solebat
1209 1375 1503 1441 accedere,
1536 1374 1834 1431 continuis
1861 1375 2118 1430 tribus...

473 1476 607 1513 cum
635 1462 1006 1531 compunctio
1036 1466 1316 1517 consueta
1346 1462 1459 1517 sibi
1510 1464 1759 1530 deesset,
1806 1464 1863 1518 in
1896 1481 2122 1519 memo-

473 1547 620 1603 riam
651 1550 808 1604 venit
837 1549 889 1605 ei
920 1566 1131 1605 nomen
1181 1556 1237 1605 et
1283 1553 1565 1608 sanctitas
1622 1553 1805 1607 sancti
1851 1553 2120 1621 Joannis,

474 1652 608 1692 cum
639 1654 773 1708 quo,
808 1638 949 1693 dum
980 1639 1220 1707 vixerat,
1254 1640 1573 1695 amicitiam
1596 1646 1651 1696 et
1672 1641 1940 1697 notitiam
1976 1641 2121 1696 mul-

473 1730 595 1782 tam
627 1727 931 1782 habuerat.
965 1730 1146 1793 Quem
1175 1730 1316 1783 dum
1340 1728 1398 1782 in
1424 1746 1598 1784 suum
1627 1729 1910 1784 auxilium
1934 1730 2122 1785 humi-

470 1813 606 1869 liter
634 1815 957 1881 invitasset,
992 1834 1125 1871 mox
1149 1818 1398 1887 gratiam
1429 1819 1690 1887 ejusdem
1723 1824 1935 1874 sanctae
1968 1836 2122 1875 com-

473 1904 831 1974 punctionis,
881 1904 1066 1959 multo
1113 1905 1335 1977 largius
1383 1923 1558 1977 quam
1607 1906 1831 1962 solebat
1878 1907 2113 1974 habere,

471 1992 807 2064 resumpsit.
844 1994 1004 2056 Quod
1037 1993 1314 2050 dominus
1365 1996 1570 2051 Petrus
1616 1997 1964 2053 Albanensis
1994 1998 2113 2069 epi-

470 2097 685 2152 sc0pus
716 2098 785 2136 ex
830 2081 1017 2153 ipsius
1068 2099 1164 2138 ore
1213 2085 1433 2139 domini
1485 2102 1646 2157 papae
1696 2086 1954 2153 audisse,
1992 2086 2116 2158 ipse

471 2186 703 2241 quoque
732 2187 931 2226 verum
967 2170 1147 2228 fuisse
1177 2188 1369 2227 coram
1404 2172 1607 2229 multis
1638 2174 1837 2230 crebro
1865 2174 2113 2231 dicebat.

1055 2260 1285 2319 CAPUT
1326 2262 1530 2318 LXXX.

544 2350 684 2404 Item
718 2349 995 2405 dominus
1027 2350 1216 2407 Teuzo
1268 2351 1607 2407 Razolensis
1656 2352 1859 2423 abbas,
1910 2352 2009 2425 qui
2045 2354 2116 2410 de

468 2436 676 2508 primis
710 2437 1098 2509 maximisque
1123 2439 1427 2511 discipulis
1474 2442 1601 2511 ejus
1650 2441 1779 2508 fuit,
1827 2442 1966 2497 dum
2009 2442 2118 2497 iter

468 2530 683 2596 ageret,
711 2525 948 2581 veniens
978 2526 1571 2596 Vallemumbrosam,
1601 2514 1948 2601 gravissimo
1989 2531 2115 2587 ilio-

467 2629 600 2667 rum
633 2613 828 2670 dolore
857 2614 1070 2686 szepius
1100 2617 1502 2688 torquebatur.
1537 2617 1798 2688 Cumque
1827 2618 1982 2674 inter
2009 2620 2115 2674 im-

467 2717 704 2757 mensas
727 2701 943 2758 doloris
974 2704 1278 2776 angustias
1312 2705 1640 2771 ﬂuctuaret,
1675 2707 1862 2762 redire
1886 2708 2110 2776 nolens,

467 2790 739 2861 progredi
761 2808 875 2847 non
890 2791 1112 2863 valens,
1133 2797 1355 2865 patrem
1374 2794 1656 2850 Joannem
1680 2794 1887 2852 anxius
1911 2812 2115 2869 rogare

473 2879 665 2950 coepit,
696 2884 750 2935 et
783 2879 948 2936 dolor
977 2882 1048 2937 ab
1079 2898 1143 2937 eo
1175 2882 1482 2938 confestim
1514 2885 1815 2940 abscessit.

1042 2968 1274 3027 CAPUT
1315 2972 1544 3027 LXXXI.

544 3056 675 3113 Alia
703 3072 935 3131 quoque
957 3058 1097 3126 vice,
1124 3060 1262 3115 dum
1296 3060 1484 3116 eidem
1514 3062 1710 3118 abbati
1742 3064 1994 3120 Teuzoni
2020 3065 2117 3120 do-

2230 574 2493 640 bundus,
2526 574 2773 631 fideliter
2802 578 3001 629 tamen
3032 590 3228 639 orans,
3254 572 3371 627 ait:
3408 592 3435 624 α
3466 570 3525 626 Si
3564 587 3697 627 vera
3736 578 3857 627 sunt

2232 680 2359 734 quin
2390 664 2459 719 de
2488 664 2713 720 Joanne
2746 663 3059 719 Gualberto
3108 660 3223 717 vidi
3273 664 3331 716 et
3383 658 3577 715 audivi
3630 660 3856 731 prepriis

2233 752 2437 823 oculis,
2473 754 2530 807 in
2562 752 2750 825 ipsius
2781 753 3017 809 nomine
3048 750 3317 823 praecipio
3346 749 3473 816 tibi,
3507 752 3572 803 ut
3619 748 3858 805 celeriter

2232 858 2474 897 accensa
2532 842 2882 897 inexstincta
2937 857 3299 912 permaneas.
3362 840 3495 905 Quae
3559 837 3670 894 sub
3718 842 3858 893 tanta

2228 932 2530 987 velocitate
2561 931 2753 986 subito
2785 935 2872 986 est
2902 946 3163 996 accensa,
3196 945 3260 983 ac
3292 928 3339 982 si
3372 927 3650 982 divinitus
3696 928 3858 1000 impe-

2231 1025 2423 1075 ratum
2452 1020 2502 1076 ei
2537 1020 2765 1076 fuisset.
2806 1021 2960 1075 Idem
2994 1020 3139 1091 ipse,
3174 1018 3276 1089 qui
3305 1016 3450 1071 vidit
3496 1021 3553 1071 et
3593 1015 3857 1083 interfuit,

2233 1108 2355 1164 haec
2387 1109 2645 1182 scripsit,
2679 1113 2738 1165 et
2767 1109 3039 1163 dictando
3073 1105 3389 1162 mandavit.

2791 1198 3025 1254 CAPUT
3060 1196 3318 1253 LXXXV.

2302 1290 2519 1344 Deinde
2549 1289 2728 1345 frater
2749 1289 3012 1360 quidam,
3059 1286 3333 1342 Albertus
3383 1284 3646 1352 nomine,
3690 1283 3787 1355 qui
3812 1283 3859 1337 in

2230 1379 2433 1434 eodem
2459 1377 2788 1434 Passiniani
2820 1376 3104 1443 coenobio,
3138 1377 3197 1431 in
3229 1392 3343 1448 quo
3375 1374 3580 1430 beatus
3624 1373 3862 1428 Joannes

2231 1468 2563 1539 requiescit,
2589 1468 2728 1521 dum
2755 1467 2977 1539 piscem
3002 1466 3404 1529 manducaret,
3428 1480 3545 1519 una
3564 1462 3747 1534 piscis
3767 1461 3862 1534 spi-

2231 1574 2307 1611 na
2337 1560 2571 1627 repente
2598 1555 2819 1627 gutturi
2850 1556 2979 1625 ejus
3005 1554 3193 1619 haesit,
3226 1571 3351 1625 qua:
3384 1552 3495 1608 sibi
3518 1568 3754 1625 gravem
3775 1568 3861 1605 an-

2229 1647 2486 1719 gustiam
2519 1647 2744 1702 diutius
2775 1645 2998 1700 intulit.
3030 1645 3141 1700 Sed
3172 1644 3313 1698 dum
3334 1642 3696 1697 immensum
3731 1639 3862 1712 peri-

2230 1737 2429 1791 culum
2463 1740 2773 1791 conaretur
2801 1734 3074 1806 eﬂ‘ugere,
3128 1748 3232 1787 nec
3278 1731 3516 1797 valeret,
3569 1730 3642 1784 ad
3694 1729 3864 1784 sancti

2228 1824 2471 1881 Joannis
2502 1824 2891 1896 patrocinium
2924 1822 3193 1887 recurrit,
3225 1820 3381 1893 quod
3426 1818 3743 1875 efficaciter
3770 1817 3866 1873 sibi

2230 1930 2365 1968 mox
2395 1914 2722 1986 praestitum
2756 1913 2959 1968 sensit.
2994 1911 3142 1967 Nam
3170 1911 3298 1982 ejus
3330 1924 3542 1965 nomen
3576 1908 3752 1963 corde
3791 1907 3867 1961 in-

2224 2019 2438 2057 vocans
2469 2001 2928 2073 pransidiumque
2958 2016 3172 2073 rogans
3204 1999 3402 2071 (quod,
3428 2014 3545 2069 pra:
3567 1996 3757 2051 nimia
3777 2013 3865 2050 an-

2226 2090 2440 2163 gustia,
2474 2107 2609 2146 voce
2641 2107 2755 2145 non
2787 2090 3059 2161 poterat,)
3081 2088 3310 2161 spinam
3343 2090 3578 2157 repente
3625 2083 3864 2156 glutivit,

2227 2183 2284 2235 et
2313 2178 2670 2251 afﬂigentem
2720 2195 2783 2235 se
2844 2176 3175 2234 molestiam
3236 2174 3518 2247 suffragio
3576 2174 3653 2246 pii
3692 2172 3864 2230 Patris

2226 2268 2426 2325 evasit.

2758 2355 2994 2411 CAPUT
3036 2353 3329 2409 LXXXVI.

2297 2448 2454 2503 Idem
2489 2447 2674 2517 Pater,
2709 2445 2850 2501 dum
2882 2443 3074 2499 adhuc
3126 2443 3341 2498 viveret
3390 2440 3450 2495 in
3482 2440 3591 2496 hac
3639 2439 3792 2508 luce,
3818 2442 3865 2493 et

2222 2540 2379 2592 esset
2407 2535 2560 2607 apud
2595 2519 2874 2590 Sanctum
2898 2531 3181 2600 Salvium,
3206 2547 3543 2587 oeconomus
3563 2530 3715 2585 duos
3738 2528 3861 2584 arti-

2224 2626 2362 2679 fices
2395 2625 2453 2679 in
2484 2623 2632 2679 cella
2661 2622 2926 2694 ejusdem
2957 2620 3067 2677 loci
3101 2636 3201 2692 pro
3221 2618 3547 2675 necessario
3570 2634 3749 2690 Opere
3771 2632 3863 2688 po-

2224 2714 2362 2783 suit,
2396 2712 2518 2785 qui,
2550 2711 2807 2784 maligno
2831 2709 3038 2783 spiritu
3062 2710 3368 2776 suadente,
3391 2712 3566 2764 noctu
3588 2708 3864 2761 venerunt

2225 2804 2297 2859 ad
2330 2802 2595 2857 eamdem
2628 2800 2831 2856 cellam
2860 2801 3239 2872 disponentes
3262 2797 3463 2853 furtim
3490 2796 3728 2852 auferre
3755 2810 3864 2866 qua

2224 2889 2340 2947 illis
2364 2894 2499 2962 apta
2516 2890 2900 2958 videbantur;
2928 2905 3042 2943 non
3069 2888 3434 2943 attendentes
3456 2883 3717 2957 Apostoli
3744 2883 3870 2940 scri-

2226 2984 2387 3053 ptum
2419 2997 2430 3034 :
2467 2980 2574 3048 Qui
2595 2979 2912 3051 furabatur,
2936 2979 3060 3049 jam
3088 2993 3199 3031 non
3253 2978 3491 3059 furatur,
3540 2974 3729 3046 magis
3774 2988 3869 3027 au-

2225 3076 2335 3126 tem
2361 3070 2570 3124 laboret
2594 3069 2873 3135 manibus,
2907 3065 3049 3137 quod
3098 3066 3301 3121 bonum
3338 3068 3436 3119 est.
3473 3060 3729 3135 Ingressi
3771 3060 3868 3115 ita-

473 3145 619 3201 mini
671 3145 883 3217 prioris
926 3148 1146 3203 Rustici
1208 3149 1416 3205 fuisset
1485 3151 1679 3207 obitus
1729 3154 2009 3222 nutiatus,
2061 3158 2118 3209 et
2154 3222 2186 3231 ﬂ
2227 3173 2341 3231 que
2374 3156 2602 3227 cellam,
2634 3156 3025 3227 impleverunt
3082 3170 3284 3210 saccos
3326 3169 3472 3226 quos
3504 3152 3871 3223 portaverant

470 3232 595 3305 ipse
626 3238 787 3290 tanto
805 3234 1086 3308 languore
1104 3242 1401 3294 teneretur
1423 3243 1488 3295 ut
1509 3256 1571 3295 se
1601 3238 1762 3297 nullo
1795 3243 1967 3298 modo
1990 3259 2118 3315 pos-
2146 3222 2189 3289 (ἶ
2228 3222 2473 3303 diversis
2504 3222 2693 3316 bonis,
2720 3222 2778 3301 et
2806 3260 2905 3301 eos
2935 3243 3048 3300 sibi
3080 3222 3563 3316 superponentes,
3613 3243 3680 3294 ut
3701 3238 3865 3293 aufu—

378 3332 389 3341 '
470 3327 557 3378 set
576 3338 827 3391 movere,
849 3324 1180 3381 calliculam
1211 3327 1500 3384 benedicti
1548 3331 1736 3401 patris
1786 3336 2115 3389 reverenter

468 3412 679 3485 tetigit,
710 3418 767 3469 et
796 3430 931 3469 mox
953 3415 1306 3472 sanissimus
1336 3417 1599 3489 effectus,
1632 3421 1701 3474 ad
1750 3420 2115 3492 sepulturam

470 3502 729 3557 defuncti
759 3503 1027 3574 perrexit.

1020 3593 1255 3648 CAPUT
1278 3595 1286 3661 ξ
1306 3594 1563 3650 LXXXII.
1629 3609 1636 3615 '

484 3699 488 3703 ι
543 3680 684 3734 Item
717 3684 985 3736 matrona
1006 3683 1272 3751 quaedam
1305 3683 1694 3751 nobilissima,
1721 3687 1956 3742 nomine
1975 3689 2121 3743 Ada-

473 3767 641 3835 lasia,
668 3767 1033 3841 gravissimis
1058 3786 1161 3841 per
1181 3787 1366 3825 unum
1388 3771 1685 3844 integrum
1709 3790 1927 3829 annum
1952 3777 2123 3831 febri-

472 3857 583 3912 bus
616 3856 846 3930 magnis
875 3863 1227 3926 exaestuans,
1272 3863 1406 3915 ante
1452 3861 1785 3931 sepulcrum
1838 3864 1964 3933 ejus
2010 3864 2123 3919 ali-

473 3944 1037 4018 quantulumjacuit,
1064 3951 1121 4002 et
1141 3947 1318 4017 illico,
1347 3950 1600 4004 sanitate
1623 3954 1871 4022 recepta,
1897 3954 2124 4010 meritis

474 4035 603 4103 ejus
633 4033 943 4090 incolumis
972 4036 1140 4103 facta,
1176 4037 1451 4091 remeavit
1481 4038 1550 4091 ad
1585 4039 1838 4111 propria.

1021 4123 1250 4179 CAPUT
1292 4125 1583 4181 LXXXIII.

558 4208 770 4264 Diebus
801 4210 1019 4266 eisdem
1052 4228 1171 4267 una
1195 4211 1422 4284 lampas
1455 4219 1591 4271 ante
1632 4217 1968 4288 sepulcrum
1999 4223 2127 4292 ejus

485 4315 519 4352 a
546 4297 725 4369 priori
746 4302 884 4355 tunc
908 4304 1170 4373 tempore
1191 4303 1527 4376 constituta,
1554 4322 1680 4376 qua:
1703 4310 2007 4366 nocturnis
2032 4312 2131 4368 ho-

488 4386 570 4442 ris
602 4389 1044 4457 accendebatur,
1078 4406 1179 4462 per
1208 4390 1426 4448 multos
1447 4410 1629 4450 annos
1650 4394 1869 4452 ibidem
1888 4401 2127 4457 mansit.

490 4478 674 4542 Quam
707 4476 1052 4550 plerumque
1083 4478 1143 4534 in
1192 4484 1407 4536 terram
1458 4483 1767 4557 corruisse,
1817 4491 1874 4542 et
1902 4503 2133 4561 semper

2223 3340 2427 3410 gerent
2455 3336 2821 3391 laborabant.
2856 3334 2967 3389 Sed
2998 3336 3371 3405 peccatorum
3398 3345 3641 3387 suorum
3664 3324 3863 3383 irretiti

2223 3425 2492 3494 vinculis,
2526 3429 2582 3480 et
2608 3424 2763 3480 beati
2793 3422 3037 3479 Joannis
3068 3420 3335 3494 impediti
3368 3417 3615 3489 meritis,
3651 3417 3737 3471 sic
3768 3418 3869 3469 im-

2227 3512 2474 3569 mobiles
2503 3517 2657 3569 stare
2683 3515 2983 3583 cmperunt
3012 3509 3179 3582 quasi
3213 3508 3370 3564 affixi
3402 3512 3568 3563 terrae
3600 3504 3871 3562 radicitus

2226 3607 2564 3659 tenerentur
2587 3619 2600 3671 ;
2629 3617 2732 3657 nec
2764 3616 2963 3656 saccos
2984 3598 3275 3654 dimittere
3294 3613 3399 3653 nec
3421 3595 3589 3652 vacui
3611 3595 3869 3650 recedere

2227 3692 2518 3747 valebant.
2548 3691 2693 3746 Cum
2714 3705 2846 3745 vero
2869 3688 3061 3760 prima
3090 3687 3237 3742 hora
3258 3685 3372 3742 diei
3396 3683 3602 3741 cellam
3636 3699 3791 3737 unus
3810 3696 3871 3735 ex

2231 3779 2508 3835 fratribus
2540 3778 2808 3833 introiret
2834 3776 3038 3832 vinum
3082 3774 3319 3831 haurire
3360 3789 3462 3845 pro
3513 3772 3697 3828 missa
3736 3768 3873 3825 cele-

2232 3870 2475 3935 branda,
2529 3868 2785 3923 latrones
2832 3864 3155 3934 admirans,
3205 3864 3277 3919 ad
3337 3861 3641 3918 ecclesiam
3692 3857 3877 3914 rediit.

2232 3958 2419 4013 Finito
2451 3960 2646 4011 autem
2678 3954 2957 4026 capitulo,
2980 3952 3181 4010 retulit
3203 3950 3359 4024 quod
3390 3951 3449 4006 in
3483 3950 3627 4006 cella
3673 3962 3877 4021 cogno-

2232 4050 2429 4114 verat;
2460 4047 2560 4101 sed
2592 4043 2928 4100 cellerarius
2960 4059 3021 4099 se
3043 4041 3271 4098 nescire
3300 4038 3621 4112 respondit.
3674 4038 3883 4093 Beatus

2236 4138 2432 4191 autem
2461 4134 2739 4205 Joannes,
2772 4134 2881 4189 hoc
2912 4135 3103 4187 totum
3129 4135 3330 4187 sancto
3354 4128 3575 4201 Spiritu
3600 4124 3883 4181 revelante

2237 4239 2615 4296 cognoscens,
2650 4224 2753 4278 ivit
2785 4223 2856 4278 ad
2888 4220 3021 4277 illos
3055 4237 3122 4276 ac
3151 4218 3531 4275 vehementer
3569 4211 3881 4299 corripuit;

2238 4318 2296 4369 et
2324 4330 2396 4369 ne
2426 4312 2570 4368 talia
2601 4313 2670 4367 de
2705 4311 2935 4383 reliquo
2958 4311 3380 4381 praesumerent
3401 4304 3567 4379 prius
3588 4300 3881 4361 admonuit

2237 4404 2456 4460 Exinde
2486 4407 2710 4475 partem
2742 4402 2879 4457 furti
2912 4401 3003 4473 pie
3026 4398 3317 4456 concessit
3336 4396 3718 4469 illis,partem
3740 4390 3881 4448 nihi-

2240 4492 2498 4548 lominus
2528 4490 2789 4548 abstulit.
2825 4490 2955 4559 Qui,
2986 4489 3173 4546 Patris
3198 4488 3464 4559 ejusdem
3498 4484 3731 4542 monitis
3750 4482 3885 4537 edo-

500 4564 742 4621 illaasam
776 4567 1087 4639 mansisse,
1112 4568 1214 4640 qui
1263 4569 1519 4641 primum
1565 4571 1679 4627 ista
1709 4574 1966 4644 dictavit,
1999 4595 2130 4635 cum
2162 4588 2209 4652 D
2242 4582 2318 4637 eti
2350 4588 2441 4637 re's
2467 4596 2789 4654 pauperum
2820 4578 2977 4635 ultra
2997 4595 3114 4636 non
3137 4593 3358 4650 rapere,
3378 4577 3480 4632 sed
3504 4591 3639 4631 cum
3659 4570 3883 4643 indige-

491 4654 694 4711 multis
727 4674 787 4711 se
818 4657 1031 4714 vidisse
1060 4658 1463 4730 profitebatur.

1023 4747 1259 4804 CAPUT
1319 4749 1599 4804 LXXXIV.

564 4835 685 4889 Sub
716 4836 921 4891 eodem
967 4840 1249 4907 tempore,
1293 4836 1649 4894 miraculum
1702 4857 1817 4897 non
1851 4843 2138 4901 dissimile

494 4939 597 4994 per
625 4924 754 4993 ejus
785 4923 993 4979 merita
1022 4924 1240 4980 dicitur
1269 4927 1606 5000 contigisse.
1634 4930 1879 4994 Quidam
1899 4935 2136 5007 presby-

493 5014 600 5079 ter,
625 5010 861 5066 nomine
877 5011 1128 5065 Zenobiu
1140 5030 1186 5079 s,
1204 5014 1411 5083 fuerat,
1430 5016 1528 5086 qui
1547 5016 1777 5088 plebem
1792 5021 2136 5080 Brozensem

492 5114 596 5169 per
616 5099 1007 5170 quadraginta
1027 5116 1213 5156 annos
1234 5106 1293 5155 et
1316 5118 1380 5157 eo
1399 5104 1652 5175 amplius
1676 5108 1840 5165 rexit.
1864 5111 1971 5174 Qui
1995 5114 2136 5169 dum

493 5205 611 5243 una
632 5188 746 5259 die,
768 5182 891 5244 sole
920 5194 1191 5261 vergente
1232 5190 1302 5244 ad
1354 5207 1650 5265 occasum,
1700 5199 2046 5257 acceleraret
2074 5218 2137 5258 se

494 5278 884 5346 vespertinam
918 5276 1208 5333 celebrare
1256 5279 1542 5349 synaxim,
1597 5300 1841 5342 accensa
1872 5291 2133 5363 candela,

494 5362 825 5434 lampadem
858 5365 1113 5421 ecclesiae
1145 5366 1457 5422 festinabat
1488 5368 1703 5440 ignire:
1738 5380 1795 5430 et
1824 5394 1955 5434 cum
1988 5380 2047 5435 in
2072 5362 2138 5436 ea

496 5452 738 5509 minime
767 5455 1055 5525 liquorem
1082 5456 1189 5512 olei
1216 5455 1546 5529 reperisset,
1580 5478 1685 5519 nec
1726 5466 1869 5523 alias
1900 5470 2139 5528 haberet

498 5541 651 5596 unde
682 5558 811 5598 eam
843 5546 1075 5603 reﬁcere
1106 5551 1319 5618 posset,
1353 5548 1567 5621 szepius
1590 5553 1924 5625 replicando
1944 5561 2133 5633 ipsam

496 5629 734 5705 ignivit:
770 5633 872 5690 sed
901 5651 1072 5707 aqua,
1100 5636 1319 5712 quaLin
1352 5654 1419 5696 ea
1440 5641 1584 5711 erat,
1610 5642 1832 5717 absque
1852 5629 2017 5709 mora
2044 5650 2133 5709 lu-

2244 4674 2394 4737 rent,
2426 4670 2731 4725 humiliter
2760 4668 3055 4741 postulare
3088 4684 3100 4722 :
3134 4668 3373 4722 demum
3408 4662 3679 4734 absolvit,
3710 4664 3780 4725 et,
3812 4657 3883 4711 liv-

2246 4760 2437 4815 centia
2457 4760 2604 4831 ejus,
2630 4758 2794 4815 illaesi
2823 4776 2938 4814 non
2976 4756 3102 4814 sine
3131 4755 3484 4812 verecundia
3506 4750 3881 4809 dicesserunt.

2779 4844 3007 4903 CAPUT
3045 4844 3358 4902 LXXXVII.

2318 4938 2476 4993 Sunt
2514 4940 2793 5009 praeterea
2826 4934 3111 4992 nonnulla
3139 4933 3254 4991 alia
3280 4933 3354 4990 de
3381 4928 3700 4988 venerabili
3728 4928 3888 4999 patre

2244 5026 2470 5082 Joanne
2498 5025 2710 5082 litteris
2740 5025 2974 5096 tradita,
3001 5040 3127 5097 qua:
3154 5020 3338 5080 oculis
3369 5020 3603 5093 aspexi;
3631 5014 3889 5091 quadarn

2244 5114 2381 5185 alia,
2407 5132 2532 5186 quae
2555 5114 2815 5171 ﬁdelium
2839 5112 3174 5171 narratione
3193 5111 3517 5168 multorum
3535 5107 3739 5173 audivi,
3757 5116 3887 5173 qua3

2247 5203 2519 5276 praesenti
2549 5204 2830 5276 opusculo
2863 5203 3030 5259 renui
3062 5198 3595 5274 copulare,veritus
3625 5191 3888 5253 excedere

2247 5293 2517 5366 superius
2530 5292 2849 5365 pollicitam
2862 5291 3479 5362 brevitatem.1nsuper
3492 5289 3563 5344 ad
3595 5278 3884 5342 tumulum

2245 5383 2396 5453 ejus,
2428 5395 2546 5437 non
2578 5382 2771 5437 solum
2819 5381 2979 5437 illius
3010 5386 3173 5437 terrae
3208 5378 3431 5449 incola,
3479 5391 3679 5432 verum
3707 5367 3882 5426 etiam

2245 5472 2318 5527 de
2364 5470 2779 5527 remotioribus
2828 5471 3095 5543 partibus
3145 5467 3315 5525 multi
3379 5466 3581 5523 crebro
3627 5458 3879 5551 veniunt.

2245 5560 2513 5634 plurimis
2543 5560 2933 5619 anxietatibus
2961 5559 3170 5634 pressi,
3203 5573 3271 5615 ac
3314 5556 3495 5614 variis
3530 5548 3883 5644 inﬁrmitati-

2244 5651 2357 5709 bus
2406 5651 2739 5725 aggravati:
2790 5650 2891 5725 qui
2939 5651 3252 5724 praestante
3314 5646 3512 5710 divina
3557 5635 3890 5704 clementia.
