4030 6164
168 311 277 375 705

1753 297 1982 372 ACTA.

3450 295 3567 386 706

167 445 348 504 sancti
377 445 624 504 Joannis
654 444 946 516 precibus,
979 444 1092 501 laeti
1123 448 1180 500 et
1205 443 1530 500 incolumes
1562 444 1632 500 ad
1666 460 1799 517 pro-
1830 444 1886 511 Α
1916 459 2064 499 care.
2089 443 2189 499 Cui
2211 445 2688 522 quaedamimago
2721 449 2949 523 fulgens
2967 453 3233 524 protinus
3251 453 3560 525 assistens,

170 536 291 609 pria
336 538 723 591 revertuntur.
775 535 1019 601 Quidam
1071 533 1391 590 monachus
1442 532 1810 589 Pistoriensis

172 623 509 681 monasterii
536 623 730 680 Sancti
751 623 976 696 Angeli,
1005 623 1420 680 interveniente
1442 623 1808 688 necessitate,

170 715 303 770 dum
333 714 467 781 iter,
499 717 696 786 ageret
723 713 794 768 ad
840 713 1150 782 quemdam
1181 716 1416 784 pontem
1449 711 1810 784 perveniens,

172 803 424 876 neglexit
455 819 523 859 ex
553 818 702 874 equo
735 801 1107 870 descendere,
1137 817 1313 873 seque
1335 801 1635 856 confidens
1665 817 1812 872 equo

173 894 237 950 ad
269 892 521 949 salutem
573 891 984 947 convenienter
1028 889 1346 962 transvehi,
1396 887 1542 944 nihil
1573 889 1815 944 timebat

171 981 542 1038 incommodi.
601 985 748 1035 Dum
805 983 998 1036 autem
1063 997 1165 1052 per
1219 983 1458 1051 pontem
1519 977 1811 1048 transiret,

173 1089 356 1144 equus
381 1089 449 1127 ex
478 1069 794 1142 improviso
823 1071 931 1125 sub
966 1070 1110 1141 pede
1150 1068 1352 1141 lapsus
1383 1067 1619 1123 corruit.
1653 1067 1817 1122 Unde

178 1145 492 1217 monachus
514 1158 614 1230 qui
640 1158 690 1214 ei
721 1158 1158 1230 supersedebat,
1186 1157 1238 1211 vi
1267 1156 1528 1212 cadentis
1553 1156 1686 1227 equi
1711 1155 1820 1210 for-

174 1251 301 1305 titer
330 1248 644 1321 impulsus,
696 1252 860 1302 extra
909 1251 1144 1318 pontem
1199 1244 1426 1314 cecidit,
1479 1250 1534 1300 et
1605 1261 1816 1316 pavore

177 1337 372 1395 mortis
415 1337 728 1410 repentinae
776 1335 1139 1406 perterritus,
1164 1335 1541 1390 reverendum
1592 1338 1817 1406 patrem

177 1432 452 1484 Joannem
488 1424 739 1481 ﬁdeliter
767 1425 1064 1495 invocans,
1093 1438 1326 1496 semper
1354 1427 1627 1496 paratum
1657 1423 1819 1494 adju-

184 1532 329 1586 vare,
364 1518 429 1570 ut
448 1514 500 1571 ei
553 1516 936 1579 succurreret,
960 1511 1150 1568 valido
1180 1510 1433 1566 clamore
1455 1511 1630 1583 cmpit
1659 1510 1821 1566 invo-

242 1658 349 1730 (14)
375 1657 650 1730 Sequitur
679 1656 739 1711 in
770 1655 1026 1730 editione
1058 1655 1319 1730 Romana
1347 1654 1497 1709 alius
1529 1653 1677 1709 liber
1705 1653 1820 1708 mi-

181 1726 522 1795 maiorm,
556 1745 682 1801 qua:
709 1746 743 1784 a
792 1726 1096 1801 recentiori
1127 1729 1376 1801 auctore
1411 1742 1619 1801 parum
1651 1741 1821 1801 accuf

183 1807 293 1858 rate
313 1801 532 1872 scripta
551 1796 709 1857 sunt.
731 1799 1132 1855 Praeferendus
1149 1801 1302 1854 esset
1317 1796 1464 1852 liber
1487 1796 1820 1868 Hieronymi

1920 536 1978 588 et
2007 534 2136 604 ejus
2186 532 2350 590 lateri
2404 541 2713 609 utramque
2758 556 2998 596 manum
3050 557 3369 615 apponens,
3401 543 3564 599 illam

1920 623 2052 677 forti
2069 621 2248 678 veloci
2267 623 2526 695 impulsu
2539 643 2714 699 super
2729 633 2967 699 pontem
2981 631 3235 699 reduxit;
3251 632 3421 703 eique
3436 649 3570 688 mox

1919 712 2271 768 vestimenta
2300 713 2560 769 caballus
2591 717 2661 770 de
2690 733 2803 786 quo
2829 717 3131 788 ceciderat,
3166 720 3306 775 dum
3339 737 3572 777 conare-

1923 803 2021 854 tur
2051 817 2380 874 assurgere,
2413 818 2565 874 genu
2614 819 2907 874 premens,
2930 807 3133 861 tandiu
3175 809 3362 863 tenuit
3393 811 3574 866 donec

1924 889 2248 946 monachus
2280 892 2555 946 manibus
2587 893 2858 947 reductus
2883 909 3098 965 equum
3126 897 3579 968 comprehende-

1925 981 2031 1045 ret,
2077 977 2319 1050 ejusque
2369 984 2631 1035 ventrem
2677 980 3040 1048 subintrans,
3093 989 3326 1055 pontem
3357 985 3578 1044 illaesus

1925 1069 2281 1123 ascenderet.
2315 1069 2522 1140 Sicque
2547 1069 2764 1124 factum
2797 1075 2906 1138 est,
2936 1072 3074 1126 dum
3101 1074 3445 1146 monachus,
3478 1077 3578 1147 qui
3677 1060 3688 1063 m

1927 1157 2099 1211 morti
2129 1157 2436 1212 videbatur
2465 1175 2591 1213 esse
2638 1159 2879 1226 vicinus,
2933 1161 3086 1216 beati
3118 1162 3299 1233 patris
3329 1163 3574 1220 Joannis

1929 1261 2140 1301 nomen
2217 1247 2638 1318 eongeminado
2711 1248 2957 1304 ﬁdeliter
3033 1254 3334 1321 repeteret,
3416 1251 3574 1308 illius

1927 1335 2200 1406 praesidio
2231 1351 2346 1391 non
2399 1335 2588 1392 solum
2640 1338 2852 1392 meruit
2900 1337 2971 1393 ab
3021 1337 3354 1396 imminenti
3391 1347 3578 1398 morte

1927 1424 2097 1496 eripi,
2129 1440 2330 1480 verum
2363 1424 2536 1481 etiam
2565 1425 2824 1497 pristina:
2865 1427 3102 1484 sanitati
3134 1445 3202 1484 ex
3231 1429 3458 1503 integro
3491 1447 3582 1486 re-

1931 1512 2092 1568 stitui
2123 1513 2256 1585 (14).

1930 1655 2002 1709 de
2031 1654 2331 1736 Raggiolo,
2364 1655 2637 1740 superius
2677 1656 2918 1740 laudati,
2968 1660 3068 1740 qui
3113 1660 3184 1740 de
3213 1662 3390 1717 variis
3420 1679 3584 1720 ener-

1931 1727 2200 1798 gumenis
2228 1743 2262 1781 a
2293 1732 2494 1782 sancto
2523 1727 2748 1784 Joanne
2779 1727 3040 1786 liberatis
3069 1731 3208 1803 agit.

196 2132 448 2285 DE
554 2127 1340 2284 SANGTO
1439 2125 2250 2279 JOANNE
2347 2127 3582 2287 GUALBERTO

1684 2391 2102 2476 ABBATE

267 2566 577 2630 ORDINIS
623 2560 1294 2626 VALLUMBROSANI
1338 2560 1818 2620 FUNDATORE
1863 2560 1941 2620 lN
1977 2560 2489 2620 MONASTERIO
2521 2561 2988 2623 PASSINIANO
3033 2565 3112 2624 IN
3159 2567 3508 2628 ETRURIA

1363 2732 2412 2829 COMMENTARIUS.

1105 2923 1292 2996 (Apud
1324 2921 1610 2994 Bolland.,
1641 2921 1784 2978 Julii
1814 2923 1956 2978 tom.
1991 2921 2088 2992 Ill,
2117 2922 2211 2978 die
2243 2925 2328 2992 12,
2361 2938 2493 2996 pag.
2527 2924 2676 2995 311.)

432 3209 460 3276 §
490 3207 534 3262 Ι.
559 3205 750 3262 Sancti
773 3203 961 3276 patria
987 3216 1182 3258 nomen
1213 3204 1263 3256 et
1292 3207 1546 3256 stemma.

258 3289 1170 3353 SanctissimusVallumbrosani
1183 3287 1418 3344 Ordinis
1436 3287 1841 3358 institutor,si-

195 3386 434 3458 mulque
473 3382 794 3440 acerrimus
812 3381 1148 3437 Simoniacze
1166 3378 1452 3433 haereseos
1473 3380 1842 3448 oppugnator

183 3477 356 3546 juxta
374 3471 924 3531 communissimam
942 3467 1353 3524 historicorum
1371 3465 1720 3521 sententiam
1745 3481 1841 3518 na-

191 3569 289 3621 tus
318 3568 405 3620 est
436 3561 738 3619 Florentiae
764 3559 972 3616 celebri
1003 3556 1183 3612 Italiae
1215 3555 1444 3611 civitate
1479 3553 1705 3608 Patrem
1736 3553 1837 3607 ha-

190 3653 322 3708 buit
347 3651 764 3709 Gualbertum:
799 3651 1043 3702 matrem
1073 3661 1228 3710 vero,
1259 3647 1324 3699 ut
1345 3642 1584 3715 quidam
1615 3639 1840 3707 volunt,

189 3741 429 3798 Willam
460 3756 564 3796 seu
597 3737 923 3803 Camillam,
955 3736 1025 3790 de
1056 3751 1172 3806 qua
1214 3737 1411 3788 tamen
1442 3729 1670 3802 antiqui
1699 3729 1844 3786 Vitae

185 3832 503 3904 scriptores
535 3844 650 3883 non
683 3824 1094 3882 meminerunt.
1127 3820 1361 3877 Nemini
1385 3821 1442 3876 S.
1465 3818 1711 3875 Joannis
1742 3819 1842 3874 ad-

186 3921 311 3977 didi
361 3921 420 3975 in
451 3917 621 3974 titulo
650 3914 1050 3979 Gualbertum,
1085 3909 1354 3982 quamvis
1388 3909 1639 3964 Didacus
1667 3908 1844 3962 Frau-

1861 3201 1909 3264 B
1940 3197 2253 3268 nandaque
2283 3198 2409 3268 ejus
2441 3199 2741 3254 nobilitate
2763 3200 3002 3272 quidam
3026 3202 3276 3259 nimium
3303 3205 3446 3261 mihi
3479 3206 3595 3262 sol-

1947 3285 2089 3341 liciti
2139 3285 2320 3342 fuisse
2365 3287 2650 3342 videntur.
2704 3290 2860 3344 Inter
2905 3288 3050 3347 alios
3101 3291 3167 3346 R.
3219 3296 3284 3346 Ι).
3331 3293 3601 3350 Tiberius

1952 3374 2278 3430 Petraccius
2326 3375 2591 3430 arborem
2638 3375 3069 3450 genealogicam
3120 3379 3317 3448 erexit,
3369 3381 3426 3434 in
3485 3399 3602 3454 qua

1951 3467 2280 3518 maternum
2305 3462 2462 3519 illius
2492 3479 2678 3536 genus
2700 3465 2935 3520 deducit
2956 3482 3023 3521 ex
3042 3466 3403 3540 Carolingico
3427 3469 3601 3526 Fran-

1953 3567 2154 3607 corum
2177 3555 2506 3619 stemmate,
2533 3569 2596 3607 ac
2618 3553 2750 3609 dein
2775 3556 2877 3626 per'
2897 3570 3128 3611 ramum
3152 3555 3295 3611 illud
3313 3559 3606 3615 connectit

1953 3657 2086 3696 cum
2114 3638 2327 3696 illustri
2359 3640 2707 3696 Ubertorum
2754 3640 2997 3711 familia,
3047 3660 3224 3716 quam
3254 3662 3322 3701 ex
3353 3653 3605 3720 augusta

1951 3733 2212 3784 veterum
2245 3729 2639 3791 Romanorum
2663 3734 2833 3801 gente
2864 3732 3217 3802 processisse
3247 3749 3382 3790 cum
3415 3736 3609 3791 Ricor-

1953 3819 2104 3872 dano
2136 3817 2458 3888 Malaspina
2489 3817 2738 3889 aliisque
2766 3819 3083 3876 existimat.
3120 3825 3432 3879 Paternam
3463 3841 3604 3881 vero

1955 3897 2198 3969 stirpem
2247 3914 2316 3952 ex
2366 3898 2884 3969 Langobardorum
2914 3901 3152 3972 regibus
3199 3903 3336 3958 oriri
3370 3905 3606 3961 asserit.

188 4011 360 4066 chius
390 4010 454 4063 in
483 4009 618 4062 Vita
646 4004 808 4060 illius
839 4001 1034 4059 Italice
1067 4001 1222 4056 edita
1251 3998 1353 4054 lib.
1388 3999 1412 4053 1
1449 4014 1581 4069 pag.
1627 3996 1662 4048 9
1691 3997 1847 4052 dicat
1959 3987 2118 4043 Unde
2146 4002 2336 4042 vanos
2366 3987 2896 4058 consanguinitatis
2926 3990 3144 4060 gradus
3169 3991 3424 4047 ostendit
3454 3993 3610 4048 inter

188 4099 390 4170 ipsum
421 4093 829 4153 tantummodo
859 4108 893 4146 a
921 4089 1219 4144 modernis
1249 4086 1330 4142 ita
1361 4084 1666 4158 appellari.
1699 4085 1847 4142 Nam
2049 4079 2561 4170 lietrum-Igneum
2581 4091 2662 4170 ex
2693 4075 2906 4170 Ordine
2934 4076 3423 4135 Vallumbrosano
3448 4087 3504 4134 δ,
3538 4080 3611 4136 Β,

190 4163 523 4258 antiquitus
554 4182 729 4240 etiam
760 4181 810 4236 ei
845 4177 1103 4235 Galberti
1150 4177 1269 4232 sive
1296 4174 1580 4230 Walberti
1612 4190 1847 4242 nomen,

1958 4166 2022 4220 E.
2057 4163 2439 4232 Cardinalem,
2471 4168 2528 4219 S.
2581 4164 2942 4220 Bernardum
2988 4165 3268 4222 Ubertum
3311 4185 3379 4223 ex
3407 4169 3611 4224 eodem

193 4253 362 4348 quod
387 4279 552 4346 pater
580 4271 740 4326 illius
792 4269 1050 4342 gerebat,
1103 4266 1307 4321 datum
1359 4263 1561 4331 fuisse,
1595 4265 1756 4334 patet
1784 4278 1853 4317 ex
1961 4254 2175 4348 Qrdiue
2222 4253 2588 4348 episcopum_
2612 4253 2986 4348 Parmensem
3035 4259 3093 4310 et
3138 4255 3613 4313 Cardinalem.ac

187 4341 364 4422 num.
387 4341 497 4418 127
527 4362 588 4416 in
616 4360 752 4415 Vita
778 4341 882 4430 per
909 4358 973 4412 B.
1015 4356 1304 4411 Andream
1351 4350 1587 4423 scripta,
1621 4351 1720 4406 ubi
1753 4355 1850 4406 Ze-
1962 4343 2213 4414 denique
2243 4343 2397 4397 inter
2440 4345 2496 4396 S.
2547 4341 2890 4430 Gregorium
2940 4343 3043 4399 VII
3090 4345 3432 4401 Pontificem
3463 4350 3520 4402 et
3547 4345 3607 4402 S.

189 4455 412 4512 nobiug
442 4450 744 4525 presbyter
779 4429 1129 4519 ilampadem
1180 4442 1495 4499 accendere
1539 4439 1738 4496 volens
1769 4440 1854 4497 sic
1961 4432 2246 4525 Joannem
2277 4429 2884 4525 Gualbertum,-itaut
2914 4430 2972 4484 hi
3005 4447 3207 4487 omnes
3239 4449 3353 4488 non
3379 4439 3612 4489 tantum

187 4518 519 4600 exclamat:
555 4563 581 4590 ‹‹
615 4518 674 4595 ἑὶ
706 4555 840 4594 vera
861 4518 1020 4606 sunt,
1049 4550 1175 4605 quae
1208 4533 1279 4587 de
1307 4530 1596 4585 Walberto
1628 4529 1852 4584 Joanne
1884 4564 1926 4630 Ο
1964 4519 2476 4630 ρξόΐθῗείῗῐιὶεοαὶιί
2525 4518 2906 4630 sanctitatin
2929 4520 3030 4630 sed
3065 4520 3251 4618 .etiam
3307 4521 3614 4630 sanguinis

187 4633 455 4707 propriis
487 4628 671 4685 oculis
693 4627 808 4682 vidi
840 4630 897 4682 et
917 4621 1134 4690 audivi,
1157 4622 1215 4676 in
1238 4620 1426 4692 ipsius
1448 4620 1684 4673 nomine
1716 4635 1854 4690 praa-
1886 4606 1926 4630 υ
1965 4608 2195 4665 vinculo
2221 4607 2438 4663 fuerint
2487 4606 2804 4675 conjuncti,
2846 4611 2911 4661 ut
2965 4607 3153 4662 fusius
3203 4607 3527 4678 explicatur
3557 4609 3617 4663 in

187 4724 344 4796 cipio
383 4719 514 4787 tibi,
545 4722 610 4773 ut
640 4716 904 4773 celeriter
933 4727 1197 4778 accensa,
1249 4707 1601 4764 inexstincta
1630 4723 1859 4778 perma-

188 4829 360 4868 neas.
408 4832 436 4861 ))

192 4922 219 4950 ι(
254 4916 416 4956 anno
451 4897 524 4954 ab
557 4893 966 4951 Iucarnatione
1006 4888 1237 4945 Domini
1269 4884 1454 4942 nostri
1484 4889 1618 4942 Jesu
1649 4883 1859 4938 Chrisui

191 4986 529 5046 MCXXVII.
563 5003 589 5036 ι
647 4985 710 5038 In
761 4999 876 5054 quo
927 4983 1212 5036 statutum
1262 4981 1369 5046 est,
1405 4977 1469 5029 ut
1515 4972 1661 5028 nulli
1694 4972 1862 5028 liceat

197 5100 224 5130 ιι
256 5082 529 5141 cantare,
558 5073 670 5128 nisi
702 5072 856 5144 quod
888 5070 1134 5140 Majores
1166 5063 1348 5120 nostri
1371 5066 1639 5118 cantasse
1669 5061 1864 5116 sciun-

191 5170 312 5235 tur,
349 5163 581 5221 scilicet
609 5161 762 5235 quod
795 5160 856 5214 in
898 5153 1314 5228 Antiphonario
1364 5151 1587 5207 domini
1619 5149 1864 5206 Joannis

189 5251 508 5327 Gualperti
541 5249 852 5306 invenitur.
908 5270 936 5297 »
968 5247 1097 5301 Haec
1147 5242 1291 5299 satis
1329 5241 1400 5296 de
1449 5239 1647 5295 Sancti
1681 5237 1864 5327 nostri

190 5326 397 5418 patria
415 5346 475 5398 et
496 5339 733 5396 nomine
753 5356 768 5407 ',
795 5353 949 5393 nunc
967 5336 1037 5391 de
1055 5331 1340 5389 natalium
1363 5327 1673 5400 splendore
1694 5326 1866 5398 paulo

193 5435 404 5492 fusius
435 5430 730 5503 agendum
762 5432 868 5483 est.

266 5525 329 5579 2.
367 5521 528 5578 Satis
560 5521 793 5576 constat
832 5518 890 5572 S.
935 5514 1223 5570 Joannem
1275 5506 1655 5565 Gualbertum
1687 5504 1868 5559 nobili

197 5615 401 5687 stirpe
432 5607 804 5684 progenitum
835 5621 1002 5675 esse;
1035 5606 1093 5661 at
1121 5601 1182 5659 in
1232 5594 1567 5656 exornanda
1595 5592 1867 5650 determi-

491 4809 652 4863 Idem
708 4804 1089 4860 confirmatur
1146 4816 1214 4855 ex
1261 4797 1517 4870 capitulo
1572 4795 1858 4851 celebrato
1951 4849 1954 4852 .

1966 4698 2122 4754 Actis
2154 4696 2372 4752 nostris
2400 4699 2540 4750 tom.
2573 4695 2608 4747 6
2640 4693 2773 4748 Maii
2803 4693 2864 4748 in
2895 4694 3026 4749 Vita
3051 4695 3309 4767 Gregorii
3339 4695 3462 4751 VII.

2041 4788 2092 4839 3.
2126 4783 2418 4855 Quidquid
2452 4783 2529 4838 sit
2555 4783 2624 4837 de
2656 4787 2776 4836 tam
2817 4782 3060 4854 antiqua
3087 4787 3142 4837 S.
3174 4784 3412 4840 Joannis
3443 4785 3619 4841 Gual-

1969 4874 2116 4930 berti
2145 4873 2389 4946 origine,
2413 4887 2590 4942 quam
2631 4871 2814 4926 solide
2844 4872 3075 4943 probari
3099 4872 3525 4945 desideramus,
3550 4874 3621 4930 de

1971 4964 2149 5036 hujus
2171 4961 2394 5018 arboris
2416 4959 2797 5032 genealogicaa
2821 4960 3002 5015 ramis
3029 4959 3274 5016 aliorum
3298 4963 3622 5019 sententias

1971 5055 2312 5118 referemus,
2341 5054 2408 5106 ut
2435 5066 2636 5122 aequus
2669 5065 2865 5105 rerum
2909 5051 3229 5105 aestimator
3277 5051 3348 5106 de
3374 5055 3496 5106 tota
3528 5068 3622 5105 ar-

1972 5146 2110 5200 bore
2142 5141 2371 5198 facilius
2396 5139 2584 5212 possit
2605 5139 2890 5210 judicare.
2917 5138 3198 5193 Baronius
3220 5139 3276 5193 in
3302 5139 3622 5194 Annalibus

1974 5230 2394 5288 Ecclesiasticis
2421 5233 2564 5284 tom.
2597 5227 2673 5283 XI
2693 5228 2762 5283 ad
2795 5245 3014 5282 annum
3038 5227 3247 5282 Christi
3275 5228 3411 5281 1063
3443 5243 3625 5300 agens

1976 5323 2046 5377 de
2079 5322 2242 5376 Petro
2265 5320 2438 5391 lgneo
2466 5318 2608 5373 satis
2631 5320 2798 5372 caute
2820 5315 2978 5383 dicit,
3005 5317 3156 5386 quod
3192 5316 3367 5372 fuerit
3388 5339 3416 5366 «
3441 5316 3628 5372 nobili

1976 5416 2138 5468 ortus
2171 5425 2380 5482 genere
2411 5424 2478 5462 ex
2508 5411 2816 5462 stemmate
2847 5405 3219 5461 dominorum
3249 5404 3630 5462 Aldobrandi-

1979 5516 2211 5568 norum,
2247 5503 2310 5552 ut
2339 5498 2398 5552 iu
2431 5496 2557 5553 Vita
2585 5497 2713 5566 ejus
2745 5495 2899 5549 edita
2929 5511 3115 5566 nuper
3137 5497 3438 5552 asseritur.
3472 5518 3499 5544 ››
3521 5493 3632 5550 Sed

1977 5590 2100 5646 hac
2121 5588 2256 5645 Vita
2275 5609 2304 5638 «
2329 5601 2516 5659 nuper
2541 5582 2694 5640 edita
2719 5605 2747 5633 ι)
2774 5581 3045 5658 exiguam
3067 5589 3168 5644 aut
3199 5584 3423 5644 nullam
3456 5573 3632 5642 habet
