4030 6164
406 256 521 315 70⁸7

1459 244 1522 303 S.
1570 237 1896 303 JOANNIS
1942 237 2387 303 GUALBERTI
2431 238 2764 303 ABBATIS

3699 235 3811 297 708

410 386 837 451 auctoritatem,
896 380 1010 436 nisi
1056 378 1309 451 proferat
1361 380 1622 432 veterum
1682 375 2052 440 documenta,
2087 382 2139 447 Α
2171 372 2257 428 vel
2289 374 2501 430 melius
2532 374 2867 446 Soanensis,
2900 389 3026 446 quae
3057 375 3147 429 est
3193 371 3335 427 urbs
3361 370 3607 426 Etruriae
3638 386 3810 443 prope

409 477 626 549 quibus
658 474 798 529 adeo
829 468 1132 540 antiquam
1165 464 1530 522 nobilitatem
1586 465 1749 519 Petro
1780 462 2053 518 vindicet.

410 568 543 630 Quae
574 580 705 619 cum
729 559 1015 616 Baronius
1038 556 1473 629 praetermiserit
1502 553 1780 621 indicare,
1804 552 1942 607 talia
1965 552 2059 606 de-

412 656 592 709 fuisse
623 649 908 721 suspicor.
944 647 1004 703 Si
1050 647 1184 719 quis
1215 650 1411 701 tamen
1444 643 1631 700 solida
1662 642 1721 696 in
1752 641 1903 696 hanc
1935 657 2056 695 rem

409 744 803 797 instrumenta
833 736 1237 809 assignaverit,
1266 751 1333 790 ea
1362 734 1671 797 ambabus,
1694 734 1759 785 ut
1778 729 2055 801 aiunt,ul-

409 832 500 887 nis
532 829 972 903 amplectamur.

482 922 533 974 4.
565 917 821 973 Historia
850 913 1136 970 Ciacconii
1167 913 1237 967 de
1286 910 1665 966 Pontiﬁcibus
1696 907 1974 964 Romanis
2004 910 2062 962 et

408 1015 465 1066 S.
499 1009 567 1065 R.
590 1009 653 1063 E.
679 1004 1082 1062 Cardinalibus
1106 1003 1177 1058 ab
1200 1000 1444 1056 Oldoino
1470 1004 1668 1055 nostro
1692 998 1848 1053 edita
1869 1000 2063 1053 aucta-

412 1114 525 1169 que
556 1098 707 1152 hanc
738 1093 893 1149 Petri
924 1092 1048 1164 Igni
1089 1090 1449 1146 nobilitatem
1482 1092 1538 1143 et
1578 1104 1709 1142 cum
1743 1088 1801 1141 S.
1834 1087 2060 1141 Joanne

412 1186 723 1243 Gualberto
752 1181 1226 1255 conjunctionem
1278 1179 1363 1234 sic
1393 1195 1461 1233 ex
1511 1177 1755 1231 aliorum
1787 1174 2059 1245 opinione

415 1278 743 1348 refertﬁom.
762 1275 811 1343 1,
830 1271 940 1328 col.
964 1272 1089 1327 862.
1110 1292 1136 1321 «
1158 1269 1301 1324 Cum
1317 1268 1374 1322 in
1391 1265 1747 1323 sacraVallis
1762 1264 2058 1319 Umbrosae

412 1382 603 1421 eremo
635 1369 689 1417 S.
724 1360 1073 1417 Gualbertus
1104 1358 1235 1413 novi
1267 1355 1501 1411 Ordinis
1532 1354 1641 1409 sub
1674 1355 1731 1409 S.
1766 1350 2059 1407 Benedicti

412 1442 614 1527 regula
644 1452 1020 1507 fundamenta
1063 1447 1325 1517 jecisset,
1373 1442 1793 1500 miraculorum
1835 1442 1963 1513 ejus
1994 1456 2059 1494 ac
2132 1474 2141 1482 -

413 1542 742 1600 sanctitatis
774 1542 930 1594 fama
953 1554 1071 1593 non
1103 1553 1203 1609 per
1252 1535 1544 1590 Etruriam
1594 1532 1789 1597 modo,
1825 1530 1925 1586 sed
1959 1544 2061 1601 per

412 1637 665 1689 remotas
696 1628 1050 1698 dissitasque
1072 1625 1330 1681 locorum
1352 1622 1617 1694 regiones
1637 1621 1809 1691 longe
1830 1618 2060 1688 lateque

411 1721 816 1793 spargebatur.
851 1718 1039 1780 Quare
1077 1712 1248 1769 multi
1279 1712 1349 1818 a‘d
1400 1727 1537 1811 eum
1574 1707 1842 1818 quotidie
1874 1705 2056 1818 unde-
2091 1755 2136 1818 B

412 1825 646 1883 quaque
696 1805 1088 1869 confluebant,
1142 1806 1206 1856 ut
1236 1802 1346 1856 sub
1393 1799 1539 1854 tanti
1574 1797 1758 1853 Patris
1789 1794 2058 1851 instituto

412 1898 617 1954 mundi
642 1910 887 1968 pompas
909 1897 964 1947 et
982 1890 1177 1947 saeculi
1194 1888 1513 1945 blanditias
1532 1887 1925 1957 relinquentes
1944 1889 2056 1939 Deo

412 1986 615 2043 sedulo
646 1986 990 2053 sinceroque
1022 1981 1193 2036 corde
1224 1978 1600 2034 deservirent.
1634 1977 1717 2030 Ad
1746 1991 1921 2047 quem
1955 1978 2060 2028 Do-

413 2076 640 2131 minicae
667 2070 1086 2128 incarnationis
1127 2085 1278 2123 anno
1327 2066 1578 2133 MXVIII,
1629 2065 1807 2133 (hunc
1836 2078 2057 2119 annum

412 2169 618 2237 postea
646 2160 1135 2229 examinabimus)
1161 2179 1188 2207 »
1211 2158 1363 2211 inter
1385 2153 1809 2227 discipulorum
1837 2152 2058 2225 primos

412 2272 525 2308 non
542 2252 798 2325 segniter
814 2248 1066 2305 accurrit
1080 2244 1552 2302 adolescentulus
1571 2244 1811 2315 quidam
1830 2241 2059 2296 Floren-

409 2343 591 2412 tinus,
618 2342 822 2397 Petrus
841 2338 1098 2403 nomine,
1118 2336 1295 2403 clara,
1323 2339 1387 2390 ut
1406 2335 1660 2400 fuerunt,
1679 2328 2059 2387 Aldobrandi-

413 2448 621 2487 norum
654 2429 834 2500 stirpe
864 2426 1224 2499 progenitus,
1278 2424 1464 2496 ipsius
1516 2422 1701 2478 sancti
1736 2420 1888 2475 Patri
1920 2435 2059 2473 con-

404 2522 648 2592 junctus
680 2523 736 2573 et
764 2516 977 2572 affinis.
1015 2538 1042 2564 ››

480 2611 534 2665 5.
563 2607 781 2664 Deinde
803 2610 935 2677 post
954 2604 1229 2658 traditam
1253 2602 1394 2655 Vitae
1415 2600 1576 2655 illius
1595 2597 1895 2671 synopsim
1919 2597 2056 2652 sub-

412 2696 591 2753 nectit
645 2692 984 2767 sequentia:
1051 2714 1079 2741 «
1136 2691 1328 2745 Romae
1377 2689 1436 2743 in
1493 2687 1626 2742 aula
1668 2702 1950 2741 novarum
1982 2702 2056 2740 ae-

413 2788 576 2842 dium
596 2784 1013 2839 Vaticanarum
1036 2779 1432 2843 Clementinze,
1456 2793 1633 2848 quam
1660 2778 1885 2839 vocant,
1911 2773 2055 2828 aulas

411 2874 695 2947 proxima,
718 2873 777 2927 Β.
810 2871 1015 2926 Petrus
1046 2870 1258 2941 Ignens
1288 2872 1343 2923 et
1365 2872 1418 2922 S.
1456 2865 1785 2921 Bernardus
1809 2864 2055 2918 Ubertus

411 2964 470 3018 S.
508 2963 574 3017 R.
608 2966 666 3014 E.
699 2957 1052 3023 Cardinales,
1086 2956 1358 3012 brevibus
1389 2954 1594 3025 elogiis
1629 2953 1868 3020 additis,
1902 2950 2054 3006 colo-

409 3051 453 3104 ri
465 3052 573 3105 bus
588 3047 845 3120 expressi
859 3046 1301 3119 conspiciuntur
1316 3062 1328 3112 ;
1344 3059 1443 3099 eos
1455 3043 1719 3099 Clemens
1734 3041 1857 3097 VIII
1872 3042 1925 3112 pi
1937 3040 2055 3112 ngi.

2165 467 2364 533 Senas,
2398 463 2604 519 habuit
2635 468 2935 536 parentem
2968 462 3292 530 Bonicium,
3338 477 3452 516 non
3483 460 3717 515 fabrum
3746 458 3811 514 li-

2166 553 2461 624 gnarium,
2512 555 2663 625 quod
2713 553 3048 626 ignominiae
3101 568 3236 625 ergo
3289 550 3655 605 adversarios
3705 548 3810 621 ipsi

2167 642 2449 713 objecisse
2478 643 2721 709 scimus,
2755 644 2854 699 sed
2906 660 2975 698 ex
3005 641 3185 697 nobili
3234 643 3291 695 et
3321 640 3565 711 antiqua
3596 638 3810 695 familia

2169 730 2769 787 Aldobrandescorum
2812 732 3092 788 comitum
3139 730 3546 796 Soanensium,
3580 733 3643 784 ut
3673 729 3801 785 scri-

2166 820 2315 876 bunt
2347 820 2593 890 Platina,
2626 822 3007 889 Sansovinus,
3036 818 3347 875 Tomasius
3389 818 3795 874 Maccabrunus

2168 908 2384 981 aliique
2416 926 2483 964 ex
2513 911 2692 981 hujus
2724 911 2954 966 familiae
2987 909 3319 981 insignibus
3349 914 3402 964 et
3434 908 3694 979 sequenti
3722 909 3795 963 in-

2168 999 2482 1070 scriptione
2514 1016 2641 1071 quae
2673 1000 2730 1055 in
2775 999 3019 1056 ecclesia
3061 997 3502 1070 Metropolitana
3531 997 3792 1053 Senarum

2168 1087 2436 1145 habetur.
2468 1112 2495 1140 »

2381 1197 2471 1236 HIC
2508 1197 2643 1234 ANN.
2685 1196 2824 1233 MLIX
2861 1194 3181 1233 IL'I‘PRANDO
3227 1193 3386 1231 ILDE-

2380 1285 2707 1325 BRANDESCO
2745 1284 2977 1323 ARCHID.
3021 1283 3317 1334 CURANTE;
3361 1283 3458 1329 QUI

2382 1374 2731 1414 POSTMODUM
2772 1374 2937 1413 GREG.
2963 1374 3062 1427 VII,
3104 1372 3423 1412 OECUMENI-

2382 1464 2503 1502 CUM
2539 1464 2854 1504 CONCILIUM
2882 1464 3277 1515 CELEBRATUM,
3322 1463 3419 1501 UBI

2391 1538 2667 1592 ANTIPAPA
2705 1553 3013 1592 BENEDICTO
3050 1551 3365 1607 anaoca'ro,

2380 1642 2682 1681 GERARDUS
2720 1642 3013 1681 ALLOBROX
3046 1641 3352 1681 EPISCOPUS

2380 1712 2767 1769 FLoaaN'rmUi-i
2805 1730 3142 1769 ASSUMPTUS
3181 1729 3459 1771 NICOLAUS

2380 1819 2674 1859 SECUNDUS
2712 1819 3090 1859 APPELLATUS.

2236 1892 2289 1945 7.
2323 1892 2504 1963 Cujus
2552 1892 2739 1949 aetatis
2782 1892 2870 1948 vel
2920 1893 3175 1949 auctoris
3229 1892 3306 1948 sit
3354 1892 3478 1948 haec
3508 1891 3802 1965 inscriptio

2166 1980 2370 2052 ignoro
2397 1999 2409 2049 ;
2442 1998 2641 2037 verum
2664 1998 2780 2037 non
2813 1981 2956 2037 satis
2987 1986 3189 2037 exacta
3218 1981 3363 2036 mihi
3392 1980 3640 2037 videtur.
3663 1980 3801 2036 Nam

2166 2068 2316 2124 inter
2337 2069 2450 2125 alia
2473 2071 2733 2134 observo,
2768 2073 2893 2125 tum
2912 2070 3192 2143 temporis
3214 2074 3416 2126 contra
3431 2069 3798 2125 Benedictum

2168 2158 2505 2230 antipapam
2536 2176 2651 2214 non
2684 2158 2863 2215 fuisse
2894 2159 3063 2215 Senis
3086 2159 3442 2215 celebratum
3475 2158 3795 2228 concilium,

2168 2249 2351 2302 multo
2383 2248 2580 2304 minus
2602 2272 2629 2297 ‹‹
2653 2248 3101 2304 oecumenicum.
3127 2271 3152 2298 η
3190 2248 3420 2305 Invenio
3450 2248 3683 2320 quidem
3713 2249 3797 2303 Se-

2169 2338 2259 2392 nis
2291 2337 2625 2393 Pontiﬁcem
2657 2337 2903 2393 electum
2938 2355 3085 2393 esse.
3110 2337 3411 2393 Nicolaum
3446 2340 3516 2410 II,
3550 2338 3648 2393 sed
3682 2340 3799 2409 post

2166 2425 2504 2482 electionem
2538 2427 2704 2483 Senis
2729 2427 2966 2499 paciﬁcc
2987 2432 3305 2499 peractam,
3330 2426 3597 2481 habitum
3632 2427 3797 2481 fuisse

2167 2532 2319 2570 anno
2352 2515 2528 2570 MLIX
2559 2515 2869 2571 concilium
2918 2516 3117 2587 Sutrii,
3169 2516 3228 2571 in
3277 2533 3391 2588 quo
3436 2516 3797 2588 pseudOpapa

2167 2605 2534 2669 Benedictus,
2569 2609 2951 2677 cognomento
2980 2605 3252 2673 Mincius,
3293 2605 3590 2676 depositus
3621 2603 3794 2659 omni-

2167 2710 2280 2765 que
2311 2694 2652 2749 sacerdotali
2684 2694 2873 2749 officio
2924 2694 3183 2766 privatus
3222 2699 3331 2761 est,
3367 2694 3538 2750 sicuti
3566 2694 3794 2749 tradunt

2165 2782 2543 2838 conciliorum
2592 2781 2930 2838 collectores
2978 2786 3110 2854 post
3154 2782 3469 2838 Baronium
3517 2798 3585 2839 ex
3616 2782 3792 2837 codice

2164 2871 2466 2942 Vaticano,
2500 2871 2597 2942 qui
2629 2871 2971 2926 inscribitur
2994 2894 3021 2921 ‹‹
3057 2872 3229 2927 Liber
3258 2887 3563 2927 censuum.
3592 2893 3619 2921 »
3645 2872 3790 2926 Idem

2168 2961 2228 3015 in
2266 2960 2573 3016 Labbeana
2604 2959 2986 3015 conciliorum
3016 2958 3355 3016 collectione
3403 2966 3549 3015 tom.
3595 2961 3659 3015 IX
3690 2958 3789 3014 col.

2168 3051 2303 3104 1698
2318 3052 2573 3105 testantu
2584 3066 2611 3103 r
2624 3052 2818 3104 vetera
2833 3049 3229 3104 Romanorum
3248 3049 3595 3104 Pontificum
3619 3053 3787 3120 gesta,

398 3139 599 3208 jussit.
632 3139 863 3193 Petrum
894 3139 1148 3189 Joannes
1178 3133 1483 3189 Matthaeus
1531 3130 1899 3203 Cariophilus
1931 3131 2049 3186 Ico-
2081 3124 2123 3190 C
2163 3155 2289 3209 qua":
2328 3137 2559 3209 collegit
2604 3136 2876 3193 Nicolans
2926 3138 3311 3210 Aragonensis
3362 3138 3682 3193 Cardinalis
3710 3136 3791 3192 his

408 3227 619 3282 riensis
652 3224 1126 3296 archiepisc0pus
1158 3223 1578 3294 epigrammate
1617 3220 1945 3276 celebravit.

655 3333 709 3370 Β.
752 3330 930 3369 PETRO
972 3329 1140 3368 IGNEO
1181 3329 1343 3367 CARD.
1385 3327 1838 3366 ALDOBRANDINO.

407 3406 641 3461 Dixerat
670 3403 827 3458 Elias
853 3419 866 3458 :
899 3403 1005 3457 Hic
1036 3418 1155 3469 ara,
1192 3401 1285 3456 hic
1315 3400 1505 3456 hostia
1535 3399 1789 3470 duplex;

479 3494 683 3550 Vincat
712 3491 832 3546 utri
864 3492 1183 3546 absumens
1214 3488 1442 3544 coalitus
1474 3488 1627 3560 ignis
1657 3493 1768 3543 eat.

405 3588 618 3654 Igneus
649 3584 708 3636 at
739 3580 943 3635 Petrus
977 3580 1136 3635 litem
1169 3595 1283 3634 non
1312 3577 1590 3633 terminat
1620 3576 1756 3646 aris,

476 3671 587 3725 Sed
623 3669 857 3741 rapidos
888 3669 1054 3740 ignes
1087 3670 1348 3738 permeat
1386 3667 1694 3720 innocuus.

404 3758 572 3814 Zelus
604 3758 837 3829 utrique
869 3757 1100 3822 ardens,
1136 3754 1284 3809 Petri
1316 3757 1403 3809 est
1433 3753 1673 3808 victoria
1708 3753 1914 3822 major,

479 3847 716 3919 Ignibus
745 3846 863 3911 ille,
896 3844 1063 3915 ignes
1093 3842 1230 3897 vicit
1261 3848 1321 3897 at
1346 3843 1454 3897 iste
1485 3858 1640 3897 suos.
1673 3864 1693 3891 ιι

404 3935 805 3990 Ferdinandus
849 3932 1132 4005 Ughellus
1181 3932 1331 3986 hanc
1384 3930 1717 4001 opinionem
1774 3935 2053 4001 tanquam

405 4024 667 4078 fabulam
698 4023 945 4077 rotunde
970 4020 1244 4092 explodit,
1270 4020 1350 4074 ita
1371 4019 1632 4074 scribens
1664 4023 1802 4073 tom.
1828 4023 1851 4072 Ι
1878 4018 2055 4073 Italiae

406 4127 604 4177 sacrm,
640 4111 752 4166 col.
782 4110 906 4165 291.
936 4131 963 4159 «
989 4113 1271 4163 Caeterum
1306 4109 1590 4163 Baronius
1614 4109 1672 4163 in
1694 4112 1835 4162 tom.
1860 4107 1930 4163 XI
1951 4108 2055 4163 Ec-

405 4197 541 4253 cles.
565 4196 775 4253 Annal.
802 4198 1082 4269 deceptus
1112 4214 1145 4253 a
1167 4196 1421 4267 quodam
1450 4197 1726 4252 moderno
1751 4196 2053 4267 scriptore,

405 4286 506 4357 qui
529 4286 708 4357 hujus
730 4287 923 4341 Sancti
948 4286 1124 4341 vitam
1148 4285 1510 4357 temporibus
1537 4285 1721 4340 octavi
1745 4284 2057 4342 Clementis

406 4374 606 4430 emisit
633 4375 692 4429 in
747 4375 963 4444 lucem,
1012 4375 1312 4430 insinuare
1359 4375 1589 4430 videtur
1633 4375 1788 4429 hunc
1820 4379 2056 4430 Petrum

405 4464 709 4555 Igneume
740 4464 1401 4555 genteUAdolbrandina
1455 4463 1701 4555 traxisse
1731 4462 2014 4555 originem
2041 4481 2055 4531 ;
2089 4492 2135 4555 D

404 4552 604 4623 itaque
654 4552 985 4608 favorabilis
1043 4552 1240 4608 fabula
1298 4552 1518 4624 placuit
1575 4557 1640 4607 ut
1698 4555 1905 4606 Petrus
1936 4552 2061 4623 ipse

404 4641 731 4697 Cardinalis
749 4642 1245 4708 Adolbrandinus,
1262 4641 1516 4713 alioquin
1542 4642 1812 4712 princeps
1835 4641 2061 4711 sapien-

403 4729 694 4799 tissimus,
718 4730 1274 4786 Vallumbrosanum
1299 4730 1533 4785 Petrum
1556 4728 1614 4783 in
1638 4745 1785 4783 nova
1802 4728 2061 4784 Clemen-

409 4819 536 4873 tina
566 4819 700 4874 aula
732 4836 864 4874 cum
898 4819 1340 4875 Adolbrandinae
1361 4819 1551 4891 gentis
1573 4817 1927 4889 insignibus,
1956 4818 2066 4873 ele-

409 4907 689 4978 gantique
706 4908 1130 4979 epigrammate
1149 4926 1182 4964 a
1196 4909 1419 4963 Joanne
1441 4908 1711 4962 Matthaao
1734 4906 2062 4977 Cariophilo

406 4994 844 5067 archiepiscopo
878 4996 1162 5053 Iconiensi
1197 4998 1460 5053 confecto
1491 4996 1927 5067 depingendum
1961 5012 2060 5050 cu-

406 5085 639 5139 raverit.
672 5104 700 5137 ιι

474 5174 529 5227 6.
566 5173 731 5229 Nunc
754 5176 1066 5231 audiamus
1115 5176 1407 5247 quomodo
1457 5174 1526 5228 de
1576 5173 1755 5228 altero
1796 5174 2059 5243 ejusdem

405 5262 629 5334 stipitis
662 5264 919 5331 surculo,
945 5267 1014 5321 de
1044 5265 1368 5329 nobilitate,
1390 5264 1655 5333 inquam,
1680 5263 1937 5334 Gregorii
1962 5262 2060 5318 VII

405 5354 672 5405 auctores
702 5350 1074 5407 dissentiant.
1107 5352 1390 5407 Oldoinus
1425 5355 1622 5405 noster
1655 5350 1713 5403 in
1746 5350 2058 5406 additioni-

404 5438 517 5491 bus
548 5438 619 5491 ad
652 5438 958 5496 historiam
982 5440 1268 5497 Ciacconii
1294 5447 1436 5495 tom.
1475 5440 1497 5491 1
1526 5438 1634 5492 col.
1666 5440 1790 5509 855,
1814 5440 1893 5494 ita
1924 5441 2060 5496 scri-

404 5524 511 5583 bit.
541 5547 563 5574 α
588 5525 972 5600 Hiltprandus
994 5532 1229 5587 natione
1252 5531 1552 5598 Etruscus,
1578 5527 1769 5599 patria
1785 5531 2060 5593 Senensis

2162 3227 2354 3283 verbis
2379 3245 2391 3282 :
2430 3248 2451 3275 ι
2485 3226 2782 3281 Celebrata
2811 3226 3009 3298 itaque
3038 3226 3096 3281 in
3127 3243 3267 3298 pace
3301 3226 3579 3283 electione
3608 3227 3693 3298 (ut
3720 3226 3792 3281 di-

2163 3320 2324 3371 ctum
2357 3316 2466 3386 est)
2498 3315 2685 3386 Senis,
2719 3314 2911 3370 dictus
2940 3314 3215 3370 Nicolans
3246 3315 3509 3371 Pontifex
3539 3332 3667 3370 cum
3697 3316 3792 3370 Ar-

2165 3405 2508 3460 chidiacono
2541 3409 2597 3459 et
2626 3402 3023 3460 cardinalibus
3066 3404 3324 3460 officium
3356 3404 3584 3472 habuit,
3616 3408 3679 3460 ut
3705 3419 3796 3476 pro

2165 3508 2343 3547 causa
2366 3493 2491 3561 jam
2522 3490 2660 3545 dicti
2703 3490 3049 3546 Velitrensis
3098 3491 3330 3561 intrusi,
3366 3494 3522 3564 apud
3553 3491 3796 3548 Sutrium

2165 3580 2455 3651 synodum
2481 3578 2820 3646 celebraret,
2845 3579 2917 3633 ad
2943 3596 3119 3651 quam
3152 3597 3266 3635 non
3291 3579 3480 3635 solum
3511 3581 3796 3652 episcopos

2166 3668 2393 3723 Tusciae
2412 3671 2468 3722 et
2502 3667 2880 3735 Lombardizn,
2915 3668 3015 3723 sed
3046 3672 3102 3723 et
3131 3684 3414 3740 magnum
3439 3669 3794 3725 Godefridum

2165 3760 2219 3811 et
2242 3756 2587 3810 Guibertum
2610 3754 3021 3810 cancellarium
3045 3773 3358 3812 convocare
3377 3757 3626 3813 deberet.
3648 3754 3790 3821 Quod
3842 3766 3845 3771 '

2166 3844 2386 3915 absque
2415 3842 2692 3898 dilatione
2722 3844 2940 3899 factum
2971 3850 3078 3899 est.
3110 3846 3425 3901 Praedictus
3454 3852 3645 3903 autem
3666 3844 3793 3901 Min-

2166 3933 2312 3999 cius,
2337 3933 2438 3986 ubi
2458 3931 2759 3987 Nicolaum
2784 3933 2998 4004 Papam
3026 3950 3158 3988 cum
3183 3935 3469 4006 personis,
3507 3953 3629 4008 quae
3651 3931 3787 4006 apud

2166 4021 2430 4077 Sutrium
2464 4026 2870 4090 convenerant,
2906 4022 2963 4076 in
2996 4023 3216 4094 synodo
3250 4024 3506 4080 residere
3526 4022 3787 4097 cognovit,

2167 4111 2386 4177 sedem,
2447 4126 2623 4181 quam
2663 4109 2973 4179 invaserat,
3007 4112 3367 4168 conscientia
3422 4113 3787 4173 remordente,

2168 4198 2422 4271 reliquit,
2446 4202 2503 4253 et
2528 4198 2588 4253 in
2612 4199 2852 4254 domum
2876 4199 3171 4272 propriam
3200 4203 3496 4259 remeavit.
3531 4226 3558 4254 »
3589 4199 3791 4258 Sentiat

2166 4287 2344 4343 lector
2374 4288 2443 4342 de
2472 4287 2580 4343 hac
2609 4288 2848 4343 Senensi
2901 4288 3279 4360 inscriptione
3324 4293 3479 4363 quod
3510 4287 3788 4363 placuerit.

2166 4378 2284 4449 Ego
2314 4376 2600 4432 hactenus
2631 4375 3001 4432 solummodo
3032 4379 3349 4434 octodecim
3385 4382 3634 4452 synodos
3653 4392 3789 4433 oecu-

2167 4466 2426 4522 menicas
2457 4481 2731 4537 agnosco,
2756 4470 2809 4520 et
2830 4482 2899 4521 ex
2929 4465 3000 4521 iis
3033 4466 3258 4523 nullam
3278 4469 3443 4524 Senis
3466 4469 3788 4525 celebratam

2170 4572 2323 4611 nov1.

2239 4645 2292 4698 8.
2326 4645 2394 4697 At
2440 4659 2513 4697 ne
2559 4643 2652 4697 hic
2684 4647 2846 4697 extra
2893 4642 3016 4699 olas
3068 4644 3349 4715 saltemus
3400 4648 3472 4702 ad
3519 4645 3788 4720 praefatam

2171 4732 2429 4805 Gregorii
2446 4731 2543 4786 VII
2562 4731 2926 4787 nobilitatem
2940 4738 3316 4790 revertamur.
3337 4735 3550 4790 Praeter
3561 4732 3786 4797 Binium,

2173 4820 2536 4885 Ricciolium,
2580 4821 2873 4876 Labbeum
2908 4820 3190 4894 aliosque,
3225 4824 3323 4895 qui
3354 4823 3513 4881 hunc
3544 4827 3691 4897 patre
3716 4818 3788 4873 fa-

2170 4911 2273 4966 bro
2306 4914 2508 4964 natum
2540 4909 2919 4977 arbitrantur,
2954 4912 3236 4967 Baronius
3264 4912 3534 4984 egregius
3556 4912 3790 4968 Romano

2171 5016 2301 5054 rum
2332 4998 2681 5054 Pontificum
2712 4998 2922 5052 vindex
2950 5001 3093 5055 tom.
3123 4999 3195 5053 XI
3248 5001 3319 5055 ad
3353 5018 3573 5056 annum
3604 4991 3795 5054 Christi

2169 5088 2310 5142 4073
2327 5087 2406 5141 ita
2431 5087 2489 5142 S.
2512 5086 2890 5157 GregoriiVIl
2912 5087 3088 5143 vitam
3106 5089 3433 5145 describere
3450 5090 3668 5162 incipit.
3685 5110 3707 5136 α
3733 5088 3799 5138 De

2170 5178 2296 5248 ipso
2328 5174 2562 5243 dicturi,
2616 5174 2969 5246 incipiamus
3018 5177 3090 5232 ab
3138 5172 3265 5248 ejus
3316 5178 3612 5234 natalibus
3642 5181 3803 5246 atque

2168 5282 2398 5339 genere,
2432 5280 2606 5335 quem
2639 5262 2737 5317 alii
2767 5267 3139 5322 Soanensem.
3165 5267 3482 5323 Senensem
3513 5266 3612 5323 alii
3642 5264 3805 5320 fuisse

2168 5356 2430 5410 tradunt.
2464 5351 2837 5408 Constantior
2856 5365 2945 5408 est
2966 5355 3254 5411 sententia
3274 5356 3455 5413 fuisse
3479 5354 3668 5429 patria
3688 5354 3811 5409 Soa-

2169 5460 2431 5501 nensem.
2447 5460 2477 5498 e
2489 5440 2707 5497 Tusciae
2722 5441 3181 5511 civitate,natum
3196 5445 3405 5501 humili
3417 5446 3564 5515 loco,
3580 5445 3808 5518 parents

2168 5532 2528 5606 fabro,quod
2556 5530 2888 5603 ignominiaa
2920 5534 3097 5593 causa
3118 5536 3480 5593 adversarios
3512 5534 3625 5609 ipsi
3657 5531 3805 5615 obje-
