4030 6164
218 273 351 334 709

1833 282 2032 343 ACTA
2049 327 2062 341 .

3530 302 3651 362 710

205 405 389 484 .scsie
422 405 771 478 reperimus,
790 424 924 498 cum
951 407 1060 464 hac
1082 426 1148 465 ex
1171 415 1330 482 parte
1353 411 1544 484 magis
1563 412 1896 469 laudandus
1922 414 1978 482 Α
2008 413 2039 486 §
2069 414 2135 469 Il.
2169 416 2471 498 Clementia
2490 420 2706 498 Sancti
2725 439 2874 498 erga
2919 425 3139 498 hostem,
3164 427 3486 498 prodigiosa
3517 431 3652 487 Cru-

219 498 392 550 esset
424 497 584 567 quod
635 495 995 552 evidentiora
1035 499 1092 553 in
1133 515 1197 555 eo
1246 515 1315 554 ex
1361 499 1452 555 his
1501 500 1897 558 elucescerent

219 582 410 654 signa
440 584 562 639 veri
594 584 986 655 apostolatus;
1020 586 1312 658 siquidem
1342 590 1657 661 Apostolus
1689 591 1845 647 dicat
1880 609 1893 645 :

216 670 447 728 Videte
469 673 836 729 vocationem
857 680 1135 747 vestram,
1157 677 1388 749 fratres,
1408 679 1547 750 quia
1577 697 1692 736 non
1724 680 1896 735 multi

217 761 538 833 sapientes
581 764 906 819 secundum
957 781 1210 835 carnem,
1245 783 1359 821 non
1393 767 1562 822 multi
1608 773 1893 839 potentes,

217 865 342 904 non
383 850 563 905 multi
593 850 837 923 nobiles,
862 853 964 907 sed
988 870 1114 925 qua:
1139 855 1318 909 stulta
1339 860 1478 910 sunt
1500 856 1703 910 mundi
1725 855 1899 929 elegit

217 939 503 1007 Deus,ut
523 941 845 996 confundat
873 943 1188 1014 sapientes,
1216 954 1272 999 et
1292 945 1528 1000 inﬁrma
1553 945 1758 1000 mundi
1791 944 1898 1000 ele-

215 1027 309 1100 git
346 1034 534 1100 Deus,
558 1036 623 1086 ut
645 1031 966 1085 confundat
988 1032 1179 1099 fortia,
1203 1038 1259 1087 et
1290 1032 1572 1104 ignobilia
1593 1033 1822 1100 mundi,
1843 1037 1900 1088 et

219 1117 710 1190 contemptibilia
740 1119 914 1192 elegit
945 1121 1120 1188 Deus,
1154 1126 1210 1177 et
1239 1138 1307 1177 ea
1337 1139 1462 1193 quae
1497 1139 1612 1178 non
1642 1128 1801 1192 sunt,
1835 1126 1900 1177 ut

219 1222 290 1261 ea
323 1223 466 1278 qua:
499 1212 639 1263 sunt
659 1208 1005 1277 destrueret,
1031 1215 1097 1265 ut
1127 1228 1244 1266 non
1274 1211 1558 1283 glorietur
1587 1213 1781 1268 omnis
1812 1229 1901 1268 ca-

220 1312 283 1348 ro
320 1296 384 1350 in
423 1301 744 1369 conspectu
778 1297 1069 1367 ejus.Haec
1089 1298 1404 1371 Apostolus
1431 1318 1443 1355 :
1469 1317 1602 1356 cum
1635 1301 1897 1373 alioquin

220 1385 493 1455 superbe
525 1384 704 1441 nimis
737 1391 973 1458 respuat
1021 1387 1317 1444 humanus
1350 1390 1538 1445 fastus
1587 1391 1800 1446 natalis
1834 1390 1900 1444 ti-

219 1471 431 1528 tulum
489 1473 681 1547 illum,
727 1492 841 1548 quo
901 1481 1051 1532 Deus
1101 1477 1313 1533 Filium
1367 1495 1542 1534 suum
1600 1479 1897 1536 hominem

221 1563 460 1618 factum
510 1563 698 1619 voluit
751 1563 1045 1637 insigniri,
1069 1570 1134 1620 ut
1184 1567 1332 1622 fabri
1381 1567 1538 1624 ﬁlius
1587 1568 1895 1624 diceretur.

221 1652 482 1707 Addunt
510 1668 646 1708 vero
680 1653 794 1708 ista
825 1654 895 1709 de
921 1654 1068 1709 fabri
1102 1653 1255 1724 ﬁlio;
1289 1656 1443 1727 quod
1476 1673 1610 1712 cum
1642 1673 1790 1728 puer
1813 1655 1898 1712 lu-

225 1740 398 1796 deret
431 1741 506 1796 ad
542 1741 718 1812 pedes
746 1743 930 1813 patris
962 1741 1124 1815 ligna
1153 1743 1427 1814 dolantis,
1459 1761 1526 1800 ex
1561 1746 1898 1817 rejectaneis

226 1830 594 1900 segmentis,
617 1847 750 1885 cum
776 1831 1026 1887 nesciret
1054 1830 1302 1904 litteras,
1321 1849 1460 1889 casu
1483 1833 1772 1890 elementa
1798 1834 1903 1891 illa

227 1918 536 1988 formarit,
568 1934 637 1974 ex
669 1920 887 1990 quibus
919 1919 1098 1976 simul
1130 1922 1459 1992 conjunctis
1491 1922 1636 1977 illud
1668 1924 1900 1978 Davidi-

231 2023 370 2062 cum
405 2007 836 2080 exprimeretur
865 2009 1168 2064 oraculum
1202 2027 1215 2064 :
1247 2010 1658 2067 Dominabitur
1687 2029 1720 2067 a
1752 2012 1900 2067 mari

235 2113 429 2168 usque
463 2097 536 2152 ad
584 2113 776 2165 mare;
810 2115 926 2171 quo
977 2098 1427 2170 significaretur,
1461 2117 1703 2157 manum
1735 2101 1900 2173 pueri

233 2186 521 2242 ductante
553 2186 818 2257 numine,
843 2189 971 2259 ejus
995 2189 1114 2244 fore
1145 2189 1574 2261 amplissimam
1597 2190 1655 2245 in
1680 2191 1899 2246 mundo

237 2275 681 2332 auctoritatem.
708 2297 736 2327 »

309 2366 366 2418 9.
400 2364 536 2420 Scio
570 2364 722 2420 hanc
755 2366 987 2422 Baronii
1038 2367 1390 2424 sententiam
1444 2385 1558 2424 non
1607 2385 1734 2425 esse
1778 2373 1899 2425 tam

240 2458 488 2521 certam,
522 2454 667 2527 quin
697 2455 858 2510 varia
902 2455 987 2510 illi
1032 2457 1248 2529 opponi
1294 2458 1545 2529 possint,
1577 2459 1899 2529 praesertim

245 2560 377 2598 cum
410 2543 709 2598 neminem
741 2561 844 2616 pro
868 2561 934 2599 ea
956 2545 1114 2600 citet.
1135 2545 1357 2601 Saltem
1380 2547 1535 2602 circa
1564 2547 1743 2618 hujus
1766 2565 1899 2604 san-

245 2633 319 2686 cti
350 2632 652 2688 Pontiﬁcis
699 2633 950 2704 patriam
997 2633 1295 2707 plerisque
1343 2636 1687 2692 adversatur
1735 2642 1900 2709 Hugo

247 2720 705 2777 Flaviniacensis
736 2722 796 2776 in
826 2721 1111 2778 Chronico
1136 2723 1516 2795 Virdunensi,
1540 2725 1694 2795 quod
1725 2724 1898 2779 edidi.

270 2809 532 2866 Labbeus
551 2815 750 2867 noster
765 2813 944 2867 tom.I
964 2812 1134 2867 Novae
1146 2812 1514 2870 Bibliotheca:
1534 2799 1900 2886 manuscript

254 2899 565 2967 librorum,
612 2900 712 2956 ubi
760 2900 858 2956 fol.
892 2902 1019 2967 206,
1068 2901 1346 2973 antiquus
1391 2902 1488 2957 ille
1535 2903 1785 2976 scriptor
1832 2905 1903 2958 de

254 2988 530 3062 Gregorio
559 2993 665 3045 VII
695 2988 817 3045 haec
849 2990 1086 3046 disertis
1124 2990 1316 3046 verbis
1348 2991 1603 3046 afﬁrmat
1633 3010 1686 3048 τα
1717 2993 1903 3050 Natus

253 3082 340 3132 est
367 3077 550 3149 igitur
585 3078 644 3134 in
674 3079 818 3134 urbe
846 3083 1050 3146 Roma,
1076 3079 1419 3151 parentibus
1440 3080 1666 3137 civibus
1689 3081 1902 3137 Roma-

255 3167 343 3220 nis
362 3171 445 3233 et,
480 3168 634 3238 quod
659 3168 980 3223 maximum
1004 3172 1114 3237 est,
1139 3168 1448 3241 religiosis,
1481 3169 1907 3226 adscribendus
1935 3154 1978 3220 C

261 3255 400 3310 civis
430 3256 608 3312 curiae
639 3256 912 3313 caelestis.
939 3280 967 3307 »
1000 3257 1081 3313 Ex
1111 3257 1218 3312 hac
1261 3258 1604 3330 opinionum
1637 3257 1912 3313 varietate

263 3349 503 3415 apparet
549 3345 817 3401 arborem
867 3345 1029 3402 illam
1081 3346 1514 3419 genealogicam
1548 3363 1581 3401 a
1616 3347 1682 3401 Η.
1716 3346 1782 3402 D.
1814 3345 1908 3400 Ti-

257 3431 414 3488 berio
445 3435 742 3490 Petraccio
773 3434 1091 3505 inventam,
1122 3451 1240 3490 non
1273 3433 1511 3490 omnino
1544 3434 1732 3490 ﬁrmis
1760 3435 1912 3490 radi-

246 3523 421 3578 cibus
451 3522 582 3579 niti.
611 3524 681 3578 Et
709 3541 851 3580 sane
879 3541 1092 3580 novum
1124 3541 1240 3579 non
1273 3529 1449 3592 esset,
1482 3523 1774 3579 indebitos
1807 3541 1908 3578 no-

233 3612 498 3667 bilitatis
539 3612 742 3668 titulos
789 3613 1022 3668 Sanctis
1069 3613 1293 3684 aiﬁngi,
1326 3629 1459 3668 cum
1506 3612 1563 3668 in
1618 3611 1908 3668 Breviario

231 3701 511 3757 Romano
542 3703 871 3773 Antverpice
903 3719 1056 3757 anno
1089 3701 1481 3773 MDCXXXVI,
1508 3702 1664 3774 apud
1696 3701 1910 3756 Planti-

235 3790 440 3856 tinum
491 3789 780 3863 impresso
811 3791 882 3846 de
913 3791 972 3846 S.
1007 3791 1318 3847 Catharina
1349 3791 1596 3846 Senensi
1645 3790 1904 3863 legeren-

236 3883 334 3933 tur
381 3879 692 3951 sequentia
723 3898 735 3935 :
765 3903 793 3929 ‹‹
822 3880 1138 3935 Catharina
1178 3880 1340 3952 virgo
1375 3880 1672 3946 Senensis,
1707 3897 1775 3935 ex
1803 3880 1907 3935 Be-

247 3968 515 4024 nincasia
545 3985 663 4024 una
693 3985 829 4024 cum
860 3969 1187 4044 Burghesia
1217 3968 1442 4024 familia
1472 3985 1539 4024 ex
1569 3970 1774 4024 eodem
1803 3969 1908 4024 sti-

254 4057 367 4127 pite
399 4058 798 4128 proveniente,
830 4058 944 4129 piis
975 4062 1103 4113 orta
1133 4057 1504 4130 parentibus,
1533 4058 1686 4114 beati
1721 4058 1910 4113 Domi-

260 4146 367 4200 nici
400 4145 691 4214 habitum,
717 4163 893 4218 quem
925 4163 1153 4202 sorores
1179 4147 1251 4202 de
1277 4147 1624 4203 Pmnitentia
1654 4150 1904 4219 gestant,

265 4233 638 4306 impetravit.»
662 4237 794 4292 Jam
827 4240 1048 4306 autem,
1080 4237 1319 4292 omissis
1349 4237 1666 4309 prudenter
1695 4237 1906 4292 harum

269 4322 612 4380 familiarum
643 4325 853 4396 titulis,
888 4327 969 4382 ita
1008 4324 1262 4397 legimus
1295 4343 1306 4380 :
1336 4349 1362 4376 ‹‹
1396 4325 1710 4381 Catharina
1746 4326 1906 4397 virgo

271 4411 530 4470 Senensis
561 4414 674 4487 piis
707 4419 834 4470 orta
864 4415 1210 4487 parentibus
1241 4414 1394 4471 beati
1423 4413 1713 4469 Dominici
1744 4412 1908 4469 habi-

273 4503 403 4570 tum,
436 4520 612 4575 quem
663 4520 896 4560 sorores
925 4505 996 4560 de
1042 4502 1386 4559 Pcenitentia
1435 4506 1690 4574 gestant,
1724 4502 1906 4574 impe-
1938 4522 1986 4587 D

275 4592 444 4647 travit.
473 4615 501 4641 »

336 4681 414 4734 10.
447 4681 639 4737 Nolim
673 4687 869 4737 tamen
918 4685 983 4736 ut
1032 4681 1166 4752 quis
1199 4697 1268 4735 ex
1305 4679 1399 4734 his
1446 4678 1693 4750 aliisque
1744 4683 1914 4735 antea

282 4766 428 4826 dictis
457 4769 775 4838 existimet,
823 4787 916 4825 me
966 4768 1110 4825 velle
1141 4767 1320 4824 nobili
1373 4769 1431 4824 S.
1463 4768 1708 4824 Joannis
1739 4768 1911 4824 Gual-

284 4852 404 4912 berti
439 4859 809 4930 aliorumque
835 4857 1186 4932 genealogim
1221 4873 1574 4930 repugnare;
1612 4875 1747 4912 nam
1779 4874 1914 4912 curn

285 4940 328 4997 in
354 4948 610 5021 antiquis
644 4947 1047 5003 monumentis
1080 4945 1225 5001 nihil
1259 4947 1399 5002 certi
1430 4947 1501 5001 ad
1524 4945 1916 5002 dirimendam

285 5029 413 5091 hanc
440 5037 899 5093 controversiam
927 5035 1275 5104 invenerim,
1299 5035 1639 5107 praedictum
1668 5039 1918 5091 stemma

288 5136 370 5180 nec
425 5126 672 5182 admitto
730 5143 834 5181 nec
891 5125 1112 5197 rejicio.
1163 5126 1385 5196 Itaque,
1434 5141 1569 5181 cum
1622 5141 1808 5197 genus
1864 5128 1920 5180 et

281 5217 486 5285 proavi,
517 5221 574 5271 et
621 5233 750 5288 quae
806 5231 922 5271 non
973 5213 1218 5270 fecimus
1259 5215 1393 5285 ipsi,
1425 5218 1519 5270 vix
1575 5218 1777 5270 nostra
1807 5213 1919 5269 dici

277 5304 510 5373 possint,
527 5304 838 5377 plurisque
866 5303 1130 5360 facienda
1154 5303 1274 5358 sint
1293 5302 1548 5371 virtutis,
1573 5319 1749 5373 quam
1781 5318 1922 5356 san--

281 5391 463 5462 guinis
479 5394 714 5462 decora,
729 5393 1193 5458 transeamusad
1217 5391 1511 5447 heroicam
1529 5389 1920 5458 clementiam,

283 5495 386 5550 qua
414 5483 470 5538 S.
493 5484 749 5539 Joannes
792 5481 1142 5539 Gualbertus
1173 5481 1334 5536 dedit
1364 5479 1641 5536 sanctiori
1672 5480 1800 5534 vitae
1826 5495 1922 5534 ex-

286 5571 524 5647 ordium,
549 5577 606 5630 et
637 5572 760 5630 orbi
791 5571 1119 5652 Christiano
1150 5568 1499 5650 imitationis
1529 5568 1884 5649 exemplum.

2288 489 2449 557 cz'ﬁacz'
2477 492 2784 564 inclinatio,
2807 489 2866 550 ἐἰ
2894 498 3010 566 ejus
3053 489 3362 570 descriptio:

2079 595 2164 648 11.
2189 597 2442 650 Narrant
2456 600 2583 652 acta
2605 603 2736 669 post
2752 600 2907 656 hunc
2926 605 3409 662 commentarium
3435 609 3649 682 danda,

2010 703 2037 732 «
2069 684 2383 754 quemdam
2416 687 2812 758 propinquum
2839 714 2860 741 ιι
2897 691 2950 744 S.
2975 692 3218 748 Joannis
3247 695 3546 753 Gualberti
3579 700 3651 754 ab

2007 770 2187 827 altero
2207 771 2388 828 fuisse
2405 774 2661 828 occisum
2674 777 2834 832 .Cum
2851 795 2986 834 vero
3006 781 3254 837 Sanctus
3278 788 3650 855 postmodum

2004 861 2063 914 in
2096 865 2256 915 arcta
2288 863 2380 916 via
2410 862 2640 918 obvium
2681 866 2923 921 haberet
2953 867 3330 940 homicidam,
3356 891 3528 944 quem
3561 894 3653 932 ar-

2009 949 2248 1021 migeris
2269 951 2519 1023 stipatus
2542 952 2708 1008 facile
2732 952 3063 1011 interimere
3084 961 3393 1028 potuisset,
3410 963 3655 1019 clemen-

2010 1039 2173 1093 terei
2206 1039 2278 1093 ob
2308 1040 2517 1094 Christi
2569 1042 2830 1098 cruciﬁxi
2883 1061 3141 1101 amorem
3192 1051 3468 1119 pepercit.
3520 1053 3656 1108 Post

2005 1127 2163 1182 hunc
2201 1144 2548 1198 generosum
2594 1131 2827 1186 virtutis
2879 1137 3072 1188 actum
3105 1136 3160 1189 S.
3198 1135 3457 1193 Miniatis
3505 1143 3651 1195 tem-

2007 1215 2169 1288 plum
2201 1221 2474 1272 oraturus
2504 1217 2850 1291 ingreditur,
2875 1221 2932 1276 in
2957 1239 3093 1295 quo,
3119 1224 3259 1279 dum
3281 1224 3548 1282 Cruciﬁxi
3581 1228 3656 1283 ef-

2009 1304 2202 1375 ﬁgiem
2228 1305 2340 1360 sibi
2373 1311 2547 1378 caput
2575 1306 2857 1364 inclinare
2877 1310 3051 1382 videt,
3077 1314 3387 1370 sanctioris
3409 1315 3533 1371 vita:
3556 1318 3654 1372 de-

2007 1393 2290 1448 siderium
2324 1395 2596 1467 concipit,
2620 1401 2793 1467 atque
2844 1399 3042 1465 etiam,
3077 1401 3260 1457 inscio
3307 1411 3562 1472 parente,
3594 1407 3654 1461 in

2007 1483 2210 1537 eodem
2231 1485 2288 1539 S.
2307 1484 2560 1540 Miniatis
2581 1488 2933 1543 monasterio
2953 1488 3290 1560 religiosum
3311 1491 3654 1551 institutum

2007 1571 2401 1643 amplectitur.
2427 1572 2592 1629 Nunc
2623 1575 2888 1645 quaedam
2919 1579 2990 1632 ad
3033 1577 3184 1633 hanc
3213 1579 3519 1636 historiam
3551 1583 3654 1638 ob-

2008 1662 2292 1716 servanda
2322 1667 2655 1717 occurrunt.
2690 1664 3047 1721 Breviarium
3081 1667 3409 1724 Romanum
3455 1675 3510 1725 et
3553 1689 3654 1742 po-

2007 1749 2318 1804 steriorum
2367 1751 2715 1806 saeculorum
2761 1755 3077 1825 scriptores
3111 1761 3384 1812 asserunt
3415 1759 3654 1816 unicum

2010 1838 2068 1893 S.
2101 1837 2345 1892 Joannis
2391 1839 2652 1906 fratrem,
2685 1841 2921 1896 nomine
2972 1842 3253 1914 Ugonem,
3286 1845 3656 1904 interfectum

2009 1926 2212 1998 fuisse,
2246 1943 2310 1982 ac
2341 1927 2630 1983 Joannem
2664 1928 3045 1985 Gualbertum
3083 1937 3283 1988 sancto
3315 1934 3657 1992 Parasceves

2011 2016 2102 2071 die
2136 2017 2486 2072 interfectori
2520 2018 2647 2088 ejus
2678 2018 2999 2089 ignovisse;
3032 2037 3156 2091 quas
3188 2026 3438 2094 utraque
3467 2041 3659 2081 asser-

2008 2106 2090 2160 tio
2121 2105 2315 2161 forsan
2358 2107 2533 2162 veteri
2565 2106 2872 2162 traditione
2914 2110 3121 2164 nititur
3153 2129 3164 2166 :
3202 2129 3337 2168 nam
3369 2114 3656 2186 antiquis-

2010 2194 2145 2249 simi
2176 2194 2318 2249 Vitae
2373 2195 2682 2266 scriptores
2741 2213 2845 2252 nec
2894 2202 3117 2253 certum
3167 2217 3442 2258 occursus
3501 2205 3656 2260 diem

2010 2299 2117 2338 nec
2147 2282 2330 2338 ullum
2365 2284 2892 2356 consanguinitatis
2923 2287 3171 2359 gradum
3201 2291 3553 2362 exprimunt.
3582 2297 3658 2347 At

2009 2373 2167 2427 Actis
2197 2372 2472 2427 omnibus
2504 2377 2699 2444 aperte
2731 2375 3159 2447 contradicunt,
3192 2379 3289 2449 qui
3322 2381 3380 2434 S.
3413 2381 3656 2438 Joannis

2011 2460 2309 2516 Gualberti
2344 2472 2567 2532 patrem
2600 2463 2671 2516 ab
2705 2463 2811 2518 hoc
2843 2464 3080 2521 inimico
3110 2466 3528 2540 interemptum
3563 2489 3655 2528 vo-

2009 2551 2160 2620 lunt,
2194 2551 2346 2605 inter
2377 2568 2524 2622 quos
2570 2555 2659 2606 est
2705 2553 3030 2609 Ludovicus
3059 2555 3376 2612 Zacconius
3407 2558 3467 2612 in
3499 2576 3656 2614 com-

2011 2639 2221 2711 pendio
2242 2639 2510 2694 Vitarum
2543 2640 2806 2696 omnium
2838 2642 3206 2715 Sanctorum,
3222 2645 3377 2716 quod
3400 2661 3468 2700 ex
3485 2647 3660 2704 variis

2010 2727 2427 2799 hagiographis
2458 2727 2766 2784 collectum
2792 2731 2994 2786 ordine
3015 2731 3382 2804 alphabetico
3400 2734 3658 2791 Venetiis

2011 2833 2163 2872 anno
2197 2817 2335 2870 1612
2364 2814 2560 2872 Italice
2591 2817 2789 2873 edidit.

2085 2905 2170 2959 12.
2210 2905 2475 2960 Fortasse
2545 2905 2683 2961 huic
2741 2907 2921 2963 errori
2975 2909 3340 2966 occasionem
3413 2912 3662 2984 praebuit

2011 2995 2065 3049 S.
2104 2995 2302 3050 Petrus
2352 2999 2688 3062 Damianus,
2724 2995 2824 3067 qui
2866 2995 3173 3054 historiam
3221 2999 3281 3054 in
3329 3001 3660 3058 substantia

2013 3082 2288 3148 similem,
2321 3084 2422 3138 sed
2479 3083 2540 3137 in
2598 3083 3060 3142 circumstantiis
3117 3087 3546 3161 discrepantem
3579 3090 3662 3146 sic

2017 3171 2251 3242 exponit
2281 3170 2384 3225 lib.
2407 3172 2460 3235 4,
2480 3171 2648 3242 epist.
2685 3173 2786 3229 i7:
2822 3193 2845 3220 ε
2879 3173 3040 3231 Unde
3062 3177 3452 3238 nonotiosum
3486 3180 3665 3235 credi-

2020 3276 2173 3326 mus,
2201 3259 2251 3314 si
2282 3257 2374 3314 his
2394 3258 2588 3314 verbis
2619 3259 2917 3327 inseritur,
2944 3264 3100 3332 quod
3132 3265 3398 3321 celebria
3418 3267 3666 3321 nonnul-

2016 3347 2090 3403 lis
2141 3347 2417 3404 relatione
2446 3347 2738 3419 vulgatur.
2770 3349 2871 3403 Vir
2901 3351 3162 3421 quidam,
3197 3357 3260 3407 ut
3296 3354 3527 3421 dicitur,
3555 3372 3664 3426 po-

2018 3435 2326 3492 tentiorem
2383 3453 2444 3491 se
2491 3435 2790 3491 hominem
2838 3436 3146 3510 interfecit,
3189 3457 3223 3494 a
3268 3442 3438 3511 cujus
3484 3442 3662 3499 etiam

2020 3525 2138 3580 ﬁlio
2162 3541 2322 3580 more
2343 3524 2560 3596 saeculi,
2584 3541 2698 3579 non
2723 3524 2949 3597 legibus
2972 3525 3288 3598 Evangelii,
3308 3526 3526 3583 multas
3545 3528 3664 3584 bel-

2021 3613 2211 3669 lorum
2246 3612 2543 3668 molestias
2576 3613 2818 3684 protulit
2844 3631 2857 3670 :
2883 3613 3112 3669 Paterni
3145 3614 3367 3671 scilicet
3397 3616 3553 3672 ultor
3583 3618 3666 3673 in-

2019 3701 2250 3773 teritus,
2273 3705 2331 3756 et
2362 3707 2588 3773 strages
2619 3701 2931 3757 anhelabat
2954 3702 3282 3774 hominum,
3316 3707 3373 3760 et
3400 3705 3668 3777 frequen-

2019 3791 2166 3846 tium
2220 3791 2551 3862 reportabat
2598 3790 2910 3846 manubias
2959 3791 3320 3863 rapinarum.
3355 3794 3510 3848 Inter
3560 3795 3668 3850 has

2020 3879 2200 3951 igitur
2243 3879 2538 3934 homicida
2567 3879 2966 3951 deprehensus
3009 3881 3332 3952 angustias,
3367 3882 3669 3954 imperiale

2019 3968 2271 4023 decrevit
2300 3968 2458 4023 adire
2490 3967 2878 4040 fastigium,si
2902 3970 3053 4040 quod
3080 3970 3225 4026 forte
3255 3974 3341 4025 tot
3369 3971 3668 4027 calamita-

2016 4056 2176 4113 tibus
2205 4060 2404 4128 posset
2446 4057 2698 4128 reperire
2729 4057 3026 4114 solatium.
3063 4061 3184 4124 Quo
3215 4065 3536 4132 comperto,
3567 4078 3670 4132 pa-

2019 4146 2169 4201 terni
2203 4144 2509 4217 sanguinis
2558 4145 2711 4201 ultor
2759 4146 3110 4218 insequitur,
3155 4163 3432 4220 eumque,
3459 4150 3578 4205 sive
3608 4154 3674 4205 ut

2018 4233 2405 4289 tribunalium
2438 4234 2562 4306 lege
2594 4237 2978 4308 constringat,
3005 4235 3123 4292 sive
3169 4240 3234 4292 ut
3283 4243 3518 4309 repente
3548 4237 3672 4311 gla-

2017 4322 2131 4377 diis
2181 4323 2494 4395 opprimat,
2547 4323 2798 4396 impiger
2855 4324 3188 4380 comitatur.
3225 4326 3285 4380 In
3337 4327 3673 4384 Teutonicis

2018 4428 2149 4467 vero
2181 4413 2447 4484 partibus
2476 4416 2615 4467 tunc
2647 4411 2966 4484 imperator
2991 4415 3222 4487 agebat.

2090 4501 2177 4555 13.
2205 4524 2230 4550 ‹‹
2257 4502 2400 4556 Cum
2425 4500 2625 4570 itaque
2656 4502 2975 4572 procedens
3007 4503 3289 4570 modeste,
3315 4503 3483 4574 quasi
3506 4520 3670 4560 secu-

2017 4607 2120 4646 rus
2148 4589 2464 4658 incederet,
2490 4589 2860 4660 subsequens
2884 4594 3081 4645 autem
3114 4591 3364 4646 celerius
3396 4607 3674 4662 propera-

2024 4683 2132 4745 ret,
2149 4679 2385 4734 tandem
2409 4677 2654 4749 contigit
2673 4677 2988 4734 utsibimet
3009 4679 3250 4734 invicem
3278 4680 3676 4751 propinquan-

2023 4773 2134 4836 tes,
2186 4767 2244 4822 in
2296 4771 2533 4822 mutuos
2584 4771 2828 4837 uterque
2876 4767 3182 4822 duceretur
3238 4774 3530 4842 aspectus.
3562 4769 3674 4824 Sed

2026 4874 2157 4912 cum
2203 4857 2274 4924 is,
2308 4855 2409 4926 qui
2458 4854 2760 4910 homicidii
2809 4872 2941 4911 reus
2988 4861 3128 4922 erat,
3163 4857 3256 4913 vix
3305 4859 3678 4930 quatuor_vel

2029 4947 2288 5019 quinque
2320 4944 2603 5001 comitum
2652 4943 2955 4999 fulciretur
2984 4945 3198 5002 auxilio
3229 4947 3518 5004 interfecti
3543 4964 3676 5004 vero

2030 5036 2186 5091 ﬁlius
2236 5035 2478 5107 triginta
2508 5033 2690 5088 ferme
2719 5033 3049 5107 cingeretur
3078 5037 3374 5109 obsequiis
3421 5043 3677 5095 armato-

2030 5141 2184 5191 rum,
2209 5123 2651 5195 quaternionem
2678 5139 2851 5177 suum
2879 5123 3237 5189 cohortatur,
3263 5131 3328 5180 ut
3347 5126 3550 5198 fugiat.
3578 5126 3680 5183 Ille

2030 5231 2094 5271 se
2126 5211 2488 5284 conspiciens
2519 5213 2590 5268 de
2631 5213 3110 5283 persequentium
3145 5213 3420 5268 manibus
3452 5216 3680 5272 avolare

2033 5321 2147 5359 non
2181 5318 2372 5371 posse,
2397 5302 2603 5357 anima:
2635 5301 3026 5373 patrocinium
3060 5303 3244 5374 petiit,
3277 5303 3349 5358 ad
3383 5301 3684 5363 humilita-

2031 5392 2107 5447 tis
2139 5391 2548 5446 umbraculum
2605 5389 2948 5460 confugium
2992 5390 3139 5445 fecit.
3174 5393 3455 5463 Projectis
3505 5395 3684 5467 igitur

2035 5480 2236 5547 armis,
2266 5477 2521 5534 brachiis
2552 5479 2730 5534 etiam
2781 5478 2840 5533 in
2894 5478 3133 5534 modum
3163 5480 3355 5537 crucis
3404 5485 3678 5552 extensis,

2034 5569 2159 5628 solo
2204 5566 2610 5643 prosternitur,
2643 5572 2700 5625 et
2740 5566 2829 5625 vel
2859 5567 3264 5654 miserantium
3309 5573 3562 5646 veniam,
3594 5572 3678 5632 vel
