4004 6170
397 304 510 365 711
1450 296 1515 356 S.
1562 291 1889 355 JOANNIS
1936 293 2034 354 GU

2150 290 2374 353 BER'I‘I
2418 291 2745 352 ABBATIS
3689 290 3797 352 ⁸712

400 439 552 494 ictus
584 435 911 492 ferientium
945 429 1334 504 praestolatur.
1369 432 1445 484 At
1482 427 1579 483 ille
1603 428 1729 498 jam
1756 427 1942 482 victor
1972 426 2043 480 ad
2075 437 2129 502 Α
2160 424 2430 481 Cruciﬁxi
2452 425 2697 481 historia
2717 423 2828 495 ipsi
2851 423 3111 479 evenisse
3132 440 3246 479 non
3277 422 3497 494 injuria
3516 422 3801 495 suspicor.

398 526 779 585 reverentiam
812 521 1001 577 crucis
1033 536 1211 575 manu
1262 518 1632 590 reprimendo
1665 516 2042 588 compescuit,

398 617 551 671 ultro
584 613 781 682 etiam,
815 625 884 665 ne
924 610 997 665 ab
1048 607 1245 680 aliquo
1276 606 1565 673 feriretur,
1601 604 1872 660 inhibuit.
1905 605 2042 659 Pos-

395 709 584 760 tremo
606 715 808 774 pacem
840 700 1125 772 integram
1160 697 1397 766 faciens,
1422 696 1493 751 ad
1526 695 1806 750 honorem
1833 697 2043 748 sanctae

388 792 626 849 viviﬁcae
674 789 873 845 Crucis
922 806 1037 844 non
1090 788 1264 843 modo
1307 786 1507 852 vitam,
1542 785 1642 840 sed
1691 788 1747 839 et
1792 787 2041 854 paterna

388 881 549 940 necis
580 880 815 935 donavit
846 879 1154 934 offensam.

464 973 550 1025 14.
576 993 604 1019 ‹‹
640 970 754 1024 Hac
786 969 964 1040 igitur
993 966 1212 1039 insigni
1243 967 1477 1037 peracta
1506 962 1767 1031 victoria,
1793 978 1908 1033 qua
1938 960 2047 1015 scio

393 1060 530 1115 licet
560 1076 676 1114 non
709 1063 828 1113 tam
860 1056 1120 1122 alterius,
1155 1070 1333 1125 quam
1377 1052 1489 1121 sui,
1523 1056 1595 1121 et,
1630 1055 1696 1105 ut
1726 1050 1809 1105 ita
1839 1051 2038 1117 fatear,

395 1165 511 1204 non
544 1153 663 1203 tam
701 1147 887 1202 hostis
919 1161 1093 1216 quam
1128 1142 1346 1215 proprii
1378 1142 1567 1197 cordis
1598 1140 1779 1195 victor
1808 1138 2040 1194 exstite-

393 1243 502 1303 rat,
546 1238 616 1291 ad
649 1235 821 1307 Regis
853 1234 1099 1300 curiam,
1123 1233 1261 1303 quia
1293 1249 1406 1286 non
1438 1229 1638 1302 procul
1671 1232 1814 1293 erat,
1849 1244 2039 1283 acces-

393 1328 501 1395 sit;
536 1327 636 1382 sed
672 1342 806 1380 mox
834 1328 898 1378 ut
928 1323 1233 1378 ecclesiam
1266 1324 1535 1375 oraturus
1567 1318 1917 1391 ingreditur,
1950 1333 2039 1372 res

391 1417 543 1471 mira
570 1415 940 1484 nimiumque
971 1412 1279 1482 stupenda.
1315 1408 1631 1465 Salvatoris
1663 1408 1877 1479 imago,
1912 1422 2042 1477 qua:

391 1505 449 1559 in
483 1504 663 1558 Cruce
692 1502 997 1557 videbatur
1018 1516 1312 1571 expressa,
1336 1498 1525 1553 tribus
1553 1514 1686 1551 eum
1708 1496 1934 1551 vicibus
1957 1495 2041 1549 in-

392 1593 607 1648 clinato
641 1590 827 1663 capite
855 1590 981 1646 visa
1009 1594 1097 1645 est
1128 1588 1402 1643 salutare.
1437 1588 1480 1641 Ο
1513 1601 1687 1657 quam
1721 1584 2040 1656 gloriosum

394 1686 451 1738 et
482 1681 712 1753 insigne
744 1678 1121 1751 praeconium,
1147 1680 1211 1732 ut
1251 1677 1323 1731 ab
1368 1678 1599 1730 auctore
1628 1673 2038 1729 misericordia:

392 1774 714 1826 mereretur
744 1771 1071 1823 reverenter
1100 1764 1305 1835 accipi,
1330 1764 1427 1835 qui
1464 1766 1695 1834 propter
1718 1761 1845 1831 ejus
1875 1775 2038 1814 reve-
2069 1804 2116 1868 Β

391 1860 641 1915 rentiam
673 1857 951 1912 omiserat
970 1853 1280 1920 vindicari;
1315 1857 1371 1907 et
1392 1852 1463 1907 ab
1486 1868 1550 1906 co
1582 1850 1834 1920 recipere
1862 1847 2040 1903 salva-

391 1945 564 2000 tionis
593 1946 895 2013 honorem,
930 1960 1034 2014 pro
1062 1959 1177 2013 quo
1208 1940 1385 1996 saluti
1417 1938 1769 1995 contrariam
1802 1940 2035 2008 postpo-

388 2035 509 2090 suit
540 2033 845 2089 ultionem.
880 2032 1043 2097 Quod
1090 2030 1357 2102 protinus
1404 2030 1721 2100 imperator
1769 2026 2033 2092 audiens,

385 2123 707 2179 honoriﬁca
748 2138 881 2177 eum
924 2126 980 2176 et
1011 2120 1344 2183 affectuose,
1385 2121 1554 2190 prout
1598 2116 1856 2183 docebat,
1892 2116 2035 2170 aifa-

387 2212 612 2269 bilitate
643 2210 918 2282 suscepit,
950 2214 1008 2265 et
1048 2209 1282 2279 copiosa
1327 2222 1641 2262 munerum
1688 2204 2036 2260 liberalitate

393 2301 619 2358 ditavit.

462 2390 547 2445 15.
583 2388 730 2443 Fieri
758 2390 968 2458 potest,
996 2388 1061 2439 ut
1090 2384 1283 2440 simile
1323 2382 1675 2439 miraculum
1706 2381 1871 2437 alteri
1904 2398 2034 2453 par-

388 2477 663 2533 ricidium
693 2474 1042 2531 condonanti
1075 2474 1399 2544 contigerit.
1421 2474 1583 2537 Quod
1616 2472 1665 2527 si
1700 2472 1899 2527 Petrus
1931 2470 2037 2526 Da-

389 2566 624 2620 mianus
680 2567 862 2619 totam
923 2579 1091 2617 suam
1148 2562 1542 2617 narrationem
1593 2562 1662 2616 de
1713 2562 1766 2614 S.
1809 2560 2035 2614 Joanne

387 2654 699 2710 Gualberto
730 2651 1085 2707 intellectam
1115 2649 1274 2714 velit,
1299 2655 1454 2706 certe
1482 2653 1655 2716 errat,
1689 2653 1755 2703 ut
1783 2649 1882 2703 BB.
1918 2650 2032 2702 An-

383 2743 535 2798 dreae
556 2747 611 2798 et
640 2740 870 2797 Attonis
891 2742 1033 2795 Acta
1053 2739 1267 2811 legenti
1291 2739 1671 2794 manifestum
1696 2738 1811 2792 ﬁet.
1834 2738 2033 2808 Neque

387 2832 481 2887 hic
514 2830 725 2887 unicus
757 2834 911 2885 esset
939 2830 1068 2899 ejus
1110 2845 1288 2897 error,
1310 2845 1444 2883 cum
1473 2827 1572 2882 ille
1603 2832 1824 2895 auctor,
1848 2843 2032 2897 quan-

386 2920 663 2976 tumlibet
707 2923 967 2985 sanctus,
997 2916 1297 2990 scripserit
1326 2916 1456 2984 alia,
1480 2920 1628 2971 teste
1659 2914 2030 2986 Bellarmino,

388 3010 557 3065 Libro
582 3010 651 3064 de
671 3006 1064 3079 Scriptoribus
1094 3003 1501 3061 ecclesiasticis
1534 3005 1605 3059 ad
1636 3020 1857 3059 annum
1877 3004 2034 3058 Chri-

389 3098 462 3154 sti
495 3098 634 3151 1060
662 3096 1061 3153 observatione
1090 3095 1301 3167 prima,
1330 3111 1457 3165 quas
1481 3117 1507 3143 ‹‹
1538 3092 1756 3149 fabulis
1786 3093 2032 3148 fortasse

2158 514 2231 569 Ut
2262 518 2326 568 ut
2356 518 2463 579 est,
2493 531 2597 585 ego
2625 512 2893 569 Cruciﬁxi
2926 528 3053 568 sese
3084 512 3423 568 inclinantis
3454 512 3803 569 miraculum

2157 604 2217 658 S.
2247 602 2457 658 Joanni
2491 603 2798 658 Gualberto
2831 601 3118 657 accidisse
3152 600 3431 657 historica
3462 602 3577 656 ﬁde
3615 603 3803 673 credo,

2156 696 2330 763 atque
2358 692 2513 748 istud
2548 692 2605 746 in
2647 691 2895 746 dubium
2928 707 3214 757 revocare,
3250 707 3495 746 summae
3545 691 3806 761 pervica-

2156 780 2275 848 ciae,
2310 798 2381 836 ne
2411 782 2601 836 dicam
2636 781 2959 845 dementiae,
2994 796 3122 836 esse
3154 779 3443 835 existimo.
3471 780 3627 844 Quid
3650 782 3802 837 enim

2154 868 2427 925 historice
2458 870 2694 925 tandem
2726 873 2945 925 certum
2976 870 3104 940 erit,
3125 869 3174 924 si
3200 868 3475 924 omnibus
3507 867 3803 925 historicis

2153 963 2328 1029 atque
2360 959 2536 1014 etiam
2558 957 2968 1026 vetutissimis,
2992 958 3341 1031 synchronis
3363 962 3466 1013 aut
3492 958 3801 1029 subsequa-

2151 1046 2307 1103 libus
2357 1048 2571 1103 factum
2607 1047 2843 1119 aliquod
2883 1047 3281 1115 narrantibus,
3316 1048 3387 1103 de
3416 1064 3483 1103 eo
3534 1048 3801 1104 dubitare

2154 1134 2360 1192 liceat?
2401 1136 2790 1192 Intolerabilis
2821 1154 2960 1193 sane
2989 1141 3078 1192 est
3125 1137 3248 1191 hac
3296 1137 3512 1193 mentis
3542 1137 3801 1209 pertina-

2150 1225 2258 1296 cia,
2294 1241 2466 1296 quam
2510 1226 2752 1297 quidam
2804 1226 2987 1281 nostri
3037 1226 3320 1298 temporis
3364 1226 3702 1293 aristarchi,
3743 1244 3801 1283 ac

2151 1313 2473 1383 praesertim
2505 1312 2859 1383 heterodoxi,
2886 1314 3258 1385 prudentiam
3282 1318 3382 1369 aut
3406 1316 3801 1372 constantiam

2149 1418 2354 1457 vocare
2385 1418 2500 1457 non
2532 1403 2906 1459 erubescunt.

2224 1491 2308 1544 17.
2343 1490 2655 1547 Modernus
2705 1491 2943 1561 quidam
3000 1491 3395 1563 Legendarius
3425 1493 3660 1562 Gallus,
3710 1494 3805 1565 qui

2150 1579 2349 1634 omnia
2379 1584 2716 1635 sanctorum
2748 1584 2893 1635 Acta
2923 1580 3097 1635 etiam
3122 1597 3225 1652 per
3250 1580 3400 1637 leves
3430 1583 3804 1653 conjecturas

2150 1668 2297 1723 solet
2323 1668 2610 1738 vellicare,
2636 1668 2786 1724 hanc
2816 1670 3027 1725 miram
3060 1670 3333 1743 imaginis
3355 1683 3483 1727 sese
3515 1670 3804 1727 inclinan-

2149 1757 2224 1812 tis
2253 1752 2560 1813 historiani
2583 1757 2861 1813 intactam
2883 1756 3149 1829 reliquit;
3180 1774 3407 1831 nempe,
3431 1776 3619 1830 quam
3646 1760 3803 1816 nulla

2149 1844 2375 1900 ratione
2404 1860 2743 1917 oppugnare
2783 1850 3028 1917 poterat,
3062 1845 3295 1902 silentio
3326 1852 3427 1904 aut
3457 1852 3622 1904 certe
3672 1866 3804 1905 con-

2148 1937 2301 1990 torta
2333 1933 2715 2006 explicatione
2758 1936 3073 1991 obscurare
3120 1935 3353 2003 nititur;
3387 1953 3526 1992 nam
3559 1937 3665 1992 ubi
3698 1938 3802 1993 mi-

2148 2026 2291 2079 nuta
2311 2039 2553 2095 quaeque
2584 2024 2642 2079 S.
2674 2024 2917 2079 Joannis
2944 2023 3240 2080 Gualberti
3269 2029 3436 2098 gesta
3466 2032 3795 2094 enumerat,

2147 2113 2505 2184 praecipuum
2539 2112 2648 2167 hoc
2678 2113 3030 2169 miraculum
3062 2114 3219 2169 hunc
3252 2114 3431 2170 ferme
3461 2117 3523 2170 in
3559 2117 3793 2173 modum

2145 2200 2360 2256 Gallice
2390 2200 2647 2257 transilit
2669 2220 2718 2257 τα
2744 2202 2957 2257 Orabat
2982 2219 3177 2258 coram
3208 2204 3516 2274 Cruciﬁxo,
3540 2220 3791 2278 eumque

2147 2290 2554 2362 contemplans
2613 2294 2805 2346 mente
2857 2289 3185 2347 revolvebat
3232 2290 3783 2365 incomprehensibi-

2146 2378 2262 2434 lem
2293 2378 2506 2435 Christi
2540 2395 3011 2451 amorem,quem
3057 2396 3194 2453 erga
3223 2381 3492 2438 homines
3526 2384 3780 2439 ostende-

2148 2471 2237 2523 rat
2262 2471 2511 2523 mortem
2526 2469 2850 2537 subeundo,
2879 2472 2943 2523 ut
2963 2484 3061 2525 eos
3081 2474 3303 2525 aeternae
3326 2471 3503 2527 morti
3525 2471 3773 2544 eriperet.

2148 2557 2277 2611 Hazc
2297 2556 2601 2612 morientis
2623 2557 2723 2613 Dei
2755 2559 3188 2630 reprasentatio
3220 2559 3303 2615 ita
3322 2577 3422 2615 cor
3440 2562 3572 2633 ejus
3595 2562 3771 2630 movit,

2147 2651 2213 2701 ut
2242 2646 2556 2701 decreverit
2583 2646 2968 2719 imposterum
3000 2647 3085 2702 illi
3108 2648 3215 2703 soli
3236 2649 3445 2717 vivere,
3478 2650 3579 2722 qui
3608 2667 3702 2723 pro
3722 2667 3772 2707 se

2146 2734 2293 2790 mori
2322 2733 2604 2797 voluerat.
2632 2757 2658 2784 »
2680 2736 3008 2792 Artiﬁciosa
3046 2754 3185 2792 sane
3232 2740 3644 2811 transgressio,
3674 2755 3770 2811 qua

2146 2831 2337 2895 tegere
2366 2828 2613 2879 conatur
2641 2824 2996 2897 prodigium,
3023 2827 3177 2897 quod
3201 2844 3317 2883 non
3348 2827 3543 2899 potuit
3571 2845 3677 2884 non
3705 2828 3768 2883 le-

2144 2914 2300 2986 gisse
2329 2914 2484 2985 apud
2507 2911 2767 2982 Surium,
2796 2930 2970 2986 quem
3002 2915 3072 2970 ad
3106 2916 3435 2989 marginem
3460 2918 3612 2985 citat,
3634 2922 3683 2972 et
3707 2932 3761 2971 ex

2143 3019 2278 3073 quo,
2315 3002 2374 3057 ni
2405 3000 2593 3068 fallor,
2626 3002 2814 3059 Vitam
2859 3004 2918 3059 S.
2953 3004 3199 3060 Joannis
3238 3004 3541 3061 Gualberti
3582 3004 3755 3061 texuit.

2142 3090 2320 3146 Miror
2348 3108 2381 3146 a
2408 3091 2532 3145 viro
2555 3090 2848 3147 Catholico
2871 3092 3012 3148 adeo
3033 3091 3265 3149 illustre
3296 3093 3639 3150 miraculum
3664 3092 3757 3147 dis-

389 3184 673 3241 similiora
704 3190 843 3240 sunt
873 3200 1049 3255 quam
1082 3183 1360 3239 historiae.
1388 3205 1415 3232 »
1439 3184 1655 3238 Forsan
1688 3186 1894 3238 Petrus
1918 3183 2029 3237 Da-
2061 3172 2103 3239 C
2144 3180 2608 3251 simulari,quod
2631 3179 2756 3252 ipse
2787 3180 3126 3253 Rodolphus
3157 3182 3569 3254 Hospiniauus,
3594 3182 3748 3237 infen-

389 3276 643 3342 mianus,
677 3274 832 3331 sicut
875 3272 1227 3328 narrationis
1274 3272 1440 3327 initio
1492 3272 1735 3327 innuere
1780 3273 2031 3340 videtur,

385 3364 690 3419 historiam
724 3363 875 3418 hanc
903 3363 1141 3433 scripsit
1171 3379 1239 3416 ex
1258 3361 1480 3433 vulgari
1516 3363 1690 3427 fama,
1721 3378 1844 3432 quae
1878 3360 2032 3415 mul-

384 3459 511 3507 tum
544 3453 751 3508 crescit
800 3456 857 3506 et
904 3454 1169 3506 mutatur
1215 3452 1428 3520 eundo,
1461 3456 1526 3505 ut
1557 3450 1899 3522 quotidiana
1926 3467 2032 3505 nos

385 3542 552 3596 docet
592 3539 967 3612 experientia.
1013 3541 1152 3594 inde
1200 3556 1321 3594 rem
1374 3543 1600 3610 veram}
1622 3538 1753 3594 aliis
1784 3540 2033 3593 circum-

385 3629 617 3684 stantiis
647 3628 917 3684 vestitam
950 3627 1210 3683 tradidit.

459 3719 543 3772 l6.
574 3718 698 3773 Non
730 3718 1038 3772 difﬁttetur
1088 3717 1333 3787 ipsemet
1363 3717 1421 3771 S.
1454 3716 1663 3771 Petrus
1717 3716 2031 3771 Damianus

386 3823 513 3863 sese
539 3808 808 3878 quaedam
839 3806 894 3859 in
924 3805 1048 3860 suis
1079 3804 1339 3859 historiis
1361 3822 1426 3859 ex
1461 3804 1710 3859 aliorum
1733 3805 2033 3875 qualicun-

383 3912 495 3967 que
522 3895 634 3950 ﬁde
656 3895 886 3949 referre.
905 3893 998 3948 Sic
1020 3892 1121 3947 lib.
1140 3894 1191 3959 1,
1211 3893 1379 3964 epist.
1404 3894 1457 3960 9,
1484 3893 1563 3948 ait
1588 3910 1635 3947 ;‹‹
1661 3897 1776 3964 Ego
1799 3909 2032 3964 quoque

383 3983 793 4054 quodscripsi,
818 3982 1142 4053 procaciter
1172 3999 1286 4037 non
1320 3982 1568 4049 afﬁrmo,
1594 3983 1694 4036 sed
1718 3986 1915 4037 utrum
1939 3999 2030 4038 ve-

384 4088 515 4126 rum
539 4072 633 4136 sit,
650 4087 828 4125 necne
851 4070 1167 4142 legentium
1188 4070 1555 4141 inquisitioni
1580 4070 2030 4141 relinquendum

384 4175 512 4215 esse
544 4160 864 4214 decerno.»
902 4158 1176 4229 Ejusdem
1208 4158 1340 4213 libri
1372 4160 1543 4230 epist.
1580 4161 1665 4230 10,
1700 4161 1781 4214 ita
1808 4160 1983 4216 habet
2015 4181 2027 4218 :

386 4271 412 4297 ‹‹
430 4247 560 4302 Ηωο
581 4249 784 4302 eadem
807 4252 971 4319 gesta
984 4263 1109 4318 quae
1128 4246 1611 4319 scribimus,quia
1634 4248 1691 4303 in
1712 4250 2030 4306 transitum

386 4336 589 4392 audire
620 4353 726 4392 nos
757 4337 1019 4407 contigit,
1046 4339 1243 4391 utrum
1276 4336 1621 4393 inoﬁ'ensam
1650 4338 1785 4393 ﬁdei
1815 4338 2030 4396 lineam

383 4428 639 4494 teneant,
667 4430 886 4482 certum
921 4443 1022 4497 per
1060 4426 1256 4481 omnia
1288 4443 1402 4481 non
1436 4426 1791 4483 habemus.»
1821 4428 1943 4484 Lib.
1974 4430 2030 4495 2,

382 4514 553 4585 epist.
581 4516 667 4581 14,
692 4516 764 4607 ad
796 4516 1157 4607 [)esiderium
1181 4515 1453 4607 abbatem
1479 4516 1876 4607 Casinensem,
1901 4522 2034 4589 post
2064 4542 2111 4607 Β

382 4606 619 4659 narrata
646 4604 807 4659 varia
838 4604 1140 4669 miracula,
1166 4604 1249 4659 sic
1270 4604 1565 4659 concludit
1589 4621 1638 4660 ;‹‹
1662 4605 1791 4660 Haac
1816 4609 2031 4674 omnia,

378 4692 727 4748 venerabilis
754 4694 940 4757 Pater,
968 4710 1082 4749 non
1114 4693 1240 4748 sine
1272 4709 1484 4765 magno
1514 4694 1726 4750 timore
1756 4695 2032 4751 describi-

380 4798 538 4848 mus,
562 4798 633 4836 ne
653 4780 741 4836 vel
775 4799 876 4852 per
898 4781 1245 4837 oblivionem
1278 4782 1572 4853 propriam
1597 4782 1682 4837 vel
1705 4799 1807 4854 per
1835 4784 2028 4841 inﬁdae

381 4869 684 4925 relationis
715 4872 1021 4925 audaciam
1055 4888 1087 4925 a
1114 4870 1372 4925 veritatis
1417 4870 1569 4926 linea
1601 4872 2033 4941 quantumlibet

382 4956 814 5012 declinemus.»
846 4959 1106 5027 Denique
1139 4959 1207 5012 ad
1243 4960 1511 5013 eumdem
1551 4959 1917 5017 Desiderium
1949 4963 2032 5018 sic

383 5046 586 5100 scribit
616 5046 717 5101 lib.
751 5050 804 5114 2,
839 5047 1006 5118 epist.
1047 5048 1112 5099 15
1150 5065 1161 5101 :
1190 5068 1216 5095 ‹‹
1248 5046 1375 5101 Ηωο
1408 5064 1532 5119 ego,
1554 5050 1902 5106 venerabilis
1933 5053 2033 5108 Pa-

379 5138 485 5199 ter,
503 5138 559 5189 et
581 5135 695 5190 alia
717 5135 1157 5206 quamplurima
1178 5150 1291 5189 non
1315 5134 1439 5189 sine
1459 5152 1681 5207 magnze
1704 5139 2034 5197 formidinis

381 5241 596 5297 angore
627 5225 952 5291 conscribo,
980 5242 1051 5280 ne
1069 5223 1335 5279 videlicet
1364 5223 1451 5277 vel
1484 5224 1760 5281 relatores
1783 5231 1895 5284 mei
1918 5248 2035 5287 me-

380 5329 452 5365 rae
483 5315 744 5371 veritatis
778 5316 1051 5371 semitam
1084 5331 1197 5369 non
1247 5312 1663 5381 tenuerint,vel
1712 5317 1835 5389 ipse
1889 5336 2032 5391 quo-

385 5417 517 5471 que,
539 5402 886 5460 relationum
916 5405 977 5459 in
1001 5402 1261 5475 quolibet
1285 5399 1613 5469 immemor,
1635 5405 1920 5464 oblivione
1942 5411 2037 5466 de-

390 5488 687 5561 liquerim.
715 5516 743 5544 ››
775 5496 918 5550 Cum
960 5495 1018 5548 in
1063 5496 1148 5549 tot
1198 5491 1329 5547 aliis
1358 5492 1791 5551 narrationibus
1833 5497 1890 5553 id
1924 5501 2036 5557 sibi

385 5580 705 5657 contigisse
746 5584 995 5641 fateatur
1042 5585 1244 5641 Petrus
1293 5580 1583 5657 Damiani,
1617 5582 1770 5643 idem
1819 5588 1879 5646 in
1927 5590 2038 5649 hac

2142 3269 2418 3325 sissimus
2450 3268 2879 3324 Catholicorum
2912 3287 2977 3326 ac
3006 3272 3330 3341 praesertim
3364 3272 3745 3328 monachorum

2142 3358 2328 3413 hostis
2357 3358 2415 3412 in
2450 3358 2632 3429 Opere
2665 3358 2735 3413 de
2764 3359 3083 3426 Monachis,
3119 3359 3377 3431 alioquin
3408 3360 3682 3417 erroribus
3706 3362 3747 3412 et

2142 3446 2455 3501 calumniis
2504 3448 2711 3502 referto
2763 3447 2863 3503 lib.
2894 3466 2958 3520 ν,
2992 3434 3205 3521 θορέζι,
3262 3450 3618 3522 supprimere
3658 3463 3747 3503 non

2142 3540 2231 3590 est
2265 3552 2467 3591 ausus.
3086 3589 3091 3593 .

2212 3626 2301 3678 18.
2335 3625 2461 3679 Non
2492 3625 2695 3696 ignoro
2722 3625 3033 3697 scriptores
3067 3626 3297 3698 aliquos
3326 3628 3387 3683 in
3418 3628 3616 3683 vitium
3647 3642 3749 3680 con-

2141 3708 2387 3768 trarium
2420 3714 2755 3785 incurrisse,
2789 3718 2845 3770 et
2892 3715 2949 3769 in
2988 3717 3320 3772 exornando
3353 3717 3461 3772 hoc
3510 3712 3748 3772 miraculo

2141 3803 2358 3857 nimios
2391 3803 2592 3869 fuisse,
2616 3803 2770 3859 inter
2790 3820 2937 3875 quos
2962 3805 3097 3875 jure
3128 3805 3334 3861 merito
3366 3804 3649 3861 numerari
3674 3818 3751 3874 po-

2146 3895 2261 3947 test
2293 3896 2658 3947 memoratus
2702 3896 2835 3947 ante
2880 3893 3209 3949 Ludovicus
3238 3894 3575 3963 Zacconius,
3597 3891 3682 3965 qui
3704 3888 3750 3943 in

2141 3981 2495 4052 Compendio
2531 3982 2796 4036 omnium
2837 3982 3185 4038 Sanctorum
3232 4000 3413 4055 supra
3454 3984 3619 4039 citato
3652 3980 3751 4035 sine

2140 4069 2260 4125 ullo
2273 4074 2534 4126 veterum
2550 4070 2886 4126 testimonio
2900 4071 3257 4143 colloquium
3277 4072 3753 4128 interCruciﬁxum

2141 4163 2198 4214 et
2227 4159 2283 4213 S.
2317 4158 2603 4214 Joannem
2634 4158 3016 4215 Gualbertum
3044 4177 3113 4216 ex
3143 4178 3269 4232 suo,
3290 4166 3355 4216 ut
3384 4163 3610 4235 opinor,
3632 4172 3757 4215 cere-

2142 4248 2244 4302 bro
2276 4247 2463 4301 ﬁnxit.
2488 4247 2618 4301 Haec
2639 4252 2834 4304 tamen
2865 4249 3265 4306 additamenta
3295 4251 3564 4307 miraculi
3584 4248 3760 4305 verita-

2140 4340 2260 4393 tem
2294 4353 2408 4391 non
2452 4340 2690 4408 negant,
2722 4338 2824 4393 sed
2877 4340 3074 4410 potius
3120 4340 3490 4407 conﬁrmant,
3525 4334 3762 4411 quamvis

2141 4444 2245 4498 per
2301 4426 2677 4498 hyperbolem
2748 4428 3001 4484 maxime
3060 4429 3618 4501 reprehendendam.
3665 4427 3763 4482 Nos

2141 4521 2457 4586 utrumque
2491 4515 2797 4587 scopulum
2839 4516 3221 4587 declinantes,
3255 4534 3359 4573 nec
3400 4534 3611 4590 augere
3640 4530 3765 4578 rem,

2144 4622 2248 4660 nec
2280 4604 2607 4659 diminuere
2638 4604 2941 4666 volumus:
2975 4608 3077 4662 sed
3110 4623 3179 4663 ea
3216 4608 3534 4679 credimus,
3568 4623 3681 4680 qua
3706 4603 3764 4658 de

2141 4694 2250 4749 hoc
2283 4692 2564 4748 miraculo
2593 4693 2723 4760 viri,
2766 4698 2893 4750 tum
2926 4695 3275 4767 antiquitate
3304 4699 3434 4751 tum
3484 4695 3766 4751 sanctitate

2142 4782 2616 4853 commendandi,
2669 4783 2919 4854 posteris
2977 4783 3359 4856 reliquerunt.
3418 4785 3485 4840 B.
3534 4783 3767 4839 Andreas

2143 4873 2323 4928 abbas
2370 4871 2753 4942 Strumensis,
2786 4876 2841 4926 et
2873 4873 2933 4927 B.
2969 4876 3099 4930 Atto
3141 4874 3322 4929 abbas
3352 4872 3766 4928 Vallumbmsa-

2143 4978 2256 5017 nus
2286 4977 2351 5015 ac
2382 4964 2585 5030 postea
2613 4961 2925 5033 episcopus
2950 4962 3327 5019 Pistoriensis
3359 4962 3517 5018 hanc
3547 4960 3766 5016 miracu-

2142 5050 2328 5106 losam
2360 5049 2626 5104 Cruciﬁxi
2660 5050 2914 5121 efﬁgiem
2946 5068 3052 5107 suo
3073 5054 3334 5123 tempore
3366 5051 3426 5106 in
3452 5051 3511 5106 S.
3536 5043 3765 5105 Miniatis

2146 5138 2497 5193 monasterio
2548 5136 2791 5193 sollicite
2840 5145 3238 5196 conservatam
3271 5140 3452 5196 fuisse
3484 5139 3761 5195 testantur.

2143 5233 2275 5283 Jam
2318 5243 2450 5281 vero
2498 5230 2619 5281 tam
2673 5229 2994 5299 pretiosum
3043 5234 3498 5286 monumentum
3548 5243 3651 5282 non
3694 5221 3759 5274 ita

2146 5317 2371 5390 pridem
2416 5316 2763 5371 Florentiam
2812 5319 3163 5374 translatum
3197 5336 3325 5376 esse
3372 5317 3550 5373 didici
3578 5330 3639 5370 ex
3661 5311 3753 5363 Μι-

2146 5405 2385 5462 billonio
2418 5405 2476 5459 in
2527 5404 3052 5477 observationibus,
3085 5426 3233 5482 quas
3278 5408 3414 5463 vita;
3460 5407 3517 5461 S.
3548 5394 3753 5459 Joannis

2146 5494 2445 5553 Gualberti
2478 5511 2511 5549 a
2540 5511 2602 5549 se
2633 5495 2801 5550 edita;
2833 5497 3176 5554 immiscuit.

2220 5587 2306 5643 19.
2340 5585 2527 5652 Quare
2550 5601 2684 5642 cum
2711 5584 2891 5660 hujus
2912 5588 3315 5647 translationis
3346 5585 3596 5646 narratio
3614 5572 3750 5639 nobis
