4004 6170
174 268 285 327 713

1750 269 1952 331 ACTA
1965 313 1980 331 .

3454 278 3572 338 714

171 401 394 457 deesset
422 397 645 455 recurri
673 398 746 455 ad
768 398 993 458 Vallem
1026 400 1395 468 Umbrosam,
1415 417 1663 474 sperans
1689 402 1807 458 fore
1838 412 1893 477 Α
1926 407 2121 460 autem
2156 424 2189 461 a
2218 411 2454 479 pectore
2484 409 2753 466 Cruciﬂxi
2784 410 2855 465 ad
2888 409 3172 483 reliquam
3229 424 3415 481 usque
3440 409 3573 465 inﬁ-

174 493 236 544 ut
261 487 517 559 religiosi
547 486 633 542 illi
661 505 766 560 pro
798 490 971 546 solita
1001 508 1108 547 sua
1136 490 1499 547 humanitate
1529 507 1655 547 eam
1672 490 1818 546 mihi

174 577 692 634 communicarent.
726 579 859 651 Spei
889 595 1031 634 mea:
1064 580 1503 652 quamprimum
1536 581 1820 636 satisfecit

168 672 229 722 D.
251 665 516 738 Angelus
546 665 729 721 Maria
760 666 979 738 Rivola,
1024 669 1287 739 ejusdem
1341 668 1817 742 Congregationis

170 754 676 813 Vallumbrosanae
698 756 1102 829 sacerdos,qui
1123 756 1516 813 desideratam
1546 757 1813 813 Crucilixi

167 844 616 901 translationem
644 844 1039 917 deseripsit,et
1069 847 1140 901 ad
1166 864 1272 903 nos
1302 846 1650 902 transmisit.
1672 849 1815 903 Cum

171 940 369 991 autem
424 932 526 989 illa
573 933 974 991 translationis
1031 934 1371 992 solemnitas
1410 935 1685 1009 prolixior
1715 937 1813 1007 sit,

172 1041 354 1097 quam
384 1020 454 1078 ut
480 1023 575 1079 hic
604 1024 910 1080 commode
940 1024 1209 1081 interseri
1241 1025 1447 1098 possit,
1472 1042 1599 1081 eam
1631 1026 1703 1081 ad
1721 1043 1816 1098 ap-

166 1113 637 1187 pendicem,post
664 1112 974 1169 S.Joannis
1005 1113 1302 1169 Gualberti
1334 1114 1618 1171 miracula
1647 1131 1814 1171 secu-

165 1209 387 1271 turam,
408 1201 850 1273 rejeci.[nterim
881 1201 977 1258 hic
1004 1203 1256 1259 sufﬁciet
1285 1209 1546 1260 exactam
1566 1204 1815 1260 miracu-

164 1291 274 1347 losi
304 1289 576 1346 Crucifixi
607 1290 838 1347 dedisse
856 1291 1312 1365 descriptionem
1337 1310 1516 1364 quam
1540 1293 1814 1349 laudatus

164 1382 229 1436 D.
246 1379 698 1453 AngelusMaria
720 1380 920 1436 Rivola
942 1381 1349 1438 translationis
1371 1400 1405 1438 a
1430 1399 1491 1439 se
1510 1381 1815 1453 descripta:

163 1469 457 1542 praemisit
484 1473 817 1542 praenotans
850 1469 1157 1542 sequentia
1189 1490 1202 1527 :

225 1560 325 1613 20.
361 1580 392 1609 «
425 1558 490 1614 In
517 1558 772 1614 nomine.
813 1566 1019 1613 Amen.
1082 1560 1147 1614 In
1207 1560 1355 1616 libro
1414 1560 1813 1633 manuscripto

160 1650 444 1704 Actorum
476 1646 943 1720 congregationis
982 1647 1163 1703 Vallis
1221 1648 1519 1706 Umbrosae
1576 1649 1812 1705 Ordinis

162 1738 215 1793 S.
247 1736 554 1792 Benedicti
586 1736 815 1809 signato
845 1736 916 1791 ad
950 1743 1112 1792 extra
1140 1735 1335 1793 littera
1381 1737 1449 1806 N,
1482 1740 1719 1811 pag.131
1756 1742 1814 1794 et

161 1826 830 1899 sequentibus,refertur
849 1825 1148 1882 concessio
1170 1826 1527 1882 sanctissimi
1542 1826 1810 1883 Crucifixi

160 1916 259 1990 qui
296 1921 478 1988 caput
498 1914 800 1971 inclinavit
829 1918 1029 1971 sancto
1062 1915 1214 1971 Patri
1244 1916 1809 1986 JoanniGualberto,

162 2006 419 2077 praefata:
439 2003 919 2077 Congrcgationis
940 2003 1441 2071 institutori,facla
1460 2006 1650 2062 eidem
1671 2006 1814 2062 Con-

162 2094 498 2167 gregationi
526 2110 561 2149 a
588 2093 748 2166 regia
778 2093 979 2166 magni
1004 2093 1245 2149 Etruriae
1260 2093 1438 2149 Ducis
1460 2093 1815 2150 Celsitudine
1840 2126 1845 2129 -

157 2189 212 2239 et
240 2183 466 2240 deinde
488 2183 798 2256 exponitur
827 2182 1106 2238 solemnis
1137 2184 1403 2254 ejusdem
1452 2184 1814 2240 sanctissimi

155 2272 437 2328 Crueiﬁxi
463 2271 768 2328 translatio
800 2271 872 2327 ab
922 2271 1168 2328 ecclesia
1223 2273 1375 2328 arcis
1432 2273 1489 2328 S.
1556 2272 1814 2328 Miniatis

155 2378 343 2434 prope
373 2360 723 2417 Florentiam
755 2361 828 2416 ad
858 2360 1161 2416 ecclesiam
1197 2362 1582 2417 sanctissimae
1625 2360 1813 2416 Trini-

154 2452 298 2507 tatis
342 2451 610 2523 ejusdem
668 2450 852 2519 urbis,
912 2450 1294 2523 ejusdemque
1351 2450 1815 2525 congregationis

154 2539 350 2596 Vallis
381 2538 853 2605 Umbrosaz.Quia
876 2556 1011 2595 vero
1043 2557 1157 2595 non
1190 2539 1553 2596 desideratur
1582 2539 1694 2594 nisi
1725 2556 1813 2595 re-

152 2630 301 2686 latio
359 2628 784 2697 translationis,
843 2629 973 2684 ideo
1028 2628 1150 2685 haec
1207 2632 1436 2685 tantum
1512 2629 1813 2699 referetur,

154 2719 385 2775 omissa
418 2717 712 2790 prolixiori
773 2717 1168 2774 concessionis
1217 2719 1568 2787 narratione,
1602 2736 1670 2774 ex
1701 2734 1817 2790 qua

154 2812 361 2864 tamen
395 2807 555 2863 sileri
588 2824 702 2861 non
731 2810 921 2879 potest
941 2807 1194 2862 conditio
1225 2807 1548 2879 etqualitas
1566 2807 1814 2880 praefatae

153 2896 553 2953 sanctissima:
584 2895 1018 2968 imaginis,quaa
1051 2914 1121 2953 ex
1141 2898 1376 2969 praefato
1399 2896 1547 2953 libro
1571 2898 1815 2969 pag.l36

150 2985 550 3059 sequentibus
581 2985 772 3041 verbis
803 2985 1175 3058 exprimitur.
1211 3008 1232 3034 ι»
1278 2986 1570 3041 Hactenus
1602 2990 1665 3040 Ι).
1697 2988 1813 3040 An-

148 3076 322 3149 gelus
352 3075 538 3131 Maria
563 3073 1006 3146 Rivola,quibus
1038 3079 1379 3146 sequentem
1412 3074 1679 3129 cruciﬁxi
1714 3075 1813 3129 de-

1929 509 2085 548 mam
2118 502 2341 566 partem
2375 501 2465 552 est
2496 498 2636 553 adeo
2666 498 2878 568 lacera,
2927 504 2988 555 ut
3036 499 3127 555 vix
3185 498 3578 572 conspiciatur

1928 582 2173 652 pictura.
2210 608 2238 634 ››
2276 587 2403 639 llaec
2437 586 2689 643 ﬁdeliter
2718 592 2775 643 et
2804 589 3137 644 authentice
3166 605 3234 644 ex
3263 587 3580 660 prazfatoli-

1926 672 2030 726 bro
2056 673 2347 746 descripta
2379 679 2543 731 sunt.
2580 676 2958 733 Decreveram
2990 677 3264 750 prosequi
3293 677 3456 733 ﬁlum
3488 676 3577 731 hi-

1926 761 2115 815 storia:
2148 761 2561 832 Gualbertinae,
2590 767 3071 837 eamqueordine
3118 768 3371 838 quodam
3422 766 3577 821 notis

1925 848 2218 906 illustrare
2269 894 2282 919 ,
2336 853 2437 907 sed
2494 853 2821 910 necessario
2890 855 3291 911 interserenda
3346 854 3441 911 hic
3488 857 3579 910 est

1925 938 2276 1010 scriptorum
2309 941 2536 1010 notitia,
2568 946 2632 997 ut
2662 942 2891 999 facilius
2924 943 3329 1017 intelligantur
3360 960 3485 1015 qua:
3514 943 3576 999 in

1925 1029 2307 1099 sequentibus
2319 1030 2702 1103 paragraphis
2725 1032 2999 1103 agitanda
3011 1035 3067 1087 et
3078 1031 3579 1088 elucidandasunt

1925 1132 1955 1204 §
1988 1133 2085 1187 IIl.
2118 1135 2365 1202 Quinam
2393 1140 2640 1192 auctores
2669 1138 2723 1192 S.
2786 1138 3017 1194 Joannis
3077 1138 3356 1194 Gualberti
3410 1137 3581 1192 vitam

1994 1206 2319 1281 scripserint
2377 1212 2427 1263 et
2474 1225 2846 1279 quarumnam
2901 1212 3111 1281 scripta
3166 1227 3201 1265 η
3263 1208 3422 1266 nobis
3467 1210 3581 1264 sint

1994 1276 2219 1332 edenda.

1995 1383 2293 1440 Innumeri
2315 1402 2463 1458 pene
2494 1388 2809 1459 scriptores
2842 1388 2913 1443 de
2945 1388 3120 1444 rebus
3150 1406 3184 1444 a
3242 1389 3300 1445 S.
3350 1388 3578 1444 Joanne

1924 1471 2237 1530 Gualberto
2296 1474 2570 1546 praeclare
2628 1478 2808 1549 gestis
2840 1478 3259 1533 meminerunt.
3319 1476 3577 1532 Didacus

1924 1562 2246 1618 Franchius
2276 1570 2410 1619 ante
2436 1565 2699 1635 ejusdem
2732 1566 2929 1621 Sancti
2958 1567 3136 1621 vitam
3197 1584 3231 1621 a
3290 1582 3351 1621 se
3382 1564 3578 1621 Italice

1923 1651 2141 1706 editam
2154 1651 2589 1723 alphabeticum
2603 1656 2800 1726 posuit
2812 1654 3142 1728 catalogum
3157 1654 3580 1726 manuscripto-

1922 1756 2074 1810 rum,
2109 1740 2325 1812 quibus
2353 1741 2412 1795 in
2446 1743 2806 1799 eontexenda
2836 1760 2944 1799 sua
2993 1742 3238 1799 historia
3266 1760 3412 1800 usus
3464 1747 3573 1798 est.

1923 1828 2119 1884 Habeo
2150 1833 2429 1900 praeterea
2460 1830 2790 1903 catalogum
2842 1832 3337 1904 manuscriptum,
3369 1832 3431 1886 in
3461 1847 3577 1904 quo

1922 1920 2129 1989 praeter
2157 1918 2360 1989 viginti
2392 1920 2542 1974 duos
2571 1924 2860 1993 auctores,
2913 1920 3011 1991 qui
3046 1937 3115 1976 ex
3167 1922 3452 1993 professo,
3513 1923 3579 1974 ut

1922 2007 2298 2078 aiunt,vitam
2332 2009 2391 2063 S.
2416 2008 2658 2065 Joannis
2688 2009 2901 2065 litteris
2936 2010 3572 2076 mandarunt,enume—

1924 2100 2129 2150 rantur
2159 2097 2409 2152 sedecim
2443 2098 2670 2170 alii,qui
2701 2116 2768 2154 ex
2789 2100 3090 2155 occasione
3111 2100 3377 2155 eamdem
3399 2099 3578 2155 vitam

1924 2184 2110 2241 obiter
2138 2186 2478 2258 attigerunt.
2514 2187 2838 2259 Praecipuos
2872 2188 3018 2242 mihi
3044 2193 3214 2244 notos
3244 2189 3338 2242 hic
3358 2192 3578 2260 tempo-

1925 2274 2006 2329 ris
2036 2275 2237 2330 ordine
2269 2277 2601 2332 recensebo.
2635 2278 2697 2332 B.
2732 2277 2990 2347 Theuzo,
3022 2278 3078 2332 S.
3126 2276 3371 2333 Joannis
3401 2276 3577 2332 Gual-

1923 2364 2069 2418 berti
2104 2364 2677 2436 discipulus,dicitur
2706 2366 3109 2436 aquibusdam
3146 2365 3375 2437 primus
3392 2366 3579 2421 sancti

1925 2452 2111 2507 Patris
2143 2453 2235 2507 sui
2256 2453 2434 2509 vitam
2464 2454 2792 2527 scripsisse.
2826 2456 2937 2510 Sed
2983 2472 3055 2509 an
3116 2455 3441 2527 genuinum
3500 2454 3579 2509 sit

1924 2545 1987 2595 B.
2015 2541 2347 2598 Theuzonis
2371 2543 2655 2615 scriptum
2681 2543 2999 2598 dubitatD.
3017 2542 3491 2599 AureliusCasari
3516 2541 3576 2596 in

1924 2628 2170 2702 epistola
2201 2648 2353 2686 anno
2388 2631 2546 2703 1692,
2581 2632 2651 2686 ad
2679 2631 3145 2703 Papebrochium
3176 2633 3331 2703 data,
3356 2631 3439 2687 ita
3455 2630 3575 2686 sin-

1923 2735 2050 2775 cere
2080 2719 2421 2792 signiﬁcans
2457 2738 2469 2775 :
2502 2744 2531 2771 «
2568 2722 2763 2776 Inveni
2793 2721 2853 2776 in
2883 2720 3180 2793 aliquibus
3201 2720 3452 2776 archivis
3473 2737 3575 2776 no-

1925 2807 2314 2864 stris...vitam
2347 2809 2655 2865 S.Joannis
2687 2809 2984 2866 Gualberti
3016 2811 3257 2866 Etrusco
3282 2826 3571 2880 sermone,

1924 2899 2094 2969 cujus
2125 2902 2421 2953 auctorem
2451 2898 2589 2953 facit
2608 2899 2929 2954 D.Didacus
2944 2900 3014 2955 de
3044 2898 3291 2955 Franchi
3314 2897 3573 2953 B.Theu-

1923 3003 2149 3058 zonem,
2183 2987 2339 3057 quod
2370 2987 2639 3058 equidem
2674 2987 2831 3043 haud
2864 2988 3033 3045 facile
3066 2988 3338 3044 concedo.
3387 3009 3415 3036 »
3447 2985 3574 3042 Non

1925 3076 2127 3130 dubito
2160 3076 2303 3147 quin
2336 3077 2424 3130 vir
2454 3076 2549 3132 ille
2579 3076 2869 3132 candidus
2897 3077 3165 3133 eruditus
3215 3077 3433 3133 solidas
3461 3075 3571 3131 ba-

147 3165 540 3238 scriptionem
572 3181 641 3219 ex
672 3164 847 3219 citato
879 3166 1152 3218 Actorum
1182 3162 1808 3219 Vallumbrosanorum
1839 3150 1881 3216 C
1921 3164 2115 3220 buerit
2140 3164 2396 3220 rationes
2423 3166 2493 3220 ad
2524 3165 2579 3220 id
2616 3182 2731 3221 non
2767 3166 2932 3221 facile
2963 3166 3574 3223 concedendum.Cum

142 3253 305 3311 libro
340 3257 664 3309 extractam
694 3252 776 3307 ita
806 3252 1006 3308 subdit
1037 3269 1050 3307 :

217 3344 322 3397 21.
358 3365 388 3391 ‹‹
420 3343 664 3415 Lignum
697 3341 755 3396 in
774 3342 1170 3414 primis,quod
1198 3359 1313 3413 pra:
1345 3341 1695 3413 antiquitate
1717 3357 1810 3396 ca-

144 3431 396 3488 riosum
427 3447 492 3486 ac
518 3447 662 3504 pene
694 3436 1033 3503 corruptum
1066 3431 1383 3486 timebatur
1405 3430 1809 3500 solidum,sta-

150 3520 281 3577 bile
316 3524 493 3592 atque
541 3520 600 3574 in
659 3520 825 3576 nulla
853 3524 1016 3592 parte
1060 3520 1328 3574 vitiatum
1374 3524 1666 3591 repertum
1700 3522 1808 3574 est.

140 3609 388 3666 Tabula
423 3609 523 3665 illa
554 3626 734 3681 supra
765 3626 941 3681 quam
970 3609 1031 3664 in
1062 3608 1181 3664 tela
1200 3613 1439 3664 extensa
1458 3608 1650 3680 imago
1677 3608 1815 3663 Cru-

145 3700 313 3755 ciﬁxi
344 3704 439 3755 est
466 3698 644 3771 picta,
676 3699 1203 3771 profundaest,seu
1233 3714 1432 3753 crassa
1461 3701 1550 3753 est
1570 3696 1813 3751 dimidio

143 3794 375 3845 octavae
406 3786 593 3860 partis
622 3786 826 3853 cubiti;
856 3787 985 3858 ejus
1005 3786 1308 3859 longitudo
1322 3803 1424 3842 seu
1447 3785 1691 3841 altitudo
1713 3801 1815 3857 per

142 3880 445 3935 directam
477 3880 567 3932 est
596 3875 774 3932 trium
806 3876 1139 3931 cubitorum
1170 3893 1303 3930 cum
1361 3874 1591 3930 duabus
1628 3873 1815 3930 tertiis

144 3965 771 4041 partibus,longitudo
804 3983 906 4038 per
922 3969 1323 4022 transversum
1343 3970 1431 4020 est
1451 3964 1627 4019 trium
1653 3963 1815 4018 cubi-

144 4062 356 4113 torum
390 4055 682 4112 similium
706 4072 841 4110 cum
873 4055 1103 4111 duabus
1131 4053 1348 4110 octavis
1377 4053 1667 4126 partibus,
1690 4051 1812 4107 lati-

143 4147 297 4202 tudo
326 4144 547 4202 tabulas
578 4148 669 4201 est
699 4146 951 4201 duarum
981 4143 1287 4199 tertiarum
1320 4143 1503 4198 cubiti
1534 4142 1814 4214 partium,

143 4236 255 4292 sed
293 4253 332 4291 a
359 4234 626 4291 brachiis
651 4234 843 4289 crucis
873 4250 1060 4305 usque
1098 4234 1171 4288 ad
1214 4249 1408 4304 genua
1453 4231 1698 4286 latitudo
1729 4235 1820 4286 est

142 4326 340 4381 unius
362 4323 550 4381 cubiti
581 4341 717 4379 cum
749 4327 953 4394 quarta
982 4326 1162 4395 parte.
1189 4322 1251 4376 In
1275 4337 1510 4377 summa
1538 4337 1707 4375 cruce
1730 4322 1819 4374 est

144 4414 367 4471 tabula
402 4412 808 4485 inscriptionis
840 4438 855 4481 ;
887 4413 946 4467 in
980 4412 1100 4467 ima
1128 4427 1261 4466 vero
1295 4414 1456 4482 parte
1483 4426 1625 4465 crux
1646 4408 1821 4464 habet

142 4504 343 4560 veluti
379 4508 643 4559 montem
675 4507 739 4557 ut
770 4503 961 4558 solent
982 4505 1039 4556 et
1067 4499 1255 4572 sculpi
1300 4503 1356 4555 et
1401 4498 1563 4571 pingi
1595 4514 1817 4554 cruces.

146 4594 361 4666 Supra
393 4592 739 4665 hujusmodi
784 4590 1043 4647 tabulam
1094 4589 1427 4646 extenditur
1482 4587 1615 4655 tela,
1648 4604 1827 4658 supra

147 4699 347 4755 quam
385 4682 621 4755 depicta
650 4686 738 4737 est
759 4681 838 4736 im
857 4696 1080 4737 morem
1094 4679 1425 4735 Graecorum
1448 4676 1661 4733 Christi
1683 4676 1824 4731 Jesu

149 4771 439 4829 cruciﬁxi
462 4771 657 4844 imago
689 4771 761 4826 ad
792 4769 1119 4825 naturalem
1143 4767 1512 4823 altitudinem
1545 4766 1823 4831 hominis,

148 4862 258 4917 sed
297 4858 774 4917 carnibusvalde
795 4857 1120 4915 extenuatis
1137 4861 1194 4912 et
1215 4855 1440 4928 capillis
1462 4854 1832 4923 cincinnatis,

149 4957 213 5006 et
242 4967 453 5023 usque
485 4950 557 5005 ad
591 4948 806 5005 collum
840 4948 1151 5020 protensis.
1186 4946 1462 5000 Diadema
1483 4949 1572 5000 est
1601 4945 1835 4999 inaura-

150 5046 296 5096 tum
338 5040 405 5094 in
437 5055 623 5111 eoque
654 5037 860 5110 scripti
892 5035 1334 5108 conspiciuntur
1386 5034 1443 5088 hi
1476 5034 1840 5090 characteres

154 5130 341 5186 LUX.
386 5130 570 5184 [labet
599 5126 901 5183 femoralia
932 5125 1201 5197 oblonga,
1237 5141 1363 5195 quae
1396 5124 1467 5179 ab
1500 5123 1616 5179 illis
1645 5124 1714 5179 ad
1747 5140 1842 5195 ge-

157 5237 297 5275 nus.
329 5218 775 5291 protenduntur
803 5221 861 5271 et
886 5213 1181 5288 plicaleris
1215 5213 1581 5269 tenuissimis
1615 5214 1845 5285 depicta

1918 3259 2115 3310 tamen
2147 3253 2317 3308 nobis
2348 3253 2499 3308 hanc
2526 3253 2705 3308 vitam
2729 3254 2790 3307 in
2814 3254 2973 3309 fonte
2997 3254 3190 3309 videre
3204 3271 3318 3309 non
3341 3252 3574 3308 licuerit

1920 3344 1991 3398 de
2022 3360 2082 3398 re
2104 3341 2616 3415 ignotajudicium
2649 3358 2763 3397 non
2796 3342 3069 3397 feremus.
3366 3408 3391 3418 -

1990 3433 2080 3487 23.
2113 3431 2275 3486 Alter
2302 3431 2566 3501 ejusdem
2606 3435 2661 3483 S.
2694 3430 2883 3485 Patris
2915 3428 3239 3501 discipulus
3274 3433 3363 3484 est
3392 3428 3571 3483 B.An-

1922 3521 2090 3576 dreas
2113 3520 2302 3592 patria
2330 3519 2687 3591 Parmensis,
2705 3520 3157 3592 cognominatus
3187 3520 3257 3573 de
3286 3517 3565 3586 Strumis,

1921 3610 1992 3665 ab
2025 3626 2301 3681 ea,quam
2332 3613 2537 3680 postea
2567 3608 3181 3681 gubernavit,abbatia
3210 3605 3569 3675 Strumensi,

1923 3700 2092 3771 cujus
2123 3700 2298 3754 vitam
2330 3697 2704 3753 illustrarunt
2735 3698 2983 3769 Majores
3015 3696 3199 3753 nostri
3230 3698 3301 3752 ad
3346 3696 3503 3751 diem
3533 3712 3569 3750 x

1923 3788 2143 3844 Martii.
2178 3789 2231 3843 Is
2262 3787 2415 3842 circa
2463 3786 2640 3843 ﬁnem
2690 3785 2885 3842 saeuli
2917 3804 2975 3841 x1
3024 3790 3229 3858 praeter
3274 3785 3454 3841 vitam
3502 3784 3564 3840 S.

1923 3877 2143 3933 Arialdi
2177 3875 2711 3949 martyris,scripsit
2740 3879 2886 3932 Acta
2914 3875 3214 3931 S.Joannis
3243 3873 3562 3931 Gualberti.

1925 3983 2051 4038 quso
2084 3965 2559 4021 dudumlatcntia
2579 3965 2638 4020 in
2655 3964 2843 4021 lucem
2858 3965 3131 4036 produxit
3154 3964 3571 4019 moxlaudatus

1922 4055 2197 4111 Aurelius
2224 4055 2423 4111 Casari
2454 4059 2510 4110 et
2539 4055 2611 4110 ad
2645 4072 2751 4110 nos
2768 4054 3097 4110 transmisit
3116 4070 3250 4108 cum
3274 4052 3575 4108 humanis-

1927 4145 2095 4200 simis
2115 4144 2481 4215 litteris,qum
2514 4143 2865 4199 inventionis
2888 4143 3341 4199 occasionem‘et
3369 4143 3574 4197 chara-

1927 4233 2253 4290 cteristicas
2270 4232 2484 4289 inventi
2500 4233 2759 4289 thesauri
2774 4237 2941 4288 notas
2954 4230 3577 4304 explieant.Proximus

1926 4322 2065 4377 huic
2096 4338 2305 4394 nempe
2330 4322 2521 4377 medio
2553 4323 2785 4378 circiter
2805 4321 3017 4377 saeculo
3040 4324 3313 4392 x11,gesta
3341 4319 3576 4374 S.Joan.

1928 4410 2021 4466 nis
2047 4411 2343 4465 Gualberti
2378 4410 2728 4480 conscripsit
2756 4410 2959 4465 B.Atto
2990 4426 3059 4464 ex
3088 4409 3297 4463 abbate
3325 4405 3582 4461 Vallum-

1856 4523 1900 4587 Β
1932 4500 2183 4555 brosano
2217 4499 2591 4555 Pistoriensis
2624 4498 2956 4570 episcopus,
2990 4498 3160 4568 cujus
3192 4496 3370 4551 vitam
3400 4492 3578 4548 eluci-

1937 4590 2090 4644 davit
2126 4588 2556 4660 Papebrochius
2588 4589 2660 4642 ad
2693 4588 2849 4641 diem
2874 4604 2990 4641 xxu
3022 4585 3177 4640 Maii.
3240 4582 3459 4639 Saeculo
3488 4596 3583 4635 xxv

1935 4677 2199 4748 ejusdem
2232 4676 2427 4732 Sancti
2442 4678 2582 4730 Acta
2607 4693 2639 4729 a
2661 4674 2919 4745 Benigno
2941 4674 3233 4728 Caesenate
3255 4670 3587 4741 conscripta

1942 4766 2121 4821 fuisse
2152 4770 2401 4820 testatur
2422 4764 2692 4819 Aurelius
2713 4762 2906 4818 Casari
2940 4763 2997 4816 in
3023 4760 3298 4834 prmdicta
3314 4756 3583 4831 epistola,

1944 4860 1999 4911 et
2028 4870 2381 4911 enumerans
2396 4853 2553 4908 varia
2575 4851 2939 4907 bibliothecae
2957 4849 3355 4907 Laurentianae
3380 4864 3588 4903 manu-

1948 4945 2168 5017 scripta
2201 4944 2354 4998 inter
2385 4942 2500 4997 alia
2528 4941 2669 4997 dicit
2700 4958 2761 4997 se
2782 4941 3073 4997 invenisse
3099 4962 3126 4991 ‹‹
3156 4941 3335 4995 vitam
3358 4937 3594 4994 S.Joan-

1950 5035 2042 5089 nis
2074 5032 2369 5089 Gualberti
2401 5032 2640 5087 Etrusco
2673 5048 2942 5087 sermone
2972 5029 3328 5087 antecedenti
3363 5026 3592 5083 similli-

1952 5141 2109 5179 mam
2143 5124 2362 5195 (egerat
2394 5123 2464 5177 de
2492 5122 2606 5177 vita
2638 5140 2763 5194 quae
2824 5123 2880 5175 Β.
2939 5120 3234 5176 Theuzoni
3291 5116 3594 5187 tribuitur)

1954 5230 2129 5269 manu
2167 5213 2323 5267 Beati
2355 5212 2415 5267 P.
2449 5212 2768 5283 N.Benigni
2799 5208 3392 5276 Cmscnatis,eremitm
3422 5204 3597 5262 cella-

1956 5320 2086 5358 rum
2118 5318 2232 5372 quo
2266 5302 2322 5356 in
2360 5300 2486 5356 loco
2518 5319 2646 5356 eam
2681 5301 2917 5373 scripsit
2947 5301 3038 5355 die
3070 5315 3132 5353 Ill
3160 5295 3425 5353 Januarii
3449 5311 3601 5351 anno

1957 5391 2363 5448 MCCCLXXIV
2395 5397 2687 5445 exaratam
2698 5391 2777 5460 ,in
2797 5406 2912 5462 qua
2936 5390 3215 5445 abbatum
3240 5385 3601 5460 generalium

159 5314 353 5365 sunt.
394 5315 439 5361 A
472 5308 692 5363 dextris
722 5311 778 5362 et
808 5305 1067 5361 sinistris
1091 5304 1280 5359 crucis
1312 5303 1369 5357 in
1410 5308 1572 5374 parte
1628 5302 1726 5356 illa
1757 5307 1843 5356 ta-

158 5399 340 5455 bula:
382 5397 701 5469 aliquando
729 5395 933 5451 latiore
964 5395 1175 5449 subtus
1205 5391 1446 5448 brachia
1475 5392 1705 5463 depicta
1760 5394 1848 5445 est

154 5486 462 5561 Virginis
492 5488 692 5543 Matris
724 5489 783 5541 et
811 5483 997 5542 sancti
1025 5482 1269 5538 Joannis
1295 5481 1490 5552 imago
1549 5480 1649 5535 sed
1685 5480 1743 5533 in
1775 5480 1846 5533 ﬁ-
1959 5481 2141 5536 Vallis
2173 5480 2469 5536 Umbrosse
2501 5482 2841 5553 Catalogum
2874 5479 3037 5552 ponit
3070 5494 3257 5551 usque
3280 5479 3352 5533 ad
3383 5490 3606 5537 anuum

155 5594 341 5655 gnra
368 5575 692 5635 admodum
721 5591 917 5649 parva.
951 5571 1092 5632 Tela
1120 5588 1253 5631 vero
1296 5574 1437 5645 tota,
1472 5569 1851 5645 potissimum
1961 5569 2392 5631 MCCCLXXIII.
2430 5593 2457 5651 »ξ
2715 5659 2718 5662 ἢ

528 5708 791 5769 Parnm.
837 5700 1096 5765 CXLVI.
3219 5702 3294 5770 23
