4004 6170
129 347 239 409 717

1713 351 1940 414 ACTA.

3415 366 3534 426 718

134 504 160 532 ‹‹
190 482 299 537 bus
323 480 381 535 in
406 479 684 550 locis,ubi
706 481 903 554 aliqua
921 482 1222 556 praesentis
1239 485 1569 556 perantiqui
1591 483 1773 542 libelli
1803 489 1857 554 Α
1889 487 1944 542 in
1971 488 2238 560 praesenti
2259 489 2641 562 exscriptione
2663 491 2757 548 his
2779 493 2965 565 signis
2993 513 3018 545 ‹‹
3036 495 3357 567 obsignavi.
3375 497 3533 554 Folia

132 595 159 620 ‹‹
193 569 846 640 foliadesiderabantur,
863 573 1772 647 posita.»Scriptiosupplementi

131 660 270 715 mihi
303 659 738 716 semimoderna
769 662 1032 730 videtur;
1076 663 1178 718 illa
1207 680 1340 719 vero
1373 663 1589 719 codicis
1621 664 1775 719 anti-

124 749 500 821 quissima,et
520 755 654 805 ante
675 767 894 806 annum
915 751 1159 820 MCLIV,
1174 753 1259 808 vel
1281 757 1432 808 certe
1453 753 1627 825 paulo
1649 757 1777 824 post

125 841 343 911 ipsum,
365 842 428 893 ut
450 838 654 894 multis
680 840 924 911 probare
947 843 1524 914 possem,exscripta.
1541 843 1775 898 Utinam

126 933 178 983 et
206 927 400 1000 lyncei
431 927 583 983 oculi
617 929 791 983 vestri
823 930 1081 986 codicem
1123 931 1298 999 hunc,
1331 949 1462 988 vere
1509 949 1772 999 aureum,

128 1017 419 1089 inspicere
439 1017 720 1098 possent?
749 1035 865 1074 una
888 1036 1116 1075 mecum
1141 1021 1549 1093 antiquitatem
1573 1022 1779 1093 proba-

127 1107 532 1163 retis.Utinam
550 1107 725 1162 talem
747 1125 864 1179 prae
884 1109 1156 1166 manibus
1173 1111 1776 1184 babuissem,quando

126 1197 397 1252 eruditus
426 1196 486 1250 P.
519 1198 818 1253 Conradus
849 1198 1179 1272 Janningus
1211 1200 1291 1270 (ni
1326 1199 1514 1270 fallor)
1560 1201 1674 1256 huc
1705 1200 1776 1256 ad

125 1285 731 1341 Vallem-Umbrosam
759 1287 1026 1357 accessit,
1060 1289 1151 1342 cui
1202 1288 1259 1343 in
1293 1294 1494 1344 nostro
1526 1289 1778 1361 hospitio

126 1375 443 1430 inservisse
472 1373 898 1445 gloriabundus
933 1377 1109 1432 etiam
1144 1395 1299 1432 nunc
1329 1379 1542 1443 exulto,
1576 1395 1778 1433 verum

124 1465 350 1537 et'ipse
399 1464 802 1520 testimonium
852 1465 1151 1521 occulatus
1192 1467 1357 1522 testis
1408 1467 1770 1538 perhiberet!

125 1560 263 1610 Ecce
290 1554 457 1610 vobis
479 1558 536 1609 et
562 1553 730 1609 nobis
752 1553 880 1608 coeli
909 1556 1236 1628 benignitas
1261 1557 1418 1612 favit.
1443 1558 1524 1612 En
1549 1555 1782 1628 praecla-

126 1661 253 1700 rum
276 1643 390 1716 (sie
410 1659 512 1698 vos
538 1642 597 1698 in
626 1642 782 1698 Actis
806 1644 1154 1700 Sanctorum
1177 1645 1270 1700 die
1302 1663 1339 1701 x
1369 1646 1554 1702 Martii
1585 1651 1642 1702 et
1670 1663 1780 1701 xxv

126 1733 251 1789 Maii
277 1732 594 1800 decoratis)
617 1749 764 1804 opus
796 1732 947 1789 beati
968 1735 1231 1805 Andreae,
1261 1751 1408 1806 quos
1439 1753 1540 1790 vos
1571 1735 1779 1791 iisdem

126 1823 334 1878 diebus
359 1821 633 1893 nuspiam
658 1821 894 1893 reperiri
919 1823 1152 1892 doletis,
1173 1824 1494 1879 inventum.
1512 1829 1629 1879 Hoc
1645 1840 1780 1895 ergo

127 1910 570 1984 quamprimum
597 1909 844 1966 fideliter
864 1911 1507 1985 exscribam,vobisque
1533 1929 1633 1985 per
1653 1912 1780 1966 illu-

128 2000 495 2056 strissimum
528 2003 584 2054 et
612 2000 1079 2056 eruditissimum
1110 2001 1297 2056 virum
1321 2008 1377 2057 et
1405 2018 1779 2058 communem

131 2091 392 2144 amicum
426 2089 738 2144 Dominum
770 2089 1091 2145 Antonium
1124 2090 1613 2163 Magliabecbium
1646 2092 1778 2147 mit-

131 2186 243 2234 tam
257 2221 270 2233 .
307 2200 337 2229 »

195 2270 291 2322 30.
321 2267 637 2323 Promissis
660 2267 818 2322 stetit
837 2267 926 2322 vir
946 2267 1415 2325 humanissimus
1438 2275 1495 2325 et
1514 2269 1784 2342 sequenti

133 2375 286 2413 anno
319 2357 498 2412 vitam
532 2357 768 2429 propria
797 2373 975 2412 manu
1007 2357 1359 2430 descriptam
1393 2360 1464 2414 ad
1497 2360 1784 2432 Papebro-

131 2447 332 2502 cbium
364 2446 546 2513 misit,
575 2461 751 2517 quem
783 2446 843 2500 in
875 2445 1120 2518 epistola
1141 2447 1441 2519 scriptioni
1473 2450 1592 2504 sua:
1624 2449 1783 2504 invo-

131 2536 248 2593 luta
267 2536 356 2592 sic
377 2534 714 2607 alloquitur.
739 2558 765 2585 ‹‹
780 2536 984 2591 Virum
1006 2537 1526 2608 occupatissimum
1546 2537 1788 2610 insuper

131 2641 417 2697 occupare
440 2636 570 2680 meo
594 2642 710 2680 non
734 2625 952 2681 inesset
972 2626 1192 2693 animo,
1218 2626 1274 2681 ni
1300 2627 1444 2682 forte
1477 2627 1616 2698 quid
1644 2631 1785 2680 San-

132 2720 361 2770 ctorum
394 2713 635 2769 honoris
665 2718 722 2770 et
751 2713 946 2786 gloriae
979 2715 1411 2786 prameditarer
1439 2720 1496 2770 et
1527 2715 1785 2770 Paterni-

131 2805 229 2860 tati
267 2804 338 2858 V.
377 2807 441 2857 Β.
475 2807 710 2875 gratum
741 2804 908 2860 foret.
947 2804 1026 2858 En
1074 2803 1238 2859 vobis
1282 2821 1430 2860 nova
1460 2805 1784 2876 occupatio,

133 2895 267 2950 dum
302 2892 471 2948 hisce
500 2891 711 2948 litteris
745 2909 838 2948 me
865 2893 1029 2948 vobis
1061 2897 1406 2964 praesentem
1438 2893 1704 2958 exhibeo,
1727 2894 1787 2947 in

133 2983 416 3038 manibus
441 2983 744 3036 inventum
766 2981 1110 3038 thesaurum
1133 2987 1450 3054 tenentem,
1473 2987 1529 3038 et
1551 2984 1792 3038 offeren-

135 3078 248 3128 tem
309 3072 494 3126 vitam
546 3072 604 3126 S.
660 3072 718 3125 P.
777 3071 844 3128 N.
894 3071 1139 3126 Joannis
1187 3071 1504 3143 Gualberti,
1557 3076 1791 3127 auctore

141 3163 201 3216 B.
234 3161 478 3216 Andrea
523 3161 732 3215 abbate
763 3161 1112 3229 Strumensi,
1155 3178 1331 3232 quam
1389 3161 1635 3216 fideliter
1691 3162 1789 3217 de-

1890 600 1916 625 «
1950 579 2216 648 quaedam
2240 579 2682 647 desiderantur;
2718 581 2846 637 ideo
2875 599 2945 638 ne
2977 583 3206 640 mireris
3237 586 3321 640 sic
3343 587 3529 642 ﬁniat.

1887 691 1911 714 ‹‹
1949 667 2110 729 Quod
2141 673 2338 738 postea
2367 673 2706 725 retractans.
2740 695 2758 718 υ
2797 672 3164 744 Ecgraphum
3192 675 3408 730 Aurelii
3432 678 3532 731 Ca-

1886 755 2001 810 sari
2035 773 2192 811 more
2221 762 2418 812 nostro
2447 758 2505 812 in
2539 775 2816 814 numeros
2838 761 3216 818 distributum
3252 764 3344 819 hic
3376 765 3531 837 typis

1886 845 2322 911 mandabimus,
2355 852 2412 901 et
2444 847 2938 919 supplementum,
2972 851 3127 921 quod
3167 852 3290 923 ipse
3320 853 3527 925 signis,

1886 933 2173 1002 distinxit,
2208 952 2313 990 nos
2345 936 2513 991 uncis
2555 937 2609 1007 Η
2649 937 3038 994 includemus.
3075 961 3097 989 ι

1991 1024 2044 1076 2.
2081 1022 2245 1078 Hisce
2305 1028 2365 1078 B.
2413 1025 2624 1080 Andra:
2668 1026 2830 1081 Actis
2887 1027 3305 1098 subjungimus
3335 1031 3527 1086 Vitam

1884 1116 1940 1166 S.
1971 1112 2216 1168 Joannis
2246 1112 2543 1168 Gualberti
2597 1131 2631 1168 a
2679 1116 2740 1168 B.
2776 1117 2978 1171 Attone
3025 1116 3296 1189 episcopo
3345 1117 3528 1174 Pisto-

1888 1201 2065 1256 riensi
2085 1201 2502 1274 conscriptam;
2528 1220 2655 1273 quae
2675 1205 2943 1276 quamvis
2965 1210 3030 1260 ut
3050 1205 3372 1278 plurimum
3395 1225 3529 1263 cum

1888 1290 2233 1361 praecedenti
2262 1291 2588 1361 conveniat,
2613 1297 2807 1348 tamen
2831 1295 2970 1365 quia
2991 1295 3241 1367 amplior
3270 1302 3360 1352 est
3387 1302 3442 1352 et
3471 1297 3529 1352 in

1889 1379 2243 1449 quibusdam
2279 1379 2517 1450 paulum
2551 1382 2743 1436 dilfert
2774 1382 2948 1452 (hanc
2987 1384 3439 1456 discrepantiam
3473 1387 3532 1441 in

1887 1469 2194 1524 Annotatis
2217 1470 2679 1541 observabimus)
2698 1471 2869 1526 etiam
2894 1471 3125 1528 lectoris
3143 1473 3325 1528 oculis
3348 1476 3532 1546 subji-

1889 1558 2154 1614 ciendam
2177 1575 2303 1614 esse
2327 1559 2688 1627 censuimus,
2717 1564 2888 1632 prout
2913 1578 3040 1616 eam
3069 1562 3252 1617 edidit
3270 1563 3535 1620 Mabillo-

1890 1646 2025 1702 nius
2057 1664 2185 1702 saec.
2218 1665 2274 1703 v1
2304 1648 2695 1719 Benedictino,
2730 1654 2893 1721 parte
2920 1653 2974 1721 2,
3007 1667 3138 1723 pag.
3171 1653 3298 1721 268,
3332 1651 3536 1708 relicta

1889 1736 2143 1791 editione
2175 1736 2439 1792 Romana
2458 1737 2738 1792 Thesauri
2766 1738 2932 1806 Velii,
2957 1756 3082 1810 qua:
3116 1742 3397 1796 mendosa
3425 1745 3533 1810 est,

1894 1829 1957 1880 ut
1976 1825 2112 1895 jure
2144 1826 2350 1880 merito
2377 1827 2754 1897 conqueritur
2772 1827 3043 1884 Aurelius
3073 1830 3270 1884 Casari
3301 1829 3410 1885 hac
3439 1848 3534 1887 ex-

1891 1915 2239 1970 clamatione
2273 1931 2286 1971 :
2342 1935 2364 1962 ι
2398 1918 2583 1980 Quam
2614 1933 2824 1972 manca
2868 1921 2924 1972 et
2970 1917 3180 1974 mutila
3209 1923 3298 1974 est
3325 1921 3445 1975 vita
3475 1922 3534 1976 S.

1889 2003 2128 2058 Joannis
2159 2003 2454 2058 Gualberti
2487 2009 2722 2060 auctore
2751 2007 2805 2060 S.
2837 2006 3106 2073 Attbone,
3142 2008 3297 2079 typis
3326 2025 3539 2064 excusa

1894 2093 2088 2147 Romze
2121 2109 2271 2147 anno
2306 2092 2557 2147 MDCXII
2585 2093 2595 2146 !
2634 2115 2662 2144 »
2696 2094 2766 2148 Ut
2794 2094 2966 2149 etiam
3000 2095 3180 2166 hujus
3210 2097 3362 2152 beati
3395 2097 3538 2153 scri-

1892 2181 2075 2253 ptoris
2124 2181 2442 2236 auctoritas
2499 2182 2844 2249 innotescat,
2887 2183 3106 2253 placuit
3151 2183 3356 2240 laudes
3404 2186 3454 2240 ei
3505 2203 3539 2240 a

1893 2271 2398 2341 contemporaneis
2421 2271 2587 2326 datas
2615 2287 2920 2342 excerpere
2944 2288 3012 2326 ex
3041 2272 3277 2339 litteris,
3300 2289 3426 2344 qua:
3455 2274 3537 2328 le-

1895 2365 2113 2432 guntur
2127 2360 2277 2430 apud
2298 2359 2606 2430 Ugbellum
2627 2364 2783 2415 tomo
2798 2360 2872 2415 III
2890 2360 3066 2416 Italia
3085 2361 3396 2432 sacrae,col.
3413 2363 3537 2419 363.

1898 2449 1995 2504 ubi
2025 2448 2345 2520 Raynerius
2376 2447 2694 2503 canonicus
2716 2448 2869 2504 inter
2898 2448 3012 2504 alia
3043 2450 3126 2504 sic
3159 2450 3270 2522 ipsi
3301 2451 3541 2507 scribit:

1899 2561 1926 2588 «
1958 2539 2092 2592 Tuae
2124 2538 2308 2593 virtus
2340 2537 2686 2593 innocentiae
2728 2555 2761 2592 a
2792 2554 2884 2593 me
2914 2538 3211 2594 laudanda
3241 2539 3406 2604 foret,
3442 2540 3543 2594 sed

1897 2627 2068 2682 timui
2103 2627 2303 2682 laudes
2343 2621 2696 2682 diminuisse
2726 2630 2876 2682 tuas.
2913 2631 3174 2683 Romana
3207 2644 3461 2700 namque
3491 2632 3549 2684 et

1897 2715 2230 2788 Apostolica
2257 2715 2455 2785 Sedes,
2480 2715 2621 2770 dum
2653 2715 2913 2771 studium
2944 2720 3196 2772 tenerem
3232 2717 3547 2780 Quintonio

1898 2806 1957 2859 in
1987 2803 2217 2876 Anglia,
2240 2807 2464 2858 tantam
2497 2811 2608 2858 tuae
2641 2804 2907 2876 prorupit
2937 2804 3170 2860 laudem
3197 2804 3546 2861 excellentia:

1899 2895 1958 2948 in
1975 2893 2138 2949 curia
2156 2892 2421 2965 praesulis
2436 2891 2948 2956 Quintoniensium
2966 2910 3068 2965 per
3080 2894 3390 2949 Dominum
3408 2894 3548 2950 Mat-

1901 2983 2120 3038 thmum
2151 2982 2465 3037 Diaconum
2490 2986 2546 3036 et
2567 2981 2932 3038 Cardinalem
2960 2984 3144 3038 sancti
3168 2983 3429 3056 Georgii:
3454 2983 3548 3038 In-

1903 3075 2234 3143 terrogatus
2265 3089 2298 3126 a
2328 3087 2420 3126 me
2452 3072 2522 3125 de
2555 3075 2764 3127 nostrae
2796 3077 2851 3127 et
2875 3073 3145 3127 Romana:
3179 3077 3332 3128 statu
3367 3073 3546 3128 eccle—

1902 3161 2022 3225 siae,
2046 3160 2265 3227 dicens,
2291 3160 2444 3230 quod
2471 3159 2733 3214 Romana
2754 3165 2810 3214 et
2835 3161 3168 3231 Apostolica
3190 3162 3358 3217 sedes
3381 3163 3550 3217 beata

134 3251 373 3322 scripsi,
401 3254 466 3304 ut
496 3249 832 3304 testimonio
863 3250 1082 3304 ibidem
1115 3250 1380 3321 apposito
1410 3251 1673 3306 evincere
1702 3251 1788 3305 fas
1820 3233 1862 3300 C
1902 3250 2068 3316 foret,
2102 3249 2150 3303 si
2202 3248 2288 3303 tui
2336 3249 2647 3303 duceretur
2694 3249 3094 3304 moderamine
3145 3249 3552 3320 gubernaculi,

133 3346 240 3396 est.
266 3339 463 3409 Hujus
487 3339 642 3394 beati
664 3338 965 3410 scriptoris
997 3341 1312 3394 auctoritas
1339 3357 1451 3411 pra:
1476 3339 1605 3394 aliis
1635 3339 1786 3393 aesti-

133 3429 366 3483 manda
389 3431 495 3494 est,
520 3431 713 3500 utpote
740 3428 839 3498 qui
873 3428 1279 3482 beatissimum
1307 3428 1700 3483 Patriarcham
1731 3431 1791 3482 et

127 3521 193 3571 Β.
221 3515 596 3588 Discipulum
619 3521 940 3572 Teuzonem
975 3521 1031 3572 et
1052 3517 1279 3588 aliquos
1301 3517 1402 3588 qui
1426 3518 1484 3572 in
1521 3517 1636 3572 vita
1665 3533 1785 3572 me-

130 3610 462 3672 morantur,
489 3606 728 3661 noverit.
757 3608 885 3676 Ipso
914 3605 1225 3670 scribente,
1251 3605 1442 3660 adhuc
1472 3605 1700 3660 vivebat
1721 3610 1783 3659 Β.

131 3697 351 3762 Teuxo,
379 3694 464 3750 uti
486 3699 736 3751 testatur
761 3695 854 3750 bis
883 3695 1094 3750 verbis.
1131 3718 1158 3746 ‹‹
1182 3694 1432 3750 Venerat
1461 3696 1615 3750 inter
1635 3699 1787 3750 cete-

135 3808 160 3833 u
194 3802 292 3842 ros
323 3786 540 3853 Teuzo,
564 3783 663 3854 qui
693 3783 886 3838 adhuc
919 3786 1205 3855 superest,
1229 3783 1597 3838 venerandus
1627 3787 1790 3854 pater

136 3898 158 3920 ει
191 3878 251 3929 et
282 3889 486 3931 senex.
514 3894 543 3921 »
574 3871 817 3927 Vivebat
845 3876 902 3927 et
932 3871 1028 3928 ille
1047 3873 1302 3928 Joannes
1333 3871 1788 3942 antiquissimus

137 3963 330 4029 frater,
365 3964 439 4018 de
471 3978 588 4034 quo
618 3961 723 4016 sic.
773 3983 800 4011 ‹‹
833 3961 994 4024 Quod
1028 3960 1124 4017 ille
1154 3961 1344 4016 adhuc
1375 3965 1674 4033 superstes
1706 3960 1790 4015 sic

138 4076 162 4098 α
196 4058 398 4108 actum
432 4051 635 4119 fuisse,
668 4055 725 4106 et
753 4049 873 4121 illa,
907 4067 1032 4122 quae
1064 4050 1336 4122 superius
1367 4051 1642 4117 diximus,
1664 4049 1792 4104 viva

143 4164 166 4188 «ι
197 4159 338 4198 voce
369 4144 660 4208 testatur;
693 4144 751 4195 et
794 4157 909 4194 non
941 4139 1133 4195 solum
1167 4139 1287 4205 illa,
1322 4141 1419 4195 sed
1455 4142 1631 4196 etiam
1664 4156 1790 4210 quae

140 4230 452 4287 «inferius
503 4229 953 4300 subjungemus.
987 4251 1015 4279 »
1065 4229 1391 4284 Occurrunt
1435 4233 1492 4283 et
1544 4229 1614 4283 de
1664 4227 1794 4283 aliis

138 4320 407 4393 exempla
426 4317 664 4386 similia,
689 4322 754 4373 ut
781 4319 812 4390 §
835 4318 911 4374 Eo
934 4323 1213 4390 tempore,
1235 4321 1366 4387 etc.,
1387 4334 1563 4389 prope
1584 4317 1792 4384 finem;

136 4415 188 4462 et
216 4412 242 4477 ξ
273 4409 447 4473 Quod
481 4407 797 4462 scribimus
846 4424 880 4462 a
926 4407 1241 4462 venerabili
1275 4408 1448 4461 fratre
1481 4405 1795 4460 didicimus

138 4501 363 4555 Joanne
393 4516 408 4565 ;
441 4502 499 4553 et
527 4496 557 4568 §
586 4495 730 4552 Vere
759 4512 874 4551 non
909 4496 1123 4565 solum,
1158 4518 1185 4545 ››
1218 4499 1326 4550 etc.

1897 3339 2050 3409 quod
2079 3354 2170 3393 me
2192 3335 2346 3392 ultra
2367 3353 2542 3407 quam
2571 3337 2684 3391 diei
2708 3337 2890 3407 possit
2920 3337 3269 3392 lmtaﬁcavit.
3302 3360 3330 3386 »
3352 3338 3550 3393 Hono-

1897 3427 2127 3482 riﬁcum
2153 3426 2446 3481 enimvero
2474 3424 2748 3496 elogium.
2770 3425 2827 3479 Si
2852 3426 2985 3495 quis
3011 3425 3181 3497 plura
3203 3426 3371 3493 volet,
3395 3427 3525 3497 lega

1896 3517 2024 3586 ejus
2059 3515 2251 3570 Vitam
2284 3515 2342 3568 in
2372 3513 2530 3568 Actis
2561 3514 2778 3569 nostris
2808 3531 2923 3568 xxu
2956 3514 3113 3570 Maii.

1903 3594 1908 3598 ’
1966 3605 2055 3658 33.
2089 3603 2524 3675 Papebrochius
2549 3602 2785 3674 quidem
2814 3603 2872 3657 in
2895 3602 3056 3658 illius
3079 3603 3210 3659 Vita
3232 3604 3303 3658 ad
3329 3603 3486 3658 dicta
3510 3620 3567 3658 m

1898 3693 2052 3747 diem
2077 3692 2369 3747 illustrata
2392 3691 2728 3762 suspicatus
2751 3691 2962 3760 fuerat,
2985 3691 3050 3746 B.
3073 3693 3336 3746 Attonem
3369 3693 3567 3762 patria

1897 3783 2208 3837 Pecensem
2231 3797 2379 3847 esse,
2405 3795 2471 3835 eo
2493 3780 2648 3851 quod
2681 3779 2738 3834 in
2772 3780 3162 3835 instrumento
3187 3781 3443 3851 quodam
3473 3780 3564 3834 ita

1899 3876 2163 3926 notatum
2196 3869 2531 3924 invenisset.
2567 3893 2592 3917 ‹‹
2631 3870 2746 3941 Ego
2771 3870 2860 3924 Fr.
2883 3871 3017 3924 Atto
3042 3869 3558 3925 Pecenmonacbus

1900 3964 1956 4016 et
1977 3961 2170 4015 dictus
2189 3959 2564 4014 Pistoriensis
2585 3958 2920 4030 episcopus,
2935 3958 3074 4013 huic
3089 3959 3252 4014 Brev1
3271 3959 3560 4013 firmando

1901 4050 2227 4122 subscripsi
2260 4053 2315 4104 et
2345 4047 2490 4102 illud
2525 4047 2648 4103 fieri
2682 4047 2876 4118 rogavi
2910 4064 3044 4102 cum
3081 4048 3243 4102 omni
3273 4049 3426 4102 bona
3459 4063 3562 4102 vo-

1903 4138 2146 4194 luntate.
2178 4137 2506 4200 »,Eruditus
2529 4138 2589 4192 D.
2613 4135 2868 4192 Joannes
2887 4135 3158 4191 Aurelius
3181 4134 3400 4202 Casari,
3419 4135 3565 4190 lecta

1907 4229 2015 4283 hac
2036 4226 2419 4298 Papebrochii
2446 4226 2802 4297 conjectura,
2829 4242 2984 4281 anno
3011 4226 3140 4280 1691
3171 4225 3241 4280 ad
3265 4241 3401 4280 eum
3433 4224 3571 4280 scri-

1910 4317 2028 4388 psit
2053 4315 2111 4370 in
2137 4315 2296 4370 hunc
2321 4316 2559 4370 modum
2589 4331 2602 4368 :
2634 4339 2661 4364 ‹‹
2693 4319 2770 4369 Ex
2799 4314 2906 4370 hac
2933 4314 3297 4385 peroratione
3324 4315 3384 4368 S.
3409 4316 3567 4369 Atto-

1913 4405 2055 4460 nis»
2087 4403 2372 4475 (loquitur
2393 4405 2463 4459 de
2489 4403 2715 4476 epilogo
2737 4403 2866 4458 vitae
2890 4403 3278 4458 Gualbertinze
3306 4420 3340 4457 a
3360 4418 3423 4457 se
3445 4401 3564 4472 pri-

1913 4511 2077 4548 mum
2112 4493 2366 4561 invento,
2404 4508 2576 4564 quem
2611 4496 2813 4563 postea
2841 4491 3162 4561 dabimus),
3219 4510 3246 4542 α
3276 4495 3333 4545 et
3370 4489 3564 4560 ipsius

204 4589 294 4643 3t.
331 4588 589 4643 Demum
623 4586 764 4642 Vitae
798 4603 832 4640 a
861 4602 923 4642 se
953 4586 1253 4656 exscripta;
1284 4584 1392 4640 hoc
1423 4583 1684 4638 annectit
1714 4587 1796 4638 te-
1838 4605 1884 4669 D
1918 4581 2238 4637 Memoriali
2275 4583 2400 4651 jam
2435 4579 2600 4669 vobis
2647 4597 2757 4669 per,
2798 4584 2860 4633 P.
2917 4579 3010 4669 1).Δ
3035 4578 3337 4632 Placidum
3368 4577 3567 4669 foltri

142 4678 492 4733 stimonium
516 4693 529 4730 :
557 4697 585 4724 «
611 4676 726 4746 Ego
750 4675 1013 4730 Domnus
1032 4675 1290 4729 Joannes
1310 4673 1580 4728 Aurelius
1609 4672 1808 4729 Casari

143 4764 678 4823 biero-monachus
708 4764 943 4819 Ordinis
987 4769 1043 4819 et
1072 4761 1562 4834 Congregationis
1593 4761 1808 4816 Vallis-

147 4853 450 4911 Umbrosm
484 4854 542 4908 in
575 4854 816 4909 veritate
865 4853 1159 4925 profiteor,
1194 4869 1286 4907 me
1336 4851 1807 4922 suprascriptam

144 4942 338 5000 Vitam
369 4945 432 5000 S.
459 4948 522 4998 P.
546 4943 614 4997 N.
637 4943 881 4998 Joannis
904 4941 1201 4998 Gualberti
1231 4945 1466 4996 auctore
1497 4942 1668 4996 beato
1690 4942 1803 4995 An-

141 5033 280 5088 drea
308 5034 548 5099 abbate,
576 5031 824 5088 fideliter
844 5031 1224 5103 exscripsisse
1248 5047 1313 5086 ac
1340 5029 1744 5101 desumpsisse
1778 5047 1811 5084 a

142 5123 404 5192 pretioso
439 5121 696 5194 quodam
731 5121 1130 5192 manuscripto
1161 5120 1485 5192 pecudineo
1517 5120 1812 5191 antiquis-

143 5212 320 5278 simo,
344 5211 508 5282 quod
544 5227 702 5265 nunc
726 5226 857 5266 mea
877 5209 1111 5282 quidem
1143 5208 1440 5264 industria
1462 5208 1520 5262 in
1546 5208 1814 5264 Archivio

145 5298 665 5356 Vallis-Umbrosis
697 5303 980 5354 servatur.
1008 5297 1179 5352 Liber
1199 5302 1287 5353 est
1311 5297 1366 5351 in
1394 5301 1596 5352 octavo
1622 5297 1728 5366 (vel
1753 5302 1818 5352 ut

141 5395 280 5445 ante
311 5389 549 5444 dixerat
580 5392 786 5460 quarto
817 5387 1052 5459 minori)
1100 5386 1310 5442 litteris
1347 5387 1494 5441 bene
1524 5386 1815 5454 formatis,

145 5479 246 5534 sed
274 5479 338 5534 in
366 5479 767 5552 ferrugineum
791 5477 1042 5534 colorem
1071 5493 1185 5547 pre
1208 5475 1560 5547 antiquitate
1589 5479 1812 5531 verten-

145 5568 340 5622 tibus.
381 5566 568 5622 Habet
597 5566 736 5624 folia
766 5568 852 5621 48.
886 5566 1150 5621 Primum
1183 5570 1240 5620 et
1267 5565 1595 5621 secundum
1629 5565 1821 5619 conti-

146 5662 293 5716 nent
308 5657 912 5731 supplementum,sic
929 5661 985 5715 et
1001 5657 1314 5731 septimum
1335 5660 1391 5713 et
1407 5655 1816 5727 nonum,quod

1921 4669 2294 4735 transmisso,
2318 4669 2375 4722 in
2402 4667 2621 4738 quibus
2647 4668 2935 4737 utrisque,
2959 4666 3048 4719 vir
3063 4669 3304 4720 sanctus
3326 4665 3423 4718 ubi
3457 4664 3572 4718 hoc

1916 4758 2085 4812 titulo
2104 4757 2389 4829 gloriatur
2412 4772 2695 4810 przccxron
2720 4770 3043 4823 MONACIIUS,
3062 4752 3283 4824 liquido
3305 4758 3568 4824 apparet,

1916 4848 2093 4902 verba
2123 4847 2280 4900 illius
2303 4844 2682 4900 instrumenti
2716 4860 2818 4914 per
2847 4860 2946 4898 vos
2973 4843 3044 4898 ad
3073 4843 3227 4897 diem
3260 4860 3393 4898 xxiv
3427 4842 3568 4896 Maii

1919 4936 2182 5005 recitata,
2211 4934 2449 4989 scilicet.
2479 4934 2590 5004 Ego
2614 4934 2811 4988 Frater
2834 4937 2962 4988 Atto
2990 4933 3191 4988 Peeen.
3218 4931 3566 5001 monachus,

1921 5043 2036 5080 non
2065 5025 2148 5080 sic
2172 5023 2436 5095 legenda,
2459 5027 2523 5077 ut
2548 5026 2754 5077 sonent
2776 5022 3066 5088 Pecensis,
3088 5021 3176 5076 vel
3201 5026 3264 5075 ut
3286 5021 3416 5076 aliis
3440 5021 3568 5092 pla-

1922 5119 2030 5184 cet,
2062 5113 2356 5179 Pacensis,
2391 5113 2492 5168 sed
2547 5128 2849 5177 psccx'roa,
2884 5116 2949 5166 ut
2992 5127 3170 5182 supra
3223 5110 3282 5164 in
3335 5125 3570 5180 perora-

1923 5203 2082 5258 tione
2112 5207 2170 5258 et
2191 5199 2533 5257 Memoriali.
2559 5201 2652 5256 Sic
2685 5200 2870 5255 sentio
2903 5217 3008 5272 ego
3038 5200 3103 5254 D.
3127 5199 3217 5254 Jo.
3244 5203 3310 5252 A.
3336 5198 3434 5268 qui
3469 5214 3570 5252 su-

1925 5310 2050 5364 pra,
2085 5290 2248 5347 salva
2279 5296 2475 5345 tamen
2508 5306 2739 5361 semper
2785 5289 2845 5344 in
2899 5289 3175 5343 omnibus
3222 5286 3570 5341 auctoritate

1926 5386 2136 5437 vestra.
2173 5402 2200 5429 »
2233 5381 2375 5435 Cum
2408 5395 2475 5434 ea
2504 5378 2742 5451 legisset
2768 5377 3224 5450 Papebrochius,
3253 5377 3451 5431 statim
3483 5376 3599 5445 vir,

1928 5469 2406 5535 candidissimus,
2434 5472 2490 5523 et
2519 5467 2590 5522 ad
2614 5483 2839 5522 errores
2861 5482 2998 5521 suos
3021 5465 3394 5537 corrigendos
3418 5479 3575 5520 sem-

1930 5577 2032 5634 per
2079 5557 2577 5632 promptissimus,
2631 5557 2848 5628 scripta
2899 5555 3112 5612 scheda
3159 5560 3215 5611 et
3267 5556 3338 5611 ad
3395 5555 3575 5610 vitam

1933 5655 1996 5710 B.
2048 5653 2282 5710 Attonis
2331 5652 2523 5720 affixa,
2573 5649 2908 5723 opinionem
2953 5651 3020 5707 D.
3069 5651 3310 5710 Joannis
3362 5650 3580 5708 Aurelii
