4030 6164
538 341 653 402 719

1588 340 1653 398 S.
1697 339 2023 399 JOANNIS
2071 339 2520 399 GUALBEItTI
2565 340 2903 400 ABBATIS

3774 355 3868 413 720

531 473 729 529 Casari
766 476 1047 542 tanquam
1080 468 1529 540 probabiliorem
1560 470 1865 542 amplexus
1896 475 2003 534 est,
2034 476 2089 525 et
2120 470 2178 525 in
2210 475 2263 539 Α
2293 471 2542 525 breviter
2574 474 2875 527 tractanda
2909 475 3016 527 est.
3046 471 3298 526 Didaeus
3347 472 3644 531 Franchius
3686 478 3734 533 in
3776 482 3867 538 vita

529 563 688 619 dicta
720 561 935 616 scheda
963 564 1174 631 praeter
1196 559 1311 615 alia
1342 559 1423 615 sic
1444 560 1689 615 candide
1720 565 1883 615 notat
1912 577 1924 614 :
1962 584 1987 608 ί(
2016 565 2179 615 Hunc

527 666 670 706 sane
692 666 806 704 non
826 649 1103 721 exiguum
1123 650 1375 704 fructum
1398 649 1667 704 existimo
1690 649 1968 721 propositi
1988 649 2177 713 dubii,

528 738 760 793 etiamsi
785 755 887 809 per
914 738 1023 795 hoc
1053 740 1370 811 contingat,
1397 744 1654 793 nostram
1679 755 1913 810 quoque
1935 739 2005 793 de
2028 740 2173 793 San-

530 828 607 883 cti
629 828 817 899 patria
839 829 1233 899 conjecturam
1256 845 1456 884 ruere:
1483 845 1585 883 nec
1607 829 1761 883 enim
1786 828 1929 882 tales
1952 827 2176 881 diutius

529 916 721 973 valere
745 917 1036 988 volumus,
1060 935 1237 989 quam
1260 919 1412 988 quod
1445 918 1679 972 aliunde
1706 917 2062 986 refellantur,
2087 916 2172 971 vel

530 1007 743 1063 melius
765 1008 1065 1079 quidpiam
1091 1007 1504 1063 substituatur.
1528 1030 1553 1056 ω
1582 1012 1699 1062 Hoc
1722 1007 2037 1061 candidum
2058 1007 2175 1059 Ma-

531 1097 698 1168 gistri
730 1097 913 1151 nostri
941 1097 1270 1167 exemplum
1310 1096 1527 1150 imitari
1570 1094 1859 1165 volumus,
1896 1095 2081 1149 sicubi
2140 1112 2173 1148 a

530 1202 662 1241 vero
687 1187 1046 1242 aberremus.
1072 1186 1199 1243 Haec
1224 1202 1291 1240 ex
1311 1186 1611 1241 occasione
1633 1185 1786 1239 dicta
1808 1189 2015 1253 sunto;
2044 1184 2169 1253 jam

530 1276 602 1329 ad
633 1276 999 1346 propositum
1031 1280 1297 1330 nostrum
1341 1275 1669 1329 redeamus.

596 1366 684 1420 34.
709 1366 842 1420 Post
858 1370 1046 1420 utram
1057 1382 1169 1437 que
1181 1364 1523 1419 hachitam
1544 1362 1717 1433 prmio
1733 1360 2169 1416 committemus

522 1455 581 1509 S.
613 1454 858 1510 Joannis
889 1453 1187 1509 Gualberti
1222 1452 1523 1513 miracula,
1558 1452 1628 1506 ab
1677 1452 2021 1521 Hieronymo
2056 1450 2163 1503 Ra-

517 1543 762 1600 diolensi
779 1544 1100 1611 collecta,et
1111 1542 1459 1598 Henschenii
1477 1540 1970 1613 Papebrochiique
1986 1556 2117 1593 man
2130 1557 2162 1592 ιι

512 1632 910 1704 descripta,de
934 1632 1149 1705 quibus
1172 1633 1230 1687 in
1255 1633 1545 1703 saepejam
1572 1635 1893 1685 memorata
1914 1627 2163 1699 epistola

512 1721 596 1777 sic
626 1721 803 1777 habet
832 1721 1106 1776 Aurelius
1136 1721 1329 1776 Casari
1364 1738 1374 1773 :
1430 1744 1455 1769 ‹‹
1493 1719 1685 1774 Inveni
1731 1720 1879 1772 duos
1928 1718 2156 1770 codices

512 1811 652 1865 Mss.
686 1810 1038 1881 pecudineos
1088 1826 1215 1864 vere
1264 1807 1657 1879 autographos
1706 1806 1771 1860 D.
1822 1805 2155 1875 Hieronymi

530 1898 915 1964 Radiolensis,
951 1914 1160 1968 nempe
1193 1896 1477 1951 miracula
1508 1896 1564 1949 S.
1598 1894 1842 1951 Joannis
1874 1893 2171 1948 Gualberti

523 1990 581 2041 et
609 2002 907 2042 sermones
934 1987 1200 2057 ejusdem
1224 1985 1574 2057 Hieronymi,
1600 1985 1657 2038 in
1684 1984 1897 2055 quibus
1926 1983 2176 2037 breviter

528 2076 649 2131 vita
669 2077 727 2131 S.
751 2076 993 2131 Joannis
1016 2075 1312 2131 Gualberti
1348 2074 1642 2142 inseritur,
1669 2075 1725 2127 in
1751 2073 1919 2142 cujus
1953 2071 2065 2126 fine
2090 2072 2173 2128 sic

528 2165 820 2221 habetur:
876 2166 987 2221 Iste
1037 2164 1184 2221 liber
1233 2170 1320 2219 est
1379 2164 1492 2218 mei
1552 2162 1776 2218 Domini
1838 2162 2173 2232 Hieronymi

532 2254 769 2311 Prioris.
805 2278 833 2305 ››
883 2255 953 2310 Ut
992 2258 1185 2310 autem
1218 2254 1398 2309 lector
1431 2254 1607 2324 hujus
1639 2252 1964 2307 collectoris
1997 2252 2171 2305 fidem

530 2346 923 2417 pietatemque
954 2345 1200 2411 noverit,
1231 2343 1479 2398 breviter
1508 2342 1657 2397 addo
1707 2346 1928 2413 partem
1977 2339 2170 2410 elogii,

527 2435 683 2505 quod
718 2434 1053 2489 Vincentius
1083 2433 1305 2489 Simius
1344 2434 1401 2487 in
1450 2430 1716 2502 Catalogo
1747 2429 2003 2484 virorum
2034 2428 2169 2481 illu-

528 2523 739 2577 strium
770 2521 1246 2593 Congregationis
1278 2519 1783 2577 Vallis-Umbrosm
1816 2520 1885 2573 ad
1920 2518 2168 2572 litteram

524 2610 571 2665 H
595 2626 727 2682 pag.
750 2611 871 2678 134,
893 2610 976 2665 sic
996 2610 1389 2666 concinnavit:
1420 2631 1445 2661 (ι
1465 2610 1851 2679 Hieronymus
1870 2606 2169 2661 Radiolen-

526 2699 610 2753 sis
660 2698 821 2754 Prior
868 2698 1177 2753 abbatialis
1211 2698 1397 2753 sancti
1430 2698 1639 2753 Donati
1670 2697 1729 2750 in
1760 2696 1983 2761 Vincla,
2018 2697 2170 2749 inter

523 2788 839 2859 scriptores
850 2786 1370 2843 Vallumbrosanos
1386 2786 1551 2841 valde
1570 2785 1835 2851 celebris,
1854 2783 2087 2855 scripsit
2108 2784 2166 2837 in

526 2875 733 2947 primis
781 2877 959 2932 vitam
1010 2877 1190 2931 beata:
1236 2875 1426 2931 Mariae
1478 2873 1755 2944 Virginis,
1806 2890 1942 2944 erga
1988 2888 2165 2942 quam

524 2964 855 3020 tenerrima:
898 2964 1221 3021 devotionis
1271 2964 1479 3019 affectu
1538 2966 1662 3017 erat
1717 2960 2162 3018 inflammatus:

526 3052 734 3108 deinde
767 3053 1048 3109 miracula
1076 3054 1264 3109 sancti
1294 3052 1539 3108 Joannis
1571 3049 1865 3105 Gualberti
1916 3053 1971 3102 ct
2019 3064 2166 3118 opus

527 3141 637 3196 hoc
695 3142 982 3197 dedicavit
1035 3143 1344 3213 magnifico
1404 3141 1709 3195 Laurentio
1768 3138 2037 3203 Medices,
2072 3136 2165 3190 cui

2292 561 2488 615 Italico
2520 561 2675 616 edita
2704 561 2804 615 lib.
2832 566 2883 627 2,
2910 561 3209 617 contendit
3237 579 3269 615 a
3301 562 3354 615 S.
3388 562 3613 620 Henrico
3664 566 3869 639 impera-

2286 654 2410 704 tore
2436 652 2505 704 ad
2539 667 2734 721 preces
2759 650 3135 705 Hildehrandi
3158 650 3410 722 episcopi
3434 652 3718 709 Florentini
3746 664 3862 714 tem-

2287 738 2448 810 plum
2470 739 2574 793 hoc
2601 744 2993 794 restauratum
3015 756 3160 795 esse.
3177 741 3386 794 Contra
3403 740 3660 813 Ughellus
3676 748 3863 803 tom.lll

2288 827 2460 881 Italia:
2492 846 2689 897 sacrm,
2725 829 2832 883 col.
2867 830 2955 892 6'2,
2993 829 3260 883 adductis
3307 829 3643 887 authenticis
3684 834 3863 890 instru-

2287 918 2518 985 mentis,
2547 921 2627 972 ita
2648 918 2824 972 sentit
2850 936 2859 972 :
2888 942 2915 967 ‹‹
2938 918 3318 973 Ildebrandus
3340 924 3527 973 autem
3551 920 3685 976 inter
3712 928 3862 979 cetera

2285 1006 2515 1076 pietatis
2548 1007 2757 1073 officia,
2784 1008 2999 1078 quibus
3024 1006 3314 1075 inclaruit,
3338 1008 3698 1065 collabentem
3717 1015 3763 1065 Β.
3784 1013 3862 1066 Mi-

2286 1095 2455 1149 niatis
2489 1096 2760 1168 martyris
2786 1096 3087 1150 basilicam
3122 1097 3484 1163 restauravit,
3516 1115 3577 1153 ac
3608 1100 3860 1171 magniﬁce

2283 1184 2595 1239 exornavit.
2632 1188 2895 1239 Ceterum
2949 1192 3012 1239 ut
3060 1186 3187 1255 ejus
3239 1185 3342 1255 pia:
3390 1187 3761 1242 munificentia:
3788 1207 3861 1260 pe-

2284 1277 2555 1327 rennaret
2574 1274 2876 1339 memoria,
2895 1273 3623 1346 illorumquejugularetur
3638 1278 3861 1348 errorqui

2280 1363 2407 1431 ejus
2440 1362 2695 1417 basilicae
2720 1363 3091 1434 magnificam
3125 1364 3597 1419 restaurationem
3621 1366 3672 1420 in
3700 1366 3861 1421 Henri.

2282 1468 2414 1505 cum
2440 1451 2856 1522 Imperatorem
2881 1469 2945 1507 ac
2968 1452 3380 1523 Cunigundam
3404 1454 3527 1523 ejus
3559 1470 3782 1520 uxorem,
3802 1454 3863 1508 in-

2283 1539 2472 1609 signis
2496 1539 2727 1610 pietatis
2752 1541 3050 1610 feminam,
3077 1540 3423 1608 retulerunt,
3452 1542 3592 1597 hanc
3615 1544 3863 1615 antiquam

2281 1629 2633 1699 scripturam
2686 1628 2776 1683 hic
2836 1629 3259 1699 subjiciendum
3313 1632 3652 1702 curavimus,
3682 1632 3731 1687 in
3774 1649 3862 1702 qua

2262 1718 2632 1788 apertissime
2659 1719 2788 1787 ejus
2819 1715 3215 1774 mdiﬁeationis
3254 1723 3379 1776 tota
3408 1720 3655 1792 gloriain
3712 1720 3866 1775 llilde—

2278 1806 2569 1860 brandum
2596 1808 2907 1874 redundat,
2935 1808 3034 1878 qui
3062 1808 3139 1863 ibi
3166 1809 3342 1864 etiam
3369 1828 3401 1865 a
3426 1828 3485 1865 se
3507 1810 3862 1865 monachorum

2284 1894 2588 1966 collegium
2623 1895 2958 1951 institutum
3010 1915 3042 1951 a
3092 1898 3556 1955 Florentinorum
3606 1898 3861 1970 prmsulum

2284 1983 2522 2038 arbitrio
2546 1985 2868 2055 dependere
2890 1986 3162 2041 decrevit.
3192 2010 3217 2034 ››
3244 1988 3394 2043 Tum
3422 1988 3571 2043 subit
3592 1986 3864 2042 donationis

2284 2072 2767 2139 instrumentum,
2801 2074 2954 2145 quod
3004 2074 3097 2129 hic
3145 2076 3449 2132 brevitatis
3494 2094 3659 2132 causa
3685 2076 3860 2131 omitto.

2285 2161 2507 2231 Ughelli
2533 2161 2866 2231 opinionem
2886 2163 3863 2233 scquiturMabilloniusinAnnalibus

2285 2250 2677 2304 Benedictinis
2700 2255 2841 2304 tom.
2866 2251 2958 2305 IV.
2980 2252 3047 2305 ad
3073 2270 3299 2307 annum
3320 2254 3531 2309 Christi
3559 2255 3707 2319 1013;
3729 2266 3861 2323 quam

2283 2339 2456 2393 etiam
2490 2356 2594 2411 ego
2626 2344 2690 2393 ut
2718 2340 3197 2397 verosiniiliorem
3232 2344 3570 2414 amplector.

2352 2430 2439 2481 36.
2475 2429 2595 2483 Non
2632 2446 2871 2499 possum
2905 2431 3045 2501 quin
3094 2431 3186 2485 hic
3231 2433 3426 2488 obiter
3455 2433 3716 2504 corrigam
3742 2446 3861 2485 erro-

2283 2534 2449 2571 neam
2466 2516 2785 2572 Mabillonii
2806 2520 3220 2591 conjecturam,
3238 2539 3422 2592 quam
3447 2523 3504 2576 in
3527 2523 3713 2577 iisdem
3726 2524 3865 2575 Anna-

2279 2606 2435 2660 libus
2459 2608 2527 2660 ad
2555 2624 2774 2661 annum
2795 2608 3007 2663 Christi
3032 2610 3189 2677 10:28,
3210 2612 3586 2667 donationem
3609 2609 3860 2682 quamdam

2282 2694 2415 2748 Lam
2427 2694 2570 2749 berti
2595 2696 2849 2767 episcopi
2878 2696 3189 2752 Florentini
3215 2717 3273 2753 m
3289 2701 3573 2757 onasterio
3594 2701 3642 2755 S.
3662 2694 3861 2754 Miniatis

2278 2784 2489 2837 factam
2520 2800 3007 2856 commemorans,
3042 2787 3123 2841 sic
3156 2790 3459 2861 proponit.
3509 2813 3535 2839 ‹‹
3567 2789 3658 2844 His
3699 2783 3861 2841 litteris

2278 2872 2677 2943 subscribunt,
2705 2878 2769 2927 ut
2798 2891 2933 2929 mox
2964 2875 3248 2945 dicebam,
3288 2879 3400 2934 Leo
3426 2880 3598 2934 abbas
3626 2879 3687 2933 de
3714 2890 3863 2930 mona-

2278 2961 2451 3015 sterio
2564 2962 2844 3028 Miniatis,
2873 2968 2928 3018 et
2958 2969 3089 3034 post
3119 2982 3253 3020 eum
3299 2969 3528 3023 'l‘heuzo
3559 2968 3865 3039 presbytcret

2278 3051 2634 3115 monachus,
2698 3052 2916 3107 Ottriso
2984 3056 3301 3126 presbyter
3360 3063 3416 3111 et
3472 3056 3783 3120 monachus,
3826 3052 3866 3103 ei

2274 3138 2570 3194 Johannes
2593 3142 2893 3212 presbyter
2914 3146 2969 3195 et
2992 3144 3345 3200 monachus.
3364 3151 3526 3201 Forte
3550 3146 3594 3201 is
3619 3141 3860 3199 sitJohan-

526 3230 855 3302 extititipse
873 3212 1247 3303 singulariter
1263 3236 1536 3302 acceptus
1554 3248 1565 3295 ;
1586 3233 1862 3301 praeterea
1883 3231 2165 3281 tractatus
2198 3212 2239 3277 C
2280 3244 2381 3281 nes
2404 3228 2773 3294 Gualbertus,
2798 3230 2895 3300 qui
2922 3230 3029 3286 hoc
3057 3231 3183 3303 ipso
3211 3238 3479 3307 tempore
3500 3236 3566 3290 ad
3588 3235 3641 3289 S.
3662 3226 3859 3287 Miniatis

525 3318 707 3373 edidit
736 3337 913 3392 super
942 3321 1121 3392 gestis
1143 3320 1471 3390 aliquorum
1506 3320 1829 3383 beatorum,
1855 3333 2026 3386 super
2058 3314 2166 3368 tri-

522 3409 635 3464 bus
665 3411 814 3465 votis
838 3410 1219 3476 solemnibus,
1240 3425 1416 3481 super
1435 3408 1715 3480 gradibus
1738 3406 2089 3460 humilitatis
2112 3410 2167 3459 et

523 3514 701 3570 super
720 3499 931 3553 virtute
952 3500 1239 3571 patientiae
1262 3516 1274 3565 ;
1304 3497 1563 3569 epistolae
1583 3500 1777 3551 autem
1801 3497 1871 3549 ab
1905 3513 1969 3549 eo
1994 3496 2162 3560 datm,

522 3592 579 3642 et
599 3587 723 3643 aliae
746 3605 925 3644 sacrae
945 3588 1419 3644 elucubrationes
1437 3589 1672 3641 fuerunt
1696 3585 1812 3639 fere
1835 3584 2166 3637 innumera-

523 3676 690 3732 biles.
716 3677 797 3732 Ne
826 3682 1122 3733 momento
1149 3676 1383 3747 quidem
1423 3674 1703 3745 temporis
1732 3673 1893 3727 visus
1925 3677 2011 3727 est
2041 3690 2166 3725 um-

522 3784 701 3837 quam
722 3766 929 3832 otiari;
964 3766 1106 3837 quin
1140 3766 1256 3819 imo
1279 3780 1509 3834 semper
1540 3766 1669 3816 actu
1705 3761 1815 3815 fuit
1846 3765 2165 3831 occupatus

522 3856 579 3910 in
597 3855 791 3926 aliquo
810 3854 1089 3910 laudabili
1108 3852 1375 3909 exercitio
1388 3851 1475 3905 vel
1493 3850 1736 3922 legendo
1757 3848 1839 3903 vel
1860 3848 2163 3903 scribendo

520 3945 610 4001 vel
641 3946 881 4000 orando.
907 3943 1115 3997 Praeter
1145 3943 1318 3997 horas
1350 3940 1660 3996 eanonicas
1687 3938 1776 3993 bis
1808 3938 1867 3992 in
1898 3937 1990 3991 die
2022 3940 2163 3993 reci-

523 4032 1228 4102 tabatOfﬁciumVirginis
1243 4028 1707 4100 Deiparaz,semcl
1728 4029 1782 4081 in
1799 4027 2160 4081 dieofticium

523 4120 955 4185 defunctorum,
984 4119 1248 4174 Psalmos
1279 4117 1598 4173 Gradualcs
1629 4121 1686 4171 et
1728 4116 2162 4170 Pcenitentiales

522 4225 657 4263 cum
682 4208 920 4264 Litaniis
947 4214 1001 4263 et
1030 4208 1320 4280 precibus.
1346 4206 1508 4261 Ultra
1529 4210 1836 4260 consuetas
1861 4204 2161 4275 religionis

521 4298 1006 4370 Quadragesimas
1040 4302 1097 4353 et
1117 4298 1364 4369 jejunia,
1396 4296 1572 4351 etiam
1605 4295 1734 4349 aliis
1766 4294 2159 4365 superadditis

517 4387 891 4443 abstinentiis
920 4404 1153 4443 carnem
1188 4386 1536 4451 macerebat,
1570 4384 1721 4439 sicut
1767 4390 1823 4438 et
1870 4382 2075 4438 ciliciis
2105 4388 2160 4437 et

518 4476 924 4548 frequentibus
957 4475 1467 4549 ﬂagellationibus.
1502 4498 1529 4523 ››
1581 4474 1716 4528 Dein
1748 4472 1967 4527 Simius
1999 4473 2155 4543 piam

2275 3318 2696 3371 monasterium
2728 3335 2789 3371 se
2824 3325 3060 3391 recepit.
3091 3344 3110 3367 »
3148 3322 3329 3378 Miror
3357 3325 3544 3379 virum
3576 3324 3628 3376 in
3659 3315 3855 3386 antiqui-

2278 3407 2493 3459 tatibus
2515 3407 2853 3461 monasticis
2876 3409 3353 3467 versatissimum
3379 3412 3470 3467 hic
3495 3413 3573 3466 ita
3599 3406 3854 3465 hallucina-

2274 3498 2399 3547 tum
2423 3512 2570 3559 esse,
2589 3496 2988 3552 utJohannem
3007 3498 3393 3557 Gualbertum
3417 3499 3703 3557 crediderit
3724 3495 3855 3551 fuisse
3942 3550 3943 3559 χ

2277 3584 2698 3654 presbyterum,
2734 3589 3041 3655 postquam
3076 3588 3134 3641 in
3162 3590 3289 3645 vita
3322 3592 3508 3661 ipsius
3537 3607 3631 3662 per
3657 3588 3709 3641 B.
3737 3587 3853 3636 Atto-

2278 3688 2405 3724 nem
2442 3674 2657 3744 scripta
2679 3673 2816 3745 legit
2842 3674 2959 3729 haec
2990 3677 3163 3730 verba
3191 3696 3205 3732 :
3242 3704 3269 3727 ‹‹
3308 3681 3523 3735 Eorum
3546 3691 3748 3749 quoque
3766 3686 3853 3724 ma-

2274 3758 2456 3829 gister
2476 3778 2678 3817 omnes
2702 3762 3123 3819 ecclesiasticos
3146 3768 3389 3823 ordines
3414 3768 3710 3840 plurimum
3732 3762 3859 3816 bono-

2277 3850 2459 3920 rabat,
2494 3868 2641 3921 quos
2672 3852 2999 3909 Catholicos
3048 3872 3176 3911 esse
3232 3858 3478 3927 sciebat,
3528 3859 3602 3911 ita
3654 3859 3709 3909 ut
3754 3850 3862 3903 fort-‘5

2274 3937 2528 3992 ecclesia:
2556 3956 2668 3993 non
2691 3948 3073 4010 praesumeret
3093 3946 3346 4015 aperire,
3374 3948 3486 4001 nisi
3516 3946 3665 4017 prius
3686 3938 3858 3995 ordina-

2275 4031 2367 4081 tus
2398 4026 2609 4098 aliquis
2644 4031 2913 4099 aperiret.
2952 4055 2973 4081 ι
3030 4032 3264 4090 Clarius
3318 4036 3377 4090 id
3430 4036 3601 4091 etiam
3646 4032 3696 4086 in
3721 4019 3862 4082 Sancti

2272 4115 2387 4170 vita
2444 4134 2605 4171 num.
2658 4120 2727 4171 29
2778 4121 3049 4191 exprimit
3101 4122 3161 4175 B.
3221 4126 3491 4180 Andreas
3541 4123 3627 4177 his
3676 4114 3857 4173 verbis:

2274 4206 2545 4260 «Eorum
2595 4208 2866 4278 Magister
2911 4213 2967 4263 et
3023 4210 3191 4264 Pater
3244 4218 3477 4268 tantam
3529 4212 3671 4268 circa
3712 4212 3859 4261 omnes

2270 4294 2696 4351 ecclesiasticos
2716 4298 2933 4367 gradus
2954 4302 3342 4356 reverentiam
3373 4318 3602 4374 semper
3621 4290 3858 4353 habuit,ut

2271 4382 2602 4439 nullatenus
2632 4385 2943 4456 aliquando
2969 4390 3226 4458 potuerit
3252 4392 3406 4463 cogi,
3431 4409 3538 4447 nec
3560 4377 3859 4446 etiamOstia-

2269 4472 2390 4527 rius
2418 4475 2535 4527 fieri
2566 4492 2577 4528 :
2612 4476 2711 4528 sed
2738 4492 2867 4529 cum
2893 4477 3198 4532 ecclesiam
3226 4480 3463 4553 ingredi
3487 4479 3725 4543 vellet,et
3751 4471 3858 4524 fores

515 4567 643 4637 ejus
675 4571 917 4622 mortem
950 4570 1197 4620 enarrat.
1234 4565 1362 4620 Haec
1394 4564 1549 4618 dicta
1579 4566 1718 4617 sunt
1748 4562 1817 4615 ad
1851 4560 2152 4614 clariorem
2186 4580 2233 4643 Ι)
2266 4567 2462 4616 essent
2488 4562 2717 4628 clausae,
2742 4580 2838 4619 eas
2862 4565 3086 4636 ingredi
3111 4568 3278 4623 nullo
3309 4571 3486 4625 modo
3516 4558 3855 4640 praesumebat,

514 4656 902 4727 quaestionum
938 4661 1343 4711 secuturarum
1366 4651 1810 4723 intelligentiam
1840 4676 1853 4717 ς
1888 4666 2040 4705 nunc
2064 4649 2151 4703 hi-

510 4743 703 4799 storice
737 4750 944 4799 nostra:
978 4744 1339 4800 illustrandm
1374 4741 1536 4796 filum
1580 4756 1967 4795 resumamus.

504 4850 653 4916 §lV.
688 4854 770 4903 De
812 4853 1152 4905 monasterio
1203 4852 1257 4904 S.
1315 4850 1585 4911 Miniutz's,
1621 4847 1759 4917 quod
1807 4847 1862 4898 S.
1912 4850 2151 4901 Joannes

578 4920 902 4975 Gualbertus
932 4924 1207 4989 ingressus
1238 4926 1337 4984 est,
1372 4937 1541 4989 quare
1570 4918 1709 4972 illud
1752 4918 2073 4971 deseram-it.

574 5008 632 5064 S.
656 5009 910 5064 Joannes
929 5009 1301 5074 Gualbertus,
1327 5008 1596 5080 praedicto
1620 5007 1911 5061 Crucilixae
1937 5006 2143 5077 imagi-

500 5098 591 5154 nis
622 5099 885 5171 prodigio
918 5104 1132 5167 motus,
1158 5096 1367 5152 saeculo
1400 5098 1669 5150 nuntium
1697 5096 1988 5150 remittere
2020 5100 2140 5147 sta-

496 5189 627 5243 tuit.
688 5193 915 5259 Itaque,
976 5187 1295 5259 prmmissis
1354 5186 1447 5256 pia
1516 5186 1714 5239 fraude
1774 5183 2009 5238 famulis
2067 5184 2137 5237 ad

495 5277 555 5330 S.
582 5278 839 5333 Miniatis
864 5277 1280 5333 monasterium
1308 5274 1719 5341 revertitur,et,
1742 5273 1923 5327 inscio
1950 5278 2133 5343 patre,

493 5362 552 5416 in
601 5366 1022 5421 monachorum
1073 5381 1384 5420 numerum
1442 5368 1766 5433 cooptatur,
1826 5366 1886 5415 ut
1944 5362 2131 5415 fusius

492 5459 732 5507 narrant
762 5460 1007 5527 utraque
1038 5460 1197 5510 Acta.
1233 5455 1343 5509 Sed
1394 5452 1500 5506 hac
1545 5452 1845 5506 occasione
1878 5451 2130 5505 occurrit

487 5542 734 5613 quaestio
756 5545 825 5596 de
850 5546 1271 5599 restauratione
1304 5540 1558 5597 ecclesiae
1589 5546 1644 5593 S.
1677 5540 1950 5605 Miniatis,
1975 5557 2123 5609 qum,

482 5647 616 5693 cum
651 5649 763 5689 non
798 5631 876 5689 sit
897 5633 967 5690 ab
991 5633 1098 5688 hoc
1123 5638 1318 5689 nostro
1350 5631 1617 5698 instituto
1646 5630 1882 5685 omnino
1914 5628 2121 5699 aliena,

2266 4652 2447 4705 donec
2482 4652 2793 4719 Ostiarius,
2826 4654 2923 4723 qui
2957 4654 3087 4709 illas
3120 4657 3403 4727 aperiret,
3440 4660 3738 4713 vocaretur.
3762 4672 3776 4696 ι

2331 4742 2418 4793 37.
2452 4741 2617 4794 Nunc
2651 4741 2829 4796 altera
2876 4742 3243 4800 instituenda
3294 4752 3387 4802 est
3440 4743 3693 4818 quastio,
3719 4744 3853 4803 eaque

2262 4829 2572 4899 difficilior,
2622 4829 2842 4884 scilicet
2895 4849 3069 4902 quam
3126 4835 3197 4887 ob
3262 4852 3508 4891 causam
3560 4838 3612 4889 S.
3659 4831 3855 4885 Joannes

2260 4917 2607 4973 Gualbertus
2642 4920 2945 4990 praefatum
2977 4923 3031 4975 S.
3058 4923 3323 4978 Miniatis
3360 4920 3753 4980 monasterium
3779 4911 3851 4963 d6-

2256 5008 2519 5060 seruerit.
2556 5014 2696 5061 Acta
2730 5011 2927 5063 omnia
2966 5027 3091 5080 quae
3139 5012 3292 5065 mihi
3329 5014 3528 5068 videre
3559 5007 3706 5065 licuit
3730 5012 3849 5057 asse-

2253 5100 2390 5148 runt
2421 5097 2573 5166 quod
2607 5096 2937 5153 Simoniaco
2969 5099 3186 5165 abbati,
3216 5117 3322 5170 per
3356 5098 3736 5155 Florentinum
3762 5082 3847 5155 θρί·

2251 5200 2491 5254 scopum
2525 5192 2810 5255 promoto,
2842 5187 3087 5241 noluerit
3116 5189 3393 5245 subesse.
3432 5185 3712 5252 Quomodo
3740 5179 3845 5231 hanc

2248 5272 2640 5327 Simoniacam
2674 5277 2904 5330 abbatis
2947 5277 3037 5330 sui
3089 5278 3533 5347 promotionem
3564 5278 3618 5329 S.
3647 5273 3845 5325 Joannes

2246 5360 2383 5415 Gual
2396 5362 2593 5417 bertus
2609 5366 2958 5434 cognoverit,
2976 5366 3145 5437 longa
3164 5367 3531 5433 narratione,
3544 5361 3720 5419 nescio
3735 5348 3843 5408 unde

2241 5455 2427 5517 eruta,
2462 5452 2750 5522 explicant
2784 5454 3132 5509 recentiores
3168 5455 3321 5508 Vitae
3372 5455 3679 5525 scriptores
3719 5448 3843 5529 alii“?

2237 5539 2390 5593 inter
2410 5540 2539 5595 illos
2564 5541 2803 5611 primos,
2822 5548 2884 5596 ut
2908 5543 3134 5615 opinor,
3154 5544 3433 5599 Andreas
3448 5536 3843 5599 Januensia‘lnl

2235 5628 2448 5702 inV’ita,
2466 5646 2641 5702 quam
2662 5630 2753 5686 hic
2771 5633 3245 5707 manuscriptam
3266 5632 3580 5708 habemus,
3596 5630 3671 5685 sic
3691 5615 3841 5680 narrat
3872 5618 3875 5623 ⁴
