4004 6170
461 378 579 440 727

1510 372 1575 432 S.
1620 368 1951 433 JOANNIS
1999 362 2447 430 GUALBERTI
2494 362 2824 425 ABBATIS
3706 369 3796 434 723

461 509 661 584 gensis
692 509 792 576 lib,
827 507 877 573 1,
909 522 1035 579 cap.
1071 505 1136 560 10
1167 503 1563 578 Dialogorum,
1610 520 1757 576 quos
1803 500 1986 557 edidit
2038 500 2105 555 D.
2137 500 2192 566 Α
2221 514 2378 553 mere
2403 514 2437 552 a
2470 496 2780 554 Dimcesani
2804 492 3380 584 jurisditionehanc
3420 494 3704 568 religiosam
3727 504 3793 559 fa-

465 600 651 655 Lucas
682 596 966 652 Acherius
993 599 1135 651 tom.
1171 595 1298 650 XIII
1339 593 1632 667 Spicilegii
1676 592 1757 647 ita
1803 590 2064 664 loquitur
2097 608 2110 649 :

466 710 495 739 ‹‹
525 687 639 741 Nec
671 685 769 739 diu
802 688 911 754 est,
944 685 1100 757 quod
1129 684 1190 739 in
1224 684 1334 739 alio
1364 683 1510 751 loco,
1536 682 1635 755 qui
1665 685 1903 737 vocatur
1930 679 2114 735 Vallis

463 775 749 831 Umbrosa
761 774 931 845 juxta
950 774 1260 829 Perusinos
1284 777 1511 828 montes
1534 772 1783 827 surrexit
1805 786 2115 841 congrega-

459 864 543 920 tio
575 863 994 919 monachorum
1027 864 1195 919 valde
1226 863 1518 934 religiosa,
1569 879 1601 916 a
1652 861 1859 916 ceteris
1893 860 1991 931 qui
2019 876 2114 913 vo-

462 956 671 1009 cantur
701 952 971 1009 monachi
1006 970 1148 1008 novo
1178 952 1414 1009 Ordinis
1446 956 1501 1006 et
1534 967 1675 1005 novo
1716 948 1919 1005 habitu
1951 948 2113 1003 diﬁ‘e-

463 1047 677 1113 rentes,
710 1047 766 1097 et
797 1042 1014 1097 multos
1062 1042 1281 1097 habent
1329 1058 1445 1095 suae
1492 1041 1689 1095 formae
1740 1054 2040 1109 sequaces.
2085 1058 2113 1084 »

466 1131 807 1201 llabitus,de
836 1148 949 1202 quo
973 1131 1065 1185 hic
1091 1131 1340 1201 scriptor
1366 1129 1637 1200 agit,tum
1663 1130 1785 1181 erat
1804 1123 2116 1197 ferruginei

464 1220 696 1290 coloris,
722 1236 894 1292 quem
922 1221 986 1274 ll.
1021 1224 1084 1274 D.
1111 1218 1339 1274 Blasius
1372 1220 1441 1271 de
1472 1216 1786 1271 Milancsiis
1819 1213 2118 1270 Generalis

464 1310 617 1365 circa
646 1325 867 1364 annum
900 1310 1037 1363 1500
1066 1308 1122 1362 in
1157 1309 1391 1381 nigrum
1423 1298 1898 1371 commutavitmt
1930 1302 2116 1358 fusius

464 1395 720 1455 ostendit
769 1398 1091 1453 Franchius
1122 1396 1222 1452 lib.
1286 1400 1341 1466 7,
1399 1412 1529 1467 pag.
1588 1395 1705 1448 186.
1740 1392 1902 1446 Unde
1934 1390 2117 1446 refelli

466 1505 584 1543 non
633 1490 891 1543 meretur
934 1484 1148 1558 duplex
1214 1502 1374 1540 error
1420 1484 1729 1553 cujusdam
1778 1479 2116 1536 recentioris

464 1576 822 1647 heterodoxi,
876 1575 976 1647 qui
1024 1573 1291 1646 imperite
1341 1572 1543 1629 scribit
1573 1570 1823 1627 colorem
1855 1567 2117 1623 Vallum-

465 1667 854 1721 brosanorum
880 1664 1298 1719 monachorum
1323 1661 1462 1715 olim
1496 1660 1676 1715 fuisse
1701 1658 2009 1713 caeruleum
2034 1656 2117 1727 (in

464 1754 575 1809 hoc
593 1755 781 1825 primo
802 1769 994 1808 errore
1015 1752 1224 1806 ducem
1245 1750 1420 1805 habet
1442 1748 1791 1820 Polydorum
1806 1745 2117 1817 Virgilium

466 1843 571 1899 lib.
603 1844 656 1898 7.
692 1844 763 1896 de
796 1842 1137 1896 Invent.rer.
1170 1840 1356 1911 cap.2)
1387 1854 1452 1893 ac
1486 1841 1681 1893 nostro
1714 1839 1973 1906 tempore
1988 1850 2116 1889 esse

465 1931 812 1987 violaceum.
845 1930 969 1996 Hic,
1004 1929 1051 1983 si
1086 1943 1586 1999 umquam,caecus
1609 1925 1840 1997 judicat
1866 1925 1936 1979 de
1958 1921 2111 1979 colo-

468 2020 654 2075 ribus.

534 2110 624 2164 55.
649 2109 727 2163 De
759 2106 994 2164 habitus
1021 2106 1342 2162 mutatione
1363 2104 1444 2160 ita
1472 2104 1628 2160 canit
1656 2102 1920 2159 /F.milius
1949 2104 2117 2158 Acer-

460 2199 573 2255 bus
601 2197 661 2252 in
693 2196 969 2269 panegyri
1000 2196 1058 2251 S.
1089 2194 1334 2249 Joannis
1364 2193 1658 2249 Gualberti
1696 2210 1709 2247 :

530 2310 557 2337 «
593 2285 838 2342 Mutavit
864 2284 1045 2340 Vallis
1074 2287 1299 2339 veteres
1331 2283 1617 2338 Umbrosa
1662 2280 1883 2337 colores
1918 2298 1930 2336 :

530 2396 560 2425 «
595 2373 753 2430 Felix
778 2373 827 2428 si
861 2389 1073 2439 mores,
1106 2376 1163 2427 et
1202 2371 1328 2427 cmli
1364 2376 1555 2426 servat
1584 2386 1835 2426 amores.
1869 2391 1896 2418 »

453 2466 527 2520 At
556 2463 893 2536 religiosam
926 2463 1075 2517 hanc
1127 2461 1633 2536 congregationem
1669 2476 1860 2514 mores
1892 2476 1956 2514 ac
1986 2459 2111 2514 cmli

457 2569 688 2613 amores
720 2554 1379 2617 conservasse,testatur
1404 2535 1630 2620 Ughelli
1662 2548 2111 2620 elogium,quod

457 2641 554 2698 hic
584 2646 896 2713 tamquam
920 2640 1209 2694 dictorum
1232 2636 1802 2709 anacephaleosin,et
1823 2637 2109 2704 omnium,

463 2747 591 2801 quae
641 2730 755 2784 dici
819 2732 1105 2801 poterant,
1156 2742 1450 2799 synopans
1497 2724 1766 2796 subjicio.
1814 2725 1907 2780 Sic
1938 2725 2115 2781 habet

462 2824 606 2874 tom.
640 2820 719 2872 III
752 2817 930 2873 Italia:
962 2815 1273 2881 sacrm,col.
1306 2815 1412 2868 283
1445 2831 1457 2868 :
1487 2836 1513 2864 ‹‹
1545 2813 1741 2869 Traxit
1762 2816 1812 2870 is
1842 2815 1993 2869 Ordo
2016 2831 2116 2869 no-

466 2924 600 2963 men
632 2924 808 2962 suum
841 2924 874 2961 a
894 2905 1106 2971 loco,in
1139 2922 1252 2975 quo
1276 2904 1530 2976 primum
1556 2904 2004 2969 monasterium,
2029 2903 2115 2957 ni-

466 2996 682 3050 mirum
714 2995 773 3048 in
804 2994 1069 3065 subjecta
1095 2992 1263 3064 valle,
1319 2993 1589 3047 densiore
1646 2993 1856 3047 umbra
1902 2993 2113 3062 obsita,

463 3085 839 3155 projectaque
871 3083 943 3138 ab
975 3082 1420 3155 insurgentibus
1451 3082 1585 3137 hinc
1611 3082 1747 3137 inde
1777 3082 2116 3154 asperrimis

463 3172 764 3228 montibus
794 3173 1106 3228 excitatum
1139 3177 1225 3227 est
1255 3173 1312 3226 in
1363 3188 1429 3227 eo
1461 3170 1607 3237 loco,
1644 3171 1735 3227 cui
1765 3174 1929 3243 Aqua
1960 3170 2117 3227 Bella

2223 587 2424 643 milam
2449 587 2700 659 aprimis
2723 588 2851 657 ejus
2874 583 3246 641 incunabulis
3269 584 3635 643 Romanorum
3652 593 3800 647 Ponti-

2222 678 2400 732 ficum
2434 693 2598 732 amor
2627 692 2694 731 ac
2729 675 3014 743 studium,
3048 674 3145 745 qui
3179 676 3381 745 postea
3408 673 3729 735 celeberrima
3747 681 3792 736 in

2223 783 2349 822 eam
2384 764 2683 838 privilegia
2712 763 3028 820 contulere.
3068 785 3096 813 »

2291 855 2688 921 57.Quomodo
2719 854 2811 909 hic
2845 854 2996 909 Ordo
3028 853 3085 908 iu
3118 851 3365 908 Galliam
3398 859 3710 926 propagatus
3725 859 3796 924 sit,

2222 943 2402 1015 liquet
2431 962 2499 1000 ex
2528 943 2839 998 Patriachii
2872 941 3278 998 Bitturicensis
3309 940 3493 1013 capite
3515 960 3613 1008 LXI,
3641 948 3803 1016 quoda

2226 1034 2449 1088 Labbeo
2468 1037 2664 1088 nostro
2687 1032 2911 1088 editum
2932 1036 3022 1087 est
3039 1032 3206 1086 initio
3224 1030 3366 1086 tomi
3380 1032 3603 1086 secundi
3623 1032 3671 1088 in
3687 1038 3803 1091 Nova

2225 1122 2877 1179 BibliothecaManuscri
2888 1126 3120 1193 ptorum
3137 1120 3546 1185 librorum,ubi
3558 1121 3808 1179 traduntur

2225 1213 2562 1283 sequentia:
2598 1212 2882 1276 «Quidam
2916 1209 3321 1265 nobilissimus
3345 1226 3410 1264 ac
3432 1210 3806 1268 strenuissimus

2225 1318 2421 1357 comes
2449 1302 2521 1357 ab
2554 1300 2920 1356 Hierusalem
2945 1315 3286 1355 reversurus
3308 1299 3366 1353 in
3388 1298 3811 1370 Franciam,unde

2225 1407 2357 1446 cum
2392 1391 2595 1446 ceteris
2626 1390 2971 1445 Christianis
3001 1387 3140 1444 illuc
3186 1388 3375 1443 fuerat
3423 1388 3704 1459 profectus,
3730 1390 3811 1445 Ro-

2224 1497 2382 1535 mam
2429 1480 2749 1552 ingressus,
2782 1478 2949 1534 facile
2978 1477 3234 1534 obtinuit
3262 1494 3295 1533 a
3325 1493 3555 1533 summo
3594 1475 3816 1533 Pontiﬁce

2229 1569 2342 1625 sibi
2374 1568 2579 1625 donari
2602 1568 2880 1640 reliquias
2923 1572 3261 1624 sanctorum
3286 1570 3604 1639 martyrum
3622 1566 3817 1623 Cornelii

2226 1663 2285 1715 et
2314 1658 2604 1731 Cypriani.
2636 1658 2784 1713 Tum
2823 1673 2957 1713 vero
2989 1657 3319 1728 impetratis
3343 1656 3522 1712 etiam
3566 1672 3629 1711 ex
3652 1657 3819 1712 ﬂoren-

2226 1747 2458 1804 tissima
2480 1747 2898 1803 monachorum
2915 1746 3372 1818 Congregatione
3385 1744 3566 1802 Vallis
3582 1744 3820 1802 Umbrose

2226 1835 2451 1908 aliquot
2479 1835 2703 1892 devotis
2735 1835 3041 1902 fratribus,
3094 1851 3345 1907 quorum
3377 1834 3542 1891 Prior
3565 1835 3822 1890 vocabatur

2224 1925 2401 1981 frater
2426 1924 2708 1992 Andreas,
2732 1925 2821 1979 vir
2851 1924 3107 1979 maxima
3125 1924 3539 1980 conservandis
3583 1923 3824 1995 religionis

2224 2031 2325 2070 con
2336 2014 2553 2070 stantia
2573 2012 3095 2081 clarus,illustrissi
3105 2030 3236 2069 mus
3249 2013 3465 2069 Comes
3483 2012 3592 2068 voti
3612 2028 3820 2084 compos,

2223 2102 2678 2175 laetissimusque
2700 2104 2771 2158 ad
2796 2119 2935 2159 suos
2956 2106 3196 2174 penates
3214 2118 3523 2175 regressus
3550 2119 3561 2169 ;
3584 2100 3824 2172 ampliﬁce

2222 2191 2566 2248 liberalitate
2596 2190 2901 2263 praedictos
2930 2191 3233 2263 religiosos
3261 2191 3426 2246 viros
3455 2189 3819 2257 curavit,daus-

2223 2299 2335 2354 que
2365 2281 2481 2337 illis
2504 2281 2797 2353 optionem
2821 2280 3074 2354 eligendi
3099 2280 3293 2336 locum
3316 2280 3594 2337 idoneum
3614 2295 3704 2352 pro
3722 2278 3823 2333 adi-

2221 2371 2449 2427 ﬁcando
2477 2369 2827 2426 monasterio
2850 2370 3002 2426 infra
3022 2387 3141 2426 suae
3168 2370 3414 2425 ditionis
3436 2374 3613 2425 metas
3641 2382 3823 2424 conces-

2222 2466 2318 2528 sit,
2352 2461 2673 2532 statuitque
2700 2459 2850 2516 tanti
2881 2476 3074 2531 operis
3116 2459 3425 2531 impensas
3455 2460 3526 2515 de
3558 2458 3671 2513 suis
3692 2454 3827 2512 iacul-

2219 2550 2438 2605 tatibus
2470 2548 2804 2621 accipi.Que
2834 2549 3073 2619 quidem
3096 2548 3363 2604 coenobio
3397 2548 3458 2603 in
3490 2538 3826 2604 Aurelianensi

2220 2637 2512 2693 territorio
2540 2637 2803 2693 celeriter
2826 2637 3252 2710 magniﬁceque
3280 2642 3741 2703 constructo,non
3759 2650 3827 2690 so-

2220 2726 2342 2782 lum
2360 2725 2503 2780 illud
2529 2727 2945 2783 viradmodum
2964 2727 3179 2783 nobilis
3192 2731 3536 2783 sanctorum
3559 2730 3825 2796 martyrum

2222 2816 2468 2871 Cornelii
2490 2818 2547 2871 et
2566 2815 2835 2888 Cypriani
2857 2816 3040 2872 sacris
3060 2815 3327 2887 reliquiis
3343 2815 3827 2889 insignivit,verum

2224 2904 2397 2959 etiam
2430 2905 2501 2959 de
2530 2905 2656 2960 suis
2686 2905 3012 2960 redditibus
3043 2906 3237 2977 ipsum
3268 2905 3472 2962 locum
3515 2904 3760 2961 muniﬁce
3782 2916 3829 2955 ac

2224 2992 2493 3048 nobiliter
2522 2993 2761 3063 dotavit,
2788 2993 3103 3050 instituens
3145 2999 3210 3050 ut
3257 2994 3540 3066 deinceps
3578 2992 3715 3048 idem
3740 3005 3832 3045 mo-

2225 3082 2547 3137 nasterium
2581 3082 2970 3154 appellaretur
2998 3083 3432 3140 Corneliacum.

2295 3172 2384 3226 58.
2420 3193 2448 3222 «
2479 3172 2729 3243 Jamque
2762 3171 2920 3227 velut
2951 3172 3200 3229 balsami
3231 3173 3494 3230 fractum
3526 3172 3833 3229 alabastrum

462 3278 674 3317 nomen
706 3266 813 3329 est,
846 3278 1020 3334 quem
1051 3262 1163 3332 ipsi
1206 3260 1574 3316 nobilissima
1623 3261 1733 3317 Itta
1781 3241 2114 3317 Hillarianze
2145 3241 2187 3309 C
2227 3260 2589 3316 admirabilis
2619 3241 2878 3316 vivorum
2904 3261 2998 3317 Dei
3020 3262 3215 3333 opinio
3238 3262 3395 3319 mire
3426 3256 3833 3335 fragrans,brevi

462 3351 675 3407 domus
706 3350 765 3406 in
789 3349 1076 3407 Fesulana
1104 3350 1338 3405 dimcesi
1362 3350 1757 3417 abbatissa,ex
1777 3350 2114 3406 Guidonum

460 3440 757 3498 Comitum
789 3438 1012 3495 familia
1043 3443 1363 3513 procreata,
1397 3438 1716 3495 liberaliter
1743 3439 2005 3495 tradidit.

532 3530 621 3585 56.
658 3551 687 3579 «
719 3528 907 3584 Distat
957 3528 1364 3584 tantummodo
1395 3528 1702 3583 duodecim
1738 3545 1772 3583 a
1823 3529 2116 3584 Florentia

464 3617 818 3673 milliaribus
848 3617 1291 3673 nobilissimum
1322 3617 1430 3673 hoc
1480 3617 1925 3689 monasterium,
1959 3618 2115 3689 quod

464 3710 684 3778 postea,
716 3723 849 3761 cum
882 3706 1004 3761 Viri
1036 3705 1397 3761 sanctissimi
1447 3706 1633 3760 virtus
1673 3705 1788 3761 late
1817 3710 2117 3778 spargeret

464 3812 547 3866 se,
593 3813 659 3850 ac
691 3795 1111 3865 circumferret,
1154 3796 1397 3865 ejusque
1428 3794 1718 3865 probitate
1749 3810 2116 3850 successores

463 3901 579 3939 non
614 3884 1027 3953 desciscerent,
1063 3883 1335 3938 maximis
1366 3883 1595 3954 opibus,
1628 3887 1694 3937 ut
1736 3883 1793 3936 in
1838 3899 1903 3937 eo
1934 3883 2115 3937 divini

464 3974 660 4028 cultus
706 3972 893 4045 gloria
947 3972 1288 4039 ol'ﬂorescet,
1338 3972 1758 4043 amplilicatum
1801 3977 1907 4041 est,
1942 3976 2115 4044 atque

458 4046 635 4132 caput
651 4061 838 4116 extitit
857 4060 1234 4115 nobilissima:
1250 4060 1730 4133 Congregationis
1744 4060 2114 4118 Vallumbro-

458 4165 639 4217 suum,
685 4164 812 4218 qum
860 4148 1017 4203 brevi
1072 4165 1187 4203 non
1238 4150 1411 4204 modo
1443 4153 1564 4204 tota
1593 4149 1881 4217 Hetruria,
1909 4167 2113 4206 verum

456 4236 635 4292 etiam
665 4240 786 4291 tota
822 4236 987 4292 Italia
1012 4253 1073 4291 se
1104 4236 1357 4304 diffudit,
1404 4238 1807 4310 maximosque
1845 4238 2114 4295 Ecclesia

457 4326 685 4382 fructus
718 4325 932 4398 attulit,
958 4343 1168 4381 novum
1200 4326 1572 4382 D.Benedicti
1605 4328 1889 4384 institutis
1912 4346 2115 4384 mona-

460 4413 630 4470 sticis
661 4414 1031 4486 splendorem
1066 4416 1307 4487 peperit,
1342 4416 1742 4488 Hetrurimque
1790 4419 2113 4474 maximum

456 4505 638 4559 decus
673 4504 881 4560 alfudit
911 4523 931 4560 :
961 4504 1220 4561 extulere
1242 4505 1395 4560 enim
1429 4522 1556 4561 sese
1587 4523 1655 4561 ex
1685 4523 1753 4561 ea
1781 4505 2000 4563 familia
2030 4507 2116 4562 in-

2223 3366 2326 3422 per
2346 3353 2527 3405 totam
2546 3349 2871 3421 Aquitaniae
2891 3350 3247 3422 provinciam
3268 3351 3834 3418 diffundebatur;quo-

2226 3436 2356 3494 rum
2383 3439 2647 3512 exemplo
2670 3438 2909 3511 plurimi
2932 3440 3197 3511 cujusvis
3220 3440 3589 3496 conditionis
3616 3436 3836 3494 homines

2233 3529 2464 3584 attracti
2495 3533 2551 3584 et
2580 3528 2780 3599 illecti,
2806 3529 3176 3601 comtemptis
3206 3545 3273 3584 ac
3294 3530 3520 3602 spretis
3548 3527 3673 3584 vani
3699 3525 3837 3595 hujus

2226 3617 2430 3672 mundi
2454 3616 2743 3673 illecebris
2774 3633 2836 3673 se
2858 3617 3009 3673 ultro
3040 3618 3202 3674 suavi
3225 3618 3453 3675 Christi
3471 3619 3617 3690 jugo
3636 3613 3838 3672 submit-

2223 3710 2432 3774 tentes,
2491 3707 2563 3761 ad
2624 3706 2889 3762 bravium
2948 3724 3213 3779 supernae
3259 3708 3595 3765 vocationis
3622 3701 3838 3761 certatim

2226 3796 2674 3851 contendebant.
2705 3796 3069 3852 Venerabilis
3116 3796 3272 3852 enim
3304 3803 3484 3870 pater
3510 3798 3766 3859 Andreas,
3797 3789 3837 3843 in

2226 3902 2339 3956 quo
2371 3884 2549 3940 totius
2581 3884 2881 3957 religionis
2912 3886 3098 3941 forma
3122 3902 3227 3942 nec
3250 3903 3372 3943 non
3406 3887 3592 3943 totius
3621 3882 3840 3940 modera-

2224 3974 2402 4029 tionis
2433 3974 2621 4047 gratia
2648 3974 2956 4042 renitebat,
3018 3974 3183 4031 facile
3216 3975 3550 4033 inducebat
3605 3969 3840 4044 singulos.

2224 4066 2324 4137 qui
2357 4065 2428 4120 ad
2452 4080 2512 4119 se
2542 4064 3273 4131 cenvertebantur,suimet
3305 4065 3587 4122 notitiam
3619 4060 3843 4132 recipere,

2224 4152 2468 4226 psalmis
2497 4157 2555 4208 et
2584 4152 2819 4225 hymnis
2861 4154 3097 4222 vacard,
3140 4158 3364 4210 terram
3419 4155 3513 4211 sui
3548 4151 3726 4209 cordis
3745 4144 3843 4218 ᾔυεὶ

2224 4242 2387 4298 cultu
2418 4246 2475 4297 et
2493 4241 2780 4297 exercitiis
2809 4242 3280 4298 indesinentibus
3306 4243 3600 4309 excolere,
3631 4237 3843 4297 caelibem

2224 4336 2562 4403 castamque
2592 4330 3075 4398 vitam,omnibus
3104 4331 3470 4388 mortalibus
3488 4329 3760 4405 praecipue
3777 4325 3847 4379 de.

2226 4420 2889 4488 siderabilem,:emulari
2921 4425 3096 4492 atque
3127 4420 3363 4477 sectari.
3401 4421 3557 4486 Quid
3592 4412 3846 4474 multum:

2225 4511 2379 4566 brevi
2413 4510 2953 4565 abrenuntiantium
2986 4508 3196 4566 saeculo
3226 4510 3459 4566 coaluit
3491 4521 3777 4570 numerus,
3801 4504 3847 4555 ut

461 4594 691 4649 numeri
743 4594 847 4649 viri
900 4594 1208 4651 sanctitate
1239 4611 1303 4649 ac
1326 4596 1573 4651 scicntia
1600 4597 1918 4668 conspicui,
1970 4615 2115 4669 quos
2147 4611 2192 4675 D
2227 4600 2284 4654 in
2308 4600 2470 4654 arido
2494 4603 2551 4655 et
2571 4598 2866 4670 squalenti
2891 4616 3096 4671 campo
3112 4598 3422 4655 videretur
3437 4591 3842 4673 segesl‘ecunda.

460 4682 752 4755 praeclarae
775 4684 1020 4740 virtutes
1040 4685 1111 4739 ad
1136 4701 1401 4741 summas
1426 4684 1849 4741 ecclesiasticas
1869 4687 2118 4759 dignita-

450 4777 538 4829 tes
563 4789 815 4828 erexere.
857 4774 1111 4829 Tument
1140 4774 1432 4846 przeclaris
1458 4773 1693 4830 illorum
1725 4776 1904 4847 gestis
1935 4777 2114 4833 histo-

457 4861 722 4917 ricorum
760 4867 1144 4917 monumenta
1165 4879 1291 4934 quae
1320 4863 1413 4919 hic
1444 4881 1742 4920 recensere
1762 4882 2112 4937 supervaca-

452 4966 628 5005 neum
662 4950 1046 5005 est.Servavit
1065 4951 1350 5008 hactenus
1378 4955 1429 5009 is
1460 4955 1612 5009 Ordo
1640 4971 1814 5009 suum
1849 4955 2117 5026 splendo-

449 5054 569 5093 rem
596 5055 610 5093 ε
641 5038 1028 5094 Serenissimi
1063 5040 1346 5112 principis
1375 5042 1559 5097 Caroli
1592 5043 1832 5099 Medicei
1854 5045 2111 5117 episcopi

446 5126 776 5185 Cardinalis
810 5127 1131 5183 Tusculani
1165 5128 1445 5183 clientelae
1479 5130 1648 5185 hodie
1667 5134 2111 5189 commendatus

445 5222 630 5285 est,et
664 5218 737 5272 ab
774 5216 1023 5273 Ascanio
1056 5218 1414 5281 'l‘amburino
1447 5219 1658 5274 abbate
1686 5222 1949 5277 Generali
1985 5241 2107 5278 ma-

452 5304 610 5359 xima
634 5305 1295 5371 laudeadministratur;
1322 5324 1494 5378 quem
1519 5308 1702 5363 virum
1736 5310 1985 5383 insignis
2009 5314 2109 5366 do-

454 5393 644 5449 ctrina
674 5412 804 5449 cum
832 5396 961 5451 aliis
994 5401 1213 5451 naturze
1238 5396 1473 5452 dotibus
1504 5402 1560 5451 et
1588 5400 2109 5469 ornamentis,sua-

454 5481 632 5535 vitate
673 5502 923 5543 nmrnm.
962 5486 1270 5557 prudentia
1292 5486 1599 5555 singulari,
1632 5489 1961 5558 conjuncta,
1993 5508 2109 5545 non

462 5571 658 5627 mian
674 5590 845 5643 quiin
865 5574 992 5627 libri
1009 5576 1391 5630 eruditissimi
1408 5577 1478 5630 (le
1492 5576 1768 5631 abbatum
1790 5579 2111 5635 abbatissa-

459 5677 709 5734 rumque
733 5662 866 5733 jure
897 5661 968 5715 al)
1001 5662 1126 5732 ipso
1155 5664 1305 5735 typis
1338 5666 1460 5720 cusi
1504 5669 1935 5722 commendant.
1970 5670 2109 5724 Exe-

2227 4706 2291 4744 ac
2320 4689 2451 4743 laeta
2475 4687 2702 4743 Domini
2725 4688 2980 4744 Sabaoth
3001 4688 3172 4744 vinea
3204 4690 3718 4760 succrevissejam
3740 4694 3847 4738 suas

2222 4777 2572 4849 propagines
2603 4775 2774 4849 longe
2804 4776 3035 4848 lateque
3082 4776 3430 4834 dilatatura.
3468 4777 3633 4834 Unde
3659 4773 3733 4827 vir
3757 4769 3846 4823 Do-

2222 4865 2365 4920 mini
2398 4866 2655 4921 Andreas
2688 4865 2858 4937 plura
2899 4866 3144 4922 diversis
3174 4866 3233 4921 in
3276 4866 3432 4923 locis
3466 4863 3849 4923 monachorum

2221 4954 2642 5019 conventicula,
2693 4970 2820 5024 quas
2866 4971 3021 5010 nunc
3052 4954 3356 5011 Prioratus
3387 4960 3693 5019 vocantur,
3719 4944 3851 5005 iusti-

2221 5043 2355 5111 tuit,
2386 5049 2442 5098 et
2471 5044 2651 5099 erexit
2682 5044 2952 5115 precibus
2983 5046 3381 5115 quorumdam
3420 5046 3706 5101 nobilium
3732 5039 3850 5096 vim‘

2221 5149 2376 5200 rum,
2410 5133 2561 5188 ultro
2591 5132 2642 5187 ei
2673 5133 3036 5189 offerentium
3069 5151 3137 5188 ea
3185 5151 3318 5205 qum
3353 5136 3431 5191 ad
3468 5135 3720 5208 quietam
3747 5124 3849 5183 reli-

2220 5222 2517 5294 giosorum
2550 5222 2730 5277 vitam
2764 5223 3074 5294 pertinent.

2289 5312 2417 5366 59.«
2440 5311 2703 5382 Denique
2728 5312 2932 5367 silvam
2957 5313 3271 5384 quamdam
3296 5314 3648 5385 quercubus
3662 5314 3715 5366 et
3731 5305 3848 5378 fugis

2220 5400 2634 5455 densissimam
2667 5400 2821 5455 intra
2850 5401 3210 5458 Diturcensis
3240 5404 3547 5460 dzeceseos
3570 5404 3850 5468 linesrepe-

2219 5491 2555 5556 riens,facto
2588 5490 2846 5562 primum
2874 5490 3092 5546 ibidem
3124 5491 3401 5565 tugurio,
3433 5494 3636 5548 animo
3651 5491 3770 5560 ejus
3785 5486 3851 5539 in-

2220 5580 2397 5635 cessit
2436 5580 2585 5634 hanc
2647 5597 2762 5634 sum
2820 5580 3312 5653 peregrinationis
3370 5582 3651 5639 ultimam
3706 5578 3859 5634 facere

2218 5669 2615 5740 mansionem;
2638 5670 2735 5724 ubi
2759 5670 3274 5743 sane,cuicumque
3307 5670 3608 5728 divinitus
3628 5660 3862 5741 inspirsti
