  <div class='ocr_page' id='page_1' title='image "/cluster/home/n/w/nwhite01/storage/ocr_20150623/146/hvd.32044054760053/370.png"; bbox 0 0 4004 6170; ppageno 0'>
   <div class='ocr_carea' id='block_1_1' title="bbox 209 373 3618 461">
    <p class='ocr_par' dir='ltr' id='par_1_1' title="bbox 209 373 3618 461">
     <span class='ocr_line' id='line_1_1' title="bbox 209 373 3618 461; baseline -0.002 0"><span class='ocrx_word' id='word_1_1' title='bbox 209 399 328 461; x_wconf 79' lang='lat'>129</span> <span class='ocrx_word' id='word_1_2' title='bbox 1802 392 2029 457; x_wconf 82' lang='lat' dir='ltr'>ACTA.</span> <span class='ocrx_word' id='word_1_3' title='bbox 2208 373 2216 381; x_wconf 88' lang='grc'><em>’</em></span> <span class='ocrx_word' id='word_1_4' title='bbox 3498 393 3618 458; x_wconf 83' lang='lat'><strong>730</strong></span> 
     </span>
    </p>
   </div>
   <div class='ocr_carea' id='block_1_2' title="bbox 213 527 3613 603">
    <p class='ocr_par' dir='ltr' id='par_1_2' title="bbox 213 527 3613 603">
     <span class='ocr_line' id='line_1_2' title="bbox 213 527 3613 603; baseline -0.001 -15"><span class='ocrx_word' id='word_1_5' title='bbox 213 527 715 597; x_wconf 88' lang='lat' dir='ltr'>convertebantur,</span> <span class='ocrx_word' id='word_1_6' title='bbox 741 529 812 586; x_wconf 91' lang='lat' dir='ltr'>ab</span> <span class='ocrx_word' id='word_1_7' title='bbox 837 529 963 603; x_wconf 92' lang='lat' dir='ltr'>ipso</span> <span class='ocrx_word' id='word_1_8' title='bbox 986 531 1306 586; x_wconf 90' lang='lat' dir='ltr'>secundum</span> <span class='ocrx_word' id='word_1_9' title='bbox 1332 529 1426 585; x_wconf 86' lang='lat' dir='ltr'>div</span> <span class='ocrx_word' id='word_1_10' title='bbox 1471 528 1656 584; x_wconf 84' lang='lat' dir='ltr'>Patris</span> <span class='ocrx_word' id='word_1_11' title='bbox 1675 529 1854 584; x_wconf 88' lang='lat' dir='ltr'>Bene-</span> <span class='ocrx_word' id='word_1_12' title='bbox 1888 528 1943 594; x_wconf 82' lang='grc' dir='ltr'><strong>Α</strong></span> <span class='ocrx_word' id='word_1_13' title='bbox 1974 528 2278 601; x_wconf 82' lang='lat' dir='ltr'>Religiosis</span> <span class='ocrx_word' id='word_1_14' title='bbox 2309 547 2372 587; x_wconf 89' lang='lat' dir='ltr'>ac</span> <span class='ocrx_word' id='word_1_15' title='bbox 2407 531 2760 588; x_wconf 89' lang='lat' dir='ltr'>Militaribus</span> <span class='ocrx_word' id='word_1_16' title='bbox 2792 533 2918 588; x_wconf 87' lang='lat' dir='ltr'>octo</span> <span class='ocrx_word' id='word_1_17' title='bbox 2945 533 3158 599; x_wconf 89' lang='lat' dir='ltr'>tomos,</span> <span class='ocrx_word' id='word_1_18' title='bbox 3190 527 3364 586; x_wconf 67' lang='lat' dir='ltr'>aeneis</span> <span class='ocrx_word' id='word_1_19' title='bbox 3408 527 3613 601; x_wconf 85' lang='lat' dir='ltr'>ﬁguris</span> 
     </span>
    </p>
   </div>
   <div class='ocr_carea' id='block_1_3' title="bbox 210 617 1859 691">
    <p class='ocr_par' dir='ltr' id='par_1_3' title="bbox 210 617 1859 691">
     <span class='ocr_line' id='line_1_3' title="bbox 210 617 1859 691; baseline -0.003 -15"><span class='ocrx_word' id='word_1_20' title='bbox 210 619 347 676; x_wconf 89' lang='lat' dir='ltr'>dicti</span> <span class='ocrx_word' id='word_1_21' title='bbox 381 617 641 691; x_wconf 90' lang='lat' dir='ltr'>regulam</span> <span class='ocrx_word' id='word_1_22' title='bbox 676 618 1040 688; x_wconf 85' lang='lat' dir='ltr'>instituendi,</span> <span class='ocrx_word' id='word_1_23' title='bbox 1074 619 1309 674; x_wconf 77' lang='lat' dir='ltr'>sibimet</span> <span class='ocrx_word' id='word_1_24' title='bbox 1349 635 1515 674; x_wconf 84' lang='lat' dir='ltr'>casas</span> <span class='ocrx_word' id='word_1_25' title='bbox 1546 618 1699 673; x_wconf 90' lang='lat' dir='ltr'>circa</span> <span class='ocrx_word' id='word_1_26' title='bbox 1728 634 1859 672; x_wconf 88' lang='lat' dir='ltr'>ma-</span> 
     </span>
    </p>
   </div>
   <div class='ocr_carea' id='block_1_4' title="bbox 206 706 1858 782">
    <p class='ocr_par' dir='ltr' id='par_1_4' title="bbox 206 706 1858 782">
     <span class='ocr_line' id='line_1_4' title="bbox 206 706 1858 782; baseline -0.002 -19"><span class='ocrx_word' id='word_1_27' title='bbox 206 708 377 782; x_wconf 85' lang='lat' dir='ltr'>gistri</span> <span class='ocrx_word' id='word_1_28' title='bbox 409 707 771 779; x_wconf 83' lang='lat' dir='ltr'>tuguriolum</span> <span class='ocrx_word' id='word_1_29' title='bbox 805 708 1263 780; x_wconf 88' lang='lat' dir='ltr'>compingentes,</span> <span class='ocrx_word' id='word_1_30' title='bbox 1299 707 1379 763; x_wconf 87' lang='lat' dir='ltr'>rei</span> <span class='ocrx_word' id='word_1_31' title='bbox 1428 709 1631 763; x_wconf 78' lang='lat' dir='ltr'>efiectu</span> <span class='ocrx_word' id='word_1_32' title='bbox 1665 706 1858 762; x_wconf 90' lang='lat' dir='ltr'>locum</span> 
     </span>
    </p>
   </div>
   <div class='ocr_carea' id='block_1_5' title="bbox 206 795 1862 870">
    <p class='ocr_par' dir='ltr' id='par_1_5' title="bbox 206 795 1862 870">
     <span class='ocr_line' id='line_1_5' title="bbox 206 795 1862 870; baseline -0.002 -17"><span class='ocrx_word' id='word_1_33' title='bbox 206 799 405 870; x_wconf 88' lang='lat' dir='ltr'>ipsum</span> <span class='ocrx_word' id='word_1_34' title='bbox 421 796 692 868; x_wconf 83' lang='lat' dir='ltr'>deinceps</span> <span class='ocrx_word' id='word_1_35' title='bbox 708 795 908 852; x_wconf 88' lang='lat' dir='ltr'>Casale</span> <span class='ocrx_word' id='word_1_36' title='bbox 921 797 1288 852; x_wconf 80' lang='lat' dir='ltr'>benedictum</span> <span class='ocrx_word' id='word_1_37' title='bbox 1306 797 1715 869; x_wconf 79' lang='lat' dir='ltr'>appellandum</span> <span class='ocrx_word' id='word_1_38' title='bbox 1732 813 1862 851; x_wconf 88' lang='lat' dir='ltr'>cen-</span> 
     </span>
    </p>
   </div>
   <div class='ocr_carea' id='block_1_6' title="bbox 208 885 1860 958">
    <p class='ocr_par' dir='ltr' id='par_1_6' title="bbox 208 885 1860 958">
     <span class='ocr_line' id='line_1_6' title="bbox 208 885 1860 958; baseline -0.002 -16"><span class='ocrx_word' id='word_1_39' title='bbox 208 891 477 943; x_wconf 88' lang='lat' dir='ltr'>suerunt.</span> <span class='ocrx_word' id='word_1_40' title='bbox 515 886 620 952; x_wconf 87' lang='lat' dir='ltr'>Qui</span> <span class='ocrx_word' id='word_1_41' title='bbox 643 886 876 941; x_wconf 87' lang='lat' dir='ltr'>tandem</span> <span class='ocrx_word' id='word_1_42' title='bbox 901 887 1085 957; x_wconf 88' lang='lat' dir='ltr'>adjuti</span> <span class='ocrx_word' id='word_1_43' title='bbox 1109 903 1215 958; x_wconf 92' lang='lat' dir='ltr'>ope</span> <span class='ocrx_word' id='word_1_44' title='bbox 1239 889 1630 958; x_wconf 89' lang='lat' dir='ltr'>quorumdam</span> <span class='ocrx_word' id='word_1_45' title='bbox 1653 885 1860 958; x_wconf 88' lang='lat' dir='ltr'>princi-</span> 
     </span>
    </p>
   </div>
   <div class='ocr_carea' id='block_1_7' title="bbox 207 975 1856 1050">
    <p class='ocr_par' dir='ltr' id='par_1_7' title="bbox 207 975 1856 1050">
     <span class='ocr_line' id='line_1_7' title="bbox 207 975 1856 1050; baseline -0.001 -18"><span class='ocrx_word' id='word_1_46' title='bbox 207 993 446 1050; x_wconf 82' lang='lat' dir='ltr'>pum,ac</span> <span class='ocrx_word' id='word_1_47' title='bbox 479 977 819 1031; x_wconf 89' lang='lat' dir='ltr'>devotorum</span> <span class='ocrx_word' id='word_1_48' title='bbox 847 976 1105 1031; x_wconf 84' lang='lat' dir='ltr'>ﬁdelium</span> <span class='ocrx_word' id='word_1_49' title='bbox 1138 977 1521 1048; x_wconf 79' lang='lat' dir='ltr'>eleemosynis</span> <span class='ocrx_word' id='word_1_50' title='bbox 1554 975 1856 1030; x_wconf 85' lang='lat' dir='ltr'>basilicam</span> 
     </span>
    </p>
   </div>
   <div class='ocr_carea' id='block_1_8' title="bbox 203 1064 1856 1136">
    <p class='ocr_par' dir='ltr' id='par_1_8' title="bbox 203 1064 1856 1136">
     <span class='ocr_line' id='line_1_8' title="bbox 203 1064 1856 1136; baseline -0.003 -14"><span class='ocrx_word' id='word_1_51' title='bbox 203 1072 262 1122; x_wconf 92' lang='lat' dir='ltr'>et</span> <span class='ocrx_word' id='word_1_52' title='bbox 292 1066 600 1121; x_wconf 85' lang='lat' dir='ltr'>universas</span> <span class='ocrx_word' id='word_1_53' title='bbox 634 1065 972 1120; x_wconf 81' lang='lat' dir='ltr'>monasterii</span> <span class='ocrx_word' id='word_1_54' title='bbox 1024 1066 1310 1136; x_wconf 83' lang='lat' dir='ltr'>ofﬁcinas,</span> <span class='ocrx_word' id='word_1_55' title='bbox 1362 1071 1471 1122; x_wconf 86' lang='lat' dir='ltr'>Deo</span> <span class='ocrx_word' id='word_1_56' title='bbox 1521 1064 1856 1132; x_wconf 80' lang='lat' dir='ltr'>auxiliante,</span> 
     </span>
    </p>
   </div>
   <div class='ocr_carea' id='block_1_9' title="bbox 205 1153 1862 1227">
    <p class='ocr_par' dir='ltr' id='par_1_9' title="bbox 205 1153 1862 1227">
     <span class='ocr_line' id='line_1_9' title="bbox 205 1153 1862 1227; baseline -0.002 -16"><span class='ocrx_word' id='word_1_57' title='bbox 205 1156 916 1219; x_wconf 86' lang='lat' dir='ltr'>consummaverunt.0uo</span> <span class='ocrx_word' id='word_1_58' title='bbox 935 1155 1222 1210; x_wconf 86' lang='lat' dir='ltr'>Dominus</span> <span class='ocrx_word' id='word_1_59' title='bbox 1248 1155 1632 1227; x_wconf 89' lang='lat' dir='ltr'>Leodegarius</span> <span class='ocrx_word' id='word_1_60' title='bbox 1655 1153 1862 1209; x_wconf 88' lang='lat' dir='ltr'>Bituri-</span> 
     </span>
    </p>
   </div>
   <div class='ocr_carea' id='block_1_10' title="bbox 204 1242 1859 1316">
    <p class='ocr_par' dir='ltr' id='par_1_10' title="bbox 204 1242 1859 1316">
     <span class='ocr_line' id='line_1_10' title="bbox 204 1242 1859 1316; baseline -0.003 -15"><span class='ocrx_word' id='word_1_61' title='bbox 204 1245 402 1301; x_wconf 91' lang='lat' dir='ltr'>censis</span> <span class='ocrx_word' id='word_1_62' title='bbox 453 1243 926 1316; x_wconf 79' lang='lat' dir='ltr'>archiepiscopus</span> <span class='ocrx_word' id='word_1_63' title='bbox 970 1245 1163 1299; x_wconf 88' lang='lat' dir='ltr'>venire</span> <span class='ocrx_word' id='word_1_64' title='bbox 1212 1245 1507 1315; x_wconf 87' lang='lat' dir='ltr'>dignatus,</span> <span class='ocrx_word' id='word_1_65' title='bbox 1554 1242 1859 1299; x_wconf 89' lang='lat' dir='ltr'>ecclesiam</span> 
     </span>
    </p>
   </div>
   <div class='ocr_carea' id='block_1_11' title="bbox 203 1332 1858 1406">
    <p class='ocr_par' dir='ltr' id='par_1_11' title="bbox 203 1332 1858 1406">
     <span class='ocr_line' id='line_1_11' title="bbox 203 1332 1858 1406; baseline -0.003 -17"><span class='ocrx_word' id='word_1_66' title='bbox 203 1334 450 1406; x_wconf 87' lang='lat' dir='ltr'>quidem</span> <span class='ocrx_word' id='word_1_67' title='bbox 482 1334 539 1387; x_wconf 91' lang='lat' dir='ltr'>in</span> <span class='ocrx_word' id='word_1_68' title='bbox 573 1333 851 1388; x_wconf 84' lang='lat' dir='ltr'>honorem</span> <span class='ocrx_word' id='word_1_69' title='bbox 888 1333 1244 1388; x_wconf 62' lang='lat' dir='ltr'>intemeratae</span> <span class='ocrx_word' id='word_1_70' title='bbox 1269 1332 1524 1403; x_wconf 79' lang='lat' dir='ltr'>Virginis</span> <span class='ocrx_word' id='word_1_71' title='bbox 1547 1333 1736 1388; x_wconf 78' lang='lat' dir='ltr'>Mariae</span> <span class='ocrx_word' id='word_1_72' title='bbox 1764 1332 1858 1386; x_wconf 90' lang='lat' dir='ltr'>Dei</span> 
     </span>
    </p>
   </div>
   <div class='ocr_carea' id='block_1_12' title="bbox 203 1419 1862 1494">
    <p class='ocr_par' dir='ltr' id='par_1_12' title="bbox 203 1419 1862 1494">
     <span class='ocr_line' id='line_1_12' title="bbox 203 1419 1862 1494; baseline -0.003 -15"><span class='ocrx_word' id='word_1_73' title='bbox 203 1421 519 1479; x_wconf 87' lang='lat' dir='ltr'>Genitricis</span> <span class='ocrx_word' id='word_1_74' title='bbox 551 1439 616 1477; x_wconf 89' lang='lat' dir='ltr'>ac</span> <span class='ocrx_word' id='word_1_75' title='bbox 648 1422 1126 1477; x_wconf 88' lang='lat' dir='ltr'>beatissimorum</span> <span class='ocrx_word' id='word_1_76' title='bbox 1179 1421 1591 1494; x_wconf 85' lang='lat' dir='ltr'>Apostolorum</span> <span class='ocrx_word' id='word_1_77' title='bbox 1625 1419 1771 1475; x_wconf 89' lang='lat' dir='ltr'>Petri</span> <span class='ocrx_word' id='word_1_78' title='bbox 1806 1424 1862 1474; x_wconf 93' lang='lat' dir='ltr'>et</span> 
     </span>
    </p>
   </div>
   <div class='ocr_carea' id='block_1_13' title="bbox 202 1510 1859 1583">
    <p class='ocr_par' dir='ltr' id='par_1_13' title="bbox 202 1510 1859 1583">
     <span class='ocr_line' id='line_1_13' title="bbox 202 1510 1859 1583; baseline -0.002 -16"><span class='ocrx_word' id='word_1_79' title='bbox 202 1512 373 1567; x_wconf 84' lang='lat' dir='ltr'>Pauli</span> <span class='ocrx_word' id='word_1_80' title='bbox 392 1511 732 1567; x_wconf 88' lang='lat' dir='ltr'>solemniter</span> <span class='ocrx_word' id='word_1_81' title='bbox 747 1511 1061 1579; x_wconf 88' lang='lat' dir='ltr'>dedicavit;</span> <span class='ocrx_word' id='word_1_82' title='bbox 1096 1512 1290 1583; x_wconf 90' lang='lat' dir='ltr'>ipsum</span> <span class='ocrx_word' id='word_1_83' title='bbox 1308 1527 1440 1566; x_wconf 84' lang='lat' dir='ltr'>vero</span> <span class='ocrx_word' id='word_1_84' title='bbox 1460 1510 1859 1566; x_wconf 83' lang='lat' dir='ltr'>Reverendum</span> 
     </span>
    </p>
   </div>
   <div class='ocr_carea' id='block_1_14' title="bbox 200 1599 1858 1672">
    <p class='ocr_par' dir='ltr' id='par_1_14' title="bbox 200 1599 1858 1672">
     <span class='ocr_line' id='line_1_14' title="bbox 200 1599 1858 1672; baseline -0.002 -15"><span class='ocrx_word' id='word_1_85' title='bbox 200 1603 435 1657; x_wconf 86' lang='lat' dir='ltr'>Patrem</span> <span class='ocrx_word' id='word_1_86' title='bbox 468 1601 762 1656; x_wconf 86' lang='lat' dir='ltr'>Andream</span> <span class='ocrx_word' id='word_1_87' title='bbox 815 1600 875 1654; x_wconf 88' lang='lat' dir='ltr'>in</span> <span class='ocrx_word' id='word_1_88' title='bbox 915 1601 1186 1655; x_wconf 88' lang='lat' dir='ltr'>abbatem</span> <span class='ocrx_word' id='word_1_89' title='bbox 1220 1600 1476 1672; x_wconf 90' lang='lat' dir='ltr'>primum</span> <span class='ocrx_word' id='word_1_90' title='bbox 1507 1599 1730 1656; x_wconf 77' lang='lat' dir='ltr'>Casalis</span> <span class='ocrx_word' id='word_1_91' title='bbox 1761 1599 1858 1654; x_wconf 90' lang='lat' dir='ltr'>be-</span> 
     </span>
    </p>
   </div>
   <div class='ocr_carea' id='block_1_15' title="bbox 199 1689 1322 1746">
    <p class='ocr_par' dir='ltr' id='par_1_15' title="bbox 199 1689 1322 1746">
     <span class='ocr_line' id='line_1_15' title="bbox 199 1689 1322 1746; baseline -0.007 0"><span class='ocrx_word' id='word_1_92' title='bbox 199 1689 426 1746; x_wconf 89' lang='lat' dir='ltr'>nedicti</span> <span class='ocrx_word' id='word_1_93' title='bbox 455 1689 825 1744; x_wconf 80' lang='lat' dir='ltr'>confirmavit</span> <span class='ocrx_word' id='word_1_94' title='bbox 854 1707 920 1744; x_wconf 90' lang='lat' dir='ltr'>ac</span> <span class='ocrx_word' id='word_1_95' title='bbox 949 1689 1260 1745; x_wconf 86' lang='lat' dir='ltr'>benedixit.</span> <span class='ocrx_word' id='word_1_96' title='bbox 1302 1712 1322 1738; x_wconf 74' lang='grc' dir='ltr'>ι</span> 
     </span>
    </p>
   </div>
   <div class='ocr_carea' id='block_1_16' title="bbox 280 1776 1859 1834">
    <p class='ocr_par' dir='ltr' id='par_1_16' title="bbox 280 1776 1859 1834">
     <span class='ocr_line' id='line_1_16' title="bbox 280 1776 1859 1834; baseline -0.001 0"><span class='ocrx_word' id='word_1_97' title='bbox 280 1782 372 1834; x_wconf 86' lang='grc'>60.</span> <span class='ocrx_word' id='word_1_98' title='bbox 403 1779 610 1834; x_wconf 83' lang='lat' dir='ltr'>Mirum</span> <span class='ocrx_word' id='word_1_99' title='bbox 643 1784 731 1834; x_wconf 90' lang='lat' dir='ltr'>est</span> <span class='ocrx_word' id='word_1_100' title='bbox 760 1779 916 1833; x_wconf 90' lang='lat' dir='ltr'>hunc</span> <span class='ocrx_word' id='word_1_101' title='bbox 945 1781 1235 1834; x_wconf 89' lang='lat' dir='ltr'>Andream</span> <span class='ocrx_word' id='word_1_102' title='bbox 1274 1779 1559 1834; x_wconf 89' lang='lat' dir='ltr'>Venantio</span> <span class='ocrx_word' id='word_1_103' title='bbox 1591 1777 1772 1833; x_wconf 90' lang='lat' dir='ltr'>Simio</span> <span class='ocrx_word' id='word_1_104' title='bbox 1800 1776 1859 1832; x_wconf 90' lang='lat' dir='ltr'>in</span> 
     </span>
    </p>
   </div>
   <div class='ocr_carea' id='block_1_17' title="bbox 200 1867 1940 1967">
    <p class='ocr_par' dir='ltr' id='par_1_17' title="bbox 200 1867 1940 1967">
     <span class='ocr_line' id='line_1_17' title="bbox 200 1867 1940 1967; baseline -0.003 -41"><span class='ocrx_word' id='word_1_105' title='bbox 200 1867 482 1967; x_wconf 47' lang='lat' dir='ltr'>Catal-ogo</span> <span class='ocrx_word' id='word_1_106' title='bbox 511 1868 771 1923; x_wconf 89' lang='lat' dir='ltr'>virorum</span> <span class='ocrx_word' id='word_1_107' title='bbox 800 1867 1120 1923; x_wconf 86' lang='lat' dir='ltr'>illustrium</span> <span class='ocrx_word' id='word_1_108' title='bbox 1170 1867 1366 1967; x_wconf 74' lang='lat' dir='ltr'>Vallis</span> <span class='ocrx_word' id='word_1_109' title='bbox 1387 1868 1683 1967; x_wconf 80' lang='lat' dir='ltr'>Umbrosae</span> <span class='ocrx_word' id='word_1_110' title='bbox 1716 1884 1858 1939; x_wconf 63' lang='lat' dir='ltr'>praa-</span> <span class='ocrx_word' id='word_1_111' title='bbox 1891 1901 1940 1967; x_wconf 84' lang='lat' dir='ltr'><strong>B</strong></span> 
     </span>
    </p>
   </div>
   <div class='ocr_carea' id='block_1_18' title="bbox 195 1956 1862 2029">
    <p class='ocr_par' dir='ltr' id='par_1_18' title="bbox 195 1956 1862 2029">
     <span class='ocr_line' id='line_1_18' title="bbox 195 1956 1862 2029; baseline -0.002 -15"><span class='ocrx_word' id='word_1_112' title='bbox 195 1957 548 2014; x_wconf 89' lang='lat' dir='ltr'>termissum</span> <span class='ocrx_word' id='word_1_113' title='bbox 582 1975 738 2026; x_wconf 89' lang='lat' dir='ltr'>esse;</span> <span class='ocrx_word' id='word_1_114' title='bbox 772 1958 1095 2029; x_wconf 81' lang='lat' dir='ltr'>praesertim</span> <span class='ocrx_word' id='word_1_115' title='bbox 1129 1974 1260 2012; x_wconf 91' lang='lat' dir='ltr'>cum</span> <span class='ocrx_word' id='word_1_116' title='bbox 1295 1957 1354 2012; x_wconf 92' lang='lat' dir='ltr'>in</span> <span class='ocrx_word' id='word_1_117' title='bbox 1385 1956 1645 2029; x_wconf 85' lang='lat' dir='ltr'>Epistola</span> <span class='ocrx_word' id='word_1_118' title='bbox 1686 1973 1862 2028; x_wconf 84' lang='lat' dir='ltr'>ency-</span> 
     </span>
    </p>
   </div>
   <div class='ocr_carea' id='block_1_19' title="bbox 203 2045 1859 2118">
    <p class='ocr_par' dir='ltr' id='par_1_19' title="bbox 203 2045 1859 2118">
     <span class='ocr_line' id='line_1_19' title="bbox 203 2045 1859 2118; baseline -0.002 -15"><span class='ocrx_word' id='word_1_119' title='bbox 203 2048 357 2103; x_wconf 90' lang='lat' dir='ltr'>clica</span> <span class='ocrx_word' id='word_1_120' title='bbox 373 2064 407 2101; x_wconf 88' lang='lat' dir='ltr'>a</span> <span class='ocrx_word' id='word_1_121' title='bbox 426 2046 730 2102; x_wconf 80' lang='lat' dir='ltr'>monachis</span> <span class='ocrx_word' id='word_1_122' title='bbox 752 2045 976 2102; x_wconf 90' lang='lat' dir='ltr'>Casalis</span> <span class='ocrx_word' id='word_1_123' title='bbox 998 2046 1291 2101; x_wconf 89' lang='lat' dir='ltr'>Benedicti</span> <span class='ocrx_word' id='word_1_124' title='bbox 1314 2050 1444 2118; x_wconf 89' lang='lat' dir='ltr'>post</span> <span class='ocrx_word' id='word_1_125' title='bbox 1465 2047 1593 2116; x_wconf 82' lang='lat' dir='ltr'>ejus</span> <span class='ocrx_word' id='word_1_126' title='bbox 1616 2051 1859 2100; x_wconf 90' lang='lat' dir='ltr'>mortem</span> 
     </span>
    </p>
   </div>
   <div class='ocr_carea' id='block_1_20' title="bbox 202 2133 1860 2208">
    <p class='ocr_par' dir='ltr' id='par_1_20' title="bbox 202 2133 1860 2208">
     <span class='ocr_line' id='line_1_20' title="bbox 202 2133 1860 2208; baseline -0.002 -17"><span class='ocrx_word' id='word_1_127' title='bbox 202 2137 514 2208; x_wconf 88' lang='lat' dir='ltr'>scripta,et</span> <span class='ocrx_word' id='word_1_128' title='bbox 535 2137 662 2206; x_wconf 87' lang='lat' dir='ltr'>jam</span> <span class='ocrx_word' id='word_1_129' title='bbox 695 2152 728 2189; x_wconf 89' lang='lat' dir='ltr'>a</span> <span class='ocrx_word' id='word_1_130' title='bbox 759 2136 916 2190; x_wconf 92' lang='lat' dir='ltr'>Luca</span> <span class='ocrx_word' id='word_1_131' title='bbox 948 2135 1223 2189; x_wconf 88' lang='lat' dir='ltr'>Dacherio</span> <span class='ocrx_word' id='word_1_132' title='bbox 1246 2135 1401 2189; x_wconf 88' lang='lat' dir='ltr'>edita</span> <span class='ocrx_word' id='word_1_133' title='bbox 1430 2140 1572 2190; x_wconf 85' lang='lat' dir='ltr'>tom.</span> <span class='ocrx_word' id='word_1_134' title='bbox 1608 2133 1650 2188; x_wconf 91' lang='lat' dir='ltr'>Il</span> <span class='ocrx_word' id='word_1_135' title='bbox 1675 2134 1860 2206; x_wconf 86' lang='lat' dir='ltr'>Spici-</span> 
     </span>
    </p>
   </div>
   <div class='ocr_carea' id='block_1_21' title="bbox 201 2223 1862 2297">
    <p class='ocr_par' dir='ltr' id='par_1_21' title="bbox 201 2223 1862 2297">
     <span class='ocr_line' id='line_1_21' title="bbox 201 2223 1862 2297; baseline -0.001 -17"><span class='ocrx_word' id='word_1_136' title='bbox 201 2225 347 2297; x_wconf 85' lang='lat' dir='ltr'>legii</span> <span class='ocrx_word' id='word_1_137' title='bbox 381 2241 511 2296; x_wconf 85' lang='lat' dir='ltr'>pag.</span> <span class='ocrx_word' id='word_1_138' title='bbox 544 2226 670 2290; x_wconf 87' lang='grc'>518,</span> <span class='ocrx_word' id='word_1_139' title='bbox 705 2224 1004 2296; x_wconf 88' lang='lat' dir='ltr'>egregium</span> <span class='ocrx_word' id='word_1_140' title='bbox 1060 2224 1273 2279; x_wconf 89' lang='lat' dir='ltr'>habeat</span> <span class='ocrx_word' id='word_1_141' title='bbox 1318 2223 1595 2294; x_wconf 85' lang='lat' dir='ltr'>elogium,</span> <span class='ocrx_word' id='word_1_142' title='bbox 1631 2240 1698 2278; x_wconf 85' lang='lat' dir='ltr'>ex</span> <span class='ocrx_word' id='word_1_143' title='bbox 1747 2239 1862 2294; x_wconf 90' lang='lat' dir='ltr'>quo</span> 
     </span>
    </p>
   </div>
   <div class='ocr_carea' id='block_1_22' title="bbox 201 2311 1862 2386">
    <p class='ocr_par' dir='ltr' id='par_1_22' title="bbox 201 2311 1862 2386">
     <span class='ocr_line' id='line_1_22' title="bbox 201 2311 1862 2386; baseline -0.001 -17"><span class='ocrx_word' id='word_1_144' title='bbox 201 2315 330 2369; x_wconf 63' lang='lat' dir='ltr'>hac</span> <span class='ocrx_word' id='word_1_145' title='bbox 381 2331 565 2386; x_wconf 86' lang='lat' dir='ltr'>pauca</span> <span class='ocrx_word' id='word_1_146' title='bbox 613 2313 993 2385; x_wconf 83' lang='lat' dir='ltr'>excerpimus.</span> <span class='ocrx_word' id='word_1_147' title='bbox 1048 2337 1075 2363; x_wconf 82' lang='lat'><strong>«</strong></span> <span class='ocrx_word' id='word_1_148' title='bbox 1127 2314 1356 2368; x_wconf 88' lang='lat' dir='ltr'>Fratres</span> <span class='ocrx_word' id='word_1_149' title='bbox 1405 2311 1716 2379; x_wconf 85' lang='lat' dir='ltr'>carissimi,</span> <span class='ocrx_word' id='word_1_150' title='bbox 1759 2330 1862 2385; x_wconf 91' lang='lat' dir='ltr'>pro</span> 
     </span>
    </p>
   </div>
   <div class='ocr_carea' id='block_1_23' title="bbox 197 2403 1859 2472">
    <p class='ocr_par' dir='ltr' id='par_1_23' title="bbox 197 2403 1859 2472">
     <span class='ocr_line' id='line_1_23' title="bbox 197 2403 1859 2472; baseline -0.001 -14"><span class='ocrx_word' id='word_1_151' title='bbox 197 2403 457 2458; x_wconf 87' lang='lat' dir='ltr'>Domino</span> <span class='ocrx_word' id='word_1_152' title='bbox 489 2403 731 2468; x_wconf 85' lang='lat' dir='ltr'>Andrea,</span> <span class='ocrx_word' id='word_1_153' title='bbox 765 2403 974 2457; x_wconf 88' lang='lat' dir='ltr'>abbate</span> <span class='ocrx_word' id='word_1_154' title='bbox 1007 2406 1225 2472; x_wconf 91' lang='lat' dir='ltr'>nostro,</span> <span class='ocrx_word' id='word_1_155' title='bbox 1260 2405 1434 2456; x_wconf 80' lang='lat' dir='ltr'>fratre</span> <span class='ocrx_word' id='word_1_156' title='bbox 1464 2417 1600 2456; x_wconf 90' lang='lat' dir='ltr'>vero</span> <span class='ocrx_word' id='word_1_157' title='bbox 1650 2405 1859 2471; x_wconf 90' lang='lat' dir='ltr'>vestro,</span> 
     </span>
    </p>
   </div>
   <div class='ocr_carea' id='block_1_24' title="bbox 199 2489 1863 2562">
    <p class='ocr_par' dir='ltr' id='par_1_24' title="bbox 199 2489 1863 2562">
     <span class='ocr_line' id='line_1_24' title="bbox 199 2489 1863 2562; baseline 0.001 -18"><span class='ocrx_word' id='word_1_158' title='bbox 199 2489 510 2562; x_wconf 83' lang='lat' dir='ltr'>piissimae</span> <span class='ocrx_word' id='word_1_159' title='bbox 538 2506 705 2544; x_wconf 88' lang='lat' dir='ltr'>aures</span> <span class='ocrx_word' id='word_1_160' title='bbox 733 2490 1153 2561; x_wconf 89' lang='lat' dir='ltr'>omnipotentis</span> <span class='ocrx_word' id='word_1_161' title='bbox 1175 2490 1275 2544; x_wconf 91' lang='lat' dir='ltr'>Dei</span> <span class='ocrx_word' id='word_1_162' title='bbox 1299 2490 1604 2545; x_wconf 90' lang='lat' dir='ltr'>nobiscum</span> <span class='ocrx_word' id='word_1_163' title='bbox 1627 2490 1863 2562; x_wconf 88' lang='lat' dir='ltr'>pulsare</span> 
     </span>
    </p>
   </div>
   <div class='ocr_carea' id='block_1_25' title="bbox 200 2578 1861 2652">
    <p class='ocr_par' dir='ltr' id='par_1_25' title="bbox 200 2578 1861 2652">
     <span class='ocr_line' id='line_1_25' title="bbox 200 2578 1861 2652; baseline -0.001 -17"><span class='ocrx_word' id='word_1_164' title='bbox 200 2579 479 2652; x_wconf 83' lang='lat' dir='ltr'>satagite,</span> <span class='ocrx_word' id='word_1_165' title='bbox 513 2585 805 2650; x_wconf 88' lang='lat' dir='ltr'>quatenus</span> <span class='ocrx_word' id='word_1_166' title='bbox 836 2579 928 2633; x_wconf 92' lang='lat' dir='ltr'>cui</span> <span class='ocrx_word' id='word_1_167' title='bbox 962 2580 1166 2634; x_wconf 87' lang='lat' dir='ltr'>devota</span> <span class='ocrx_word' id='word_1_168' title='bbox 1197 2583 1390 2634; x_wconf 89' lang='lat' dir='ltr'>mente</span> <span class='ocrx_word' id='word_1_169' title='bbox 1430 2578 1687 2649; x_wconf 64' lang='lat' dir='ltr'>servivit,</span> <span class='ocrx_word' id='word_1_170' title='bbox 1720 2579 1861 2633; x_wconf 90' lang='lat' dir='ltr'>dum</span> 
     </span>
    </p>
   </div>
   <div class='ocr_carea' id='block_1_26' title="bbox 200 2667 1860 2742">
    <p class='ocr_par' dir='ltr' id='par_1_26' title="bbox 200 2667 1860 2742">
     <span class='ocr_line' id='line_1_26' title="bbox 200 2667 1860 2742; baseline -0.001 -18"><span class='ocrx_word' id='word_1_171' title='bbox 200 2668 456 2742; x_wconf 88' lang='lat' dir='ltr'>spiritus</span> <span class='ocrx_word' id='word_1_172' title='bbox 487 2669 751 2723; x_wconf 85' lang='lat' dir='ltr'>membra</span> <span class='ocrx_word' id='word_1_173' title='bbox 787 2669 1090 2740; x_wconf 87' lang='lat' dir='ltr'>vegetavit,</span> <span class='ocrx_word' id='word_1_174' title='bbox 1126 2667 1403 2723; x_wconf 79' lang='lat' dir='ltr'>inhaerere</span> <span class='ocrx_word' id='word_1_175' title='bbox 1435 2668 1716 2722; x_wconf 89' lang='lat' dir='ltr'>membris</span> <span class='ocrx_word' id='word_1_176' title='bbox 1738 2685 1860 2722; x_wconf 90' lang='lat' dir='ltr'>cor-</span> 
     </span>
    </p>
   </div>
   <div class='ocr_carea' id='block_1_27' title="bbox 201 2757 1864 2831">
    <p class='ocr_par' dir='ltr' id='par_1_27' title="bbox 201 2757 1864 2831">
     <span class='ocr_line' id='line_1_27' title="bbox 201 2757 1864 2831; baseline -0.001 -18"><span class='ocrx_word' id='word_1_177' title='bbox 201 2759 370 2831; x_wconf 89' lang='lat' dir='ltr'>poris</span> <span class='ocrx_word' id='word_1_178' title='bbox 401 2775 434 2811; x_wconf 90' lang='lat' dir='ltr'>a</span> <span class='ocrx_word' id='word_1_179' title='bbox 462 2761 582 2812; x_wconf 88' lang='lat' dir='ltr'>vita</span> <span class='ocrx_word' id='word_1_180' title='bbox 611 2757 907 2813; x_wconf 89' lang='lat' dir='ltr'>destitulis</span> <span class='ocrx_word' id='word_1_181' title='bbox 940 2757 1352 2830; x_wconf 83' lang='lat' dir='ltr'>perpetualiter</span> <span class='ocrx_word' id='word_1_182' title='bbox 1381 2757 1587 2813; x_wconf 88' lang='lat' dir='ltr'>valeat.</span> <span class='ocrx_word' id='word_1_183' title='bbox 1634 2757 1735 2812; x_wconf 90' lang='lat' dir='ltr'>Hic</span> <span class='ocrx_word' id='word_1_184' title='bbox 1785 2761 1864 2812; x_wconf 88' lang='lat' dir='ltr'>et-</span> 
     </span>
    </p>
   </div>
   <div class='ocr_carea' id='block_1_28' title="bbox 199 2845 1861 2911">
    <p class='ocr_par' dir='ltr' id='par_1_28' title="bbox 199 2845 1861 2911">
     <span class='ocr_line' id='line_1_28' title="bbox 199 2845 1861 2911; baseline -0.001 -9"><span class='ocrx_word' id='word_1_185' title='bbox 199 2847 366 2903; x_wconf 89' lang='lat' dir='ltr'>enim</span> <span class='ocrx_word' id='word_1_186' title='bbox 387 2847 591 2901; x_wconf 83' lang='lat' dir='ltr'>beatus</span> <span class='ocrx_word' id='word_1_187' title='bbox 611 2848 876 2911; x_wconf 89' lang='lat' dir='ltr'>vir,anno</span> <span class='ocrx_word' id='word_1_188' title='bbox 899 2848 971 2902; x_wconf 85' lang='lat' dir='ltr'>ab</span> <span class='ocrx_word' id='word_1_189' title='bbox 995 2845 1397 2902; x_wconf 88' lang='lat' dir='ltr'>Incarnatione</span> <span class='ocrx_word' id='word_1_190' title='bbox 1421 2847 1650 2902; x_wconf 90' lang='lat' dir='ltr'>Domini</span> <span class='ocrx_word' id='word_1_191' title='bbox 1679 2846 1861 2901; x_wconf 87' lang='lat' dir='ltr'>nostri</span> 
     </span>
    </p>
   </div>
   <div class='ocr_carea' id='block_1_29' title="bbox 201 2934 1858 2992">
    <p class='ocr_par' dir='ltr' id='par_1_29' title="bbox 201 2934 1858 2992">
     <span class='ocr_line' id='line_1_29' title="bbox 201 2934 1858 2992; baseline -0.001 -2"><span class='ocrx_word' id='word_1_192' title='bbox 201 2937 348 2990; x_wconf 84' lang='lat' dir='ltr'>Jesu</span> <span class='ocrx_word' id='word_1_193' title='bbox 383 2934 601 2991; x_wconf 87' lang='lat' dir='ltr'>Christi</span> <span class='ocrx_word' id='word_1_194' title='bbox 632 2935 948 2992; x_wconf 89' lang='lat' dir='ltr'>millesimo</span> <span class='ocrx_word' id='word_1_195' title='bbox 980 2937 1300 2991; x_wconf 89' lang='lat' dir='ltr'>centesimo</span> <span class='ocrx_word' id='word_1_196' title='bbox 1323 2936 1665 2991; x_wconf 89' lang='lat' dir='ltr'>duodecimo</span> <span class='ocrx_word' id='word_1_197' title='bbox 1710 2934 1858 2989; x_wconf 87' lang='lat' dir='ltr'>indi-</span> 
     </span>
    </p>
   </div>
   <div class='ocr_carea' id='block_1_30' title="bbox 204 3024 1860 3096">
    <p class='ocr_par' dir='ltr' id='par_1_30' title="bbox 204 3024 1860 3096">
     <span class='ocr_line' id='line_1_30' title="bbox 204 3024 1860 3096; baseline -0.001 -17"><span class='ocrx_word' id='word_1_198' title='bbox 204 3026 402 3080; x_wconf 85' lang='lat' dir='ltr'>ctione</span> <span class='ocrx_word' id='word_1_199' title='bbox 421 3024 1004 3096; x_wconf 85' lang='lat' dir='ltr'>quinta,duodecimo</span> <span class='ocrx_word' id='word_1_200' title='bbox 1029 3025 1312 3081; x_wconf 84' lang='lat' dir='ltr'>Kalendas</span> <span class='ocrx_word' id='word_1_201' title='bbox 1335 3024 1860 3096; x_wconf 84' lang='lat' dir='ltr'>Februarii,exple-</span> 
     </span>
    </p>
   </div>
   <div class='ocr_carea' id='block_1_31' title="bbox 202 3113 1862 3186">
    <p class='ocr_par' dir='ltr' id='par_1_31' title="bbox 202 3113 1862 3186">
     <span class='ocr_line' id='line_1_31' title="bbox 202 3113 1862 3186; baseline 0 -18"><span class='ocrx_word' id='word_1_202' title='bbox 202 3114 288 3168; x_wconf 86' lang='lat' dir='ltr'>vit</span> <span class='ocrx_word' id='word_1_203' title='bbox 310 3119 539 3169; x_wconf 64' lang='lat' dir='ltr'>natura!</span> <span class='ocrx_word' id='word_1_204' title='bbox 559 3114 928 3184; x_wconf 76' lang='lat' dir='ltr'>jura,mortis</span> <span class='ocrx_word' id='word_1_205' title='bbox 952 3113 1284 3186; x_wconf 90' lang='lat' dir='ltr'>persolvens</span> <span class='ocrx_word' id='word_1_206' title='bbox 1306 3114 1592 3168; x_wconf 89' lang='lat' dir='ltr'>debita....</span> <span class='ocrx_word' id='word_1_207' title='bbox 1631 3113 1862 3168; x_wconf 90' lang='lat' dir='ltr'>Primus</span> 
     </span>
    </p>
   </div>
   <div class='ocr_carea' id='block_1_32' title="bbox 201 3202 1864 3275">
    <p class='ocr_par' dir='ltr' id='par_1_32' title="bbox 201 3202 1864 3275">
     <span class='ocr_line' id='line_1_32' title="bbox 201 3202 1864 3275; baseline 0 -18"><span class='ocrx_word' id='word_1_208' title='bbox 201 3220 444 3275; x_wconf 88' lang='lat' dir='ltr'>quoque</span> <span class='ocrx_word' id='word_1_209' title='bbox 466 3203 763 3258; x_wconf 88' lang='lat' dir='ltr'>abbatiam</span> <span class='ocrx_word' id='word_1_210' title='bbox 789 3202 1665 3275; x_wconf 71' lang='lat' dir='ltr'>nostram,quzevocaturCasale</span> <span class='ocrx_word' id='word_1_211' title='bbox 1689 3203 1864 3257; x_wconf 89' lang='lat' dir='ltr'>Bene-</span> 
     </span>
    </p>
   </div>
   <div class='ocr_carea' id='block_1_33' title="bbox 1969 619 2840 694">
    <p class='ocr_par' dir='ltr' id='par_1_33' title="bbox 1969 619 2840 694">
     <span class='ocr_line' id='line_1_33' title="bbox 1969 619 2840 694; baseline 0.003 -21"><span class='ocrx_word' id='word_1_212' title='bbox 1969 619 2290 688; x_wconf 90' lang='lat' dir='ltr'>decoratos,</span> <span class='ocrx_word' id='word_1_213' title='bbox 2321 621 2538 678; x_wconf 89' lang='lat' dir='ltr'>Gallice</span> <span class='ocrx_word' id='word_1_214' title='bbox 2567 621 2840 694; x_wconf 85' lang='lat' dir='ltr'>vulgavit.</span> 
     </span>
    </p>
   </div>
   <div class='ocr_carea' id='block_1_34' title="bbox 2118 728 3468 800">
    <p class='ocr_par' dir='ltr' id='par_1_34' title="bbox 2118 728 3468 800">
     <span class='ocr_line' id='line_1_34' title="bbox 2118 728 3468 800; baseline -0.001 -18"><span class='ocrx_word' id='word_1_215' title='bbox 2118 730 2145 795; x_wconf 82' lang='lat'>§</span> <span class='ocrx_word' id='word_1_216' title='bbox 2177 728 2268 783; x_wconf 91' lang='lat' dir='ltr'>VI.</span> <span class='ocrx_word' id='word_1_217' title='bbox 2305 728 2359 783; x_wconf 90' lang='lat' dir='ltr'>S.</span> <span class='ocrx_word' id='word_1_218' title='bbox 2387 731 2615 784; x_wconf 81' lang='lat' dir='ltr'>Joannis</span> <span class='ocrx_word' id='word_1_219' title='bbox 2648 730 2931 785; x_wconf 75' lang='lat' dir='ltr'>Gualberti</span> <span class='ocrx_word' id='word_1_220' title='bbox 2958 732 3163 800; x_wconf 80' lang='lat' dir='ltr'>scripta</span> <span class='ocrx_word' id='word_1_221' title='bbox 3192 736 3242 784; x_wconf 83' lang='lat' dir='ltr'>et</span> <span class='ocrx_word' id='word_1_222' title='bbox 3266 743 3468 799; x_wconf 80' lang='lat' dir='ltr'>preces.</span> 
     </span>
    </p>
   </div>
   <div class='ocr_carea' id='block_1_35' title="bbox 1967 814 3615 888">
    <p class='ocr_par' dir='ltr' id='par_1_35' title="bbox 1967 814 3615 888">
     <span class='ocr_line' id='line_1_35' title="bbox 1967 814 3615 888; baseline -0.001 -17"><span class='ocrx_word' id='word_1_223' title='bbox 1967 819 2124 885; x_wconf 63' lang='lat' dir='ltr'>(Qua:</span> <span class='ocrx_word' id='word_1_224' title='bbox 2182 817 2278 871; x_wconf 90' lang='lat' dir='ltr'>hic</span> <span class='ocrx_word' id='word_1_225' title='bbox 2335 819 2444 872; x_wconf 91' lang='lat' dir='ltr'>sub</span> <span class='ocrx_word' id='word_1_226' title='bbox 2493 835 2666 872; x_wconf 72' lang='lat' dir='ltr'>~num.</span> <span class='ocrx_word' id='word_1_227' title='bbox 2727 819 2902 871; x_wconf 80' lang='lat'>62-83</span> <span class='ocrx_word' id='word_1_228' title='bbox 2962 822 3310 888; x_wconf 86' lang='lat' dir='ltr'>sequuntur,</span> <span class='ocrx_word' id='word_1_229' title='bbox 3371 814 3615 872; x_wconf 88' lang='lat' dir='ltr'>seorsim</span> 
     </span>
    </p>
   </div>
   <div class='ocr_carea' id='block_1_36' title="bbox 2563 889 3020 959">
    <p class='ocr_par' dir='ltr' id='par_1_36' title="bbox 2563 889 3020 959">
     <span class='ocr_line' id='line_1_36' title="bbox 2563 889 3020 959; baseline -0.002 -15"><span class='ocrx_word' id='word_1_230' title='bbox 2563 890 2794 944; x_wconf 90' lang='lat' dir='ltr'>edimus</span> <span class='ocrx_word' id='word_1_231' title='bbox 2824 889 3020 959; x_wconf 89' lang='lat' dir='ltr'>infra.)</span> 
     </span>
    </p>
   </div>
   <div class='ocr_carea' id='block_1_37' title="bbox 2138 977 3449 1045">
    <p class='ocr_par' dir='ltr' id='par_1_37' title="bbox 2138 977 3449 1045">
     <span class='ocr_line' id='line_1_37' title="bbox 2138 977 3449 1045; baseline -0.001 -14"><span class='ocrx_word' id='word_1_232' title='bbox 2138 981 2164 1045; x_wconf 86' lang='lat'>§</span> <span class='ocrx_word' id='word_1_233' title='bbox 2194 979 2315 1032; x_wconf 88' lang='lat' dir='ltr'>VII.</span> <span class='ocrx_word' id='word_1_234' title='bbox 2347 980 2502 1034; x_wconf 75' lang='lat' dir='ltr'>Gesta</span> <span class='ocrx_word' id='word_1_235' title='bbox 2533 979 2586 1033; x_wconf 89' lang='lat' dir='ltr'>S.</span> <span class='ocrx_word' id='word_1_236' title='bbox 2617 981 2846 1035; x_wconf 82' lang='lat' dir='ltr'>Joannis</span> <span class='ocrx_word' id='word_1_237' title='bbox 2874 986 3063 1032; x_wconf 83' lang='lat' dir='ltr'>contra</span> <span class='ocrx_word' id='word_1_238' title='bbox 3091 977 3449 1032; x_wconf 79' lang='lat' dir='ltr'>Simoniacos.</span> 
     </span>
    </p>
   </div>
   <div class='ocr_carea' id='block_1_38' title="bbox 2041 1056 3702 1138">
    <p class='ocr_par' dir='ltr' id='par_1_38' title="bbox 2041 1056 3702 1138">
     <span class='ocr_line' id='line_1_38' title="bbox 2041 1056 3702 1138; baseline -0.001 -18"><span class='ocrx_word' id='word_1_239' title='bbox 2041 1065 2244 1121; x_wconf 84' lang='lat' dir='ltr'>Divina</span> <span class='ocrx_word' id='word_1_240' title='bbox 2271 1056 2632 1138; x_wconf 86' lang='lat' dir='ltr'>providentia</span> <span class='ocrx_word' id='word_1_241' title='bbox 2663 1068 2891 1123; x_wconf 91' lang='lat' dir='ltr'>videtur</span> <span class='ocrx_word' id='word_1_242' title='bbox 2916 1067 2973 1122; x_wconf 90' lang='lat' dir='ltr'>S.</span> <span class='ocrx_word' id='word_1_243' title='bbox 2999 1065 3285 1122; x_wconf 89' lang='lat' dir='ltr'>Joannem</span> <span class='ocrx_word' id='word_1_244' title='bbox 3336 1064 3614 1120; x_wconf 89' lang='lat' dir='ltr'>Gualber-</span> <span class='ocrx_word' id='word_1_245' title='bbox 3697 1093 3702 1098; x_wconf 90' lang='lat'><strong>-</strong></span> 
     </span>
    </p>
   </div>
   <div class='ocr_carea' id='block_1_39' title="bbox 1968 1153 3616 1228">
    <p class='ocr_par' dir='ltr' id='par_1_39' title="bbox 1968 1153 3616 1228">
     <span class='ocr_line' id='line_1_39' title="bbox 1968 1153 3616 1228; baseline -0.001 -18"><span class='ocrx_word' id='word_1_246' title='bbox 1968 1161 2095 1210; x_wconf 90' lang='lat' dir='ltr'>tum</span> <span class='ocrx_word' id='word_1_247' title='bbox 2129 1173 2390 1212; x_wconf 87' lang='lat' dir='ltr'>servasse</span> <span class='ocrx_word' id='word_1_248' title='bbox 2423 1156 2690 1213; x_wconf 88' lang='lat' dir='ltr'>luctuoso</span> <span class='ocrx_word' id='word_1_249' title='bbox 2723 1156 3152 1228; x_wconf 88' lang='lat' dir='ltr'>tempori,quod</span> <span class='ocrx_word' id='word_1_250' title='bbox 3184 1159 3236 1208; x_wconf 92' lang='lat' dir='ltr'>S.</span> <span class='ocrx_word' id='word_1_251' title='bbox 3269 1153 3475 1210; x_wconf 84' lang='lat' dir='ltr'>Petrus</span> <span class='ocrx_word' id='word_1_252' title='bbox 3508 1159 3616 1208; x_wconf 90' lang='lat' dir='ltr'>Da-</span> 
     </span>
    </p>
   </div>
   <div class='ocr_carea' id='block_1_40' title="bbox 1969 1243 3614 1316">
    <p class='ocr_par' dir='ltr' id='par_1_40' title="bbox 1969 1243 3614 1316">
     <span class='ocr_line' id='line_1_40' title="bbox 1969 1243 3614 1316; baseline 0 -18"><span class='ocrx_word' id='word_1_253' title='bbox 1969 1244 2147 1299; x_wconf 91' lang='lat' dir='ltr'>miani</span> <span class='ocrx_word' id='word_1_254' title='bbox 2181 1247 2370 1316; x_wconf 72' lang='lat' dir='ltr'>pagi,</span> <span class='ocrx_word' id='word_1_255' title='bbox 2403 1246 2670 1316; x_wconf 77' lang='lat' dir='ltr'>epist.15,</span> <span class='ocrx_word' id='word_1_256' title='bbox 2695 1247 2764 1305; x_wconf 84' lang='lat' dir='ltr'>ad</span> <span class='ocrx_word' id='word_1_257' title='bbox 2793 1245 3186 1302; x_wconf 80' lang='lat' dir='ltr'>Alexandrum</span> <span class='ocrx_word' id='word_1_258' title='bbox 3212 1244 3261 1298; x_wconf 88' lang='lat' dir='ltr'>II</span> <span class='ocrx_word' id='word_1_259' title='bbox 3282 1243 3614 1298; x_wconf 85' lang='lat' dir='ltr'>Romanum</span> 
     </span>
    </p>
   </div>
   <div class='ocr_carea' id='block_1_41' title="bbox 1969 1331 3616 1406">
    <p class='ocr_par' dir='ltr' id='par_1_41' title="bbox 1969 1331 3616 1406">
     <span class='ocr_line' id='line_1_41' title="bbox 1969 1331 3616 1406; baseline -0.001 -18"><span class='ocrx_word' id='word_1_260' title='bbox 1969 1334 2303 1405; x_wconf 82' lang='lat' dir='ltr'>pontificem</span> <span class='ocrx_word' id='word_1_261' title='bbox 2327 1333 2409 1389; x_wconf 91' lang='lat' dir='ltr'>ita</span> <span class='ocrx_word' id='word_1_262' title='bbox 2432 1334 2727 1406; x_wconf 86' lang='lat' dir='ltr'>deplorat:</span> <span class='ocrx_word' id='word_1_263' title='bbox 2759 1356 2786 1385; x_wconf 88' lang='grc'><strong>‹‹</strong></span> <span class='ocrx_word' id='word_1_264' title='bbox 2809 1335 2991 1389; x_wconf 90' lang='lat' dir='ltr'>Totus</span> <span class='ocrx_word' id='word_1_265' title='bbox 3013 1333 3210 1404; x_wconf 86' lang='lat' dir='ltr'>itaque</span> <span class='ocrx_word' id='word_1_266' title='bbox 3229 1332 3488 1387; x_wconf 89' lang='lat' dir='ltr'>mundus</span> <span class='ocrx_word' id='word_1_267' title='bbox 3507 1331 3616 1386; x_wconf 86' lang='lat' dir='ltr'>hoc</span> 
     </span>
    </p>
   </div>
   <div class='ocr_carea' id='block_1_42' title="bbox 1969 1421 3619 1495">
    <p class='ocr_par' dir='ltr' id='par_1_42' title="bbox 1969 1421 3619 1495">
     <span class='ocr_line' id='line_1_42' title="bbox 1969 1421 3619 1495; baseline -0.002 -18"><span class='ocrx_word' id='word_1_268' title='bbox 1969 1427 2228 1494; x_wconf 88' lang='lat' dir='ltr'>tempore</span> <span class='ocrx_word' id='word_1_269' title='bbox 2260 1423 2405 1477; x_wconf 88' lang='lat' dir='ltr'>nihil</span> <span class='ocrx_word' id='word_1_270' title='bbox 2458 1429 2546 1478; x_wconf 90' lang='lat' dir='ltr'>est</span> <span class='ocrx_word' id='word_1_271' title='bbox 2592 1424 2749 1478; x_wconf 87' lang='lat' dir='ltr'>aliud</span> <span class='ocrx_word' id='word_1_272' title='bbox 2798 1423 2907 1478; x_wconf 90' lang='lat' dir='ltr'>nisi</span> <span class='ocrx_word' id='word_1_273' title='bbox 2957 1422 3116 1495; x_wconf 88' lang='lat' dir='ltr'>gula,</span> <span class='ocrx_word' id='word_1_274' title='bbox 3150 1421 3407 1486; x_wconf 80' lang='lat' dir='ltr'>avaritia,</span> <span class='ocrx_word' id='word_1_275' title='bbox 3443 1426 3619 1492; x_wconf 85' lang='lat' dir='ltr'>atque</span> 
     </span>
    </p>
   </div>
   <div class='ocr_carea' id='block_1_43' title="bbox 1969 1509 3622 1580">
    <p class='ocr_par' dir='ltr' id='par_1_43' title="bbox 1969 1509 3622 1580">
     <span class='ocr_line' id='line_1_43' title="bbox 1969 1509 3622 1580; baseline -0.001 -15"><span class='ocrx_word' id='word_1_276' title='bbox 1969 1510 2178 1579; x_wconf 80' lang='lat' dir='ltr'>libido;</span> <span class='ocrx_word' id='word_1_277' title='bbox 2213 1517 2268 1567; x_wconf 93' lang='lat' dir='ltr'>et</span> <span class='ocrx_word' id='word_1_278' title='bbox 2299 1513 2452 1567; x_wconf 91' lang='lat' dir='ltr'>sicut</span> <span class='ocrx_word' id='word_1_279' title='bbox 2483 1512 2620 1568; x_wconf 92' lang='lat' dir='ltr'>olim</span> <span class='ocrx_word' id='word_1_280' title='bbox 2652 1513 2939 1568; x_wconf 89' lang='lat' dir='ltr'>trifariam</span> <span class='ocrx_word' id='word_1_281' title='bbox 2970 1512 3195 1566; x_wconf 90' lang='lat' dir='ltr'>divisus</span> <span class='ocrx_word' id='word_1_282' title='bbox 3225 1514 3314 1565; x_wconf 87' lang='lat' dir='ltr'>est</span> <span class='ocrx_word' id='word_1_283' title='bbox 3343 1509 3523 1580; x_wconf 88' lang='lat' dir='ltr'>orbis,</span> <span class='ocrx_word' id='word_1_284' title='bbox 3557 1513 3622 1564; x_wconf 90' lang='lat' dir='ltr'>ut</span> 
     </span>
    </p>
   </div>
   <div class='ocr_carea' id='block_1_44' title="bbox 1968 1600 3619 1673">
    <p class='ocr_par' dir='ltr' id='par_1_44' title="bbox 1968 1600 3619 1673">
     <span class='ocr_line' id='line_1_44' title="bbox 1968 1600 3619 1673; baseline 0 -18"><span class='ocrx_word' id='word_1_285' title='bbox 1968 1603 2158 1655; x_wconf 87' lang='lat' dir='ltr'>tribus</span> <span class='ocrx_word' id='word_1_286' title='bbox 2189 1601 2365 1656; x_wconf 90' lang='lat' dir='ltr'>simul</span> <span class='ocrx_word' id='word_1_287' title='bbox 2398 1601 2763 1673; x_wconf 87' lang='lat' dir='ltr'>principibus</span> <span class='ocrx_word' id='word_1_288' title='bbox 2791 1600 3222 1672; x_wconf 86' lang='lat' dir='ltr'>subjaceret,ita</span> <span class='ocrx_word' id='word_1_289' title='bbox 3255 1615 3411 1654; x_wconf 89' lang='lat' dir='ltr'>nunc</span> <span class='ocrx_word' id='word_1_290' title='bbox 3433 1615 3619 1670; x_wconf 88' lang='lat' dir='ltr'>genus</span> 
     </span>
    </p>
   </div>
   <div class='ocr_carea' id='block_1_45' title="bbox 1971 1685 3622 1762">
    <p class='ocr_par' dir='ltr' id='par_1_45' title="bbox 1971 1685 3622 1762">
     <span class='ocr_line' id='line_1_45' title="bbox 1971 1685 3622 1762; baseline -0.001 -18"><span class='ocrx_word' id='word_1_291' title='bbox 1971 1690 2316 1757; x_wconf 82' lang='lat' dir='ltr'>humanum,</span> <span class='ocrx_word' id='word_1_292' title='bbox 2347 1690 2461 1746; x_wconf 89' lang='lat' dir='ltr'>heu</span> <span class='ocrx_word' id='word_1_293' title='bbox 2495 1691 2639 1762; x_wconf 91' lang='lat' dir='ltr'>proh</span> <span class='ocrx_word' id='word_1_294' title='bbox 2663 1690 2851 1746; x_wconf 85' lang='lat' dir='ltr'>dolor!</span> <span class='ocrx_word' id='word_1_295' title='bbox 2880 1690 2972 1745; x_wconf 92' lang='lat' dir='ltr'>his</span> <span class='ocrx_word' id='word_1_296' title='bbox 2993 1689 3182 1744; x_wconf 91' lang='lat' dir='ltr'>tribus</span> <span class='ocrx_word' id='word_1_297' title='bbox 3202 1687 3359 1742; x_wconf 88' lang='lat' dir='ltr'>vitiis</span> <span class='ocrx_word' id='word_1_298' title='bbox 3390 1685 3622 1742; x_wconf 88' lang='lat' dir='ltr'>servilia</span> 
     </span>
    </p>
   </div>
   <div class='ocr_carea' id='block_1_46' title="bbox 1971 1777 3618 1851">
    <p class='ocr_par' dir='ltr' id='par_1_46' title="bbox 1971 1777 3618 1851">
     <span class='ocr_line' id='line_1_46' title="bbox 1971 1777 3618 1851; baseline -0.002 -18"><span class='ocrx_word' id='word_1_299' title='bbox 1971 1778 2118 1834; x_wconf 91' lang='lat' dir='ltr'>colla</span> <span class='ocrx_word' id='word_1_300' title='bbox 2149 1778 2494 1848; x_wconf 89' lang='lat' dir='ltr'>substernit,</span> <span class='ocrx_word' id='word_1_301' title='bbox 2520 1795 2842 1850; x_wconf 90' lang='lat' dir='ltr'>eorumque</span> <span class='ocrx_word' id='word_1_302' title='bbox 2872 1778 3040 1851; x_wconf 90' lang='lat' dir='ltr'>quasi</span> <span class='ocrx_word' id='word_1_303' title='bbox 3070 1777 3312 1833; x_wconf 86' lang='lat' dir='ltr'>totidem</span> <span class='ocrx_word' id='word_1_304' title='bbox 3342 1780 3618 1848; x_wconf 84' lang='lat' dir='ltr'>tyranno-</span> 
     </span>
    </p>
   </div>
   <div class='ocr_carea' id='block_1_47' title="bbox 1970 1864 3621 1940">
    <p class='ocr_par' dir='ltr' id='par_1_47' title="bbox 1970 1864 3621 1940">
     <span class='ocr_line' id='line_1_47' title="bbox 1970 1864 3621 1940; baseline -0.002 -18"><span class='ocrx_word' id='word_1_305' title='bbox 1970 1885 2102 1922; x_wconf 89' lang='lat' dir='ltr'>rum</span> <span class='ocrx_word' id='word_1_306' title='bbox 2127 1868 2353 1940; x_wconf 89' lang='lat' dir='ltr'>legibus</span> <span class='ocrx_word' id='word_1_307' title='bbox 2375 1869 2847 1940; x_wconf 88' lang='lat' dir='ltr'>obtemperanter</span> <span class='ocrx_word' id='word_1_308' title='bbox 2875 1867 3088 1922; x_wconf 90' lang='lat' dir='ltr'>obedit.</span> <span class='ocrx_word' id='word_1_309' title='bbox 3126 1887 3152 1914; x_wconf 85' lang='lat'><strong>»</strong></span> <span class='ocrx_word' id='word_1_310' title='bbox 3187 1870 3263 1920; x_wconf 93' lang='lat' dir='ltr'>De</span> <span class='ocrx_word' id='word_1_311' title='bbox 3293 1864 3621 1919; x_wconf 88' lang='lat' dir='ltr'>Simoniaca</span> 
     </span>
    </p>
   </div>
   <div class='ocr_carea' id='block_1_48' title="bbox 1972 1955 3621 2028">
    <p class='ocr_par' dir='ltr' id='par_1_48' title="bbox 1972 1955 3621 2028">
     <span class='ocr_line' id='line_1_48' title="bbox 1972 1955 3621 2028; baseline -0.002 -17"><span class='ocrx_word' id='word_1_312' title='bbox 1972 1961 2165 2012; x_wconf 88' lang='lat' dir='ltr'>autem</span> <span class='ocrx_word' id='word_1_313' title='bbox 2215 1962 2377 2028; x_wconf 89' lang='lat' dir='ltr'>peste</span> <span class='ocrx_word' id='word_1_314' title='bbox 2423 1957 2502 2012; x_wconf 90' lang='lat' dir='ltr'>ita</span> <span class='ocrx_word' id='word_1_315' title='bbox 2522 1961 2770 2012; x_wconf 85' lang='lat' dir='ltr'>testatur</span> <span class='ocrx_word' id='word_1_316' title='bbox 2791 1955 3148 2020; x_wconf 91' lang='lat' dir='ltr'>NicolausII,</span> <span class='ocrx_word' id='word_1_317' title='bbox 3166 1955 3222 2009; x_wconf 92' lang='lat' dir='ltr'>in</span> <span class='ocrx_word' id='word_1_318' title='bbox 3240 1955 3468 2008; x_wconf 90' lang='lat' dir='ltr'>decreto</span> <span class='ocrx_word' id='word_1_319' title='bbox 3490 1969 3621 2008; x_wconf 89' lang='lat' dir='ltr'>con-</span> 
     </span>
    </p>
   </div>
   <div class='ocr_carea' id='block_1_49' title="bbox 1969 2044 3618 2118">
    <p class='ocr_par' dir='ltr' id='par_1_49' title="bbox 1969 2044 3618 2118">
     <span class='ocr_line' id='line_1_49' title="bbox 1969 2044 3618 2118; baseline -0.002 -18"><span class='ocrx_word' id='word_1_320' title='bbox 1969 2051 2060 2101; x_wconf 88' lang='lat' dir='ltr'>tra</span> <span class='ocrx_word' id='word_1_321' title='bbox 2083 2047 2470 2113; x_wconf 85' lang='lat' dir='ltr'>Simoniacos,</span> <span class='ocrx_word' id='word_1_322' title='bbox 2495 2047 2649 2118; x_wconf 90' lang='lat' dir='ltr'>quod</span> <span class='ocrx_word' id='word_1_323' title='bbox 2677 2063 2707 2101; x_wconf 90' lang='lat' dir='ltr'>a</span> <span class='ocrx_word' id='word_1_324' title='bbox 2732 2046 2960 2101; x_wconf 90' lang='lat' dir='ltr'>Labbeo</span> <span class='ocrx_word' id='word_1_325' title='bbox 2981 2048 3181 2100; x_wconf 90' lang='lat' dir='ltr'>nostro</span> <span class='ocrx_word' id='word_1_326' title='bbox 3204 2044 3456 2099; x_wconf 87' lang='lat' dir='ltr'>refertur</span> <span class='ocrx_word' id='word_1_327' title='bbox 3476 2046 3618 2098; x_wconf 92' lang='lat' dir='ltr'>tom.</span> 
     </span>
    </p>
   </div>
   <div class='ocr_carea' id='block_1_50' title="bbox 1971 2131 3620 2206">
    <p class='ocr_par' dir='ltr' id='par_1_50' title="bbox 1971 2131 3620 2206">
     <span class='ocr_line' id='line_1_50' title="bbox 1971 2131 3620 2206; baseline -0.003 -16"><span class='ocrx_word' id='word_1_328' title='bbox 1971 2141 2049 2190; x_wconf 86' lang='lat' dir='ltr'>IX</span> <span class='ocrx_word' id='word_1_329' title='bbox 2065 2136 2760 2202; x_wconf 83' lang='lat' dir='ltr'>Conciliorum,col.lOlO.</span> <span class='ocrx_word' id='word_1_330' title='bbox 2776 2135 2913 2198; x_wconf 62' lang='lat' dir='ltr'>«Qui</span> <span class='ocrx_word' id='word_1_331' title='bbox 2937 2134 3116 2206; x_wconf 88' lang='lat' dir='ltr'>igitur</span> <span class='ocrx_word' id='word_1_332' title='bbox 3133 2149 3318 2205; x_wconf 91' lang='lat' dir='ltr'>usque</span> <span class='ocrx_word' id='word_1_333' title='bbox 3339 2134 3480 2188; x_wconf 89' lang='lat' dir='ltr'>adeo</span> <span class='ocrx_word' id='word_1_334' title='bbox 3499 2131 3620 2186; x_wconf 71' lang='lat' dir='ltr'>haec</span> 
     </span>
    </p>
   </div>
   <div class='ocr_carea' id='block_1_51' title="bbox 1970 2220 3623 2296">
    <p class='ocr_par' dir='ltr' id='par_1_51' title="bbox 1970 2220 3623 2296">
     <span class='ocr_line' id='line_1_51' title="bbox 1970 2220 3623 2296; baseline -0.001 -18"><span class='ocrx_word' id='word_1_335' title='bbox 1970 2229 2257 2280; x_wconf 88' lang='lat' dir='ltr'>venenata</span> <span class='ocrx_word' id='word_1_336' title='bbox 2278 2224 2563 2296; x_wconf 88' lang='lat' dir='ltr'>pernicies</span> <span class='ocrx_word' id='word_1_337' title='bbox 2586 2225 2870 2282; x_wconf 88' lang='lat' dir='ltr'>hactenus</span> <span class='ocrx_word' id='word_1_338' title='bbox 2891 2221 3222 2292; x_wconf 90' lang='lat' dir='ltr'>inolevit,ut</span> <span class='ocrx_word' id='word_1_339' title='bbox 3241 2221 3333 2276; x_wconf 88' lang='lat' dir='ltr'>vix</span> <span class='ocrx_word' id='word_1_340' title='bbox 3351 2220 3623 2292; x_wconf 77' lang='lat' dir='ltr'>quaelibet</span> 
     </span>
    </p>
   </div>
   <div class='ocr_carea' id='block_1_52' title="bbox 1971 2308 3623 2385">
    <p class='ocr_par' dir='ltr' id='par_1_52' title="bbox 1971 2308 3623 2385">
     <span class='ocr_line' id='line_1_52' title="bbox 1971 2308 3623 2385; baseline -0.004 -16"><span class='ocrx_word' id='word_1_341' title='bbox 1971 2314 2215 2369; x_wconf 89' lang='lat' dir='ltr'>ecclesia</span> <span class='ocrx_word' id='word_1_342' title='bbox 2243 2313 2429 2368; x_wconf 85' lang='lat' dir='ltr'>valeat</span> <span class='ocrx_word' id='word_1_343' title='bbox 2464 2312 2706 2385; x_wconf 89' lang='lat' dir='ltr'>reperiri</span> <span class='ocrx_word' id='word_1_344' title='bbox 2740 2329 2866 2384; x_wconf 81' lang='lat' dir='ltr'>quae</span> <span class='ocrx_word' id='word_1_345' title='bbox 2898 2312 3008 2367; x_wconf 90' lang='lat' dir='ltr'>hoc</span> <span class='ocrx_word' id='word_1_346' title='bbox 3037 2311 3240 2366; x_wconf 91' lang='lat' dir='ltr'>morbo</span> <span class='ocrx_word' id='word_1_347' title='bbox 3263 2327 3378 2365; x_wconf 91' lang='lat' dir='ltr'>non</span> <span class='ocrx_word' id='word_1_348' title='bbox 3412 2309 3489 2364; x_wconf 90' lang='lat' dir='ltr'>sit</span> <span class='ocrx_word' id='word_1_349' title='bbox 3521 2308 3623 2363; x_wconf 86' lang='lat' dir='ltr'>ali-</span> 
     </span>
    </p>
   </div>
   <div class='ocr_carea' id='block_1_53' title="bbox 1972 2397 3620 2474">
    <p class='ocr_par' dir='ltr' id='par_1_53' title="bbox 1972 2397 3620 2474">
     <span class='ocr_line' id='line_1_53' title="bbox 1972 2397 3620 2474; baseline -0.002 -18"><span class='ocrx_word' id='word_1_350' title='bbox 1972 2420 2089 2474; x_wconf 87' lang='lat' dir='ltr'>qua</span> <span class='ocrx_word' id='word_1_351' title='bbox 2119 2419 2188 2458; x_wconf 89' lang='lat' dir='ltr'>ex</span> <span class='ocrx_word' id='word_1_352' title='bbox 2219 2407 2379 2474; x_wconf 89' lang='lat' dir='ltr'>parte</span> <span class='ocrx_word' id='word_1_353' title='bbox 2410 2405 2702 2473; x_wconf 89' lang='lat' dir='ltr'>corrupta,</span> <span class='ocrx_word' id='word_1_354' title='bbox 2735 2417 2832 2456; x_wconf 92' lang='lat' dir='ltr'>eos</span> <span class='ocrx_word' id='word_1_355' title='bbox 2864 2399 2962 2472; x_wconf 89' lang='lat' dir='ltr'>qui</span> <span class='ocrx_word' id='word_1_356' title='bbox 2996 2415 3183 2470; x_wconf 89' lang='lat' dir='ltr'>usque</span> <span class='ocrx_word' id='word_1_357' title='bbox 3223 2399 3394 2454; x_wconf 92' lang='lat' dir='ltr'>modo</span> <span class='ocrx_word' id='word_1_358' title='bbox 3439 2397 3620 2469; x_wconf 81' lang='lat' dir='ltr'>gratis</span> 
     </span>
    </p>
   </div>
   <div class='ocr_carea' id='block_1_54' title="bbox 1972 2487 3618 2557">
    <p class='ocr_par' dir='ltr' id='par_1_54' title="bbox 1972 2487 3618 2557">
     <span class='ocr_line' id='line_1_54' title="bbox 1972 2487 3618 2557; baseline -0.003 -11"><span class='ocrx_word' id='word_1_359' title='bbox 1972 2496 2110 2547; x_wconf 91' lang='lat' dir='ltr'>sunt</span> <span class='ocrx_word' id='word_1_360' title='bbox 2140 2509 2173 2546; x_wconf 90' lang='lat' dir='ltr'>a</span> <span class='ocrx_word' id='word_1_361' title='bbox 2201 2491 2546 2546; x_wconf 88' lang='lat' dir='ltr'>Simoniacis</span> <span class='ocrx_word' id='word_1_362' title='bbox 2573 2489 2918 2557; x_wconf 88' lang='lat' dir='ltr'>consecrati,</span> <span class='ocrx_word' id='word_1_363' title='bbox 2953 2506 3067 2544; x_wconf 87' lang='lat' dir='ltr'>non</span> <span class='ocrx_word' id='word_1_364' title='bbox 3098 2492 3217 2544; x_wconf 89' lang='lat' dir='ltr'>tam</span> <span class='ocrx_word' id='word_1_365' title='bbox 3251 2503 3499 2542; x_wconf 90' lang='lat' dir='ltr'>censura</span> <span class='ocrx_word' id='word_1_366' title='bbox 3520 2487 3618 2556; x_wconf 91' lang='lat' dir='ltr'>ju-</span> 
     </span>
    </p>
   </div>
   <div class='ocr_carea' id='block_1_55' title="bbox 1971 2575 3623 2652">
    <p class='ocr_par' dir='ltr' id='par_1_55' title="bbox 1971 2575 3623 2652">
     <span class='ocr_line' id='line_1_55' title="bbox 1971 2575 3623 2652; baseline -0.004 -16"><span class='ocrx_word' id='word_1_367' title='bbox 1971 2581 2348 2652; x_wconf 72' lang='lat' dir='ltr'>stitize,quam</span> <span class='ocrx_word' id='word_1_368' title='bbox 2372 2581 2589 2635; x_wconf 89' lang='lat' dir='ltr'>intuitu</span> <span class='ocrx_word' id='word_1_369' title='bbox 2615 2578 3024 2634; x_wconf 73' lang='lat' dir='ltr'>misericordiae</span> <span class='ocrx_word' id='word_1_370' title='bbox 3046 2577 3105 2632; x_wconf 91' lang='lat' dir='ltr'>in</span> <span class='ocrx_word' id='word_1_371' title='bbox 3136 2577 3388 2648; x_wconf 90' lang='lat' dir='ltr'>acceptis</span> <span class='ocrx_word' id='word_1_372' title='bbox 3409 2575 3623 2630; x_wconf 87' lang='lat' dir='ltr'>ordini-</span> 
     </span>
    </p>
   </div>
   <div class='ocr_carea' id='block_1_56' title="bbox 1970 2665 3624 2740">
    <p class='ocr_par' dir='ltr' id='par_1_56' title="bbox 1970 2665 3624 2740">
     <span class='ocr_line' id='line_1_56' title="bbox 1970 2665 3624 2740; baseline -0.002 -16"><span class='ocrx_word' id='word_1_373' title='bbox 1970 2671 2082 2725; x_wconf 91' lang='lat' dir='ltr'>bus</span> <span class='ocrx_word' id='word_1_374' title='bbox 2095 2686 2329 2724; x_wconf 90' lang='lat' dir='ltr'>manere</span> <span class='ocrx_word' id='word_1_375' title='bbox 2343 2668 2767 2740; x_wconf 87' lang='lat' dir='ltr'>permittimus;</span> <span class='ocrx_word' id='word_1_376' title='bbox 2795 2667 2906 2722; x_wconf 89' lang='lat' dir='ltr'>nisi</span> <span class='ocrx_word' id='word_1_377' title='bbox 2931 2668 3076 2721; x_wconf 85' lang='lat' dir='ltr'>forte</span> <span class='ocrx_word' id='word_1_378' title='bbox 3097 2665 3211 2720; x_wconf 90' lang='lat' dir='ltr'>alia</span> <span class='ocrx_word' id='word_1_379' title='bbox 3228 2665 3400 2736; x_wconf 89' lang='lat' dir='ltr'>culpa</span> <span class='ocrx_word' id='word_1_380' title='bbox 3415 2681 3484 2720; x_wconf 85' lang='lat' dir='ltr'>ex</span> <span class='ocrx_word' id='word_1_381' title='bbox 3505 2665 3624 2722; x_wconf 88' lang='lat' dir='ltr'>vita</span> 
     </span>
    </p>
   </div>
   <div class='ocr_carea' id='block_1_57' title="bbox 1970 2753 3621 2826">
    <p class='ocr_par' dir='ltr' id='par_1_57' title="bbox 1970 2753 3621 2826">
     <span class='ocr_line' id='line_1_57' title="bbox 1970 2753 3621 2826; baseline -0.003 -13"><span class='ocrx_word' id='word_1_382' title='bbox 1970 2776 2170 2814; x_wconf 89' lang='lat' dir='ltr'>eorum</span> <span class='ocrx_word' id='word_1_383' title='bbox 2203 2763 2406 2813; x_wconf 87' lang='lat' dir='ltr'>contra</span> <span class='ocrx_word' id='word_1_384' title='bbox 2437 2774 2690 2813; x_wconf 90' lang='lat' dir='ltr'>canones</span> <span class='ocrx_word' id='word_1_385' title='bbox 2723 2757 2807 2813; x_wconf 87' lang='lat' dir='ltr'>eis</span> <span class='ocrx_word' id='word_1_386' title='bbox 2836 2757 3270 2811; x_wconf 85' lang='lat' dir='ltr'>existat.Tanta</span> <span class='ocrx_word' id='word_1_387' title='bbox 3292 2753 3510 2826; x_wconf 90' lang='lat' dir='ltr'>quippe</span> <span class='ocrx_word' id='word_1_388' title='bbox 3539 2758 3621 2809; x_wconf 87' lang='lat' dir='ltr'>ta-</span> 
     </span>
    </p>
   </div>
   <div class='ocr_carea' id='block_1_58' title="bbox 1970 2843 3623 2918">
    <p class='ocr_par' dir='ltr' id='par_1_58' title="bbox 1970 2843 3623 2918">
     <span class='ocr_line' id='line_1_58' title="bbox 1970 2843 3623 2918; baseline -0.002 -17"><span class='ocrx_word' id='word_1_389' title='bbox 1970 2848 2115 2902; x_wconf 91' lang='lat' dir='ltr'>lium</span> <span class='ocrx_word' id='word_1_390' title='bbox 2140 2847 2454 2902; x_wconf 88' lang='lat' dir='ltr'>multitudo</span> <span class='ocrx_word' id='word_1_391' title='bbox 2476 2851 2655 2914; x_wconf 88' lang='lat' dir='ltr'>cst,ut</span> <span class='ocrx_word' id='word_1_392' title='bbox 2681 2847 2817 2901; x_wconf 90' lang='lat' dir='ltr'>dum</span> <span class='ocrx_word' id='word_1_393' title='bbox 2844 2846 3094 2918; x_wconf 87' lang='lat' dir='ltr'>rigorem</span> <span class='ocrx_word' id='word_1_394' title='bbox 3126 2843 3390 2899; x_wconf 81' lang='lat' dir='ltr'>canonici</span> <span class='ocrx_word' id='word_1_395' title='bbox 3413 2843 3623 2916; x_wconf 89' lang='lat' dir='ltr'>rigoris</span> 
     </span>
    </p>
   </div>
   <div class='ocr_carea' id='block_1_59' title="bbox 1971 2932 3622 3009">
    <p class='ocr_par' dir='ltr' id='par_1_59' title="bbox 1971 2932 3622 3009">
     <span class='ocr_line' id='line_1_59' title="bbox 1971 2932 3622 3009; baseline -0.004 -16"><span class='ocrx_word' id='word_1_396' title='bbox 1971 2954 2148 3009; x_wconf 89' lang='lat' dir='ltr'>super</span> <span class='ocrx_word' id='word_1_397' title='bbox 2177 2955 2275 2992; x_wconf 92' lang='lat' dir='ltr'>eos</span> <span class='ocrx_word' id='word_1_398' title='bbox 2308 2953 2536 2992; x_wconf 89' lang='lat' dir='ltr'>servare</span> <span class='ocrx_word' id='word_1_399' title='bbox 2588 2954 2703 2991; x_wconf 93' lang='lat' dir='ltr'>non</span> <span class='ocrx_word' id='word_1_400' title='bbox 2762 2952 3100 3008; x_wconf 88' lang='lat' dir='ltr'>possumus,</span> <span class='ocrx_word' id='word_1_401' title='bbox 3154 2949 3392 2989; x_wconf 89' lang='lat' dir='ltr'>necesse</span> <span class='ocrx_word' id='word_1_402' title='bbox 3435 2932 3512 2988; x_wconf 91' lang='lat' dir='ltr'>sit</span> <span class='ocrx_word' id='word_1_403' title='bbox 3560 2937 3622 2986; x_wconf 89' lang='lat' dir='ltr'>ut</span> 
     </span>
    </p>
   </div>
   <div class='ocr_carea' id='block_1_60' title="bbox 1970 3022 3618 3098">
    <p class='ocr_par' dir='ltr' id='par_1_60' title="bbox 1970 3022 3618 3098">
     <span class='ocr_line' id='line_1_60' title="bbox 1970 3022 3618 3098; baseline -0.003 -17"><span class='ocrx_word' id='word_1_404' title='bbox 1970 3027 2393 3098; x_wconf 86' lang='lat' dir='ltr'>dispensatorie</span> <span class='ocrx_word' id='word_1_405' title='bbox 2417 3027 2487 3080; x_wconf 89' lang='lat' dir='ltr'>ad</span> <span class='ocrx_word' id='word_1_406' title='bbox 2510 3025 2616 3098; x_wconf 64' lang='lat' dir='ltr'>piae</span> <span class='ocrx_word' id='word_1_407' title='bbox 2649 3024 3158 3081; x_wconf 89' lang='lat' dir='ltr'>condescensionis</span> <span class='ocrx_word' id='word_1_408' title='bbox 3191 3022 3452 3079; x_wconf 88' lang='lat' dir='ltr'>studium</span> <span class='ocrx_word' id='word_1_409' title='bbox 3485 3038 3618 3077; x_wconf 90' lang='lat' dir='ltr'>nos-</span> 
     </span>
    </p>
   </div>
   <div class='ocr_carea' id='block_1_61' title="bbox 1970 3113 3619 3186">
    <p class='ocr_par' dir='ltr' id='par_1_61' title="bbox 1970 3113 3619 3186">
     <span class='ocr_line' id='line_1_61' title="bbox 1970 3113 3619 3186; baseline -0.003 -16"><span class='ocrx_word' id='word_1_410' title='bbox 1970 3120 2092 3170; x_wconf 88' lang='lat' dir='ltr'>tros</span> <span class='ocrx_word' id='word_1_411' title='bbox 2113 3116 2343 3170; x_wconf 87' lang='lat' dir='ltr'>animos</span> <span class='ocrx_word' id='word_1_412' title='bbox 2365 3116 2433 3169; x_wconf 92' lang='lat' dir='ltr'>ad</span> <span class='ocrx_word' id='word_1_413' title='bbox 2458 3132 2714 3186; x_wconf 61' lang='lat' dir='ltr'>praesens</span> <span class='ocrx_word' id='word_1_414' title='bbox 2735 3113 3199 3170; x_wconf 88' lang='lat' dir='ltr'>inclinemus.1ta</span> <span class='ocrx_word' id='word_1_415' title='bbox 3211 3117 3404 3168; x_wconf 86' lang='lat' dir='ltr'>tamen</span> <span class='ocrx_word' id='word_1_416' title='bbox 3421 3115 3619 3167; x_wconf 91' lang='lat' dir='ltr'>aucto-</span> 
     </span>
    </p>
   </div>
   <div class='ocr_carea' id='block_1_62' title="bbox 1971 3199 3620 3274">
    <p class='ocr_par' dir='ltr' id='par_1_62' title="bbox 1971 3199 3620 3274">
     <span class='ocr_line' id='line_1_62' title="bbox 1971 3199 3620 3274; baseline -0.002 -16"><span class='ocrx_word' id='word_1_417' title='bbox 1971 3205 2143 3258; x_wconf 88' lang='lat' dir='ltr'>ritate</span> <span class='ocrx_word' id='word_1_418' title='bbox 2166 3207 2503 3258; x_wconf 88' lang='lat' dir='ltr'>sanctorum</span> <span class='ocrx_word' id='word_1_419' title='bbox 2533 3203 2931 3274; x_wconf 89' lang='lat' dir='ltr'>apostolorum</span> <span class='ocrx_word' id='word_1_420' title='bbox 2955 3202 3110 3257; x_wconf 89' lang='lat' dir='ltr'>Petri</span> <span class='ocrx_word' id='word_1_421' title='bbox 3149 3205 3208 3256; x_wconf 90' lang='lat' dir='ltr'>et</span> <span class='ocrx_word' id='word_1_422' title='bbox 3244 3200 3409 3256; x_wconf 88' lang='lat' dir='ltr'>Pauli</span> <span class='ocrx_word' id='word_1_423' title='bbox 3430 3199 3620 3255; x_wconf 90' lang='lat' dir='ltr'>omni-</span> 
     </span>
    </p>
   </div>
   <div class='ocr_carea' id='block_1_63' title="bbox 202 3275 3620 3363">
    <p class='ocr_par' dir='ltr' id='par_1_63' title="bbox 202 3275 3620 3363">
     <span class='ocr_line' id='line_1_63' title="bbox 202 3275 3620 3363; baseline -0.001 -17"><span class='ocrx_word' id='word_1_424' title='bbox 202 3292 436 3346; x_wconf 89' lang='lat' dir='ltr'>dictum</span> <span class='ocrx_word' id='word_1_425' title='bbox 462 3291 804 3356; x_wconf 80' lang='lat' dir='ltr'>construxit,</span> <span class='ocrx_word' id='word_1_426' title='bbox 839 3291 1151 3363; x_wconf 88' lang='lat' dir='ltr'>pluresque</span> <span class='ocrx_word' id='word_1_427' title='bbox 1185 3291 1426 3347; x_wconf 88' lang='lat' dir='ltr'>cellulas</span> <span class='ocrx_word' id='word_1_428' title='bbox 1449 3291 1560 3346; x_wconf 90' lang='lat' dir='ltr'>sibi</span> <span class='ocrx_word' id='word_1_429' title='bbox 1584 3291 1858 3363; x_wconf 83' lang='lat' dir='ltr'>supposi-</span> <span class='ocrx_word' id='word_1_430' title='bbox 1891 3275 1933 3341; x_wconf 84' lang='lat' dir='ltr'>C</span> <span class='ocrx_word' id='word_1_431' title='bbox 1972 3293 2163 3349; x_wconf 91' lang='lat' dir='ltr'>modis</span> <span class='ocrx_word' id='word_1_432' title='bbox 2184 3291 2590 3347; x_wconf 88' lang='lat' dir='ltr'>interdicimus</span> <span class='ocrx_word' id='word_1_433' title='bbox 2623 3309 2693 3346; x_wconf 92' lang='lat' dir='ltr'>ne</span> <span class='ocrx_word' id='word_1_434' title='bbox 2717 3291 2953 3362; x_wconf 88' lang='lat' dir='ltr'>quando</span> <span class='ocrx_word' id='word_1_435' title='bbox 2976 3289 3189 3361; x_wconf 90' lang='lat' dir='ltr'>aliquis</span> <span class='ocrx_word' id='word_1_436' title='bbox 3213 3305 3620 3344; x_wconf 88' lang='lat' dir='ltr'>successorum</span> 
     </span>
    </p>
   </div>
   <div class='ocr_carea' id='block_1_64' title="bbox 201 3380 1862 3450">
    <p class='ocr_par' dir='ltr' id='par_1_64' title="bbox 201 3380 1862 3450">
     <span class='ocr_line' id='line_1_64' title="bbox 201 3380 1862 3450; baseline 0 -15"><span class='ocrx_word' id='word_1_437' title='bbox 201 3380 560 3446; x_wconf 81' lang='lat' dir='ltr'>tas,scilicet</span> <span class='ocrx_word' id='word_1_438' title='bbox 580 3381 1004 3448; x_wconf 87' lang='lat' dir='ltr'>Corneliacum,</span> <span class='ocrx_word' id='word_1_439' title='bbox 1037 3386 1297 3448; x_wconf 89' lang='lat' dir='ltr'>Contras,</span> <span class='ocrx_word' id='word_1_440' title='bbox 1327 3381 1568 3450; x_wconf 82' lang='lat' dir='ltr'>Altaria,</span> <span class='ocrx_word' id='word_1_441' title='bbox 1601 3381 1660 3435; x_wconf 91' lang='lat' dir='ltr'>S.</span> <span class='ocrx_word' id='word_1_442' title='bbox 1693 3381 1862 3435; x_wconf 90' lang='lat' dir='ltr'>Beni-</span> 
     </span>
    </p>
   </div>
   <div class='ocr_carea' id='block_1_65' title="bbox 202 3469 1860 3541">
    <p class='ocr_par' dir='ltr' id='par_1_65' title="bbox 202 3469 1860 3541">
     <span class='ocr_line' id='line_1_65' title="bbox 202 3469 1860 3541; baseline 0 -18"><span class='ocrx_word' id='word_1_443' title='bbox 202 3471 730 3540; x_wconf 85' lang='lat' dir='ltr'>gnum,Beescam,</span> <span class='ocrx_word' id='word_1_444' title='bbox 755 3470 1008 3539; x_wconf 90' lang='lat' dir='ltr'>Polinas,</span> <span class='ocrx_word' id='word_1_445' title='bbox 1044 3472 1103 3526; x_wconf 93' lang='lat' dir='ltr'>S.</span> <span class='ocrx_word' id='word_1_446' title='bbox 1135 3471 1452 3537; x_wconf 81' lang='lat' dir='ltr'>Anianum,</span> <span class='ocrx_word' id='word_1_447' title='bbox 1473 3469 1860 3541; x_wconf 87' lang='lat' dir='ltr'>Cambonum,</span> 
     </span>
    </p>
   </div>
   <div class='ocr_carea' id='block_1_66' title="bbox 199 3557 1862 3626">
    <p class='ocr_par' dir='ltr' id='par_1_66' title="bbox 199 3557 1862 3626">
     <span class='ocr_line' id='line_1_66' title="bbox 199 3557 1862 3626; baseline 0.001 -13"><span class='ocrx_word' id='word_1_448' title='bbox 199 3557 662 3614; x_wconf 85' lang='lat' dir='ltr'>Salviniacum.»</span> <span class='ocrx_word' id='word_1_449' title='bbox 682 3560 787 3626; x_wconf 90' lang='lat' dir='ltr'>Qui</span> <span class='ocrx_word' id='word_1_450' title='bbox 814 3560 883 3614; x_wconf 89' lang='lat' dir='ltr'>de</span> <span class='ocrx_word' id='word_1_451' title='bbox 909 3559 1017 3614; x_wconf 92' lang='lat' dir='ltr'>hoc</span> <span class='ocrx_word' id='word_1_452' title='bbox 1041 3559 1268 3626; x_wconf 83' lang='lat' dir='ltr'>abbate,</span> <span class='ocrx_word' id='word_1_453' title='bbox 1303 3563 1359 3614; x_wconf 86' lang='lat' dir='ltr'>et</span> <span class='ocrx_word' id='word_1_454' title='bbox 1375 3558 1674 3614; x_wconf 72' lang='lat' dir='ltr'>ecdiﬁcatis</span> <span class='ocrx_word' id='word_1_455' title='bbox 1697 3559 1769 3613; x_wconf 90' lang='lat' dir='ltr'>ab</span> <span class='ocrx_word' id='word_1_456' title='bbox 1798 3576 1862 3614; x_wconf 92' lang='lat' dir='ltr'>eo</span> 
     </span>
    </p>
   </div>
   <div class='ocr_carea' id='block_1_67' title="bbox 199 3647 1863 3720">
    <p class='ocr_par' dir='ltr' id='par_1_67' title="bbox 199 3647 1863 3720">
     <span class='ocr_line' id='line_1_67' title="bbox 199 3647 1863 3720; baseline -0.001 -18"><span class='ocrx_word' id='word_1_457' title='bbox 199 3648 606 3714; x_wconf 88' lang='lat' dir='ltr'>monasteriis,</span> <span class='ocrx_word' id='word_1_458' title='bbox 622 3649 1018 3720; x_wconf 67' lang='lat' dir='ltr'>praesentique</span> <span class='ocrx_word' id='word_1_459' title='bbox 1039 3665 1240 3704; x_wconf 90' lang='lat' dir='ltr'>eorum</span> <span class='ocrx_word' id='word_1_460' title='bbox 1266 3653 1418 3702; x_wconf 89' lang='lat' dir='ltr'>statu</span> <span class='ocrx_word' id='word_1_461' title='bbox 1445 3647 1632 3719; x_wconf 86' lang='lat' dir='ltr'>magis</span> <span class='ocrx_word' id='word_1_462' title='bbox 1654 3647 1863 3702; x_wconf 90' lang='lat' dir='ltr'>distin-</span> 
     </span>
    </p>
   </div>
   <div class='ocr_carea' id='block_1_68' title="bbox 197 3737 1862 3804">
    <p class='ocr_par' dir='ltr' id='par_1_68' title="bbox 197 3737 1862 3804">
     <span class='ocr_line' id='line_1_68' title="bbox 197 3737 1862 3804; baseline -0.001 -12"><span class='ocrx_word' id='word_1_463' title='bbox 197 3743 358 3793; x_wconf 88' lang='lat' dir='ltr'>ctam</span> <span class='ocrx_word' id='word_1_464' title='bbox 393 3738 692 3793; x_wconf 87' lang='lat' dir='ltr'>desiderat</span> <span class='ocrx_word' id='word_1_465' title='bbox 720 3737 1295 3804; x_wconf 87' lang='lat' dir='ltr'>notitiam,consulat</span> <span class='ocrx_word' id='word_1_466' title='bbox 1313 3738 1568 3792; x_wconf 83' lang='lat' dir='ltr'>Annales</span> <span class='ocrx_word' id='word_1_467' title='bbox 1593 3737 1862 3792; x_wconf 84' lang='lat' dir='ltr'>Benedic-</span> 
     </span>
    </p>
   </div>
   <div class='ocr_carea' id='block_1_69' title="bbox 194 3826 1862 3899">
    <p class='ocr_par' dir='ltr' id='par_1_69' title="bbox 194 3826 1862 3899">
     <span class='ocr_line' id='line_1_69' title="bbox 194 3826 1862 3899; baseline 0.001 -19"><span class='ocrx_word' id='word_1_468' title='bbox 194 3826 358 3881; x_wconf 87' lang='lat' dir='ltr'>tinos</span> <span class='ocrx_word' id='word_1_469' title='bbox 386 3826 606 3895; x_wconf 90' lang='lat' dir='ltr'>tom.V,</span> <span class='ocrx_word' id='word_1_470' title='bbox 626 3843 757 3899; x_wconf 87' lang='lat' dir='ltr'>pag.</span> <span class='ocrx_word' id='word_1_471' title='bbox 780 3829 906 3898; x_wconf 73' lang='grc'>254,</span> <span class='ocrx_word' id='word_1_472' title='bbox 927 3829 1053 3892; x_wconf 80' lang='lat'>297,</span> <span class='ocrx_word' id='word_1_473' title='bbox 1076 3829 1198 3895; x_wconf 80' lang='grc'>316,</span> <span class='ocrx_word' id='word_1_474' title='bbox 1226 3828 1348 3892; x_wconf 77' lang='grc'>468,</span> <span class='ocrx_word' id='word_1_475' title='bbox 1371 3828 1496 3881; x_wconf 84' lang='grc'>577.</span> <span class='ocrx_word' id='word_1_476' title='bbox 1513 3826 1690 3882; x_wconf 90' lang='lat' dir='ltr'>Nobis</span> <span class='ocrx_word' id='word_1_477' title='bbox 1708 3827 1862 3882; x_wconf 88' lang='lat' dir='ltr'>enim</span> 
     </span>
    </p>
   </div>
   <div class='ocr_carea' id='block_1_70' title="bbox 196 3915 1890 3989">
    <p class='ocr_par' dir='ltr' id='par_1_70' title="bbox 196 3915 1890 3989">
     <span class='ocr_line' id='line_1_70' title="bbox 196 3915 1890 3989; baseline -0.001 -17"><span class='ocrx_word' id='word_1_478' title='bbox 196 3933 318 3972; x_wconf 90' lang='lat' dir='ltr'>non</span> <span class='ocrx_word' id='word_1_479' title='bbox 350 3916 494 3971; x_wconf 92' lang='lat' dir='ltr'>licet</span> <span class='ocrx_word' id='word_1_480' title='bbox 523 3915 619 3970; x_wconf 89' lang='lat' dir='ltr'>hic</span> <span class='ocrx_word' id='word_1_481' title='bbox 650 3917 884 3989; x_wconf 88' lang='lat' dir='ltr'>singula</span> <span class='ocrx_word' id='word_1_482' title='bbox 928 3917 1341 3983; x_wconf 88' lang='lat' dir='ltr'>transcribere,</span> <span class='ocrx_word' id='word_1_483' title='bbox 1391 3934 1461 3970; x_wconf 90' lang='lat' dir='ltr'>ne</span> <span class='ocrx_word' id='word_1_484' title='bbox 1509 3917 1566 3970; x_wconf 90' lang='lat' dir='ltr'>in</span> <span class='ocrx_word' id='word_1_485' title='bbox 1619 3915 1890 3970; x_wconf 77' lang='lat' dir='ltr'>nimiam‘</span> 
     </span>
    </p>
   </div>
   <div class='ocr_carea' id='block_1_71' title="bbox 196 4005 1266 4062">
    <p class='ocr_par' dir='ltr' id='par_1_71' title="bbox 196 4005 1266 4062">
     <span class='ocr_line' id='line_1_71' title="bbox 196 4005 1266 4062; baseline 0 -2"><span class='ocrx_word' id='word_1_486' title='bbox 196 4005 422 4062; x_wconf 88' lang='lat' dir='ltr'>molem</span> <span class='ocrx_word' id='word_1_487' title='bbox 450 4010 749 4061; x_wconf 79' lang='lat' dir='ltr'>excrescat</span> <span class='ocrx_word' id='word_1_488' title='bbox 775 4006 1266 4061; x_wconf 90' lang='lat' dir='ltr'>Commentarius.</span> 
     </span>
    </p>
   </div>
   <div class='ocr_carea' id='block_1_72' title="bbox 269 4093 1864 4166">
    <p class='ocr_par' dir='ltr' id='par_1_72' title="bbox 269 4093 1864 4166">
     <span class='ocr_line' id='line_1_72' title="bbox 269 4093 1864 4166; baseline -0.001 -15"><span class='ocrx_word' id='word_1_489' title='bbox 269 4098 364 4151; x_wconf 87' lang='grc'>61.</span> <span class='ocrx_word' id='word_1_490' title='bbox 398 4095 459 4150; x_wconf 90' lang='lat' dir='ltr'>Si</span> <span class='ocrx_word' id='word_1_491' title='bbox 493 4095 627 4166; x_wconf 91' lang='lat' dir='ltr'>quis</span> <span class='ocrx_word' id='word_1_492' title='bbox 659 4096 835 4150; x_wconf 89' lang='lat' dir='ltr'>etiam</span> <span class='ocrx_word' id='word_1_493' title='bbox 868 4096 938 4151; x_wconf 92' lang='lat' dir='ltr'>de</span> <span class='ocrx_word' id='word_1_494' title='bbox 969 4095 1181 4150; x_wconf 91' lang='lat' dir='ltr'>illustri</span> <span class='ocrx_word' id='word_1_495' title='bbox 1225 4096 1441 4150; x_wconf 91' lang='lat' dir='ltr'>Ordine</span> <span class='ocrx_word' id='word_1_496' title='bbox 1489 4093 1864 4150; x_wconf 89' lang='lat' dir='ltr'>Vallumbro-</span> 
     </span>
    </p>
   </div>
   <div class='ocr_carea' id='block_1_73' title="bbox 195 4185 1864 4256">
    <p class='ocr_par' dir='ltr' id='par_1_73' title="bbox 195 4185 1864 4256">
     <span class='ocr_line' id='line_1_73' title="bbox 195 4185 1864 4256; baseline 0 -16"><span class='ocrx_word' id='word_1_497' title='bbox 195 4202 370 4253; x_wconf 85' lang='lat' dir='ltr'>sano,</span> <span class='ocrx_word' id='word_1_498' title='bbox 404 4189 466 4240; x_wconf 89' lang='lat' dir='ltr'>et</span> <span class='ocrx_word' id='word_1_499' title='bbox 492 4188 618 4239; x_wconf 91' lang='lat' dir='ltr'>orta</span> <span class='ocrx_word' id='word_1_500' title='bbox 649 4201 718 4239; x_wconf 87' lang='lat' dir='ltr'>ex</span> <span class='ocrx_word' id='word_1_501' title='bbox 746 4201 812 4240; x_wconf 87' lang='lat' dir='ltr'>eo</span> <span class='ocrx_word' id='word_1_502' title='bbox 843 4189 976 4256; x_wconf 90' lang='lat' dir='ltr'>post</span> <span class='ocrx_word' id='word_1_503' title='bbox 1006 4189 1252 4240; x_wconf 89' lang='lat' dir='ltr'>mortem</span> <span class='ocrx_word' id='word_1_504' title='bbox 1302 4185 1485 4239; x_wconf 89' lang='lat' dir='ltr'>sancti</span> <span class='ocrx_word' id='word_1_505' title='bbox 1536 4185 1864 4240; x_wconf 87' lang='lat' dir='ltr'>fundatoris</span> 
     </span>
    </p>
   </div>
   <div class='ocr_carea' id='block_1_74' title="bbox 196 4273 1863 4346">
    <p class='ocr_par' dir='ltr' id='par_1_74' title="bbox 196 4273 1863 4346">
     <span class='ocr_line' id='line_1_74' title="bbox 196 4273 1863 4346; baseline -0.001 -19"><span class='ocrx_word' id='word_1_506' title='bbox 196 4273 618 4346; x_wconf 88' lang='lat' dir='ltr'>religiosarum</span> <span class='ocrx_word' id='word_1_507' title='bbox 641 4273 993 4329; x_wconf 86' lang='lat' dir='ltr'>feminarum</span> <span class='ocrx_word' id='word_1_508' title='bbox 1020 4273 1259 4344; x_wconf 86' lang='lat' dir='ltr'>familia,</span> <span class='ocrx_word' id='word_1_509' title='bbox 1281 4274 1450 4345; x_wconf 89' lang='lat' dir='ltr'>plura</span> <span class='ocrx_word' id='word_1_510' title='bbox 1481 4289 1653 4328; x_wconf 89' lang='lat' dir='ltr'>nosse</span> <span class='ocrx_word' id='word_1_511' title='bbox 1683 4273 1863 4344; x_wconf 89' lang='lat' dir='ltr'>cupit,</span> 
     </span>
    </p>
   </div>
   <div class='ocr_carea' id='block_1_75' title="bbox 193 4361 1864 4434">
    <p class='ocr_par' dir='ltr' id='par_1_75' title="bbox 193 4361 1864 4434">
     <span class='ocr_line' id='line_1_75' title="bbox 193 4361 1864 4434; baseline -0.001 -16"><span class='ocrx_word' id='word_1_512' title='bbox 193 4363 378 4418; x_wconf 83' lang='lat' dir='ltr'>adeat</span> <span class='ocrx_word' id='word_1_513' title='bbox 399 4363 731 4418; x_wconf 85' lang='lat' dir='ltr'>Eudoxium</span> <span class='ocrx_word' id='word_1_514' title='bbox 753 4362 1240 4434; x_wconf 87' lang='lat' dir='ltr'>Locatellum,qui</span> <span class='ocrx_word' id='word_1_515' title='bbox 1268 4363 1457 4434; x_wconf 91' lang='lat' dir='ltr'>primo</span> <span class='ocrx_word' id='word_1_516' title='bbox 1476 4361 1657 4416; x_wconf 89' lang='lat' dir='ltr'>Italici</span> <span class='ocrx_word' id='word_1_517' title='bbox 1673 4364 1864 4434; x_wconf 89' lang='lat' dir='ltr'>operis</span> 
     </span>
    </p>
   </div>
   <div class='ocr_carea' id='block_1_76' title="bbox 192 4451 1862 4516">
    <p class='ocr_par' dir='ltr' id='par_1_76' title="bbox 192 4451 1862 4516">
     <span class='ocr_line' id='line_1_76' title="bbox 192 4451 1862 4516; baseline -0.002 -9"><span class='ocrx_word' id='word_1_518' title='bbox 192 4453 294 4507; x_wconf 87' lang='lat' dir='ltr'>sui</span> <span class='ocrx_word' id='word_1_519' title='bbox 326 4452 483 4507; x_wconf 87' lang='lat' dir='ltr'>libro</span> <span class='ocrx_word' id='word_1_520' title='bbox 512 4453 690 4506; x_wconf 89' lang='lat' dir='ltr'>vitam</span> <span class='ocrx_word' id='word_1_521' title='bbox 723 4456 779 4506; x_wconf 95' lang='lat' dir='ltr'>et</span> <span class='ocrx_word' id='word_1_522' title='bbox 809 4451 1094 4507; x_wconf 87' lang='lat' dir='ltr'>miracula</span> <span class='ocrx_word' id='word_1_523' title='bbox 1139 4456 1195 4506; x_wconf 87' lang='lat' dir='ltr'>S.</span> <span class='ocrx_word' id='word_1_524' title='bbox 1246 4451 1489 4506; x_wconf 87' lang='lat' dir='ltr'>Joannis</span> <span class='ocrx_word' id='word_1_525' title='bbox 1535 4451 1862 4516; x_wconf 87' lang='lat' dir='ltr'>Gualberti,</span> 
     </span>
    </p>
   </div>
   <div class='ocr_carea' id='block_1_77' title="bbox 191 4540 1868 4597">
    <p class='ocr_par' dir='ltr' id='par_1_77' title="bbox 191 4540 1868 4597">
     <span class='ocr_line' id='line_1_77' title="bbox 191 4540 1868 4597; baseline -0.001 -1"><span class='ocrx_word' id='word_1_526' title='bbox 191 4542 468 4596; x_wconf 88' lang='lat' dir='ltr'>secundo</span> <span class='ocrx_word' id='word_1_527' title='bbox 499 4541 869 4597; x_wconf 88' lang='lat' dir='ltr'>Generalium</span> <span class='ocrx_word' id='word_1_528' title='bbox 900 4541 1525 4596; x_wconf 89' lang='lat' dir='ltr'>Vallumbrosanorum</span> <span class='ocrx_word' id='word_1_529' title='bbox 1571 4557 1635 4594; x_wconf 90' lang='lat' dir='ltr'>ac</span> <span class='ocrx_word' id='word_1_530' title='bbox 1671 4540 1868 4594; x_wconf 22' lang='lat' dir='ltr'>Beato,</span> 
     </span>
    </p>
   </div>
   <div class='ocr_carea' id='block_1_78' title="bbox 1972 3376 3621 3451">
    <p class='ocr_par' dir='ltr' id='par_1_78' title="bbox 1972 3376 3621 3451">
     <span class='ocr_line' id='line_1_78' title="bbox 1972 3376 3621 3451; baseline -0.004 -14"><span class='ocrx_word' id='word_1_531' title='bbox 1972 3386 2303 3437; x_wconf 90' lang='lat' dir='ltr'>nostrorum</span> <span class='ocrx_word' id='word_1_532' title='bbox 2335 3397 2404 3435; x_wconf 88' lang='lat' dir='ltr'>ex</span> <span class='ocrx_word' id='word_1_533' title='bbox 2435 3381 2543 3435; x_wconf 90' lang='lat' dir='ltr'>hac</span> <span class='ocrx_word' id='word_1_534' title='bbox 2575 3383 2774 3435; x_wconf 89' lang='lat' dir='ltr'>nostra</span> <span class='ocrx_word' id='word_1_535' title='bbox 2800 3378 3184 3451; x_wconf 89' lang='lat' dir='ltr'>permissione</span> <span class='ocrx_word' id='word_1_536' title='bbox 3215 3376 3477 3449; x_wconf 86' lang='lat' dir='ltr'>regulam</span> <span class='ocrx_word' id='word_1_537' title='bbox 3509 3376 3621 3431; x_wconf 90' lang='lat' dir='ltr'>sibi</span> 
     </span>
    </p>
   </div>
   <div class='ocr_carea' id='block_1_79' title="bbox 1969 3466 3622 3541">
    <p class='ocr_par' dir='ltr' id='par_1_79' title="bbox 1969 3466 3622 3541">
     <span class='ocr_line' id='line_1_79' title="bbox 1969 3466 3622 3541; baseline -0.004 -15"><span class='ocrx_word' id='word_1_538' title='bbox 1969 3471 2056 3526; x_wconf 90' lang='lat' dir='ltr'>vel</span> <span class='ocrx_word' id='word_1_539' title='bbox 2081 3470 2254 3526; x_wconf 90' lang='lat' dir='ltr'>alicui</span> <span class='ocrx_word' id='word_1_540' title='bbox 2278 3469 2658 3536; x_wconf 86' lang='lat' dir='ltr'>assumat,vel</span> <span class='ocrx_word' id='word_1_541' title='bbox 2681 3469 2973 3541; x_wconf 65' lang='lat' dir='ltr'>praeﬁgat:</span> <span class='ocrx_word' id='word_1_542' title='bbox 2999 3466 3144 3531; x_wconf 90' lang='lat' dir='ltr'>Quia</span> <span class='ocrx_word' id='word_1_543' title='bbox 3159 3466 3269 3522; x_wconf 92' lang='lat' dir='ltr'>hoc</span> <span class='ocrx_word' id='word_1_544' title='bbox 3291 3482 3405 3522; x_wconf 89' lang='lat' dir='ltr'>non</span> <span class='ocrx_word' id='word_1_545' title='bbox 3428 3469 3622 3520; x_wconf 85' lang='lat' dir='ltr'>aucto-</span> 
     </span>
    </p>
   </div>
   <div class='ocr_carea' id='block_1_80' title="bbox 1972 3554 3620 3631">
    <p class='ocr_par' dir='ltr' id='par_1_80' title="bbox 1972 3554 3620 3631">
     <span class='ocr_line' id='line_1_80' title="bbox 1972 3554 3620 3631; baseline -0.004 -16"><span class='ocrx_word' id='word_1_546' title='bbox 1972 3560 2114 3615; x_wconf 88' lang='lat' dir='ltr'>ritas</span> <span class='ocrx_word' id='word_1_547' title='bbox 2135 3559 2506 3631; x_wconf 88' lang='lat' dir='ltr'>antiquorum</span> <span class='ocrx_word' id='word_1_548' title='bbox 2540 3560 2779 3614; x_wconf 90' lang='lat' dir='ltr'>Patrum</span> <span class='ocrx_word' id='word_1_549' title='bbox 2810 3557 3072 3627; x_wconf 84' lang='lat' dir='ltr'>jubendo</span> <span class='ocrx_word' id='word_1_550' title='bbox 3110 3560 3211 3610; x_wconf 91' lang='lat' dir='ltr'>aut</span> <span class='ocrx_word' id='word_1_551' title='bbox 3253 3554 3620 3610; x_wconf 87' lang='lat' dir='ltr'>concedendo</span> 
     </span>
    </p>
   </div>
   <div class='ocr_carea' id='block_1_81' title="bbox 1972 3642 3623 3722">
    <p class='ocr_par' dir='ltr' id='par_1_81' title="bbox 1972 3642 3623 3722">
     <span class='ocr_line' id='line_1_81' title="bbox 1972 3642 3623 3722; baseline -0.005 -18"><span class='ocrx_word' id='word_1_552' title='bbox 1972 3648 2385 3722; x_wconf 87' lang='lat' dir='ltr'>promulgavit,</span> <span class='ocrx_word' id='word_1_553' title='bbox 2403 3649 2502 3704; x_wconf 91' lang='lat' dir='ltr'>sed</span> <span class='ocrx_word' id='word_1_554' title='bbox 2526 3647 2806 3720; x_wconf 82' lang='lat' dir='ltr'>temporis</span> <span class='ocrx_word' id='word_1_555' title='bbox 2841 3646 3021 3700; x_wconf 88' lang='lat' dir='ltr'>nimia</span> <span class='ocrx_word' id='word_1_556' title='bbox 3042 3644 3356 3700; x_wconf 84' lang='lat' dir='ltr'>necessitas</span> <span class='ocrx_word' id='word_1_557' title='bbox 3382 3642 3623 3716; x_wconf 91' lang='lat' dir='ltr'>permit-</span> 
     </span>
    </p>
   </div>
   <div class='ocr_carea' id='block_1_82' title="bbox 1970 3732 3621 3794">
    <p class='ocr_par' dir='ltr' id='par_1_82' title="bbox 1970 3732 3621 3794">
     <span class='ocr_line' id='line_1_82' title="bbox 1970 3732 3621 3794; baseline -0.004 -2"><span class='ocrx_word' id='word_1_558' title='bbox 1970 3739 2214 3794; x_wconf 84' lang='lat' dir='ltr'>tendum</span> <span class='ocrx_word' id='word_1_559' title='bbox 2243 3756 2274 3793; x_wconf 93' lang='lat' dir='ltr'>a</span> <span class='ocrx_word' id='word_1_560' title='bbox 2305 3738 2476 3793; x_wconf 89' lang='lat' dir='ltr'>nobis</span> <span class='ocrx_word' id='word_1_561' title='bbox 2506 3736 2890 3792; x_wconf 80' lang='lat' dir='ltr'>extorsit.»Ex</span> <span class='ocrx_word' id='word_1_562' title='bbox 2913 3735 3005 3791; x_wconf 91' lang='lat' dir='ltr'>his</span> <span class='ocrx_word' id='word_1_563' title='bbox 3027 3734 3193 3790; x_wconf 82' lang='lat' dir='ltr'>facile</span> <span class='ocrx_word' id='word_1_564' title='bbox 3215 3733 3479 3789; x_wconf 90' lang='lat' dir='ltr'>eruditus</span> <span class='ocrx_word' id='word_1_565' title='bbox 3509 3732 3621 3787; x_wconf 89' lang='lat' dir='ltr'>lec-</span> 
     </span>
    </p>
   </div>
   <div class='ocr_carea' id='block_1_83' title="bbox 1971 3825 3298 3899">
    <p class='ocr_par' dir='ltr' id='par_1_83' title="bbox 1971 3825 3298 3899">
     <span class='ocr_line' id='line_1_83' title="bbox 1971 3825 3298 3899; baseline -0.003 -17"><span class='ocrx_word' id='word_1_566' title='bbox 1971 3832 2064 3882; x_wconf 88' lang='lat' dir='ltr'>tor</span> <span class='ocrx_word' id='word_1_567' title='bbox 2093 3827 2344 3899; x_wconf 89' lang='lat' dir='ltr'>colliget,</span> <span class='ocrx_word' id='word_1_568' title='bbox 2377 3826 2574 3898; x_wconf 89' lang='lat' dir='ltr'>qualia</span> <span class='ocrx_word' id='word_1_569' title='bbox 2603 3831 2741 3880; x_wconf 90' lang='lat' dir='ltr'>tunc</span> <span class='ocrx_word' id='word_1_570' title='bbox 2771 3825 2986 3881; x_wconf 88' lang='lat' dir='ltr'>fuerint</span> <span class='ocrx_word' id='word_1_571' title='bbox 3015 3829 3298 3896; x_wconf 89' lang='lat' dir='ltr'>tempora.</span> 
     </span>
    </p>
   </div>
   <div class='ocr_carea' id='block_1_84' title="bbox 2041 3912 3624 3987">
    <p class='ocr_par' dir='ltr' id='par_1_84' title="bbox 2041 3912 3624 3987">
     <span class='ocr_line' id='line_1_84' title="bbox 2041 3912 3624 3987; baseline 0.001 -20"><span class='ocrx_word' id='word_1_572' title='bbox 2041 3917 2490 3971; x_wconf 68' lang='lat' dir='ltr'>85.Eorumdem</span> <span class='ocrx_word' id='word_1_573' title='bbox 2515 3919 2849 3987; x_wconf 88' lang='lat' dir='ltr'>temporum</span> <span class='ocrx_word' id='word_1_574' title='bbox 2872 3913 3264 3970; x_wconf 88' lang='lat' dir='ltr'>calamitatem</span> <span class='ocrx_word' id='word_1_575' title='bbox 3292 3912 3624 3968; x_wconf 89' lang='lat' dir='ltr'>B.Andreas</span> 
     </span>
    </p>
   </div>
   <div class='ocr_carea' id='block_1_85' title="bbox 1973 4001 3624 4076">
    <p class='ocr_par' dir='ltr' id='par_1_85' title="bbox 1973 4001 3624 4076">
     <span class='ocr_line' id='line_1_85' title="bbox 1973 4001 3624 4076; baseline -0.002 -16"><span class='ocrx_word' id='word_1_576' title='bbox 1973 4005 2159 4060; x_wconf 87' lang='lat' dir='ltr'>sancti</span> <span class='ocrx_word' id='word_1_577' title='bbox 2194 4003 2377 4059; x_wconf 88' lang='lat' dir='ltr'>nostri</span> <span class='ocrx_word' id='word_1_578' title='bbox 2416 4003 2746 4076; x_wconf 89' lang='lat' dir='ltr'>discipulus</span> <span class='ocrx_word' id='word_1_579' title='bbox 2777 4005 2835 4058; x_wconf 92' lang='lat' dir='ltr'>in</span> <span class='ocrx_word' id='word_1_580' title='bbox 2867 4003 2980 4058; x_wconf 87' lang='lat' dir='ltr'>vita</span> <span class='ocrx_word' id='word_1_581' title='bbox 3014 4004 3072 4057; x_wconf 89' lang='lat' dir='ltr'>S.</span> <span class='ocrx_word' id='word_1_582' title='bbox 3098 4001 3318 4056; x_wconf 90' lang='lat' dir='ltr'>Arialdi</span> <span class='ocrx_word' id='word_1_583' title='bbox 3350 4001 3624 4074; x_wconf 78' lang='lat' dir='ltr'>martyris</span> 
     </span>
    </p>
   </div>
   <div class='ocr_carea' id='block_1_86' title="bbox 1973 4090 3625 4166">
    <p class='ocr_par' dir='ltr' id='par_1_86' title="bbox 1973 4090 3625 4166">
     <span class='ocr_line' id='line_1_86' title="bbox 1973 4090 3625 4166; baseline -0.001 -18"><span class='ocrx_word' id='word_1_584' title='bbox 1973 4094 2053 4148; x_wconf 90' lang='lat' dir='ltr'>ita</span> <span class='ocrx_word' id='word_1_585' title='bbox 2076 4094 2351 4166; x_wconf 88' lang='lat' dir='ltr'>graphice</span> <span class='ocrx_word' id='word_1_586' title='bbox 2370 4094 2648 4148; x_wconf 88' lang='lat' dir='ltr'>describit</span> <span class='ocrx_word' id='word_1_587' title='bbox 2665 4112 2676 4149; x_wconf 95' lang='lat'>:</span> <span class='ocrx_word' id='word_1_588' title='bbox 2691 4094 2857 4148; x_wconf 66' lang='lat' dir='ltr'>«Erat</span> <span class='ocrx_word' id='word_1_589' title='bbox 2876 4097 3014 4147; x_wconf 90' lang='lat' dir='ltr'>tunc</span> <span class='ocrx_word' id='word_1_590' title='bbox 3034 4092 3174 4147; x_wconf 90' lang='lat' dir='ltr'>ordo</span> <span class='ocrx_word' id='word_1_591' title='bbox 3195 4090 3625 4147; x_wconf 88' lang='lat' dir='ltr'>ecclesiasticus</span> 
     </span>
    </p>
   </div>
   <div class='ocr_carea' id='block_1_87' title="bbox 1974 4181 3624 4253">
    <p class='ocr_par' dir='ltr' id='par_1_87' title="bbox 1974 4181 3624 4253">
     <span class='ocr_line' id='line_1_87' title="bbox 1974 4181 3624 4253; baseline -0.001 -16"><span class='ocrx_word' id='word_1_592' title='bbox 1974 4184 2033 4238; x_wconf 90' lang='lat' dir='ltr'>in</span> <span class='ocrx_word' id='word_1_593' title='bbox 2064 4188 2149 4239; x_wconf 91' lang='lat' dir='ltr'>tot</span> <span class='ocrx_word' id='word_1_594' title='bbox 2175 4184 2472 4239; x_wconf 84' lang='lat' dir='ltr'>erroribus</span> <span class='ocrx_word' id='word_1_595' title='bbox 2506 4184 2804 4251; x_wconf 90' lang='lat' dir='ltr'>seductus,</span> <span class='ocrx_word' id='word_1_596' title='bbox 2837 4186 2900 4237; x_wconf 91' lang='lat' dir='ltr'>ut</span> <span class='ocrx_word' id='word_1_597' title='bbox 2941 4199 3010 4238; x_wconf 83' lang='lat' dir='ltr'>ex</span> <span class='ocrx_word' id='word_1_598' title='bbox 3055 4181 3154 4237; x_wconf 93' lang='lat' dir='ltr'>illo</span> <span class='ocrx_word' id='word_1_599' title='bbox 3202 4181 3296 4236; x_wconf 85' lang='lat' dir='ltr'>vix</span> <span class='ocrx_word' id='word_1_600' title='bbox 3329 4181 3624 4253; x_wconf 89' lang='lat' dir='ltr'>quispiam</span> 
     </span>
    </p>
   </div>
   <div class='ocr_carea' id='block_1_88' title="bbox 1973 4270 3623 4344">
    <p class='ocr_par' dir='ltr' id='par_1_88' title="bbox 1973 4270 3623 4344">
     <span class='ocr_line' id='line_1_88' title="bbox 1973 4270 3623 4344; baseline -0.002 -16"><span class='ocrx_word' id='word_1_601' title='bbox 1973 4274 2264 4341; x_wconf 83' lang='lat' dir='ltr'>existeret,</span> <span class='ocrx_word' id='word_1_602' title='bbox 2294 4274 2396 4344; x_wconf 89' lang='lat' dir='ltr'>qui</span> <span class='ocrx_word' id='word_1_603' title='bbox 2426 4272 2486 4327; x_wconf 90' lang='lat' dir='ltr'>in</span> <span class='ocrx_word' id='word_1_604' title='bbox 2519 4291 2625 4328; x_wconf 85' lang='lat' dir='ltr'>suo</span> <span class='ocrx_word' id='word_1_605' title='bbox 2656 4273 2782 4328; x_wconf 90' lang='lat' dir='ltr'>loco</span> <span class='ocrx_word' id='word_1_606' title='bbox 2812 4272 3093 4328; x_wconf 87' lang='lat' dir='ltr'>veraciter</span> <span class='ocrx_word' id='word_1_607' title='bbox 3124 4270 3362 4343; x_wconf 90' lang='lat' dir='ltr'>reperiri</span> <span class='ocrx_word' id='word_1_608' title='bbox 3407 4274 3623 4342; x_wconf 88' lang='lat' dir='ltr'>posset.</span> 
     </span>
    </p>
   </div>
   <div class='ocr_carea' id='block_1_89' title="bbox 1972 4359 3626 4432">
    <p class='ocr_par' dir='ltr' id='par_1_89' title="bbox 1972 4359 3626 4432">
     <span class='ocr_line' id='line_1_89' title="bbox 1972 4359 3626 4432; baseline -0.002 -15"><span class='ocrx_word' id='word_1_609' title='bbox 1972 4363 2118 4417; x_wconf 90' lang='lat' dir='ltr'>Nam</span> <span class='ocrx_word' id='word_1_610' title='bbox 2152 4361 2250 4416; x_wconf 90' lang='lat' dir='ltr'>alii</span> <span class='ocrx_word' id='word_1_611' title='bbox 2282 4379 2413 4416; x_wconf 92' lang='lat' dir='ltr'>cum</span> <span class='ocrx_word' id='word_1_612' title='bbox 2449 4362 2696 4417; x_wconf 89' lang='lat' dir='ltr'>canibus</span> <span class='ocrx_word' id='word_1_613' title='bbox 2728 4366 2784 4416; x_wconf 90' lang='lat' dir='ltr'>et</span> <span class='ocrx_word' id='word_1_614' title='bbox 2815 4360 3195 4432; x_wconf 87' lang='lat' dir='ltr'>accipitribus</span> <span class='ocrx_word' id='word_1_615' title='bbox 3224 4360 3338 4414; x_wconf 91' lang='lat' dir='ltr'>huc</span> <span class='ocrx_word' id='word_1_616' title='bbox 3370 4359 3626 4431; x_wconf 89' lang='lat' dir='ltr'>illucque</span> 
     </span>
    </p>
   </div>
   <div class='ocr_carea' id='block_1_90' title="bbox 1976 4447 3623 4523">
    <p class='ocr_par' dir='ltr' id='par_1_90' title="bbox 1976 4447 3623 4523">
     <span class='ocr_line' id='line_1_90' title="bbox 1976 4447 3623 4523; baseline -0.004 -17"><span class='ocrx_word' id='word_1_617' title='bbox 1976 4454 2374 4523; x_wconf 89' lang='lat' dir='ltr'>pervagantes,</span> <span class='ocrx_word' id='word_1_618' title='bbox 2424 4468 2596 4505; x_wconf 87' lang='lat' dir='ltr'>suum</span> <span class='ocrx_word' id='word_1_619' title='bbox 2647 4449 2939 4505; x_wconf 85' lang='lat' dir='ltr'>venationi</span> <span class='ocrx_word' id='word_1_620' title='bbox 2988 4449 3225 4504; x_wconf 71' lang='lat' dir='ltr'>lubricas</span> <span class='ocrx_word' id='word_1_621' title='bbox 3274 4447 3623 4502; x_wconf 84' lang='lat' dir='ltr'>famulatum</span> 
     </span>
    </p>
   </div>
   <div class='ocr_carea' id='block_1_91' title="bbox 1974 4533 3620 4607">
    <p class='ocr_par' dir='ltr' id='par_1_91' title="bbox 1974 4533 3620 4607">
     <span class='ocr_line' id='line_1_91' title="bbox 1974 4533 3620 4607; baseline -0.005 -12"><span class='ocrx_word' id='word_1_622' title='bbox 1974 4542 2310 4602; x_wconf 87' lang='lat' dir='ltr'>tradebant;</span> <span class='ocrx_word' id='word_1_623' title='bbox 2348 4539 2444 4593; x_wconf 88' lang='lat' dir='ltr'>alii</span> <span class='ocrx_word' id='word_1_624' title='bbox 2476 4557 2606 4594; x_wconf 91' lang='lat' dir='ltr'>vero</span> <span class='ocrx_word' id='word_1_625' title='bbox 2652 4537 2968 4593; x_wconf 88' lang='lat' dir='ltr'>tabernarii</span> <span class='ocrx_word' id='word_1_626' title='bbox 3015 4540 3066 4592; x_wconf 89' lang='lat' dir='ltr'>et</span> <span class='ocrx_word' id='word_1_627' title='bbox 3119 4552 3367 4607; x_wconf 88' lang='lat' dir='ltr'>nequam</span> <span class='ocrx_word' id='word_1_628' title='bbox 3421 4533 3620 4600; x_wconf 90' lang='lat' dir='ltr'>villici,</span> 
     </span>
    </p>
   </div>
   <div class='ocr_carea' id='block_1_92' title="bbox 191 4625 3620 4713">
    <p class='ocr_par' dir='ltr' id='par_1_92' title="bbox 191 4625 3620 4713">
     <span class='ocr_line' id='line_1_92' title="bbox 191 4625 3620 4713; baseline -0.003 -28"><span class='ocrx_word' id='word_1_629' title='bbox 191 4648 337 4686; x_wconf 87' lang='lat' dir='ltr'>rum</span> <span class='ocrx_word' id='word_1_630' title='bbox 372 4635 541 4702; x_wconf 88' lang='lat' dir='ltr'>gesta</span> <span class='ocrx_word' id='word_1_631' title='bbox 571 4631 911 4702; x_wconf 85' lang='lat' dir='ltr'>complexus</span> <span class='ocrx_word' id='word_1_632' title='bbox 943 4634 1052 4686; x_wconf 90' lang='lat' dir='ltr'>est.</span> <span class='ocrx_word' id='word_1_633' title='bbox 1089 4631 1276 4686; x_wconf 90' lang='lat' dir='ltr'>Videri</span> <span class='ocrx_word' id='word_1_634' title='bbox 1309 4629 1483 4685; x_wconf 88' lang='lat' dir='ltr'>etiam</span> <span class='ocrx_word' id='word_1_635' title='bbox 1533 4634 1726 4700; x_wconf 90' lang='lat' dir='ltr'>potest</span> <span class='ocrx_word' id='word_1_636' title='bbox 1777 4631 1863 4684; x_wconf 88' lang='lat' dir='ltr'>Di-</span> <span class='ocrx_word' id='word_1_637' title='bbox 1893 4650 1940 4713; x_wconf 85' lang='lat' dir='ltr'><strong>D</strong></span> <span class='ocrx_word' id='word_1_638' title='bbox 1975 4630 2071 4685; x_wconf 89' lang='lat' dir='ltr'>alii</span> <span class='ocrx_word' id='word_1_639' title='bbox 2101 4630 2263 4701; x_wconf 89' lang='lat' dir='ltr'>impii</span> <span class='ocrx_word' id='word_1_640' title='bbox 2289 4629 2540 4684; x_wconf 87' lang='lat' dir='ltr'>usurarii</span> <span class='ocrx_word' id='word_1_641' title='bbox 2566 4627 2929 4693; x_wconf 82' lang='lat' dir='ltr'>existebant;</span> <span class='ocrx_word' id='word_1_642' title='bbox 2976 4626 3168 4680; x_wconf 88' lang='lat' dir='ltr'>cuncti</span> <span class='ocrx_word' id='word_1_643' title='bbox 3209 4625 3326 4679; x_wconf 89' lang='lat' dir='ltr'>fere</span> <span class='ocrx_word' id='word_1_644' title='bbox 3353 4639 3486 4678; x_wconf 89' lang='lat' dir='ltr'>cum</span> <span class='ocrx_word' id='word_1_645' title='bbox 3515 4640 3620 4694; x_wconf 90' lang='lat' dir='ltr'>pu-</span> 
     </span>
    </p>
   </div>
   <div class='ocr_carea' id='block_1_93' title="bbox 189 4718 1862 4791">
    <p class='ocr_par' dir='ltr' id='par_1_93' title="bbox 189 4718 1862 4791">
     <span class='ocr_line' id='line_1_93' title="bbox 189 4718 1862 4791; baseline -0.001 -16"><span class='ocrx_word' id='word_1_646' title='bbox 189 4721 394 4775; x_wconf 86' lang='lat' dir='ltr'>dacus</span> <span class='ocrx_word' id='word_1_647' title='bbox 425 4719 768 4790; x_wconf 88' lang='lat' dir='ltr'>Franchius,</span> <span class='ocrx_word' id='word_1_648' title='bbox 802 4720 902 4791; x_wconf 91' lang='lat' dir='ltr'>qui</span> <span class='ocrx_word' id='word_1_649' title='bbox 930 4719 1123 4774; x_wconf 90' lang='lat' dir='ltr'>Vitam</span> <span class='ocrx_word' id='word_1_650' title='bbox 1157 4719 1343 4774; x_wconf 90' lang='lat' dir='ltr'>sancti</span> <span class='ocrx_word' id='word_1_651' title='bbox 1377 4718 1563 4773; x_wconf 83' lang='lat' dir='ltr'>Patris</span> <span class='ocrx_word' id='word_1_652' title='bbox 1597 4719 1686 4773; x_wconf 90' lang='lat' dir='ltr'>sui</span> <span class='ocrx_word' id='word_1_653' title='bbox 1719 4720 1862 4774; x_wconf 82' lang='lat' dir='ltr'>duo-</span> 
     </span>
    </p>
   </div>
   <div class='ocr_carea' id='block_1_94' title="bbox 189 4807 1866 4880">
    <p class='ocr_par' dir='ltr' id='par_1_94' title="bbox 189 4807 1866 4880">
     <span class='ocr_line' id='line_1_94' title="bbox 189 4807 1866 4880; baseline -0.001 -16"><span class='ocrx_word' id='word_1_654' title='bbox 189 4809 401 4864; x_wconf 85' lang='lat' dir='ltr'>decim</span> <span class='ocrx_word' id='word_1_655' title='bbox 433 4808 600 4863; x_wconf 90' lang='lat' dir='ltr'>libris</span> <span class='ocrx_word' id='word_1_656' title='bbox 651 4809 867 4864; x_wconf 89' lang='lat' dir='ltr'>Italicis</span> <span class='ocrx_word' id='word_1_657' title='bbox 915 4808 1210 4880; x_wconf 89' lang='lat' dir='ltr'>vulgatam</span> <span class='ocrx_word' id='word_1_658' title='bbox 1261 4807 1513 4880; x_wconf 90' lang='lat' dir='ltr'>copiosis</span> <span class='ocrx_word' id='word_1_659' title='bbox 1544 4808 1696 4863; x_wconf 90' lang='lat' dir='ltr'>notis</span> <span class='ocrx_word' id='word_1_660' title='bbox 1728 4808 1866 4863; x_wconf 88' lang='lat' dir='ltr'>illu-</span> 
     </span>
    </p>
   </div>
   <div class='ocr_carea' id='block_1_95' title="bbox 188 4897 1862 4970">
    <p class='ocr_par' dir='ltr' id='par_1_95' title="bbox 188 4897 1862 4970">
     <span class='ocr_line' id='line_1_95' title="bbox 188 4897 1862 4970; baseline -0.001 -17"><span class='ocrx_word' id='word_1_661' title='bbox 188 4897 535 4954; x_wconf 83' lang='lat' dir='ltr'>stravit.De</span> <span class='ocrx_word' id='word_1_662' title='bbox 565 4898 766 4953; x_wconf 90' lang='lat' dir='ltr'>eodem</span> <span class='ocrx_word' id='word_1_663' title='bbox 793 4898 1008 4953; x_wconf 91' lang='lat' dir='ltr'>Ordine</span> <span class='ocrx_word' id='word_1_664' title='bbox 1035 4897 1584 4970; x_wconf 86' lang='lat' dir='ltr'>egeruntAscanius</span> <span class='ocrx_word' id='word_1_665' title='bbox 1610 4898 1862 4952; x_wconf 88' lang='lat' dir='ltr'>Tambu-</span> 
     </span>
    </p>
   </div>
   <div class='ocr_carea' id='block_1_96' title="bbox 186 4986 1861 5059">
    <p class='ocr_par' dir='ltr' id='par_1_96' title="bbox 186 4986 1861 5059">
     <span class='ocr_line' id='line_1_96' title="bbox 186 4986 1861 5059; baseline -0.001 -17"><span class='ocrx_word' id='word_1_666' title='bbox 186 4987 377 5042; x_wconf 85' lang='lat' dir='ltr'>rinus</span> <span class='ocrx_word' id='word_1_667' title='bbox 409 4987 478 5041; x_wconf 89' lang='lat' dir='ltr'>de</span> <span class='ocrx_word' id='word_1_668' title='bbox 509 4987 636 5058; x_wconf 78' lang='lat' dir='ltr'>iure</span> <span class='ocrx_word' id='word_1_669' title='bbox 665 4986 861 5042; x_wconf 88' lang='lat' dir='ltr'>abbat.</span> <span class='ocrx_word' id='word_1_670' title='bbox 895 4987 1056 5059; x_wconf 88' lang='lat' dir='ltr'>Disp.</span> <span class='ocrx_word' id='word_1_671' title='bbox 1106 4988 1198 5054; x_wconf 84' lang='grc'>24,</span> <span class='ocrx_word' id='word_1_672' title='bbox 1249 4992 1453 5058; x_wconf 77' lang='lat' dir='ltr'>quaest.</span> <span class='ocrx_word' id='word_1_673' title='bbox 1487 4989 1542 5052; x_wconf 83' lang='lat'>5,</span> <span class='ocrx_word' id='word_1_674' title='bbox 1576 5003 1740 5040; x_wconf 90' lang='lat' dir='ltr'>num.</span> <span class='ocrx_word' id='word_1_675' title='bbox 1771 4989 1861 5041; x_wconf 79' lang='lat'>20.</span> 
     </span>
    </p>
   </div>
   <div class='ocr_carea' id='block_1_97' title="bbox 183 5075 1865 5148">
    <p class='ocr_par' dir='ltr' id='par_1_97' title="bbox 183 5075 1865 5148">
     <span class='ocr_line' id='line_1_97' title="bbox 183 5075 1865 5148; baseline -0.001 -16"><span class='ocrx_word' id='word_1_676' title='bbox 183 5075 486 5132; x_wconf 87' lang='lat' dir='ltr'>Silvester</span> <span class='ocrx_word' id='word_1_677' title='bbox 506 5075 948 5148; x_wconf 85' lang='lat' dir='ltr'>Maurolycusin</span> <span class='ocrx_word' id='word_1_678' title='bbox 968 5076 1192 5131; x_wconf 90' lang='lat' dir='ltr'>Oceano</span> <span class='ocrx_word' id='word_1_679' title='bbox 1208 5077 1473 5131; x_wconf 92' lang='lat' dir='ltr'>omnium</span> <span class='ocrx_word' id='word_1_680' title='bbox 1493 5075 1865 5146; x_wconf 83' lang='lat' dir='ltr'>Religionum</span> 
     </span>
    </p>
   </div>
   <div class='ocr_carea' id='block_1_98' title="bbox 183 5164 1864 5237">
    <p class='ocr_par' dir='ltr' id='par_1_98' title="bbox 183 5164 1864 5237">
     <span class='ocr_line' id='line_1_98' title="bbox 183 5164 1864 5237; baseline -0.001 -18"><span class='ocrx_word' id='word_1_681' title='bbox 183 5165 304 5220; x_wconf 89' lang='lat' dir='ltr'>lib.</span> <span class='ocrx_word' id='word_1_682' title='bbox 342 5167 403 5232; x_wconf 85' lang='lat'>2,</span> <span class='ocrx_word' id='word_1_683' title='bbox 433 5181 564 5236; x_wconf 89' lang='lat' dir='ltr'>pag.</span> <span class='ocrx_word' id='word_1_684' title='bbox 602 5165 722 5219; x_wconf 77' lang='lat'>120.</span> <span class='ocrx_word' id='word_1_685' title='bbox 758 5165 976 5221; x_wconf 91' lang='lat' dir='ltr'>Paulus</span> <span class='ocrx_word' id='word_1_686' title='bbox 1009 5165 1254 5237; x_wconf 90' lang='lat' dir='ltr'>Morigia</span> <span class='ocrx_word' id='word_1_687' title='bbox 1302 5166 1360 5220; x_wconf 90' lang='lat' dir='ltr'>in</span> <span class='ocrx_word' id='word_1_688' title='bbox 1411 5164 1664 5221; x_wconf 86' lang='lat' dir='ltr'>Historia</span> <span class='ocrx_word' id='word_1_689' title='bbox 1714 5165 1864 5219; x_wconf 83' lang='lat' dir='ltr'>Reli-</span> 
     </span>
    </p>
   </div>
   <div class='ocr_carea' id='block_1_99' title="bbox 183 5254 1864 5327">
    <p class='ocr_par' dir='ltr' id='par_1_99' title="bbox 183 5254 1864 5327">
     <span class='ocr_line' id='line_1_99' title="bbox 183 5254 1864 5327; baseline -0.001 -19"><span class='ocrx_word' id='word_1_690' title='bbox 183 5255 452 5327; x_wconf 84' lang='lat' dir='ltr'>gionum</span> <span class='ocrx_word' id='word_1_691' title='bbox 485 5271 611 5325; x_wconf 89' lang='lat' dir='ltr'>cap.</span> <span class='ocrx_word' id='word_1_692' title='bbox 639 5255 728 5310; x_wconf 85' lang='lat'>26.</span> <span class='ocrx_word' id='word_1_693' title='bbox 754 5255 1015 5327; x_wconf 87' lang='lat' dir='ltr'>Ignatius</span> <span class='ocrx_word' id='word_1_694' title='bbox 1037 5255 1394 5310; x_wconf 88' lang='lat' dir='ltr'>Guiduccius</span> <span class='ocrx_word' id='word_1_695' title='bbox 1417 5254 1630 5309; x_wconf 26' lang='lat' dir='ltr'>ianita</span> <span class='ocrx_word' id='word_1_696' title='bbox 1651 5255 1709 5309; x_wconf 93' lang='lat' dir='ltr'>S.</span> <span class='ocrx_word' id='word_1_697' title='bbox 1745 5258 1864 5307; x_wconf 83' lang='lat' dir='ltr'>Hu-</span> 
     </span>
    </p>
   </div>
   <div class='ocr_carea' id='block_1_100' title="bbox 182 5341 1865 5414">
    <p class='ocr_par' dir='ltr' id='par_1_100' title="bbox 182 5341 1865 5414">
     <span class='ocr_line' id='line_1_100' title="bbox 182 5341 1865 5414; baseline -0.002 -16"><span class='ocrx_word' id='word_1_698' title='bbox 182 5343 500 5411; x_wconf 84' lang='lat' dir='ltr'>militatis,</span> <span class='ocrx_word' id='word_1_699' title='bbox 535 5341 765 5398; x_wconf 90' lang='lat' dir='ltr'>Gabriel</span> <span class='ocrx_word' id='word_1_700' title='bbox 816 5344 1130 5400; x_wconf 86' lang='lat' dir='ltr'>Bucelinus</span> <span class='ocrx_word' id='word_1_701' title='bbox 1161 5344 1220 5399; x_wconf 89' lang='lat' dir='ltr'>in</span> <span class='ocrx_word' id='word_1_702' title='bbox 1254 5343 1577 5414; x_wconf 86' lang='lat' dir='ltr'>Menologio</span> <span class='ocrx_word' id='word_1_703' title='bbox 1617 5343 1865 5397; x_wconf 86' lang='lat' dir='ltr'>Benedi-</span> 
     </span>
    </p>
   </div>
   <div class='ocr_carea' id='block_1_101' title="bbox 185 5432 1867 5498">
    <p class='ocr_par' dir='ltr' id='par_1_101' title="bbox 185 5432 1867 5498">
     <span class='ocr_line' id='line_1_101' title="bbox 185 5432 1867 5498; baseline -0.001 -10"><span class='ocrx_word' id='word_1_704' title='bbox 185 5433 391 5498; x_wconf 81' lang='lat' dir='ltr'>ctino,</span> <span class='ocrx_word' id='word_1_705' title='bbox 422 5432 696 5488; x_wconf 89' lang='lat' dir='ltr'>Silvanus</span> <span class='ocrx_word' id='word_1_706' title='bbox 728 5433 972 5489; x_wconf 82' lang='lat' dir='ltr'>Razzius</span> <span class='ocrx_word' id='word_1_707' title='bbox 1003 5434 1062 5488; x_wconf 91' lang='lat' dir='ltr'>in</span> <span class='ocrx_word' id='word_1_708' title='bbox 1097 5434 1245 5489; x_wconf 87' lang='lat' dir='ltr'>Vitis</span> <span class='ocrx_word' id='word_1_709' title='bbox 1273 5436 1615 5488; x_wconf 84' lang='lat' dir='ltr'>Sanctorum</span> <span class='ocrx_word' id='word_1_710' title='bbox 1649 5436 1705 5486; x_wconf 87' lang='lat' dir='ltr'>et</span> <span class='ocrx_word' id='word_1_711' title='bbox 1737 5433 1867 5486; x_wconf 62' lang='lat' dir='ltr'>lica-</span> 
     </span>
    </p>
   </div>
   <div class='ocr_carea' id='block_1_102' title="bbox 185 5521 1867 5597">
    <p class='ocr_par' dir='ltr' id='par_1_102' title="bbox 185 5521 1867 5597">
     <span class='ocr_line' id='line_1_102' title="bbox 185 5521 1867 5597; baseline -0.002 -18"><span class='ocrx_word' id='word_1_712' title='bbox 185 5529 409 5579; x_wconf 83' lang='lat' dir='ltr'>torum</span> <span class='ocrx_word' id='word_1_713' title='bbox 441 5522 884 5592; x_wconf 89' lang='lat' dir='ltr'>Hetruscorum,</span> <span class='ocrx_word' id='word_1_714' title='bbox 918 5523 1226 5597; x_wconf 90' lang='lat' dir='ltr'>Philippus</span> <span class='ocrx_word' id='word_1_715' title='bbox 1248 5522 1586 5578; x_wconf 86' lang='lat' dir='ltr'>Bonannius</span> <span class='ocrx_word' id='word_1_716' title='bbox 1617 5521 1675 5575; x_wconf 90' lang='lat' dir='ltr'>in</span> <span class='ocrx_word' id='word_1_717' title='bbox 1706 5526 1867 5576; x_wconf 85' lang='lat' dir='ltr'>Cata-</span> 
     </span>
    </p>
   </div>
   <div class='ocr_carea' id='block_1_103' title="bbox 179 5610 1866 5685">
    <p class='ocr_par' dir='ltr' id='par_1_103' title="bbox 179 5610 1866 5685">
     <span class='ocr_line' id='line_1_103' title="bbox 179 5610 1866 5685; baseline -0.001 -19"><span class='ocrx_word' id='word_1_718' title='bbox 179 5611 342 5683; x_wconf 81' lang='lat' dir='ltr'>logo</span> <span class='ocrx_word' id='word_1_719' title='bbox 368 5610 646 5666; x_wconf 87' lang='lat' dir='ltr'>Ordinum</span> <span class='ocrx_word' id='word_1_720' title='bbox 670 5612 1101 5683; x_wconf 87' lang='lat' dir='ltr'>religiosorum,</span> <span class='ocrx_word' id='word_1_721' title='bbox 1119 5631 1183 5669; x_wconf 92' lang='lat' dir='ltr'>ac</span> <span class='ocrx_word' id='word_1_722' title='bbox 1207 5617 1338 5685; x_wconf 91' lang='lat' dir='ltr'>post</span> <span class='ocrx_word' id='word_1_723' title='bbox 1359 5612 1502 5667; x_wconf 88' lang='lat' dir='ltr'>alios</span> <span class='ocrx_word' id='word_1_724' title='bbox 1524 5613 1866 5682; x_wconf 78' lang='lat' dir='ltr'>Anonymus</span> 
     </span>
    </p>
   </div>
   <div class='ocr_carea' id='block_1_104' title="bbox 178 5699 1865 5774">
    <p class='ocr_par' dir='ltr' id='par_1_104' title="bbox 178 5699 1865 5774">
     <span class='ocr_line' id='line_1_104' title="bbox 178 5699 1865 5774; baseline -0.001 -16"><span class='ocrx_word' id='word_1_725' title='bbox 178 5699 439 5771; x_wconf 84' lang='lat' dir='ltr'>Gallus,</span> <span class='ocrx_word' id='word_1_726' title='bbox 468 5701 570 5774; x_wconf 87' lang='lat' dir='ltr'>qui</span> <span class='ocrx_word' id='word_1_727' title='bbox 602 5720 635 5759; x_wconf 87' lang='lat' dir='ltr'>a</span> <span class='ocrx_word' id='word_1_728' title='bbox 666 5701 868 5773; x_wconf 89' lang='lat' dir='ltr'>paucis</span> <span class='ocrx_word' id='word_1_729' title='bbox 909 5704 1077 5760; x_wconf 88' lang='lat' dir='ltr'>annis</span> <span class='ocrx_word' id='word_1_730' title='bbox 1127 5705 1196 5760; x_wconf 92' lang='lat' dir='ltr'>de</span> <span class='ocrx_word' id='word_1_731' title='bbox 1244 5703 1519 5760; x_wconf 89' lang='lat' dir='ltr'>omnibus</span> <span class='ocrx_word' id='word_1_732' title='bbox 1549 5700 1865 5757; x_wconf 90' lang='lat' dir='ltr'>Ordinibus</span> 
     </span>
    </p>
   </div>
   <div class='ocr_carea' id='block_1_105' title="bbox 1973 4712 3618 4786">
    <p class='ocr_par' dir='ltr' id='par_1_105' title="bbox 1973 4712 3618 4786">
     <span class='ocr_line' id='line_1_105' title="bbox 1973 4712 3618 4786; baseline -0.005 -12"><span class='ocrx_word' id='word_1_733' title='bbox 1973 4719 2140 4774; x_wconf 92' lang='lat' dir='ltr'>blicis</span> <span class='ocrx_word' id='word_1_734' title='bbox 2164 4719 2441 4774; x_wconf 86' lang='lat' dir='ltr'>uxoribus</span> <span class='ocrx_word' id='word_1_735' title='bbox 2465 4718 2582 4772; x_wconf 92' lang='lat' dir='ltr'>sive</span> <span class='ocrx_word' id='word_1_736' title='bbox 2619 4715 2828 4771; x_wconf 91' lang='lat' dir='ltr'>scortis</span> <span class='ocrx_word' id='word_1_737' title='bbox 2849 4732 3015 4770; x_wconf 88' lang='lat' dir='ltr'>suam</span> <span class='ocrx_word' id='word_1_738' title='bbox 3039 4712 3426 4786; x_wconf 90' lang='lat' dir='ltr'>ignominiose</span> <span class='ocrx_word' id='word_1_739' title='bbox 3447 4713 3618 4766; x_wconf 90' lang='lat' dir='ltr'>duce-</span> 
     </span>
    </p>
   </div>
   <div class='ocr_carea' id='block_1_106' title="bbox 1975 4805 3622 4876">
    <p class='ocr_par' dir='ltr' id='par_1_106' title="bbox 1975 4805 3622 4876">
     <span class='ocr_line' id='line_1_106' title="bbox 1975 4805 3622 4876; baseline -0.005 -13"><span class='ocrx_word' id='word_1_740' title='bbox 1975 4809 2118 4863; x_wconf 91' lang='lat' dir='ltr'>bant</span> <span class='ocrx_word' id='word_1_741' title='bbox 2164 4808 2373 4874; x_wconf 87' lang='lat' dir='ltr'>vitam;</span> <span class='ocrx_word' id='word_1_742' title='bbox 2421 4821 2741 4876; x_wconf 89' lang='lat' dir='ltr'>omnesque</span> <span class='ocrx_word' id='word_1_743' title='bbox 2786 4821 2912 4874; x_wconf 69' lang='lat' dir='ltr'>quae</span> <span class='ocrx_word' id='word_1_744' title='bbox 2964 4820 3071 4858; x_wconf 91' lang='lat' dir='ltr'>sua</span> <span class='ocrx_word' id='word_1_745' title='bbox 3116 4805 3304 4870; x_wconf 89' lang='lat' dir='ltr'>erant,</span> <span class='ocrx_word' id='word_1_746' title='bbox 3335 4818 3450 4856; x_wconf 90' lang='lat' dir='ltr'>non</span> <span class='ocrx_word' id='word_1_747' title='bbox 3495 4817 3622 4871; x_wconf 69' lang='lat' dir='ltr'>quae</span> 
     </span>
    </p>
   </div>
   <div class='ocr_carea' id='block_1_107' title="bbox 1973 4889 3673 4967">
    <p class='ocr_par' dir='ltr' id='par_1_107' title="bbox 1973 4889 3673 4967">
     <span class='ocr_line' id='line_1_107' title="bbox 1973 4889 3673 4967; baseline -0.004 -15"><span class='ocrx_word' id='word_1_748' title='bbox 1973 4897 2205 4964; x_wconf 88' lang='lat' dir='ltr'>Christi,</span> <span class='ocrx_word' id='word_1_749' title='bbox 2241 4895 2578 4967; x_wconf 71' lang='lat' dir='ltr'>quaerebant</span> <span class='ocrx_word' id='word_1_750' title='bbox 2607 4910 2620 4949; x_wconf 91' lang='lat'><strong>:</strong></span> <span class='ocrx_word' id='word_1_751' title='bbox 2655 4893 2978 4964; x_wconf 87' lang='lat' dir='ltr'>nam,quod</span> <span class='ocrx_word' id='word_1_752' title='bbox 3003 4893 3128 4948; x_wconf 89' lang='lat' dir='ltr'>sine</span> <span class='ocrx_word' id='word_1_753' title='bbox 3149 4893 3368 4965; x_wconf 90' lang='lat' dir='ltr'>gemitu</span> <span class='ocrx_word' id='word_1_754' title='bbox 3402 4889 3516 4945; x_wconf 91' lang='lat' dir='ltr'>dici</span> <span class='ocrx_word' id='word_1_755' title='bbox 3538 4889 3623 4944; x_wconf 92' lang='lat' dir='ltr'>vel</span> <span class='ocrx_word' id='word_1_756' title='bbox 3666 4944 3673 4952; x_wconf 74' lang='grc'>,.</span> 
     </span>
    </p>
   </div>
   <div class='ocr_carea' id='block_1_108' title="bbox 1974 4978 3624 5056">
    <p class='ocr_par' dir='ltr' id='par_1_108' title="bbox 1974 4978 3624 5056">
     <span class='ocr_line' id='line_1_108' title="bbox 1974 4978 3624 5056; baseline -0.004 -15"><span class='ocrx_word' id='word_1_757' title='bbox 1974 4985 2165 5041; x_wconf 87' lang='lat' dir='ltr'>audiri</span> <span class='ocrx_word' id='word_1_758' title='bbox 2195 5001 2299 5040; x_wconf 91' lang='lat' dir='ltr'>nec</span> <span class='ocrx_word' id='word_1_759' title='bbox 2331 4988 2521 5056; x_wconf 87' lang='lat' dir='ltr'>potest</span> <span class='ocrx_word' id='word_1_760' title='bbox 2549 5000 2652 5038; x_wconf 90' lang='lat' dir='ltr'>nec</span> <span class='ocrx_word' id='word_1_761' title='bbox 2680 4983 2868 5051; x_wconf 90' lang='lat' dir='ltr'>debet,</span> <span class='ocrx_word' id='word_1_762' title='bbox 2889 4981 3144 5037; x_wconf 89' lang='lat' dir='ltr'>universi</span> <span class='ocrx_word' id='word_1_763' title='bbox 3176 4981 3260 5036; x_wconf 90' lang='lat' dir='ltr'>sic</span> <span class='ocrx_word' id='word_1_764' title='bbox 3289 4980 3400 5035; x_wconf 90' lang='lat' dir='ltr'>sub</span> <span class='ocrx_word' id='word_1_765' title='bbox 3431 4978 3624 5035; x_wconf 87' lang='lat' dir='ltr'>Simo-</span> 
     </span>
    </p>
   </div>
   <div class='ocr_carea' id='block_1_109' title="bbox 1976 5068 3624 5143">
    <p class='ocr_par' dir='ltr' id='par_1_109' title="bbox 1976 5068 3624 5143">
     <span class='ocr_line' id='line_1_109' title="bbox 1976 5068 3624 5143; baseline -0.004 -15"><span class='ocrx_word' id='word_1_766' title='bbox 1976 5074 2143 5128; x_wconf 88' lang='lat' dir='ltr'>niaca</span> <span class='ocrx_word' id='word_1_767' title='bbox 2163 5073 2369 5128; x_wconf 71' lang='lat' dir='ltr'>haeresi</span> <span class='ocrx_word' id='word_1_768' title='bbox 2390 5074 2740 5128; x_wconf 89' lang='lat' dir='ltr'>tenebantur</span> <span class='ocrx_word' id='word_1_769' title='bbox 2762 5071 3054 5143; x_wconf 89' lang='lat' dir='ltr'>impliciti,</span> <span class='ocrx_word' id='word_1_770' title='bbox 3080 5075 3371 5143; x_wconf 89' lang='lat' dir='ltr'>quatenus</span> <span class='ocrx_word' id='word_1_771' title='bbox 3397 5087 3431 5124; x_wconf 90' lang='lat' dir='ltr'>a</span> <span class='ocrx_word' id='word_1_772' title='bbox 3450 5068 3624 5123; x_wconf 92' lang='lat' dir='ltr'>mini-</span> 
     </span>
    </p>
   </div>
   <div class='ocr_carea' id='block_1_110' title="bbox 1975 5157 3627 5234">
    <p class='ocr_par' dir='ltr' id='par_1_110' title="bbox 1975 5157 3627 5234">
     <span class='ocr_line' id='line_1_110' title="bbox 1975 5157 3627 5234; baseline -0.004 -16"><span class='ocrx_word' id='word_1_773' title='bbox 1975 5181 2070 5218; x_wconf 91' lang='lat' dir='ltr'>mo</span> <span class='ocrx_word' id='word_1_774' title='bbox 2089 5180 2276 5234; x_wconf 87' lang='lat' dir='ltr'>usque</span> <span class='ocrx_word' id='word_1_775' title='bbox 2298 5164 2368 5218; x_wconf 88' lang='lat' dir='ltr'>ad</span> <span class='ocrx_word' id='word_1_776' title='bbox 2391 5163 2712 5218; x_wconf 79' lang='lat' dir='ltr'>maximum</span> <span class='ocrx_word' id='word_1_777' title='bbox 2739 5161 2935 5216; x_wconf 89' lang='lat' dir='ltr'>nullus</span> <span class='ocrx_word' id='word_1_778' title='bbox 2950 5163 3090 5217; x_wconf 93' lang='lat' dir='ltr'>ordo</span> <span class='ocrx_word' id='word_1_779' title='bbox 3105 5160 3189 5215; x_wconf 88' lang='lat' dir='ltr'>vel</span> <span class='ocrx_word' id='word_1_780' title='bbox 3214 5160 3430 5232; x_wconf 88' lang='lat' dir='ltr'>gradus</span> <span class='ocrx_word' id='word_1_781' title='bbox 3454 5157 3627 5212; x_wconf 89' lang='lat' dir='ltr'>habe—</span> 
     </span>
    </p>
   </div>
   <div class='ocr_carea' id='block_1_111' title="bbox 1978 5248 3623 5324">
    <p class='ocr_par' dir='ltr' id='par_1_111' title="bbox 1978 5248 3623 5324">
     <span class='ocr_line' id='line_1_111' title="bbox 1978 5248 3623 5324; baseline -0.002 -17"><span class='ocrx_word' id='word_1_782' title='bbox 1978 5253 2022 5307; x_wconf 92' lang='lat' dir='ltr'>ri</span> <span class='ocrx_word' id='word_1_783' title='bbox 2047 5257 2263 5324; x_wconf 88' lang='lat' dir='ltr'>posset,</span> <span class='ocrx_word' id='word_1_784' title='bbox 2291 5252 2400 5307; x_wconf 88' lang='lat' dir='ltr'>nisi</span> <span class='ocrx_word' id='word_1_785' title='bbox 2427 5252 2509 5306; x_wconf 92' lang='lat' dir='ltr'>sic</span> <span class='ocrx_word' id='word_1_786' title='bbox 2531 5257 2826 5307; x_wconf 90' lang='lat' dir='ltr'>emeretur</span> <span class='ocrx_word' id='word_1_787' title='bbox 2855 5251 3149 5322; x_wconf 91' lang='lat' dir='ltr'>quomodo</span> <span class='ocrx_word' id='word_1_788' title='bbox 3179 5248 3395 5304; x_wconf 88' lang='lat' dir='ltr'>emitur</span> <span class='ocrx_word' id='word_1_789' title='bbox 3424 5263 3623 5320; x_wconf 83' lang='lat' dir='ltr'>pecus.</span> 
     </span>
    </p>
   </div>
   <div class='ocr_carea' id='block_1_112' title="bbox 1975 5339 3625 5413">
    <p class='ocr_par' dir='ltr' id='par_1_112' title="bbox 1975 5339 3625 5413">
     <span class='ocr_line' id='line_1_112' title="bbox 1975 5339 3625 5413; baseline -0.003 -16"><span class='ocrx_word' id='word_1_790' title='bbox 1975 5344 2063 5410; x_wconf 89' lang='lat' dir='ltr'>Et,</span> <span class='ocrx_word' id='word_1_791' title='bbox 2097 5343 2250 5412; x_wconf 89' lang='lat' dir='ltr'>quod</span> <span class='ocrx_word' id='word_1_792' title='bbox 2279 5347 2369 5397; x_wconf 85' lang='lat' dir='ltr'>est</span> <span class='ocrx_word' id='word_1_793' title='bbox 2402 5342 2850 5413; x_wconf 88' lang='lat' dir='ltr'>nequius,nemo</span> <span class='ocrx_word' id='word_1_794' title='bbox 2881 5345 3040 5408; x_wconf 84' lang='lat' dir='ltr'>tunc,</span> <span class='ocrx_word' id='word_1_795' title='bbox 3062 5339 3162 5411; x_wconf 85' lang='lat' dir='ltr'>qui</span> <span class='ocrx_word' id='word_1_796' title='bbox 3194 5342 3366 5393; x_wconf 64' lang='lat' dir='ltr'>tanta</span> <span class='ocrx_word' id='word_1_797' title='bbox 3399 5354 3625 5410; x_wconf 90' lang='lat' dir='ltr'>perver-</span> 
     </span>
    </p>
   </div>
   <div class='ocr_carea' id='block_1_113' title="bbox 1975 5426 3628 5502">
    <p class='ocr_par' dir='ltr' id='par_1_113' title="bbox 1975 5426 3628 5502">
     <span class='ocr_line' id='line_1_113' title="bbox 1975 5426 3628 5502; baseline -0.003 -17"><span class='ocrx_word' id='word_1_798' title='bbox 1975 5430 2133 5485; x_wconf 85' lang='lat' dir='ltr'>sitati</span> <span class='ocrx_word' id='word_1_799' title='bbox 2166 5431 2486 5497; x_wconf 88' lang='lat' dir='ltr'>resisteret,</span> <span class='ocrx_word' id='word_1_800' title='bbox 2520 5431 2838 5502; x_wconf 89' lang='lat' dir='ltr'>apparebat</span> <span class='ocrx_word' id='word_1_801' title='bbox 2877 5446 2889 5484; x_wconf 94' lang='lat'>:</span> <span class='ocrx_word' id='word_1_802' title='bbox 2927 5430 3048 5495; x_wconf 90' lang='lat' dir='ltr'>sed,</span> <span class='ocrx_word' id='word_1_803' title='bbox 3083 5445 3212 5482; x_wconf 85' lang='lat' dir='ltr'>cum</span> <span class='ocrx_word' id='word_1_804' title='bbox 3262 5426 3385 5499; x_wconf 91' lang='lat' dir='ltr'>lupi</span> <span class='ocrx_word' id='word_1_805' title='bbox 3430 5431 3628 5483; x_wconf 88' lang='lat' dir='ltr'>essent</span> 
     </span>
    </p>
   </div>
   <div class='ocr_carea' id='block_1_114' title="bbox 1975 5519 3306 5591">
    <p class='ocr_par' dir='ltr' id='par_1_114' title="bbox 1975 5519 3306 5591">
     <span class='ocr_line' id='line_1_114' title="bbox 1975 5519 3306 5591; baseline -0.001 -18"><span class='ocrx_word' id='word_1_806' title='bbox 1975 5536 2235 5591; x_wconf 89' lang='lat' dir='ltr'>rapaces,</span> <span class='ocrx_word' id='word_1_807' title='bbox 2267 5519 2385 5575; x_wconf 90' lang='lat' dir='ltr'>veri</span> <span class='ocrx_word' id='word_1_808' title='bbox 2415 5520 2774 5590; x_wconf 87' lang='lat' dir='ltr'>putabantur</span> <span class='ocrx_word' id='word_1_809' title='bbox 2804 5535 2931 5572; x_wconf 79' lang='lat' dir='ltr'>esse</span> <span class='ocrx_word' id='word_1_810' title='bbox 2963 5523 3246 5588; x_wconf 86' lang='lat' dir='ltr'>pastores.</span> <span class='ocrx_word' id='word_1_811' title='bbox 3280 5539 3306 5565; x_wconf 84' lang='lat'>»</span> 
     </span>
    </p>
   </div>
   <div class='ocr_carea' id='block_1_115' title="bbox 2044 5605 3623 5680">
    <p class='ocr_par' dir='ltr' id='par_1_115' title="bbox 2044 5605 3623 5680">
     <span class='ocr_line' id='line_1_115' title="bbox 2044 5605 3623 5680; baseline -0.003 -18"><span class='ocrx_word' id='word_1_812' title='bbox 2169 5610 2324 5663; x_wconf 87' lang='lat' dir='ltr'>inter</span> <span class='ocrx_word' id='word_1_813' title='bbox 2354 5625 2590 5680; x_wconf 86' lang='lat' dir='ltr'>rapaces</span> <span class='ocrx_word' id='word_1_814' title='bbox 2621 5609 2764 5662; x_wconf 89' lang='lat' dir='ltr'>istos</span> <span class='ocrx_word' id='word_1_815' title='bbox 2796 5607 2965 5679; x_wconf 87' lang='lat' dir='ltr'>lupos</span> <span class='ocrx_word' id='word_1_816' title='bbox 3004 5612 3127 5662; x_wconf 82' lang='lat' dir='ltr'>erat</span> <span class='ocrx_word' id='word_1_817' title='bbox 3156 5607 3465 5679; x_wconf 89' lang='lat' dir='ltr'>episcopus</span> <span class='ocrx_word' id='word_1_818' title='bbox 3497 5605 3623 5659; x_wconf 84' lang='lat' dir='ltr'>Flo-</span> 
     </span>
    </p>
   </div>
   <div class='ocr_carea' id='block_1_116' title="bbox 1975 5692 3622 5770">
    <p class='ocr_par' dir='ltr' id='par_1_116' title="bbox 1975 5692 3622 5770">
     <span class='ocr_line' id='line_1_116' title="bbox 1975 5692 3622 5770; baseline -0.004 -15"><span class='ocrx_word' id='word_1_819' title='bbox 1975 5698 2239 5756; x_wconf 88' lang='lat' dir='ltr'>rentinus</span> <span class='ocrx_word' id='word_1_820' title='bbox 2272 5699 2472 5755; x_wconf 88' lang='lat' dir='ltr'>Petrus</span> <span class='ocrx_word' id='word_1_821' title='bbox 2504 5697 2762 5765; x_wconf 89' lang='lat' dir='ltr'>nomine,</span> <span class='ocrx_word' id='word_1_822' title='bbox 2789 5697 2958 5769; x_wconf 79' lang='lat' dir='ltr'>cujus</span> <span class='ocrx_word' id='word_1_823' title='bbox 2982 5696 3332 5770; x_wconf 86' lang='lat' dir='ltr'>sacrilegum</span> <span class='ocrx_word' id='word_1_824' title='bbox 3354 5692 3622 5750; x_wconf 80' lang='lat' dir='ltr'>Simoniae</span> 
     </span>
    </p>
   </div>
  </div>
