4030 6164
228 395 332 455 ’133

1815 389 2041 452 ACTA.

3513 387 3633 450 734

227 522 889 600 pleni,causaindividia3
903 523 1059 579 ducti
1080 523 1230 579 hanc
1245 527 1449 580 contra
1465 541 1598 580 eum
1613 523 1861 580 tulimus
1889 526 1938 592 Α
1973 522 2284 596 Gregorius
2315 521 2687 596 septimus,et
2716 523 2830 580 ista
2848 523 2977 595 ejus
3017 522 3239 588 sanatio
3268 525 3358 579 est
3387 522 3626 579 omnino

227 615 628 688 questionem,
661 618 820 670 artor
851 613 1197 685 istiusignis
1212 630 1304 669 me
1336 619 1438 670 tua
1458 613 1645 686 gratia
1667 613 1871 670 dereli-

223 709 371 761 ctum
408 708 748 760 consumat.

283 795 370 848 91.
404 816 434 843 ‹‹
471 793 599 848 Hac
628 793 853 861 dicens,
882 795 940 846 et
970 795 1183 847 sanctae
1214 791 1414 848 Crucis
1456 810 1518 848 se
1565 792 1866 865 signaculo

223 883 623 954 muniens,per
639 880 864 936 medias
879 881 1148 937 ﬂammas
1191 886 1526 937 constanter
1566 881 1871 954 ingressus

223 973 358 1029 Cum
391 972 573 1044 igitur
602 970 862 1041 undique
893 966 1025 1026 esse
1049 989 1062 1038 ;
1086 971 1344 1026 ﬂammis
1363 971 1873 1037 circumdatus,ita

223 1066 281 1116 ut
308 1080 343 1116 a
373 1059 605 1116 nemine
637 1075 880 1130 prorsus
903 1058 1217 1128 videretur,
1251 1064 1308 1115 et
1330 1076 1534 1115 omnes
1584 1075 1720 1115 eum
1742 1060 1869 1130 jam

225 1153 629 1221 consumptum
660 1153 954 1220 putarent,
992 1148 1187 1204 subito
1220 1166 1287 1205 ex
1317 1148 1430 1204 alia
1461 1148 1873 1220 parte,Christi

231 1239 542 1296 comitante
596 1237 806 1310 gratia,
842 1237 1146 1310 egrediens
1189 1237 1514 1310 prosilivit;
1548 1239 1629 1293 ita
1662 1243 1726 1293 ut
1757 1255 1871 1293 non

235 1329 394 1384 modo
422 1327 1046 1398 vestimentaejus,sed
1071 1345 1143 1383 ne
1159 1326 1405 1398 capillus
1424 1328 1661 1399 quidem
1700 1326 1874 1382 laesus

236 1416 495 1489 abignein
510 1416 707 1488 aliquo
719 1416 1151 1472 videretur.Sed
1163 1417 1412 1482 ,utidem
1428 1416 1775 1472 venerabilis
1786 1416 1875 1470 vir

239 1512 420 1580 postea
457 1507 766 1572 referebat,
799 1523 933 1561 cum
948 1506 1284 1578 permedias
1299 1507 1566 1561 ﬂammas
1598 1507 1872 1578 gradere-

237 1595 618 1667 tur,mappula
630 1596 702 1650 de
717 1612 894 1650 manu
907 1596 1036 1665 ejus
1050 1594 1257 1650 cecidit
1280 1611 1568 1666 ;cumque
1587 1596 1710 1666 jam
1726 1609 1873 1665 pene

239 1685 588 1757 egrederetur
618 1700 688 1739 ex
717 1684 870 1756 igne,
901 1683 1119 1740 viditse
1137 1683 1477 1755 mappulam
1499 1683 1558 1738 in
1597 1682 1871 1738 manibus

241 1791 340 1830 non
355 1776 670 1846 gestare,ac
693 1773 754 1828 in
775 1773 973 1846 ignem
996 1772 1111 1828 sibi
1135 1789 1265 1828 eam
1287 1773 1568 1828 cecidisse
1610 1770 1873 1828 conside-

1979 630 2235 684 praesens
2265 614 2583 668 decretum.
2621 635 2648 661 »
2680 613 2827 668 Nam
2850 621 3056 686 praeter
3076 612 3236 669 varia
3257 617 3625 685 argumenta,

1979 720 2102 772 quze
2125 719 2193 758 ex
2221 708 2276 756 S.
2310 701 2556 757 Joannis
2594 701 2889 757 Gualberti
2943 703 3105 757 obitu
3145 706 3200 757 et
3236 702 3498 775 Gregorii
3533 719 3629 758 se-

1980 791 2148 865 ptimi
2171 791 2453 847 electione
2475 794 2678 845 contra
2693 790 2844 845 hanc
2863 789 3212 846 sententiam
3234 791 3484 846 formare
3501 807 3631 863 pos-

1981 898 2125 951 sem,
2149 882 2303 936 unde
2328 897 2523 952 quaeso
2540 883 2772 935 constat
2791 879 3150 950 Grzegorium
3167 879 3268 936 VIl
3285 884 3425 935 tunc
3440 879 3631 935 viven-

1981 975 2100 1026 tem
2129 972 2225 1025 hic
2256 968 2640 1042 compellari?
2671 969 2813 1023 Cum
2845 968 2942 1022 hic
2989 968 3228 1036 Christi,
3275 969 3338 1023 B.
3371 969 3628 1040 Virginis

1981 1077 2047 1116 ac
2067 1061 2124 1115 S.
2149 1060 2300 1115 Petri
2322 1058 2607 1115 auxilium
2630 1057 2998 1130 imploretur,
3035 1073 3228 1112 nonne
3249 1057 3393 1112 satis
3419 1058 3627 1129 proba-

1979 1148 2094 1204 bile
2123 1155 2211 1204 est
2242 1166 2274 1204 a
2306 1147 2654 1204 Florentinis
2687 1147 2744 1202 S.
2773 1146 3118 1219 Gregorium
3159 1146 3460 1218 Magnum,
3495 1162 3629 1201 san-

1982 1237 2314 1294 ctissimum
2347 1236 2487 1293 olim
2518 1236 2691 1291 Urbis
2721 1235 3056 1307 prasulem,
3091 1239 3148 1290 et
3173 1233 3632 1290 acerrimum-Si-

1982 1327 2190 1382 moniae
2208 1330 2670 1399 oppugnatorem
2696 1325 2974 1396 invocari,
3000 1329 3065 1380 ut
3087 1324 3359 1380 defendat
3373 1340 3482 1380 sua
3501 1339 3634 1379 con-

1980 1420 2071 1471 tra
2090 1416 2448 1472 Simoniacos
2493 1416 2744 1482 decreta,
2772 1432 2897 1486 quae
2947 1414 3202 1487 plurima
3239 1413 3441 1481 edidit,
3463 1418 3528 1469 ut
3548 1412 3631 1466 vi-

1983 1505 2116 1560 dere
2146 1509 2234 1560 est
2263 1505 2320 1559 in
2363 1506 2490 1576 ejus
2519 1504 2653 1560 Vita
2697 1505 2769 1559 ad
2819 1505 2974 1560 diem
3021 1522 3102 1559 xu
3145 1502 3335 1559 Martii
3383 1502 3442 1557 in
3474 1500 3633 1557 Actis

1983 1595 2200 1650 nostris
2214 1593 2524 1665 illustrata,
2545 1598 2601 1649 et
2616 1595 2770 1665 apud
2791 1593 3128 1660 Baronium,
3147 1593 3446 1649 Labbeum
3464 1590 3634 1647 alios-

1983 1700 2114 1754 que.
2139 1683 2353 1739 Omitto
2385 1683 2479 1738 hic
2501 1681 2616 1738 alia
2636 1700 2762 1755 quae
2784 1684 2845 1738 P.
2887 1684 3087 1756 Lupus
3109 1681 3388 1755 congerit,
3413 1684 3476 1736 ut
3499 1697 3630 1753 pro-

1981 1771 2199 1828 bethoc
2212 1771 2563 1828 miraculum
2582 1773 2690 1827 sub
2710 1771 2984 1843 Gregorio
3002 1771 3100 1826 VII
3122 1770 3455 1842 contigisse.
3480 1770 3636 1824 Inter

237 1878 380 1929 rans,
408 1877 505 1933 per
534 1861 760 1917 medias
784 1861 999 1916 iterum
1022 1861 1293 1916 ﬂammas
1324 1861 1655 1927 revertitur,
1685 1864 1742 1916 et
1772 1877 1862 1916 se-
1895 1898 1942 1963 B
1983 1859 2098 1916 alia
2119 1877 2358 1933 operose
2379 1860 2634 1916 ostendit
2678 1861 2912 1915 Petrum
2953 1860 3195 1931 Igneum
3234 1875 3350 1915 non
3399 1859 3471 1914 ab
3499 1857 3634 1913 Ale-

238 1967 355 2005 cum
385 1951 719 2022 mappulam
750 1951 1060 2006 extrahens
1093 1951 1602 2021 reportavit.Tunc
1632 1965 1858 2018 omnes,
1895 1946 1942 1963 "
1970 1951 2316 2021 xandro,sed
2335 1947 3115 2022 aGregorioinCardinalium
3129 1963 3441 2004 numerum
3455 1946 3635 2002 fuisse

237 2038 324 2110 qui
343 2040 594 2106 aderant,
630 2040 755 2095 viso
787 2044 908 2095 tam
942 2040 1217 2108 maximo,
1252 2045 1372 2097 tam
1396 2041 1862 2112 obstupescendo

237 2128 512 2199 miraculo,
544 2129 870 2184 immensas
902 2130 1018 2184 Deo
1048 2130 1266 2202 gratias
1299 2133 1558 2201 agentes,
1613 2146 1748 2185 mox
1777 2129 1863 2182 di-

1975 2040 2288 2110 adscitum,
2312 2040 2468 2111 quod
2495 2055 2667 2094 nemo
2689 2043 2883 2110 negat.
2920 2038 3028 2094 Sed
3055 2036 3195 2108 quid
3235 2037 3343 2092 hoc
3367 2036 3440 2092 ad
3461 2051 3585 2090 rem
3605 2034 3635 2090 *ι’

1973 2129 2128 2184 Nihil
2154 2129 2310 2186 enim
2326 2129 2570 2201 impedit
2584 2128 2904 2200 quominus
2918 2128 2976 2182 id
2991 2127 3099 2182 sub
3114 2125 3440 2182 Alexandro
3453 2123 3636 2180 conti-

233 2233 382 2272 versa
400 2235 528 2290 pars
552 2235 670 2273 una
683 2219 908 2286 effecta,
931 2219 1236 2291 praefatum
1252 2220 1592 2291 episcopum
1611 2219 1680 2274 de
1692 2217 1868 2272 eccle-

1976 2220 2143 2291 gerit,
2163 2223 2220 2275 et
2235 2223 2435 2290 postea
2455 2223 2631 2274 Petus
2650 2218 2672 2272 I
2679 2233 2864 2289 gneus
2877 2233 2910 2271 a
2923 2215 3198 2288 Gregorio
3209 2215 3309 2271 VII
3321 2214 3637 2279 Alexandri

238 2306 320 2362 sia
349 2306 594 2379 pellunt;
623 2307 726 2378 qui
761 2315 964 2380 postea
995 2307 1337 2379 poenitentia
1366 2307 1599 2372 ductus,
1642 2309 1870 2361 mutata
1978 2324 2314 2364 successore
2344 2310 2416 2363 ad
2440 2305 2884 2363 Cardinalitiam
2908 2304 3254 2377 dignitatem
3278 2302 3354 2358 sit
3378 2306 3632 2357 evectus.

239 2399 379 2451 veste
407 2397 510 2452 sub
541 2401 756 2452 sancta
787 2396 1250 2452 conversationis
1282 2395 1485 2467 regula
1533 2394 1867 2467 religiosam

243 2499 395 2556 agere
421 2486 596 2542 vitam
628 2486 791 2541 visus
813 2490 920 2541 est.
954 2507 982 2533 ››

310 2575 388 2627 92.
419 2575 755 2647 Congruunt
782 2575 903 2630 haec
933 2591 1068 2630 cum
1100 2572 1349 2646 epistola
1371 2573 1506 2628 cleri
1549 2591 1615 2628 ac
1671 2570 1870 2645 populi

250 2660 561 2731 Florentini,
623 2680 750 2734 quae
802 2663 862 2718 in
893 2663 1057 2720 Actis
1087 2663 1238 2717 infra
1264 2664 1515 2718 refertur
1543 2664 1735 2734 cap.8.
1762 2661 1872 2716 Sed

244 2748 328 2805 hic
357 2751 693 2823 scrupulum
713 2757 902 2808 movet
924 2753 985 2808 P.
1010 2752 1355 2809 Christanus
1380 2755 1572 2825 Lupus
1596 2752 1655 2806 in
1673 2753 1876 2806 Decre-

241 2838 308 2896 tis
337 2858 396 2896 ac
425 2841 754 2896 Canonibus
778 2843 1134 2913 synodorum
1159 2841 1532 2896 Generalium
1548 2858 1614 2896 ac
1638 2840 1872 2895 Provin-

234 2928 459 2985 cialium
516 2933 666 3002 part.
694 2931 730 2984 5
760 2947 893 3002 pag.
947 2932 1040 2998 26,
1101 2930 1202 2985 ubi
1233 2930 1314 2986 sic
1346 2947 1546 2986 secum
1570 2929 1873 3000 disputat:

227 3044 250 3070 τι
277 3020 523 3086 Quaestio
543 3025 634 3076 est
650 3018 848 3075 anista
864 3019 1109 3091 epistola
1136 3043 1156 3068 η
1185 3021 1416 3092 (nempe
1435 3019 1572 3075 cleri
1600 3023 1655 3073 et
1678 3017 1876 3090 populi

218 3108 1000 3181 Florentini)afueritscripta
1012 3109 1083 3163 ad
1098 3107 1494 3164 Alexandrum
1513 3107 1876 3186 secundum?

213 3198 491 3255 Afﬁrmat
503 3197 1080 3263 etlaudatusAtto,et
1095 3197 1228 3270 ipsa
1241 3197 1496 3270 epistola:
1513 3197 1873 3267 inscriptio.»

2048 2398 2138 2451 94.
2173 2395 2445 2452 Pluribus
2487 2413 2635 2468 opus
2678 2399 2851 2461 esset,
2887 2394 2934 2449 si
2962 2394 3057 2449 hic
3098 2393 3262 2449 locus
3293 2389 3634 2464 postularet,

1981 2486 2273 2542 discutere
2299 2486 2450 2541 hanc
2471 2487 2703 2557 igneam
2729 2486 2787 2540 S.
2813 2483 2966 2539 Petri
3006 2482 3433 2554 probationem,
3457 2496 3634 2551 quam

1983 2576 2301 2631 modernus
2328 2574 2570 2646 quidam
2592 2573 2987 2647 hypocriticus
3009 2572 3068 2626 in
3090 2571 3359 2643 Legenda
3375 2586 3483 2626 sua
3502 2568 3635 2625 Gal-

1984 2663 2096 2719 lica
2126 2663 2303 2719 nimis
2335 2664 2610 2720 audacter
2634 2679 2793 2718 more
2833 2679 2939 2718 suo
2989 2661 3288 2733 libereque
3319 2659 3506 2730 carpit
3531 2673 3636 2713 vo-

1984 2770 2124 2809 cans
2151 2753 2392 2808 «audax
2425 2751 2672 2822 facinus,
2710 2768 2825 2823 quo
2860 2751 3184 2806 monachus
3205 2750 3389 2805 Deum
3411 2751 3636 2804 tentare

1987 2859 2164 2898 ausus
2183 2847 2292 2898 est.
2320 2863 2348 2892 »
2368 2842 2587 2897 Deinde
2609 2841 2725 2897 acsi
2761 2842 2818 2897 S.
2850 2840 3135 2896 Joannem
3159 2838 3538 2895 Gualbertum
3562 2837 3634 2892 ab

1986 2931 2093 2987 hac
2125 2931 2297 3003 culpa
2326 2932 2578 2988 eximere
2604 2929 2792 2999 vellet,
2844 2929 3106 3001 imperite
3159 2927 3360 2983 addit:
3393 2948 3421 2976 «
3455 2926 3636 2982 Nobis

1989 3020 2227 3086 sufficit,
2251 3020 2533 3076 Sanctum
2556 3024 2823 3075 nostrum
2850 3017 2908 3073 in
2931 3018 3038 3073 hoc
3072 3017 3222 3074 facto
3258 3015 3481 3072 nullam
3502 3031 3639 3087 par-

1986 3111 2106 3162 tem
2133 3108 2431 3175 habuisse,
2465 3113 2674 3179 praeter
2702 3107 3046 3173 orationem,
3081 3123 3197 3178 qua
3225 3106 3410 3162 Deum
3442 3119 3641 3177 preca-

1992 3199 2188 3267 batur,
2230 3201 2296 3251 ut
2323 3213 2492 3251 suam
2522 3195 2842 3252 Ecclesiam
2874 3214 2908 3252 a
2943 3195 3241 3264 seandalo,
3273 3195 3428 3265 quod
3460 3193 3641 3265 patie-

212 3288 385 3354 Tum,
433 3288 630 3344 allatis
677 3288 952 3342 Actorum
1007 3266 1220 3356 verbis,
1254 3266 1335 3342 ita
1380 3286 1489 3342 sibi
1532 3266 1879 3358 respondet:
1915 3266 1958 3333 C
1994 3266 2187 3357 batur,
2218 3285 2509 3340 liberaret.
2541 3307 2569 3333 »
2597 3284 2890 3356 Imperite,
2929 3284 3194 3355 inquam,
3228 3283 3350 3338 haec
3377 3281 3639 3337 addidit:

215 3399 238 3424 ι
279 3377 648 3448 Respondeo,
683 3377 870 3446 ipsam
902 3374 1212 3445 epistolam
1254 3373 1520 3428 clamare
1551 3373 1749 3428 aliud:
1782 3376 1880 3427 Et-

207 3465 372 3521 enim
407 3452 989 3538 paratumintraturo
1019 3463 1310 3519 monacho
1335 3463 1530 3534 ignem
1552 3463 1882 3534 exponit,et

206 3555 564 3627 subjungit:
600 3576 629 3604 «
671 3554 774 3609 His
803 3553 968 3619 visis;
1005 3552 1231 3608 clamor
1262 3552 1526 3606 omnium
1559 3551 1618 3606 in
1668 3549 1879 3606 ccelum

209 3668 239 3694 ‹‹
273 3643 766 3715 attollitur,Kyrie
780 3641 996 3698 eleison
1015 3640 1381 3697 ﬂebilissime
1395 3640 1566 3713 pleno
1577 3657 1675 3695 ore
1690 3643 1884 3696 canta-

212 3755 241 3782 ‹‹
277 3737 401 3800 tur,
430 3733 611 3788 Jesus
640 3731 909 3787 Christus
940 3729 1320 3786 celeberrime
1352 3735 1418 3784 ut
1449 3733 1884 3802 exsurgat,cau-

221 3843 248 3870 «ι
277 3837 529 3892 samque
561 3837 730 3876 suam
763 3820 1056 3889 defendat,
1089 3823 1325 3888 oratur;
1359 3819 1684 3890 Mariaejus
1699 3824 1884 3875 mater

226 3932 250 3958 τι
283 3915 344 3965 ut
371 3910 481 3966 hoc
511 3909 625 3966 sibi
657 3908 1185 3976 suadeat,multum
1206 3926 1240 3963 a
1268 3908 1882 3980 viris,plurimumque

234 4022 255 4048 ε(
289 4017 320 4054 a
349 3999 584 4055 feminis
617 3997 1017 4070 supplicatur;
1054 3997 1201 4054 Petri
1236 3998 1483 4069 apostoli
1517 4014 1873 4069 nomen,quo

241 4087 574 4144 «Simonem
606 4087 901 4159 perdendo
919 4088 1179 4154 damnet,
1203 4085 1418 4141 millies
1450 4086 1877 4158 ingeminatur;

245 4198 265 4222 «
296 4175 599 4249 Gregorius
628 4175 803 4231 Urbis
825 4175 1058 4248 prasul,
1091 4179 1156 4230 ut
1184 4175 1258 4230 ad
1291 4192 1430 4230 suas
1453 4175 1873 4232 veriﬁcandum

250 4271 544 4337 «properet
565 4265 921 4336 sanctiones,
963 4265 1035 4320 ab
1067 4263 1345 4320 omnibus
1387 4269 1608 4320 oratur.
1643 4286 1671 4315 »
1707 4285 1729 4313 α
1777 4265 1881 4320 Hic

251 4351 537 4425 Gregorius
559 4358 650 4410 est
671 4353 931 4410 omnimo
956 4357 1153 4409 noster
1172 4353 1488 4425 Gregorius
1511 4353 1884 4425 septimus,et

254 4440 349 4497 ista
376 4444 496 4513 ejus
519 4443 747 4500 sanctio
769 4447 860 4499 est
875 4442 1135 4499 omnimo
1158 4458 1416 4514 praesens
1439 4443 1881 4513 decretum,quo

258 4532 416 4587 vetuit
444 4532 644 4588 audiri
678 4549 741 4589 ac
767 4530 986 4604 percipi
1008 4530 1205 4587 divina
1235 4530 1440 4586 Ofﬁcia
1471 4529 1751 4602 episcopi,
1783 4536 1883 4586 aut

1990 3376 2138 3431 Nam
2163 3375 2211 3430 si
2233 3375 2353 3429 haec
2377 3373 2584 3429 fuisset
2605 3373 2705 3428 Dei
2731 3373 2992 3440 tentatio,
3017 3376 3082 3427 ut
3109 3370 3426 3436 contendit,
3450 3385 3643 3425 nonne

1990 3480 2118 3520 eam
2146 3465 2204 3519 S.
2227 3462 2482 3527 Joannes
2509 3465 2706 3534 utpote
2730 3461 2912 3517 abbas
2945 3465 3003 3516 et
3033 3460 3184 3515 Petri
3212 3458 3480 3530 superior
3510 3474 3643 3530 pro—

1991 3552 2191 3608 hibere
2223 3551 2565 3606 debuisset?
2595 3552 2842 3606 Tantum
2897 3554 3092 3604 autem
3141 3548 3350 3617 abfuit,
3400 3552 3464 3602 ut
3493 3547 3645 3602 hanc

1992 3643 2224 3714 igneam
2250 3639 2650 3712 probationem
2674 3637 3060 3710 prohibuerit,
3079 3640 3144 3692 ut
3163 3636 3358 3709 potius
3379 3636 3642 3708 ejusdem

1993 3731 2220 3803 primus
2243 3734 2444 3784 auctor
2465 3729 2672 3784 fuerit:
2697 3728 2942 3800 Quippe,
2964 3728 3133 3783 Teste
3151 3726 3444 3782 Desiderio
3466 3742 3646 3798 supra

1994 3821 2191 3884 citato,
2218 3819 2363 3874 dixit
2383 3822 2637 3874 Joannes
2677 3818 2913 3873 Abbas:
2955 3818 3341 3872 Construatur
3380 3831 3556 3888 rogus
3587 3820 3645 3871 et

1994 3909 2127 3981 igne
2154 3909 2456 3981 supposito
2481 3907 2834 3963 accendatur
2852 3924 2865 3974 ;
2883 3923 2986 3979 per
3002 3922 3175 3978 quem
3198 3922 3353 3960 unus
3376 3921 3405 3960 e
3428 3906 3644 3960 nostris

1993 3997 2374 4070 ingrediatur.
2410 4020 2437 4047 »
2471 3999 2549 4052 Ac
2581 4000 2894 4068 praeterea:
2925 4017 2952 4045 «
2976 3995 3140 4050 Petro
3159 4011 3264 4049 suo
3285 3993 3640 4065 discipulo...

1993 4087 2286 4159 praecepit,
2337 4090 2468 4141 ut...
2519 4086 2777 4141 confisus
2825 4085 2896 4140 de
2941 4083 3340 4139 misericordia
3384 4081 3507 4148 Dei,
3539 4099 3642 4153 per

1993 4175 2222 4232 accensi
2255 4175 2374 4247 rogi
2410 4175 2680 4230 flammas
2701 4173 3110 4230 indubitanter
3130 4172 3375 4228 intraret
3401 4191 3430 4222 »
3452 4173 3539 4226 An
3551 4170 3645 4225 hic

1994 4264 2141 4319 nihil
2172 4269 2382 4336 praeter
2400 4280 2616 4339 preces,
2643 4279 2789 4335 quas
2813 4264 2871 4319 S.
2893 4263 3147 4320 Joannes
3169 4261 3519 4318 Gualbertus
3543 4277 3646 4334 pro

1993 4352 2252 4410 Ecclesia
2288 4353 2618 4409 fundebat?

2061 4443 2152 4496 95.
2187 4442 2384 4498 Multis
2403 4443 2751 4498 Sanctorum
2774 4441 3056 4513 exemplis
3077 4441 3136 4495 id
3174 4441 3386 4498 factum
3414 4440 3644 4496 delendi

1993 4535 2226 4604 posset;
2264 4532 2362 4587 sed
2405 4547 2536 4586 cum
2586 4531 2961 4602 potissimum
3010 4530 3081 4584 ad
3130 4533 3372 4584 Patrum
3406 4529 3644 4600 Igneum

258 4616 424 4677 clerici
446 4621 644 4693 palam
691 4619 1398 4691 Simoniaci.Quapropter
1417 4619 1538 4674 haec
1560 4619 1731 4691 ignea
1756 4635 1884 4690 pro-
1915 4638 1962 4702 D
1996 4624 2237 4694 spectet,
2270 4620 2460 4676 fusius
2492 4620 2562 4676 de
2591 4636 2657 4674 eo
2711 4618 3024 4691 disceptari
3064 4617 3278 4689 poterit
3305 4617 3364 4671 in
3397 4615 3646 4687 Supple~

256 4705 387 4765 hatio
417 4727 530 4766 non
561 4711 674 4766 sub
705 4709 1028 4765 Alexandro
1052 4709 1163 4763 fuit
1193 4709 1474 4774 facta,sed
1501 4707 1610 4764 sub
1633 4707 1882 4779 septimo

257 4795 520 4872 Gregorio.
580 4800 650 4854 Et
704 4798 786 4854 ita
835 4798 1092 4853 afﬁrmat
1123 4797 1605 4853 accuratissimus
1640 4797 1889 4868 scriptor

258 4883 583 4946 Bertholdus
607 4889 910 4962 presbyter
931 4885 1397 4942 Constantiensis
1429 4885 1711 4942 ecclesiae.
1749 4908 1777 4935 »

317 4978 547 5035 93Dum
582 4977 820 5050 singula
849 4976 971 5033 hane
1003 4978 1132 5047 ejus
1190 4980 1539 5048 argumenta
1595 4975 1887 5043 examino,

259 5063 470 5124 inﬁrma
481 5067 807 5125 admodum
821 5081 950 5122 esse
962 5065 1149 5121 sentio
1168 5066 1237 5120 ad
1261 5066 1634 5122 evertendam
1651 5065 1888 5120 Floren-

264 5153 376 5211 tina:
396 5156 651 5230 epistolae
675 5154 1522 5228 inscriptionem,antiquitatis
1543 5154 1889 5210 auctoritate

267 5249 418 5317 atque
442 5246 820 5320 potissimum
853 5246 1164 5301 B.Andreze
1186 5245 1545 5300 Strumensis
1568 5244 1796 5300 abbatis
1813 5248 1889 5299 te-

262 5335 506 5392 stimonio
539 5334 1143 5407 sulfultameprimi
1174 5335 1232 5390 in
1266 5333 1578 5390 Bertholdo
1610 5336 1889 5390 Constan-

262 5423 437 5481 tiensis
448 5424 1061 5497 ecclesiapresbytero
1082 5423 1310 5479 nullum
1330 5423 1617 5478 hactenus
1641 5422 1884 5476 verbum

262 5517 484 5585 reperire
542 5514 707 5589 potui
741 5515 896 5586 quod
931 5514 990 5568 P.
1025 5511 1172 5584 Lupi
1206 5511 1470 5583 opinioni
1505 5513 1710 5565 faveat.
1746 5510 1886 5565 Dein

260 5616 356 5657 non
372 5604 530 5661 video
544 5609 670 5661 tam
693 5603 878 5660 solido
904 5601 1290 5658 fundamento
1315 5599 1602 5672 niti,quod
1619 5599 1764 5656 satis
1787 5615 1884 5654 ro-

265 5693 423 5750 tunde
438 5693 812 5766 pronuntiat:
834 5691 984 5752 «Hic
1005 5690 1320 5764 Gregorius
1341 5689 1678 5747 estomnino
1690 5692 1892 5747 noster

1996 4713 2191 4766 mento
2224 4709 2544 4776 Februarii,
2586 4709 2657 4764 ad
2700 4707 2854 4762 diem
2903 4706 2954 4763 ei
2985 4721 3233 4771 sacram,
3265 4705 3392 4775 ejus
3424 4719 3646 4759 mensxs

1997 4815 2115 4866 vm,
2149 4797 2425 4868 quoniam
2468 4798 2596 4867 jam
2645 4796 2717 4850 de
2765 4794 2925 4849 cultu
2979 4793 3137 4848 illius
3185 4792 3543 4848 sufficienter
3578 4809 3647 4848 ex

1999 4886 2217 4943 Ofﬁciis
2239 4885 2491 4958 propriis
2513 4883 2859 4940 Florentinis
2881 4886 3128 4938 constat.
3151 4881 3390 4938 Interim
3426 4882 3475 4937 si
3514 4881 3646 4953 quis

1997 4975 2250 5031 cavillari
2273 4975 2429 5045 velit,
2453 4975 2666 5030 habeat
2682 4990 3029 5046 responsum
3053 4989 3122 5029 ex
3152 4972 3423 5029 Suarezio
3444 4976 3644 5028 nostro

1995 5069 2140 5121 tom.
2165 5065 2206 5131 Ι,
2233 5064 2302 5120 de
2325 5063 2625 5136 Religione
2649 5063 2751 5118 lib.
2793 5080 2834 5132 ι,
2857 5064 2928 5119 de
2958 5062 3391 5134 Irreligiositate
3435 5078 3560 5133 cap.
3587 5065 3642 5131 2,

1997 5153 2098 5208 ubi
2129 5168 2308 5225 agens
2340 5153 2410 5208 de
2440 5151 2720 5224 petitione
2769 5151 3189 5208 miraculorum
3221 5152 3307 5206 sic
3338 5149 3600 5221 loquitur
3628 5167 3640 5205 :

1998 5265 2024 5292 «
2058 5242 2219 5306 Quod
2253 5241 2302 5296 si
2342 5240 2655 5312 aliquando
2705 5240 2902 5296 Sancti
2948 5240 3056 5295 hoc
3104 5240 3310 5296 fecisse
3349 5239 3641 5306 videntur,

1997 5331 2351 5386 credendum
2385 5335 2473 5386 est
2511 5330 2568 5385 id
2629 5347 2743 5385 non
2797 5329 3000 5384 fecisse
3059 5328 3183 5383 sine
3240 5327 3480 5400 speciali
3512 5328 3641 5402 Spi-

1996 5421 2146 5475 ritus
2204 5420 2391 5474 sancti
2448 5418 2730 5491 impulsu,
2801 5422 2866 5472 ut
2916 5419 2985 5472 de
3041 5416 3335 5472 Abraham
3400 5417 3546 5472 dixit
3576 5423 3638 5472 D.

1994 5509 2268 5577 Thomas,
2302 5514 2356 5564 et
2383 5509 2454 5564 de
2485 5508 2606 5562 Elia
2633 5506 2776 5562 mihi
2807 5507 3034 5561 videtur
3063 5523 3190 5562 esse
3221 5507 3638 5564 indubitatum.

1995 5600 2063 5654 Et
2091 5597 2246 5653 idem
2277 5598 2467 5665 credo,
2510 5596 2738 5669 quoties
2769 5595 2896 5668 lego
2947 5596 3173 5667 aliquos
3221 5601 3457 5654 sanctos
3485 5596 3640 5651 viros

1995 5687 2232 5761 petiisse
2262 5705 2295 5745 a
2318 5687 2435 5745 Deo
2457 5686 2694 5759 signum
2719 5685 2958 5760 aliquod
2984 5685 3285 5759 publicum
3308 5687 3380 5742 ad
3402 5684 3639 5742 confun-
