4030 6164
405 385 520 450 735

1442 387 1508 448 S.
1551 382 1878 448 JOANNIS
1925 378 2369 443 GUALBERTI
2413 378 2770 440 ABBATlS.

3693 331 3792 433 736

409 523 667 579 dendum
701 519 956 592 aliquem
1015 517 1372 589 hazreticum,
1433 524 1536 576 aut
1588 517 1891 575 veritatem
1921 513 2055 570 fidei
2084 514 2141 580 Α
2170 512 2484 568 consilium
2518 511 2816 584 religionis
2837 513 3039 567 vestra:
3072 507 3238 582 sequi
3276 506 3616 580 disponunt,
3649 522 3793 562 more

405 611 887 668 confirmandam.

410 717 616 790 §Vlll.
653 717 794 784 Quid
839 719 1189 790 sentiendum
1233 721 1312 774 sit
1361 719 1426 773 de
1471 717 1742 773 miraculo
1791 732 1892 790 quo
1926 716 2057 790 Gre-

477 791 629 858 gorio
663 791 766 853 VII,
829 789 880 843 S.
942 792 1204 845 Joannem
1263 791 1612 847 Gualbertum
1669 787 2058 859 reprehendere

480 861 687 915 volenti
719 862 1008 930 contigisse
1034 871 1320 917 narratur.

481 966 680 1022 Nodus
706 967 802 1022 hic
825 969 1076 1023 occurrit
1097 968 1229 1040 plus
1251 986 1427 1039 quam
1447 967 1718 1033 Gordius,
1743 983 1918 1038 quem
1942 964 2056 1020 sol-

404 1071 538 1110 vere
567 1073 679 1110 non
710 1056 892 1124 valeo,
925 1057 1187 1113 scindere
1207 1059 1302 1113 vix
1322 1059 1526 1112 audeo.
1565 1057 1636 1111 Ut
1671 1061 1864 1111 autem
1919 1055 2055 1109 nodi

405 1143 862 1216 implicationem
894 1145 1073 1202 lector
1101 1147 1252 1202 clare
1283 1147 1492 1215 videat,
1525 1146 1776 1200 breviter
1798 1162 1923 1200 eam
1965 1144 2056 1198 hic

408 1234 717 1305 prmmitto,
783 1236 992 1291 Beatus
1032 1237 1292 1292 Andreas
1350 1253 1511 1291 num.
1572 1238 1662 1302 68,
1721 1240 1777 1289 et
1825 1235 1886 1288 B.
1925 1237 2054 1288 Atto

408 1340 572 1377 num.
614 1325 700 1393 49,
763 1331 1004 1380 narrant
1058 1327 1118 1380 in
1175 1327 1330 1380 Actis
1371 1326 1523 1380 infra
1577 1325 1810 1391 dandis,
1842 1325 2054 1396 Grego-

408 1411 560 1466 rium
595 1413 715 1478 VII,
749 1431 882 1468 cum
915 1415 1106 1469 adhuc
1147 1415 1590 1470 archidiaconus
1623 1419 1796 1480 esset,
1828 1414 2056 1468 venisse

409 1502 479 1555 ad
513 1502 570 1556 S.
604 1503 886 1557 Joannem
917 1504 1321 1571 Gualbertum,
1367 1509 1429 1559 ut
1473 1522 1606 1560 cum
1638 1502 2055 1576 praemeditatis

409 1590 478 1644 ad
504 1589 729 1661 injuriae
747 1591 1000 1662 speciem
1024 1593 1214 1648 verbis
1258 1594 1612 1665 objurgaret,
1659 1597 1836 1662 atque
1874 1591 1955 1645 ita
1987 1592 2057 1645 de

407 1677 568 1734 illius
597 1679 810 1736 virtute
841 1681 1300 1752 experimentum
1353 1686 1622 1752 caperet;
1665 1697 1887 1744 verum,
1922 1697 2055 1734 cum

408 1767 480 1823 ad
512 1783 644 1822 eum
674 1769 1036 1836 accessisset,
1072 1770 1335 1824 omnium
1369 1771 1746 1826 dicendorum
1770 1769 1850 1823 ita
1879 1768 2058 1824 fuisse

2168 603 2428 674 praedicti
2459 603 2645 657 Patris
2676 601 2855 656 vestri
2886 600 3187 672 suscipite,
3216 602 3274 654 et
3303 599 3372 653 de
3411 597 3503 652 his
3553 614 3680 668 quae
3732 597 3792 652 ad

2168 693 2422 748 salutem
2453 709 2654 747 eorum
2673 691 2965 763 pertinere
2987 687 3500 758 vidcatur,sanctis
3548 687 3796 742 exhorta-

2167 783 2429 838 tionibus
2461 782 2750 847 instruite,
2791 785 2853 836 ut
2875 798 2990 835 non
3021 779 3212 840 solum
3236 781 3446 844 vestra,
3482 777 3582 831 sed
3615 782 3674 830 et
3708 792 3793 831 vos

2166 872 2535 944 sequentium
2613 870 3011 943 circumpositi
3090 867 3288 941 populi
3375 866 3795 922 considerantes

2167 968 2367 1017 sancta
2383 961 2909 1034 opera,gloriﬁcent
2926 961 3148 1015 Patrem
3166 961 3422 1014 vestrum
3435 955 3553 1027 ,qui
3573 955 3628 1010 in
3654 954 3795 1010 ccelis

2169 1056 2276 1107 est.
2299 1052 2414 1108 Nos
2443 1056 2638 1106 autem
2664 1051 2857 1122 ipsum
2882 1063 3341 1118 amorem,quem
3367 1045 3512 1118 patri
3547 1050 3727 1100 vestro
3745 1050 3794 1100 et

2163 1140 2326 1196 vobis
2357 1140 2493 1196 olim
2563 1138 2983 1210 impendimus,
3044 1138 3226 1192 donec
3286 1139 3516 1190 nostros
3570 1132 3791 1205 spiritus

2167 1229 2374 1284 rexerit
2405 1232 2588 1294 artus,
2621 1228 2890 1284 exhibere
2912 1226 3336 1290 desideramus,
3369 1229 3427 1279 et
3455 1227 3617 1278 tanto
3671 1223 3790 1294 qui-

2165 1319 2297 1373 dem
2331 1319 2602 1387 deinceps
2633 1316 2840 1386 majori
2872 1333 2972 1369 vos
2987 1315 3224 1369 caritate
3242 1312 3786 1382 fovebimus,quanto

2166 1424 2266 1462 vos
2297 1408 2354 1461 in
2389 1405 2600 1461 divinis
2627 1404 2873 1477 negotiis
2889 1404 3265 1459 ferventiores
3280 1418 3406 1458 esse
3431 1400 3789 1474 probabimus

2166 1497 2384 1568 quibus
2443 1513 2559 1552 non
2619 1495 2809 1551 solum
2864 1492 3190 1566 spirituale,
3252 1493 3354 1548 sed
3401 1491 3711 1557 saeculaire,
3749 1489 3790 1544 si

2167 1603 2403 1642 necesse
2437 1587 2629 1655 fuerit,
2667 1586 2778 1640 Deo
2809 1585 3139 1654 adjuvante,
3173 1580 3457 1637 auxilium
3508 1579 3784 1634 ministra-

2167 1677 2384 1732 bimus.
2414 1675 2722 1747 Vosigitur
2743 1673 3198 1745 omnipotentem
3222 1671 3535 1726 Dominum
3560 1673 3792 1734 exorate,

2168 1770 2233 1820 ut
2263 1766 2387 1836 ipse
2443 1764 2594 1819 vires
2623 1769 2680 1818 et
2711 1762 3016 1818 facultates
3045 1761 3213 1816 nobis
3243 1760 3483 1828 tribuat,
3518 1762 3794 1829 quatenus

410 1855 681 1925 oblitum,
704 1863 769 1912 ut
791 1859 860 1912 ad
880 1859 1006 1927 ejus
1029 1865 1404 1929 conspectum
1443 1858 1835 1924 obmutuerit;
1879 1874 2054 1930 quam
2085 1889 2134 1954 Β
2169 1854 2421 1924 suscepti
2456 1852 2758 1925 regiminis
2806 1849 3178 1954 importabile
3206 1849 3456 1954 'pon‘dus
3513 1847 3795 1954 possimus

407 1942 702 1999 insolitam
727 1946 1247 2002 obinutescentiam
1270 1947 1474 2002 habuit
1497 1964 1600 2018 pro
1619 1946 1920 2015 miraculo,
1941 1962 2056 2017 quo

407 2033 563 2088 Deus
593 2034 714 2087 Viri
767 2034 1141 2090 sanctitatem
1191 2036 1568 2107 comprobare
1612 2035 1799 2090 vellet.
1844 2036 2058 2090 Contra

406 2138 538 2177 vero
563 2123 874 2194 Gregorius
900 2125 999 2179 VII
1023 2125 1127 2192 (ita
1148 2125 1243 2180 hic
1267 2127 1553 2196 tantisper
1585 2127 1758 2196 juxta
1792 2141 2054 2180 commu-

408 2228 540 2266 nem
574 2212 907 2282 opinionem
939 2213 1168 2284 loquor)
1219 2214 1276 2267 in
1330 2213 1577 2284 epistola
1627 2215 1698 2269 ad
1741 2215 2056 2269 Monachos

408 2299 930 2357 Vallumbrosanos
971 2303 1200 2372 asserit,
1233 2304 1293 2359 S.
1339 2304 1624 2359 Joannem
1674 2304 2054 2360 Gualbertum

407 2406 711 2460 nunquam
735 2414 760 2440 ‹‹
789 2392 1047 2462 corporis
1087 2391 1322 2448 oculis»
1348 2410 1463 2448 ase
1504 2393 1695 2448 visum
1738 2393 1936 2448 fuisse.
1974 2393 2054 2446 En

408 2484 669 2550 apertam
692 2479 1212 2535 contradictionem
1234 2486 1290 2536 et
1308 2483 1548 2548 nodum,
1576 2486 1639 2537 ut
1661 2482 1802 2537 mihi
1820 2482 2054 2553 quidem

405 2565 691 2622 hactenus
704 2567 954 2638 videtur,
969 2567 1724 2641 insolubilem.Priusquam
1739 2571 2053 2640 variorum,

405 2655 507 2726 qui
531 2655 650 2711 hac
676 2657 790 2710 duo
815 2657 1140 2728 pugnantia
1168 2657 1481 2713 conciliare
1519 2659 1709 2714 conati
1747 2664 1904 2730 sunt,
1925 2677 2054 2714 sen-

404 2745 620 2799 tentias
643 2762 949 2816 exponam,
968 2746 1135 2815 juvat
1156 2746 1306 2801 hanc
1327 2747 1634 2819 epistolam
1663 2749 1756 2803 hic
1779 2749 2054 2816 inserere,

407 2832 548 2902 quia
571 2849 684 2887 non
711 2851 915 2905 parum
940 2834 1010 2888 ad
1055 2835 1250 2890 Sancti
1299 2836 1480 2891 nostri
1537 2837 1782 2908 gloriam
1815 2838 2053 2893 confert.

409 2920 650 2976 Exhibet
673 2939 800 2976 eam
832 2923 1095 2978 Andreas
1126 2925 1439 2981 Januensis
1492 2926 1548 2980 in
1594 2930 1724 2980 Vita
1753 2910 1910 2998 apud
1953 2944 2057 2982 nos

408 3010 810 3080 manuscripta
839 3028 965 3082 cap.
998 3014 1086 3079 82,
1120 3013 1405 3069 Baronius
1438 3015 1495 3069 in
1526 3015 1849 3071 Annalibus
1870 3015 2058 3071 Eccle-

408 3097 665 3153 siasticis
696 3099 768 3153 ad
791 3116 1011 3156 annum
1040 3102 1251 3157 Christi
1280 3104 1436 3171 l073,
1469 3104 1842 3160 Mabillonius
1865 3105 1922 3159 in
1946 3108 2058 3160 An-

408 3186 642 3241 nalibus
673 3188 1063 3246 Benedictinis
1092 3194 1232 3246 tom.
1275 3192 1341 3260 V,
1393 3195 1464 3248 ad
1514 3195 1781 3250 eumdem
1834 3213 2050 3250 annum

2166 1943 2434 2009 tolerare,
2470 1947 2528 1997 et
2559 1945 2821 1996 sanctam
2854 1940 3172 1996 Ecclesiam
3203 1938 3262 1993 in
3295 1942 3512 1994 statum
3555 1935 3796 2006 antiqua:

2167 2031 2463 2104 religionis
2489 2031 2782 2096 reducere.
2816 2029 3032 2084 Valete.
3069 2052 3094 2079 ››

2236 2122 2327 2176 98.
2359 2121 2490 2176 Jam
2521 2120 2767 2175 referam
2785 2118 3334 2175 conatusvariorum
3368 2114 3792 2187 quiimplexum

2165 2211 2322 2266 hunc
2381 2211 2600 2265 nodum
2623 2209 2842 2264 solvere
2879 2210 3231 2275 voluerunt;
3265 2225 3338 2262 au
3371 2206 3513 2262 satis
3543 2204 3793 2270 feliciter,

2157 2301 2386 2371 judicet
2441 2317 2642 2371 aequus
2688 2299 2892 2354 lector.
2956 2298 3210 2353 Didacus
3255 2295 3600 2361 Franohius,
3631 2294 3794 2359 hujus

2167 2389 2642 2446 contradictionis
2675 2388 3081 2444 difﬁcultatem
3113 2403 3378 2452 cernens,
3409 2400 3642 2441 omnem
3683 2397 3794 2437 sese

2167 2480 2225 2534 in
2257 2483 2482 2551 partem
2509 2482 2763 2549 torquet,
2795 2483 2870 2547 et,
2904 2483 2968 2532 ut
2994 2477 3114 2532 haec
3151 2477 3266 2531 duo
3298 2473 3586 2530 contraria
3616 2471 3793 2542 aliquo

2167 2568 2373 2624 saltem
2436 2568 2607 2622 modo
2660 2566 2966 2622 conciliare
3017 2565 3282 2620 videatur
3339 2564 3419 2619 ait
3459 2564 3518 2617 in
3571 2560 3796 2616 historia

2165 2658 2307 2712 Vitze
2339 2656 2728 2712 Gualbertina:
2759 2655 2859 2711 lib.
2895 2673 2957 2710 ιι..
2992 2671 3124 2727 pag.
3149 2656 3252 2708 428
3282 2659 3338 2709 et
3368 2647 3792 2723 1129,preemedi-

2165 2751 2353 2802 tatum
2383 2746 2787 2817 objugatorem
2819 2745 2877 2800 in
2911 2745 3109 2800 Sancti
3139 2747 3517 2816 conspectum
3564 2757 3673 2795 non
3709 2754 3792 2791 ve-

2168 2836 2327 2890 nisse
2351 2852 2362 2889 :
2397 2834 2497 2889 sed
2527 2850 2656 2888 cum
2681 2835 3070 2906 praeordinata
3088 2834 3261 2888 verba
3283 2831 3551 2905 privatim
3576 2829 3718 2901 apud
3741 2842 3793 2881 se

2169 2923 2468 2992 recoleret,
2501 2940 2702 2978 eorum
2737 2923 2970 2995 penitus
3000 2922 3255 2978 oblitum
3297 2921 3499 2977 fuisse.
3533 2920 3794 2974 Praeterea

2169 3014 2350 3085 gratis
2381 3011 2654 3067 adstruit.
2672 3012 2868 3066 Sancti
2885 3017 3267 3082 conspectum
3283 3016 3337 3066 et
3355 3010 3596 3065 atratum
3611 3009 3792 3078 postea

2169 3102 2562 3158 Hildebrando
2595 3104 2870 3172 negatum
2896 3101 3101 3170 fuisse,
3144 3116 3209 3155 eo
3224 3100 3378 3169 quod
3402 3100 3653 3153 Sanctus
3672 3093 3790 3149 soli-

2167 3191 2390 3247 tudinis
2422 3208 2488 3246 ac
2519 3189 2875 3245 humilitatis
2904 3206 3110 3244 amans
3141 3191 3484 3260 moguatum
3525 3181 3794 3254 colloquia

405 3275 671 3332 Labbeus
703 3281 844 3333 tom.
877 3279 941 3346 Χ,
976 3280 1358 3336 conciliorum
1387 3283 1493 3338 col.
1518 3285 1643 3351 307,
1687 3284 1926 3356 aliique,
1953 3284 2054 3357 qui
2085 3260 2128 3328 (ἶ
2164 3280 2391 3350 vitaret,
2426 3279 2738 3350 omniaque
2770 3278 3000 3351 negotia
3030 3276 3548 3349 perinternuntios
3580 3277 3675 3329 aut
3712 3271 3794 3325 lit-

407 3363 653 3420 concilia
682 3370 740 3421 ct
771 3367 1117 3423 Pontiﬁcum
1149 3369 1425 3442 epistolas
1464 3372 1842 3445 collegerunt.

476 3456 566 3510 97.
601 3456 907 3512 Prmmissa
937 3463 1217 3514 consueta
1245 3460 1354 3515 hac
1377 3461 1625 3516 formula
1654 3480 1665 3516 :
1700 3464 2058 3536 «Gregorius

406 3545 715 3617 episcopus
730 3563 932 3602 servus
949 3564 1248 3603 servorum
1271 3549 1392 3620 Dei,
1420 3549 1666 3621 clericis,
1691 3553 2007 3624 Monachis,
2030 3577 2056 3602 ››

407 3635 586 3705 (apud
612 3635 924 3690 Baronium
965 3637 1245 3692 additum
1271 3655 1336 3692 ac
1365 3638 1651 3709 religiosis
1675 3640 1862 3713 laicis)
1885 3642 2058 3698 disci-

408 3723 633 3795 plinam
665 3729 880 3779 sancta:
914 3726 1333 3783 recordationis
1361 3727 1604 3782 Joannis
1633 3729 1930 3785 Gualberti
1963 3731 2060 3786 ab-

407 3813 560 3869 batis
600 3812 987 3877 imitantibus,
1048 3813 1298 3870 salutem
1350 3820 1403 3870 ct
1464 3816 1849 3888 Apostolicam
1883 3820 2056 3875 bene-

408 3901 746 3968 dictionem,
771 3903 854 3957 sic
900 3902 1121 3974 incipit.
1148 3926 1176 3953 ››
1203 3904 1357 3959 Licet
1397 3907 1734 3960 veneranda:
1763 3909 2057 3964 memoriae

408 3991 681 4044 eumdem
713 3991 998 4046 Joannem
1033 3997 1254 4062 patrem
1277 3999 1536 4049 vestrum
1559 3995 1849 4066 corporeis
1874 3997 2058 4053 oculis

409 4093 526 4130 non
556 4077 895 4145 viderimus,
954 4079 1092 4149 quia
1130 4083 1325 4136 tamen
1387 4082 1518 4137 ﬁdei
1575 4084 1702 4153 ejus
1743 4086 1964 4155 puritas
2000 4088 2058 4141 in

411 4164 634 4219 Tusciae
666 4165 933 4237 partibus
988 4166 1336 4223 mirabiliter
1381 4171 1764 4242 resplenduit,
1809 4174 2058 4231 multum

413 4269 547 4306 cum
579 4268 776 4308 amore
806 4253 1138 4322 dileximus,
1172 4258 1245 4312 ad
1295 4260 1464 4330 cujus
1501 4265 1714 4315 sanctae
1746 4279 2058 4320 conversa-

416 4340 595 4398 tionis
627 4342 911 4411 studium,
973 4345 1240 4416 quamvis
1273 4365 1372 4403 vos
1411 4348 1735 4406 imitatores
1790 4369 1916 4408 esse
1947 4371 2062 4409 non

419 4431 798 4505 ambigimus,
833 4437 896 4489 ut
919 4433 1082 4505 vigor
1111 4435 1477 4493 rectitudinis
1520 4444 1721 4495 vestrae
1754 4443 1823 4496 ad
1856 4443 2062 4498 exstir-

419 4523 674 4594 pandam
707 4523 776 4579 de
800 4541 934 4593 agro
960 4524 1256 4581 Dominico
1280 4526 1560 4582 zizaniam
1589 4529 1894 4585 sollicitius
1915 4531 2062 4587 invi-

2167 3373 2322 3424 teras
2347 3369 2676 3434 conﬁceret,
2708 3367 2929 3423 Asserit
2956 3371 3176 3430 tamen,
3201 3365 3658 3423 Hildebrandum
3696 3367 3792 3422 hoc

2168 3457 2474 3513 oblivionis
2496 3457 2759 3528 prodigio
2791 3460 3288 3522 motum,tantam
3349 3458 3685 3528 concepisse
3739 3457 3799 3511 de

2166 3547 2288 3601 Viri
2314 3546 2624 3602 sanctitate
2637 3546 3066 3618 Opinionem,ut
3094 3547 3385 3601 maximus
3400 3546 3552 3602 inter
3583 3555 3795 3603 utrum—

2168 3654 2282 3708 que
2316 3637 2581 3690 firmatus
2613 3636 2690 3691 sit
2715 3652 2897 3690 amor.
2934 3635 3290 3690 Utostendat
3314 3637 3383 3690 ad
3403 3636 3525 3691 fieri
3553 3637 3800 3710 potuisse

2169 3726 2309 3780 citat
2331 3725 2392 3779 in
2416 3725 2678 3796 margine
2709 3741 2777 3779 ex
2808 3725 2866 3779 S.
2895 3724 3205 3795 Augustini
3257 3724 3504 3796 epistola
3537 3728 3661 3792 105,
3693 3727 3800 3781 haec

2165 3815 2378 3869 verba:
2403 3835 2430 3862 ‹‹
2462 3812 2736 3876 Quamvis
2769 3830 2875 3868 nos
2899 3829 3012 3867 non
3043 3812 3347 3869 videamus
3377 3813 3562 3870 oculis
3597 3815 3802 3884 carnis,

2168 3903 2364 3958 animo
2387 3907 2580 3957 tamen
2596 3902 2655 3956 in
2672 3901 3096 3972 tideChristi,in
3113 3901 3299 3974 gratia
3312 3903 3612 3974 Cbristi,in
3633 3921 3804 3960 mem-

2168 3993 2290 4048 bris
2319 3991 2533 4046 Christi
2565 3995 2851 4053 tencmus,
2903 3989 3332 4062 amplectimur,
3392 3992 3744 4048 osculamur.
3779 4014 3803 4039 η

2239 4083 2330 4135 99.
2364 4080 2492 4134 Haec
2524 4079 2852 4151 explicatio,
2911 4079 3290 4152 quantumvis
3342 4085 3603 4136 veterum
3655 4081 3804 4137 testi-

2172 4170 2366 4226 monio
2393 4169 2693 4239 destituta,
2727 4174 3047 4240 utcumque
3076 4167 3380 4224 toleranda
3406 4173 3583 4238 esset,
3618 4171 3664 4226 si
3696 4169 3806 4224 sola

2172 4261 2234 4316 B.
2268 4259 2498 4315 Attonis
2528 4259 2704 4313 verba
2733 4259 3125 4327 attendamus,
3163 4257 3378 4329 quibus
3429 4276 3544 4314 non
3607 4260 3807 4315 diserte

2172 4348 2518 4422 exprimitur
2546 4347 3028 4417 Hildebrandum,
3063 4351 3264 4418 postea
3294 4347 3641 4420 Gregorium
3699 4349 3807 4404 VII.

2173 4440 2244 4494 ad
2274 4440 2332 4495 S.
2367 4437 2663 4494 Gualberti
2695 4441 3068 4508 conspectum
3104 4441 3207 4492 aut
3247 4436 3569 4509 alloquium
3630 4455 3812 4512 perve-

2174 4527 2332 4582 nisse
2359 4570 2371 4594 ,
2394 4526 2477 4580 sic
2507 4525 2663 4579 enim
2696 4525 2871 4579 habet
2900 4542 3063 4580 num.
3098 4527 3197 4580 49:
3243 4546 3269 4579 α
3297 4531 3439 4581 Cum
3483 4544 3621 4582 eum
3681 4528 3811 4582 dure

417 4611 577 4683 gilet,
610 4613 1009 4685 attentiusque
1040 4615 1273 4686 ferveat,
1308 4621 1558 4688 paternae
1603 4619 1764 4674 vobis
1795 4621 2061 4678 exhorta-
2091 4633 2138 4697 D
2171 4619 2468 4688 increpare
2499 4615 2853 4686 disponeret,
2885 4615 3289 4685 praeordinata,
3324 4632 3452 4687 qua:
3491 4616 3686 4673 dicere
3716 4634 3810 4690 pu-

415 4700 594 4756 tionis
625 4703 799 4758 verba
829 4703 1246 4776 impendimus.
1282 4707 1396 4762 Vos
1427 4706 1642 4778 itaque,
1673 4708 2062 4785 dilectissimi,

416 4787 476 4842 in
521 4797 804 4861 quantum
864 4793 1125 4850 humana
1173 4795 1532 4866 possibilitas
1573 4798 1863 4869 permittit
1893 4802 2066 4858 vitam

418 4877 576 4933 illius
600 4885 929 4950 sequentes,
956 4887 1012 4936 et
1031 4900 1162 4939 vere
1181 4883 1333 4940 ﬁlios
1350 4887 1478 4954 ejus
1501 4885 1742 4942 heredes
1765 4889 1944 4944 simili
1965 4907 2066 4947 vos

415 4966 851 5020 conversatione
873 4969 1204 5038 probantes,
1228 4971 1472 5026 viriliter
1505 4972 1657 5044 agite
1690 4979 1746 5028 et
1776 4976 2066 5033 conforta-

413 5051 557 5107 mini
581 5052 639 5107 in
666 5055 930 5122 Domino,
973 5060 1027 5109 et
1061 5056 1118 5110 in
1163 5059 1443 5128 patientia
1487 5063 1608 5131 [al.,
1643 5063 1921 5135 potentia]
1953 5067 2066 5121 vir-

413 5142 557 5198 tutis
605 5144 732 5214 ejus
801 5144 1150 5199 documenta
1207 5152 1544 5203 sanctarum
1603 5150 2064 5225 Scripturarum,

415 5232 628 5301 quibus
648 5232 1053 5288 hmreticorum
1072 5239 1415 5305 argumenta
1429 5237 1834 5309 dcstruuntur,
1849 5246 1905 5296 et
1923 5243 2067 5299 fides

413 5322 626 5375 sanctae
650 5321 918 5377 Ecclesiae
943 5322 1295 5393 defenditur,
1323 5331 1521 5379 contra
1540 5329 1805 5384 membra
1826 5330 2064 5399 diaboli,

417 5426 542 5478 quae
576 5409 818 5467 diversis
860 5412 1390 5468 machinationibus
1421 5414 1810 5473 Christianam
1843 5420 2069 5493 religio-

416 5513 547 5551 nem
581 5505 867 5554 conantur
893 5508 1167 5568 evertere,
1202 5518 1366 5558 mens
1388 5507 1578 5559 vestra
1602 5508 1859 5575 quotidie
1882 5511 2064 5565 medi-

413 5591 584 5652 tetur,
617 5591 674 5642 et
705 5604 792 5656 ea,
825 5605 942 5659 qua
973 5590 1149 5660 solet,
1175 5592 1441 5648 libertate
1467 5593 1522 5646 in
1552 5594 1838 5651 malorum
1865 5599 2063 5652 confu-

415 5677 578 5734 sione
608 5677 899 5752 erigatur;
931 5696 1030 5736 eos
1061 5698 1215 5754 vero,
1249 5683 1347 5754 qui
1379 5682 1435 5738 in
1471 5683 1634 5740 vobis
1663 5687 1985 5757 conﬁdunt,
2009 5692 2066 5744 et

2176 4707 2357 4774 tabat,
2391 4705 2609 4760 oblitus
2635 4708 2726 4759 cst
2762 4703 2957 4758 verba.
2988 4706 3110 4768 Qua
3140 4704 3326 4775 ipsius
3358 4705 3713 4777 perfectione
3739 4706 3811 4761 sic

2177 4797 2250 4851 ab
2280 4812 2346 4851 eo
2403 4797 2718 4865 comperta,
2780 4792 3050 4863 deinceps
3082 4797 3284 4849 tantus
3315 4794 3468 4850 inter
3504 4801 3814 4868 utrumque

2177 4886 2445 4939 ﬁrmatus
2500 4887 2590 4938 est
2645 4899 2830 4948 amor,
2889 4886 3144 4954 quantus
3201 4883 3353 4938 inter
3377 4885 3622 4955 ,amicos
3647 4887 3816 4942 caris-

2178 4974 2380 5040 simos,
2414 4975 2471 5027 et
2492 4975 2752 5027 uterinos
2779 4971 2924 5027 solet
2954 4988 3085 5027 esse
3113 4988 3446 5043 germanos.
3482 4997 3512 5024 »
3543 4977 3618 5030 At
3647 4974 3818 5048 expli-

2178 5063 2464 5118 cationem
2498 5061 2650 5116 hanc
2677 5061 3170 5134 qualemcumque
3203 5079 3319 5116 non
3352 5063 3615 5120 dedisset
3648 5067 3816 5120 Fran-

2178 5150 2364 5223 chius,
2399 5155 2463 5205 ut
2491 5149 2781 5217 existimo,
2810 5151 2858 5205 si
2879 5150 3058 5206 vitam
3089 5167 3122 5204 a
3153 5150 3216 5204 B.
3258 5151 3488 5206 Andrea
3546 5154 3816 5227 scriptam

2176 5241 2431 5314 legisset.
2461 5240 2766 5310 Namjam,
2801 5240 3023 5294 detecto
3053 5238 3158 5294 hec
3189 5239 3466 5297 thesauro
3483 5239 3609 5298 haec
3632 5242 3816 5316 Opinio

2179 5329 2472 5386 manifesti
2531 5328 2745 5383 erroris
2810 5327 3195 5398 convincitur,
3258 5346 3391 5385 cum
3453 5331 3512 5386 Β.
3560 5333 3813 5387 Andreas

2177 5436 2444 5491 expresse
2493 5417 2764 5484 affirmet,
2800 5417 3138 5489 praedictum
3173 5418 3610 5492 objurgatorem
3654 5421 3723 5476 ad
3754 5419 3804 5473 S.

2175 5509 2294 5562 Viri
2329 5531 2358 5556 «
2392 5507 2669 5562 intuitum
2704 5529 2732 5555 »
2764 5511 3016 5562 mentem
3040 5508 3520 5564 mutasse.Verba
3549 5512 3676 5582 ejus
3698 5509 3800 5562 hzec

2176 5601 2314 5653 sunt
2344 5599 2602 5652 num.63.
2628 5621 2656 5647 ‹‹
2691 5597 2769 5652 De
2794 5597 3618 5670 DommoGG.VlIApostolicae
3639 5596 3796 5654 Sedis

2174 5687 2423 5759 PP.,qui
2453 5703 2586 5744 eum
2618 5685 3126 5744 archidiaconatus
3155 5686 3217 5743 in
3247 5688 3452 5747 eadem
3480 5685 3791 5762 Apostolica
