4030 6164
269 283 368 341 737

1867 283 2100 344 ACTA.

3477 325 3488 330 ο
3544 297 3663 358 738

267 417 397 472 Sede
429 413 686 470 officium
721 413 1043 486 gereret,ob
1076 412 1232 468 illius
1264 414 1601 485 patientiam
1635 431 1895 487 compro-
1927 419 1984 484 Α
2015 417 2155 472 tiam
2187 433 2200 472 :
2236 441 2263 467 «
2290 419 2504 475 Prmvi’o
2535 419 2643 476 hoc
2674 421 2902 478 oculato
2926 423 3206 496 scriptore
3237 425 3329 494 (de
3363 427 3665 486 B.Andrea

264 505 535 570 bandam,
567 520 699 559 eum
733 503 875 558 dure
905 502 1202 574 increpare
1232 505 1491 559 curabat.
1526 509 1652 559 Mox
1681 507 1749 560 ad
1776 506 1903 576 ejus

217 657 220 664 ι
264 594 537 649 intuitum
569 591 819 648 mutavit
849 598 1124 663 mentem,
1157 610 1222 648 ac
1255 595 1661 666 praeordinata,
1693 613 1820 666 quae
1841 612 1904 650 se

259 685 501 757 putabat
533 683 725 738 dicere
757 681 975 737 oblitus
1008 687 1097 737 est
1127 684 1322 738 verba.
1358 705 1385 732 »

325 774 448 827 100.
484 770 918 844 Papebrochius
952 776 1148 826 noster
1177 776 1318 828 tom.
1353 773 1422 828 VI
1455 775 1586 828 Maii
1648 775 1707 828 in
1740 793 1901 830 com-

263 861 547 918 mentario
578 861 790 916 Praevio
821 861 893 915 ad
924 861 1101 917 vitam
1134 863 1192 917 S.
1227 864 1487 934 Gregorii
1509 864 1607 918 VII
1640 867 1900 931 num.32,

264 952 341 1006 ita
369 967 495 1005 rem
523 950 857 1004 intricatam
880 950 1146 1022 expedire
1194 951 1428 1007 nittitur
1459 971 1470 1007 :
1509 976 1535 1002 ‹‹
1562 953 1803 1025 Egimus
1833 955 1903 1008 de

266 1041 323 1095 B.
358 1040 608 1109 Andrea,
633 1039 760 1109 jam
795 1038 1120 1106 nominato,
1157 1040 1248 1095 die
1277 1058 1313 1095 x
1343 1041 1536 1097 Martii
1569 1047 1627 1098 et
1657 1044 1905 1098 num.l3

267 1129 579 1194 doluimus,
613 1126 955 1199 praeclarum
987 1129 1114 1197 ejus
1143 1146 1290 1201 opus
1323 1132 1392 1186 de
1423 1131 1480 1185 S.
1513 1132 1759 1188 Joannis
1789 1133 1907 1188 vita

273 1218 436 1273 modo
468 1216 743 1288 nuspiam
769 1216 1198 1287 reperiri.Sicut
1219 1222 1411 1274 tamen
1444 1221 1730 1276 S.Arialdi
1754 1239 1906 1277 mar-

273 1307 408 1379 tyris
435 1306 588 1373 Vita,
620 1306 692 1360 ab
725 1306 927 1360 eodem
959 1307 1288 1378 conscripta
1339 1313 1394 1363 et
1424 1327 1457 1363 a
1489 1311 1657 1366 nobis
1717 1312 1911 1366 danda

275 1395 487 1451 XXVIII
518 1392 956 1459 Junii,feliciter
987 1393 1094 1449 hoc
1126 1396 1334 1452 szeculo
1367 1399 1606 1454 emersit
1628 1399 1684 1454 in
1717 1400 1907 1456 lucem

282 1487 356 1540 ita
383 1499 686 1556 speramus
718 1482 878 1537 illam
913 1500 1146 1555 quoque
1203 1486 1438 1542 aliunde
1485 1490 1848 1559 prodituram
1881 1507 1912 1544 e

279 1572 540 1642 tenebris,
575 1572 918 1644 priusquam
952 1573 1059 1627 sub
1091 1590 1300 1630 manus
1333 1581 1564 1634 nostras
1593 1579 1785 1634 veniat
1803 1579 1911 1634 Ju-

280 1664 406 1729 lius,
430 1663 538 1718 Iste
571 1666 766 1716 autem
789 1661 1302 1727 Andreas,vivente
1331 1665 1522 1721 adhuc
1549 1668 1756 1723 Sancto
1780 1669 1910 1722 fun-

281 1750 822 1819 datore,ﬂorebat,in
846 1753 1248 1822 expugnandis
1269 1754 1614 1810 Simoniacis
1631 1757 1909 1812 B.Arialdi

284 1840 541 1914 martyris
574 1839 727 1911 apud
757 1839 1220 1898 Mediolanenses
1261 1844 1495 1914 adjutor
1543 1845 1730 1901 fidelis
1756 1864 1908 1902 anno

183 1965 192 1980 κ
285 1930 441 1986 MLX.
473 1934 529 1984 S.
567 1928 906 1995 Atto,sicuti
931 1930 1055 1999 jam
1089 1929 1346 1987 vidimus
1369 1934 1438 1987 ad
1468 1934 1597 2004 ejus
1629 1934 1907 2002 natalem,

286 2020 421 2075 XXII
450 2019 628 2090 hujus
662 2018 881 2073 mensis
912 2018 1068 2085 Maii,
1103 2025 1370 2076 mortuus
1425 2039 1577 2078 anno
1633 2024 1826 2080 MGLV
1855 2029 1913 2080 et

286 2110 424 2164 circa
454 2108 646 2163 MLXX
678 2108 933 2179 primum
968 2114 1162 2179 natus,
1218 2109 1381 2165 nulla
1436 2113 1694 2168 oratione
1725 2116 1912 2185 potuit

285 2197 511 2254 viventis
541 2196 741 2252 Sancti
775 2196 1081 2270 discipulis
1103 2200 1319 2254 adnum
1350 2202 1498 2255 erari
1521 2203 1646 2269 ;sed
1664 2221 1803 2258 suac
1828 2221 1914 2259 ac-

289 2287 424 2360 cepit
455 2304 520 2342 ex
549 2286 692 2353 illis,
725 2303 789 2341 ac
825 2287 1171 2342 nominatim
1199 2307 1267 2344 ex
1311 2291 1366 2343 Β.
1431 2291 1757 2358 'I‘bcuzone,
1799 2311 1912 2348 uno

288 2395 351 2432 ex
394 2377 614 2448 primis,
668 2375 766 2448 qui
813 2392 998 2447 usque
1052 2378 1122 2430 ad
1183 2395 1404 2433 annum
1466 2380 1661 2434 MXGV
1701 2382 1916 2438 dicitur

286 2467 448 2520 vitam
482 2481 926 2538 propagasse,ac
957 2466 1240 2521 nonnulla
1265 2468 1335 2523 de
1363 2467 1480 2524 vita
1510 2471 1695 2525 sancti
1727 2471 1914 2527 Patris

292 2555 585 2610 mandasse
640 2553 870 2609 litteris.

359 2645 466 2698 101.
499 2643 602 2698 Hic
661 2661 793 2699 vero
851 2644 1102 2712 Thenzo,
1165 2651 1339 2717 prout
1387 2648 1514 2717 ejus
1569 2651 1744 2705 verba
1775 2651 1912 2706 alle-

284 2737 486 2804 gantur
513 2749 580 2787 ex
608 2733 784 2788 veteri
817 2734 1182 2789 traductione
1227 2735 1422 2791 Italica
1481 2737 1617 2792 anui
1673 2739 1913 2794 MCCLX

285 2821 550 2877 existente
577 2821 636 2875 in
651 2821 919 2876 Archivio
935 2822 1421 2880 Vallumbrosano
1446 2843 1557 2881 non
1579 2826 1916 2884 Hildcbran-

279 2911 440 2977 dum,
472 2911 570 2964 sed
604 2911 943 2982 Gregorium
975 2910 1342 2967 Gardinalem
1387 2915 1669 2980 nominat,
1702 2918 1794 2970 cui
1825 2934 1916 2972 res

274 2999 545 3071 superius
575 3003 811 3054 narrata
840 2999 1194 3068 usuvenerit;
1230 3018 1331 3072 pro
1365 3019 1477 3073 quo
1501 3003 1549 3057 si
1581 3005 1918 3061 Hildebran-

271 3089 437 3154 dum,
469 3090 522 3142 S.
557 3090 686 3143 Atto
717 3088 1038 3153 constituit,
1082 3093 1242 3144 ratus
1283 3108 1384 3160 per
1435 3092 1915 3164 anticipationem

2013 505 2292 578 loquitur)
2325 507 2479 562 haud
2512 526 2697 580 pauca
2727 511 3071 582 corrigenda
3097 518 3236 568 sunt
3280 514 3336 570 in
3370 516 3659 590 aliis,’?qui

2016 600 2147 666 post
2177 597 2372 667 ipsum
2403 599 2474 652 de
2503 597 2634 654 Vita
2666 601 2852 656 sancti
2882 602 3172 658 Johannis
3194 604 3488 662 Gualberti
3523 609 3660 663 scri-

2019 690 2260 756 pserunt
2290 705 2301 753 ;
2335 691 2390 741 et
2422 689 2708 760 praecipue
2749 690 2942 760 opinio
3004 692 3120 761 illa,
3185 710 3309 765 quae
3362 698 3658 755 mordicus

2014 779 2170 829 tenet
2201 775 2541 848 Gregorium
2571 777 2668 831 VII
2705 779 3165 848 sanctissimum,
3211 787 3268 837 et
3315 786 3656 842 Pontiﬁcem

2017 864 2337 920 maximum
2372 867 2663 936 corporeis
2695 868 2877 922 oculis
2910 874 3176 924 sanctum
3209 871 3270 927 P.
3329 874 3657 932 Johannem

2015 953 2393 1009 Gualbertum
2431 973 2544 1009 non
2601 955 2837 1010 vidisse.
2899 957 3084 1023 Hunc,
3117 976 3333 1030 quaeso,
3361 963 3660 1021 intueatur

2016 1047 2308 1098 auctorem
2343 1060 2355 1098 :
2389 1045 2658 1099 tenebras
2691 1045 2846 1099 enim
2897 1063 3035 1101 suas
3094 1050 3343 1104 excutiet
3376 1069 3388 1118 ;
3423 1057 3479 1106 et
3504 1055 3646 1108 veri-

2016 1132 2152 1186 tatis
2183 1132 2380 1187 lumen
2413 1133 2826 1204 appreheudet.
2862 1134 3004 1198 Quid
3031 1137 3100 1191 ad
3135 1136 3253 1192 haec
3284 1138 3547 1196 Domnus
3571 1149 3657 1197 An

2017 1221 2186 1276 dreas
2215 1222 2548 1289 Januensis,
2592 1223 2689 1294 qui
2733 1224 2960 1294 primus
2991 1229 3077 1291 (ut
3131 1227 3294 1298 puto)
3352 1229 3659 1300 epistolam

2019 1308 2180 1364 illam
2203 1311 2614 1382 Apostolicam,
2651 1312 2806 1366 Licet
2831 1315 3167 1369 venerandae
3199 1319 3516 1386 memorize,
3548 1325 3658 1375 etc.

2019 1397 2089 1452 ad
2124 1398 2435 1454 Monaclios
2466 1400 2645 1454 Vallis
2668 1401 2964 1456 Umbrosm
2996 1404 3105 1458 sub
3131 1405 3365 1461 nomine
3399 1407 3659 1481 Gregorii

2019 1487 2260 1558 Septimi
2291 1487 2576 1560 vulgavit?
2603 1490 2725 1544 Non
2760 1490 3034 1562 Gregorio
3067 1492 3302 1558 VIl,sed
3337 1497 3529 1567 potius
3552 1498 3661 1553 ali-

2021 1577 2114 1630 cui
2141 1593 2374 1632 summo
2406 1577 2668 1632 Pontifici
2703 1580 2960 1649 proxime
2992 1583 3376 1654 subsequenti
3427 1586 3660 1657 (quidni

2021 1665 2236 1719 Victori
2273 1665 2571 1738 III,potius
2604 1665 2836 1722 Urbano
2856 1671 3131 1740 secundo)
3163 1676 3252 1726 est
3290 1672 3664 1732 inscribenda

2022 1753 2161 1824 quia
2191 1770 2257 1807 ex
2287 1753 2352 1808 V.
2391 1755 2435 1808 ΙΙ
2466 1754 2694 1810 facilius
2717 1757 2950 1826 quidem
2983 1759 3234 1815 efﬁcitur
3258 1763 3566 1833 septimus.
3599 1771 3662 1820 In

2021 1841 2278 1914 antiquis
2308 1843 2446 1898 Mss.
2482 1845 2808 1914 ponebatur
2833 1849 3243 1903 tantummodo
3279 1850 3541 1908 initialis.
3576 1855 3661 1908 uti

2021 1931 2079 1984 in
2104 1930 2497 1986 Decretalibus
2521 1931 2844 2003 saepissime
2860 1938 2916 1988 et
2936 1933 2992 1988 in
3019 1935 3172 1990 calce
3191 1937 3372 2007 hujus
3396 1939 3664 1998 lucubra-

2018 2019 2314 2088 tiunculas,
2344 2020 2428 2075 uti
2455 2021 2518 2074 T.
2555 2021 2942 2089 Razzolensis,
2977 2023 3086 2078 hoc
3115 2029 3204 2080 est
3234 2027 3454 2083 Teuzzo
3484 2031 3666 2088 abbas

2024 2109 2410 2164 Razzolensis.
2449 2109 2701 2181 Ipsemet
2734 2111 3002 2167 Urbanus
3034 2114 3117 2168 sic
3168 2120 3402 2171 notatur
3432 2117 3490 2172 in
3522 2137 3664 2190 qua-

2023 2199 2158 2252 dam
2193 2216 2300 2253 sua
2332 2198 2582 2270 epistola
2613 2200 2920 2271 Rudolpho
2954 2201 3146 2256 abbati
3180 2203 3667 2264 Vallumbrosano

2024 2288 2242 2342 directa
2274 2307 2284 2342 :
2319 2288 2741 2358 VApostolicre
2773 2290 3452 2350 etc.R.Vallumbrosano
3484 2297 3538 2350 M
3561 2300 3665 2352 Ca-

2026 2377 2398 2432 maldulensi.
2431 2377 2477 2429 V
2511 2379 2780 2432 Urbanus
2813 2379 2872 2432 [ὶ.
2909 2380 3254 2436 Rustico.M.
3290 2383 3537 2440 Martido
3561 2387 3665 2442 Ca-

2025 2465 2512 2521 maldulensi.Per
2542 2466 2869 2537 simplicem
2894 2469 3423 2539 crgoinitialem,et
3469 2491 3669 2530 nume-

2027 2573 2152 2609 rum
2189 2555 2533 2610 Pontiﬁcum
2567 2555 2633 2625 V,
2665 2560 2721 2611 et
2755 2558 2822 2621 ll,
2854 2557 2992 2626 quid
3020 2558 3234 2613 mirum
3268 2561 3315 2613 si
3348 2563 3665 2633 septimum

2025 2644 2337 2716 collegerat
2367 2645 2630 2698 Andreas
2662 2661 2694 2698 a
2724 2645 2760 2698 S
2791 2645 3118 2710 Ambrosio,
3179 2648 3378 2720 sicque
3435 2657 3670 2722 putarat

2031 2733 2286 2803 Gregorii
2318 2733 2549 2804 septimi
2582 2733 2762 2788 fuisse
2791 2733 3098 2806 epistolam
3148 2736 3310 2793 illam
3346 2756 3357 2793 :
3400 2741 3549 2797 Licet
3574 2760 3669 2798 ve-

2027 2825 2294 2879 nerandae
2327 2821 2639 2877 memoriae.
2673 2844 2701 2872 »

2099 2915 2221 2967 103.
2253 2912 2528 2982 Exposita
2559 2912 2667 2967 hac
2698 2930 2803 2968 sua
2834 2914 3108 2985 opinione
3139 2916 3222 2971 sic
3253 2918 3440 2990 pergit
3475 2936 3536 2973 :u
3565 2920 3670 2976 Mi-

2031 3021 2125 3058 ror
2151 3002 2465 3057 Januensis
2495 3001 2895 3058 calliditatem.
2928 3005 3149 3060 Asserit
3192 3023 3252 3061 se
3278 3009 3462 3063 sancti
3487 3010 3672 3066 Patris

2028 3091 2331 3162 collegisse
2361 3093 2539 3144 vitam
2574 3107 2607 3144 a
2638 3091 2745 3145 BB.
2801 3093 3024 3148 Andrea
3074 3098 3130 3149 et
3175 3097 3400 3151 Attene.
3453 3097 3575 3165 Isti,
3611 3103 3675 3154 ut

269 3178 464 3233 vocari
497 3176 862 3248 Gregorium,
895 3195 962 3232 ex
988 3178 1223 3249 propria
1253 3178 1306 3232 id
1370 3181 1505 3235 fecit
1559 3183 1914 3255 conjectura,
1949 3166 1990 3230 C
2029 3179 2225 3244 claret,
2259 3179 2330 3232 de
2359 3178 2708 3234 miraculoso
2740 3197 2956 3249 amore,
2991 3182 3087 3253 qui
3122 3183 3392 3240 ﬁrmatus
3431 3192 3519 3241 est
3551 3204 3676 3242 me-

268 3283 458 3338 eaque
489 3267 730 3321 minime
763 3265 1110 3332 solida;cum
1141 3267 1453 3339 Gregorius
1484 3270 1638 3342 Papa
1653 3273 1922 3342 profitea-

269 3361 388 3423 tur,
427 3355 586 3427 quod
626 3361 896 3410 sanctum
955 3357 1246 3427 corporeis
1305 3357 1487 3412 oculis
1550 3376 1663 3414 non
1720 3361 1927 3416 viderit

268 3461 583 3517 umquam.
616 3443 953 3515 Alphonsus
986 3445 1222 3516 quidem
1281 3446 1621 3502 Ciacconius
1671 3449 1728 3502 in
1778 3450 1926 3506 Vitis

269 3536 631 3591 Pontiﬁcum
663 3537 721 3589 et
765 3534 1171 3603 cardinalium,
1231 3535 1478 3606 ejusque
1535 3539 1925 3609 recognitores

273 3623 851 3696 ampliﬁcatoresquc
880 3622 1245 3690 Victorellus,
1288 3623 1587 3695 Ughellus.
1646 3625 1926 3681 Oldoinus

275 3731 383 3785 pro
417 3729 574 3768 anno
609 3711 858 3776 MLXIII,
893 3712 951 3766 in
1003 3712 1516 3784 quemrincidisset
1574 3731 1927 3786 congressus

271 3804 386 3858 iste
421 3819 557 3856 cum
588 3806 646 3855 S.
677 3801 916 3870 Joanne,
955 3800 1181 3854 nullum
1213 3801 1381 3856 nobis
1424 3801 1699 3858 exhibent
1729 3803 1926 3860 Cardi-

277 3892 470 3946 nalem
505 3890 872 3961 Gregorium.
908 3891 1018 3945 Sed
1051 3907 1184 3944 eum
1219 3895 1442 3945 certum
1468 3891 1563 3960 sit,
1607 3893 1822 3949 multos
1855 3894 1927 3948 ab

278 3979 349 4034 iis
381 3980 573 4034 medio
604 3979 717 4034 isto
747 3996 862 4033 aevo
898 3978 1339 4049 praetermissos,
1374 3997 1624 4051 quorum
1659 3982 1926 4037 notitiam

281 4086 391 4124 non
411 4063 650 4124 fuerunt
667 4068 1105 4138 assecuti,quod
1123 4067 1208 4121 vel
1231 4068 1355 4123 sola
1369 4069 1924 4140 Supplementorum

287 4157 597 4213 identidem
633 4158 1044 4228 adjunctorum
1106 4157 1272 4228 copia
1303 4160 1526 4230 probat,
1560 4159 1705 4213 nihil
1764 4160 1930 4214 obest

294 4247 597 4316 quominus
630 4245 975 4318 cogitemus,
1010 4247 1121 4301 sub
1151 4246 1474 4302 Alexandro
1502 4248 1654 4320 Papa
1686 4249 1756 4318 II,
1781 4248 1930 4303 inter

301 4336 619 4390 Cardinales
651 4351 848 4390 revera
882 4335 1061 4390 fuisse
1093 4335 1436 4408 Gregorium
1497 4335 1774 4407 aliquem,
1827 4353 1929 4392 nec

303 4423 427 4479 dum
460 4424 696 4484 aliunde
727 4428 932 4479 notum
967 4441 980 4491 ;
1015 4425 1168 4495 quod
1202 4429 1434 4479 centum
1454 4429 1586 4495 post
1612 4425 1785 4479 annis
1814 4441 1928 4480 non

303 4511 624 4568 discernens
655 4517 710 4568 S.
745 4513 1053 4580 Atto,male
1071 4512 1446 4584 supposuerit
1467 4513 1928 4569 Hildebrandum
1961 4536 2007 4599 D

301 4600 672 4671 Cardinalem,
707 4603 929 4658 dictum
972 4600 1028 4656 in
1088 4603 1433 4658 Pontificatu
1495 4602 1862 4673 Gregorium.
1898 4627 1926 4652 »

298 4692 556 4755 Quamvis
589 4692 682 4747 hic
716 4686 878 4748 error
907 4709 940 4746 a
972 4696 1032 4746 Β.
1057 4694 1261 4747 Attene
1293 4695 1423 4764 post
1450 4695 1686 4746 centum
1738 4709 1923 4748 annos

296 4777 447 4836 facile
475 4780 740 4836 commiti
773 4781 1324 4853 potuerit,eumdem
1359 4784 1554 4835 tamen
1587 4781 1643 4835 Β.
1683 4782 1925 4836 Andreae

297 4870 547 4941 scriptori
609 4875 905 4926 cozetaneo
965 4870 1221 4924 tribuere
1279 4886 1392 4923 non
1477 4869 1720 4936 ausim;
1771 4869 1926 4941 quod

298 4958 453 5015 etiam
486 4977 601 5016 non
636 4960 929 5014 facturum
954 4959 1134 5014 fuisse
1165 4959 1414 5012 arbitror
1441 4959 1927 5029 Papebrochium,

298 5049 605 5104 maximum
641 5048 1008 5120 antiquitatis
1039 5048 1474 5115 aestimatorem,
1498 5047 1546 5102 si
1586 5047 1927 5119 praeclarum

300 5140 357 5189 ut
385 5139 504 5210 ipse
536 5144 724 5205 vocat,
760 5139 822 5192 B.
857 5139 1098 5192 Andreae
1159 5153 1304 5208 opus
1363 5137 1664 5191 inventum
1724 5136 1932 5191 fuisset

297 5230 596 5298 antequam
628 5231 683 5281 ὁ.
716 5227 976 5299 Gregorii
1011 5227 1106 5280 VII
1134 5225 1323 5280 Vitam
1358 5225 1695 5280 illustraret.

359 5316 472 5370 103.
508 5315 781 5372 Aurelius
806 5315 999 5372 Casari
1033 5314 1334 5370 nonachus
1380 5314 1926 5381 Vallumbrosanus,

296 5398 431 5457 infra
460 5421 617 5476 saepe
635 5403 1210 5475 laudandus,difficul
1225 5409 1400 5458 tatem
1427 5419 1800 5474 perrumpere
1817 5402 1930 5457 alia

299 5493 467 5548 tentat
498 5495 591 5549 via
621 5493 680 5548 in
713 5494 920 5549 litteris
953 5494 1023 5548 ad
1057 5492 1514 5564 Papebrochium
1551 5492 1700 5546 datis
1737 5492 1803 5543 27
1839 5493 1930 5546 Fe-

298 5577 500 5668 bruarii
534 5591 688 5642 anno
721 5585 948 5646 1692.1n
985 5583 1055 5642 iis
1087 5583 1168 5638 ita
1199 5597 1368 5647 suam
1393 5581 1666 5656 proponit
1695 5585 1928 5664 sentenf

2033 3267 2228 3321 diante
2259 3265 2370 3321 sibi
2403 3267 2471 3320 ad
2506 3267 2754 3322 invicem
2787 3269 3000 3324 intuitu
3033 3274 3088 3324 et
3115 3271 3494 3329 collocutione
3526 3274 3677 3330 inter

2034 3357 2268 3410 beatum
2303 3355 2642 3426 Gregorium
2661 3356 2832 3410 VlIet
2854 3357 3245 3413 B.Johannem
3269 3360 3646 3419 Gualbertum
3660 3407 3673 3431 ,

2036 3443 2401 3515 apertissime
2432 3447 2713 3509 tractant;
2749 3443 2845 3498 ille
2874 3461 3006 3500 vero
3039 3463 3109 3501 ne
3142 3448 3378 3502 verbum
3413 3451 3672 3520 quidem.

2039 3531 2770 3603 Invenerathic(suspicor)
2788 3532 3090 3604 epistolam
3116 3534 3276 3590 illam
3301 3553 3675 3610 anonymam,

2037 3627 2137 3676 aut
2168 3621 2372 3677 saltem
2405 3638 2640 3676 corroso
2670 3638 2812 3692 pene
2843 3624 3099 3694 nomine,
3143 3641 3368 3696 suoque
3408 3629 3680 3700 cupiebat

2035 3711 2291 3766 inserere
2320 3711 2476 3781 operi
2507 3729 2520 3776 ;
2555 3711 3072 3767 contradictionem
3095 3713 3343 3770 videndo
3374 3715 3680 3783 haeret;sed

2036 3799 2366 3854 titillatione
2397 3800 2551 3870 quod
2585 3799 2711 3855 novi
2733 3800 2952 3855 ferendi
2976 3802 3185 3856 ductus
3207 3801 3344 3873 quid
3370 3804 3684 3876 excogitat?

2036 3886 2377 3942 Miraculum
2405 3888 2636 3958 penitus
2657 3890 2940 3961 expungit
2961 3895 3016 3945 et
3049 3890 3105 3944 in
3130 3891 3520 3964 apocrypham
3545 3894 3684 3948 scri-

2037 3983 2268 4048 pturam
2303 3982 2644 4032 commutat.
2679 3997 2705 4028 ι)
2745 3980 2894 4032 Tum
2929 3981 3080 4035 circa
3111 3980 3288 4051 hujus
3322 3982 3586 4036 miraculi
3619 3982 3686 4036 ti-

2037 4065 2228 4120 tulum
2262 4066 2321 4120 in
2345 4082 2516 4137 opere
2543 4066 2850 4122 B.Andreae
2885 4067 3325 4134 relatum,notat
3353 4071 3680 4140 sequentia:

2042 4178 2068 4205 «
2100 4155 2264 4209 Ilaud
2299 4155 2796 4224 ignoretEruditio
2828 4157 3034 4213 Vestra
3050 4159 3224 4214 verba
3254 4159 3375 4214 ilch
3401 4182 3427 4208 ‹‹
3451 4159 3682 4231 Capitu-

2039 4243 2208 4298 «lum
2226 4245 2296 4298 de
2320 4251 2540 4300 Uomno
2554 4245 2828 4317 Gregorio
2853 4246 2948 4301 VII
2971 4247 3314 4319 Apostolicze
3337 4249 3506 4304 Sedis
3529 4253 3686 4321 Papa

2040 4339 2104 4386 ut
2135 4333 2192 4386 in
2225 4331 2355 4386 Vita
2385 4333 2757 4404 infrascripta
2790 4339 2970 4406 patet,
3004 4336 3180 4390 rubeo
3205 4352 3332 4391 esse
3355 4337 3572 4408 scripta
3595 4354 3686 4393 co-

2039 4421 2178 4491 lore,
2212 4426 2268 4476 et
2297 4421 2403 4476 hoc
2434 4422 2730 4492 singulare
2763 4439 2890 4478 esse
2919 4441 3035 4478 una
3075 4441 3206 4478 cum
3250 4426 3364 4479 fere
3410 4427 3685 4482 omnibus

2040 4510 2364 4565 initialibus
2397 4510 2605 4565 litteris
2637 4511 3138 4582 paragraphorum
3172 4512 3228 4565 in
3259 4517 3377 4568 toto
3410 4513 3684 4584 prazdicto

2040 4600 2439 4671 manuscripto
2462 4605 2518 4654 et
2534 4604 2765 4654 exarata
2787 4601 2986 4654 eadem
3002 4601 3418 4670 antiquissima
3447 4619 3682 4656 manu.»

2109 4689 2229 4742 104.
2253 4689 2375 4742 Non
2409 4689 2646 4742 omnino
2678 4688 2948 4759 displicet
2981 4687 3122 4742 mihi
3157 4688 3388 4742 curiosa
3418 4688 3520 4742 viri
3547 4705 3683 4744 eru-

2039 4778 2140 4832 diti
2167 4777 2490 4832 observatio
2526 4795 2538 4841 ;
2578 4776 2742 4830 facile
2774 4793 3029 4846 namque
3061 4776 3183 4830 fieri
3229 4777 3438 4848 potuit,
3471 4784 3536 4832 ut
3567 4780 3685 4834 An-

2039 4867 2207 4920 dreas
2236 4864 2576 4928 Januensis,
2603 4865 2650 4918 si
2685 4881 2796 4919 non
2849 4881 2952 4936 per
2999 4866 3286 4932 fraudem,
3345 4865 3556 4923 saltem
3583 4883 3686 4938 per

2039 4970 2314 5020 errorem;
2349 4970 2416 5007 ex
2446 4952 2510 5006 V.
2547 4953 2616 5017 Il,
2650 4952 2705 5006 id
2733 4957 2822 5007 est
2852 4953 3081 5008 Urbano
3138 4954 3208 5020 II,
3243 4953 3539 5027 collegerit
3568 4955 3680 5028 Vil,

2041 5061 2104 5098 ac
2136 5060 2236 5114 per
2258 5059 2620 5112 consequens
2634 5042 3029 5114 putarit,hanc
3051 5042 3357 5114 epistolam
3377 5061 3489 5099 non
3514 5062 3684 5116 posse

2040 5149 2166 5187 esse
2199 5132 2308 5186 nisi
2345 5131 2601 5203 Gregorii
2637 5132 2757 5195 VII,
2791 5149 2921 5186 cum
2954 5133 3108 5187 circa
3139 5132 3239 5186 illa
3283 5137 3546 5203 tempora
3566 5151 3681 5189 non

2041 5221 2215 5276 fuerit
2237 5219 2385 5274 alius
2417 5225 2713 5276 Romanus
2739 5221 2998 5277 Pontifex
3033 5238 3278 5275 numero
3315 5221 3568 5278 nominis
3589 5224 3681 5279 sui

2041 5311 2348 5382 septimus.
2387 5311 2542 5364 Idem
2578 5311 2692 5364 dici
2725 5311 3003 5382 potestdc
3038 5315 3102 5366 V.
3156 5310 3310 5378 III,id
3345 5316 3433 5366 est
3453 5312 3682 5369 Victore

2042 5401 2137 5469 IIl,
2171 5417 2237 5454 ex
2261 5419 2376 5473 quo
2411 5401 2665 5455 Andreas
2694 5399 3266 5469 Januensis,omissa
3297 5401 3679 5467 unitate,eil‘e-

2039 5491 2180 5545 cerit
2208 5493 2323 5558 VII,
2355 5495 2569 5562 putans
2602 5489 2902 5560 scriptoris
2934 5489 3309 5562 negligentia,
3337 5496 3401 5545 ut
3432 5493 3675 5562 sapefit,

2038 5587 2060 5635 I
2095 5581 2582 5649 redundare,cum
2615 5577 3036 5653 tumtemporis
3067 5580 3243 5643 etiam
3283 5579 3483 5638 nullus
3507 5579 3678 5650 fuerit
