4004 6170
38 4140 43 4193 ι

100 272 217 332 745

1687 277 1925 341 ACTA.

3392 294 3510 354 746

107 404 240 460 bus.
270 423 299 454 »
327 401 397 459 Hi
417 403 565 459 forte
582 404 769 460 secuti
791 408 932 462 sunt
950 408 1237 462 errantem
1262 406 1610 478 Polydorum
1631 407 1757 463 Vir-
1782 409 1837 476 Α
1871 409 2108 465 mualdo
2129 410 2343 468 vixisse
2364 413 2648 471 Joannem
2666 433 2935 489 expresse
2954 420 3513 495 tradantscriptores

101 492 333 567 gilium,
366 492 467 565 qui
498 493 560 548 in
590 508 764 566 opere
794 496 866 551 de
897 511 1091 551 rerum
1115 495 1517 553 inventoribus
1537 514 1670 569 pag.
1692 498 1748 570 7,

101 599 227 656 cap.
259 583 314 655 2,
348 582 526 638 etiam
549 600 771 639 annum
805 586 961 651 1060,
987 585 1185 656 prima:
1206 584 1387 656 hujus
1410 585 1644 641 Ordinis
1668 586 1752 641 in-

101 671 395 728 stitutioni
429 673 713 746 assignat.
748 674 1017 730 Crassius
1042 678 1316 730 errarunt
1334 674 1751 732 Volaterranus

101 761 200 818 lib.
233 778 356 830 xxx,
386 764 444 817 et
464 761 758 818 Arnoldus
774 767 1065 819 Pontacus
1082 764 1392 836 episcopus
1415 762 1752 821 Vasetensis

98 851 158 907 in
188 850 691 923 Chronographia,
714 852 813 923 qui
837 855 1038 908 tenent
1057 852 1209 909 hanc
1230 854 1750 926 Congregationem

98 940 347 1013 ccepisse
377 957 532 997 anno
558 941 715 995 1070.
738 940 852 997 Nec
869 942 1104 998 defuere
1142 943 1316 998 etiam
1334 944 1476 999 adeo
1492 942 1751 999 historiae

95 1030 314 1103 ignari,
337 1034 403 1086 ut
431 1046 585 1086 anno
610 1030 747 1084 1400
768 1029 927 1086 hunc
958 1031 1235 1087 Ordinem
1266 1033 1454 1104 primo
1486 1037 1750 1088 exortum

93 1135 225 1175 esse
254 1118 696 1175 somniaverint.
731 1119 842 1175 Sed
866 1121 1038 1175 taedet
1058 1120 1284 1177 diutius
1311 1120 1406 1177 his
1430 1122 1750 1178 referendis

96 1207 403 1264 inhaerere.
436 1207 518 1264 De
549 1210 736 1264 morte
767 1209 826 1264 S.
860 1210 1102 1285 Joannis
1132 1209 1751 1283 Gualbertidisputare

95 1313 215 1353 non
243 1301 334 1354 est
354 1312 627 1354 necesse:
662 1314 798 1353 nam
827 1297 982 1354 inter
1010 1315 1218 1354 omnes
1250 1300 1432 1355 ferme
1482 1301 1752 1357 convenit

96 1403 236 1443 eum
268 1386 484 1444 obiisse
514 1402 668 1443 anno
699 1387 855 1442 1073.
888 1390 1075 1451 Quare
1128 1386 1274 1442 nihil
1323 1388 1419 1444 hic
1451 1406 1754 1460 moramur

98 1493 343 1550 paucos,
374 1476 475 1549 qui
507 1476 582 1532 ad
612 1492 798 1532 unum
828 1475 1079 1533 alterum
1111 1494 1335 1533 annum
1368 1478 1440 1533 ab
1462 1477 1572 1533 hac
1598 1494 1751 1533 eom-

100 1566 270 1623 muni
302 1565 594 1623 sententia
622 1566 924 1622 recedunt.

97 1690 220 1760 §X.
278 1691 364 1746 An
420 1689 661 1746 admissa
713 1688 1025 1745 Mabillonii
1082 1691 1429 1762 aliorumque
1481 1690 1752 1746 sententia

164 1764 329 1818 circa
355 1763 554 1818 seriem
580 1762 1018 1831 chronologicam
1047 1763 1102 1816 δ.
1162 1764 1389 1817 Joannis
1440 1761 1748 1831 Gualberti,

162 1835 420 1904 potuerit
445 1832 846 1906 iderngsenclus
870 1850 997 1889 cum
1020 1834 1076 1889 S.
1138 1832 1438 1889 Romualdo
1493 1850 1662 1906 agere
1689 1834 1751 1886 in

162 1921 353 1962 eremo
384 1904 812 1961 Camaldulensi.

165 2017 254 2069 Bx
285 2011 625 2069 chronotaxi
678 2010 1022 2080 Mabillonii,
1083 2011 1338 2080 Baronii,
1386 2010 1754 2082 aliorumque

104 2101 478 2176 paragrapho
495 2100 842 2173 praecedenti
858 2099 1038 2156 relata
1052 2100 1284 2156 videtur
1299 2099 1573 2156 historice
1586 2098 1754 2171 sequi

104 2193 158 2247 S.
194 2190 594 2247 Bomualdum
625 2206 659 2245 a
705 2190 763 2245 S.
816 2189 1041 2245 Joanne
1097 2189 1410 2246 Gualberto
1468 2190 1529 2245 in
1561 2205 1755 2245 eremo

1862 499 2261 569 probatissimi
2282 502 2787 562 Vallis-Umbrosa:
2803 508 2891 580 (ut
2904 508 2974 564 de
2985 511 3202 566 nostris
3214 512 3511 584 Fortunio,

1863 588 2083 659 Ractio,
2106 588 2302 657 Minio,
2327 592 2515 663 deque
2540 596 2749 651 exteris
2772 613 2949 667 quam
2981 597 3253 670 plurimis
3285 601 3512 675 sileam)

1860 677 2121 734 Andreas
2140 678 2480 751 Januensis,
2503 683 2605 754 qui
2622 683 2774 740 circa
2795 702 3018 741 annum
3053 688 3191 742 1419
3222 689 3421 746 ﬂoruit
3450 692 3511 747 in

1861 765 1991 821 Vita
2020 768 2079 822 S.
2110 767 2281 824 Joan.
2314 769 2613 826 Gualberti
2645 788 2771 843 cap.
2811 775 2877 829 12
2911 793 2923 841 ;
2975 775 3360 851 Hieronymus
3394 780 3510 837 Ra-

1861 854 2277 928 diolensis,qui
2303 874 2457 915 anno
2480 859 2711 916 circiter
2731 863 2869 916 1480
2890 866 3158 921 eamdem
3187 867 3381 925 Vitam
3409 886 3509 941 pa-

1860 944 1971 999 trio
1995 962 2262 1004 sermone
2282 950 2596 1021 expressit;
2620 950 2835 1008 Xantes
2866 953 3209 1022 Perusinus,
3234 958 3335 1027 qui
3359 958 3512 1015 circa

1861 1050 2081 1089 annum
2107 1036 2247 1090 1500
2268 1038 2469 1094 eadem
2498 1038 2796 1095 Gualberti
2822 1043 2964 1097 Acta
2986 1043 3220 1117 collegit
3244 1061 3377 1118 pag.
3398 1048 3468 1101 24
3496 1066 3510 1115 ;

1858 1122 2108 1180 Joannes
2138 1125 2471 1192 Jonnalius,
2514 1130 2613 1200 qui
2646 1130 2756 1185 sub
2814 1130 3107 1188 Clemente
3137 1132 3259 1189 VIII
3292 1135 3512 1191 Lectio-

1861 1228 1964 1267 nes
1995 1213 2055 1268 S.
2114 1215 2355 1272 Joannis
2411 1217 2739 1283 Gualberti,
2795 1220 3088 1277 Breviario
3148 1222 3511 1296 inserendas,

1861 1303 2213 1374 composuit,
2238 1308 2302 1359 ut
2323 1321 2384 1361 re
2406 1306 2535 1379 ipsa
2560 1308 2799 1363 demum
2824 1309 3055 1366 insertas
3078 1316 3238 1381 sunt,
3272 1317 3449 1385 atque
3480 1331 3516 1370 a

1860 1391 1919 1445 S.
1956 1391 2024 1446 R.
2058 1397 2114 1447 C.
2152 1394 2484 1465 approbata
2512 1421 2525 1454 :
2549 1412 2615 1451 ac
2633 1397 2872 1453 demum
2896 1400 3211 1457 novissime
3237 1403 3515 1460 Assanius

1859 1479 2255 1538 Tamburinus
2280 1484 2351 1539 de
2371 1483 2495 1540 Jur.
2531 1485 2677 1541 Abb.
2714 1490 2855 1542 tom.
2882 1487 3036 1560 disp.
3076 1490 3167 1558 24,
3217 1496 3423 1562 quaest.
3454 1492 3511 1559 5,

1860 1585 2025 1624 num.
2039 1571 2110 1623 20
2131 1588 2145 1639 ;
2170 1575 2228 1627 et
2240 1571 2490 1630 Didacus
2504 1574 2802 1631 Franehus
2822 1575 2883 1631 in
2898 1578 3163 1647 ejusdem
3190 1579 3248 1634 S.
3270 1580 3515 1637 Joannis

1859 1656 2153 1714 Gualberti
2205 1659 2480 1732 Historia,
2538 1661 2640 1733 lib,
2675 1680 2764 1730 1v;
2800 1665 3140 1738 nostrisque
3172 1667 3378 1725 diebus
3404 1668 3514 1725 Ve-

1862 1746 2101 1803 nantius
2131 1748 2354 1806 Simius
2387 1750 2443 1805 in
2476 1767 2582 1806 suo
2613 1752 2884 1825 Catalogo
2916 1753 3026 1809 litt.
3062 1773 3103 1826 1,
3135 1773 3278 1812 num
3306 1759 3361 1812 0.
3398 1780 3426 1808 »

1933 1836 2055 1891 120.
2092 1837 2255 1892 llunc
2287 1838 2746 1895 Romualdinum
2796 1845 2852 1895 et
2896 1842 3345 1901 Gualbertinum
3377 1863 3515 1903 con-

1861 1939 2130 1997 gressum
2163 1943 2196 1980 a
2227 1926 2421 1981 citatis
2452 1928 2793 1984 auctoribus
2824 1946 2891 1984 ac
2924 1931 3217 1987 Breviario
3250 1934 3516 1991 Romano

1863 2013 2055 2069 doceri
2090 2031 2205 2069 non
2236 2014 2495 2094 inficior;
2521 2033 2584 2071 ac
2607 2018 2996 2074 vetustissimi
3028 2020 3171 2075 Vita:
3202 2022 3517 2094 scriptores

1862 2119 1998 2158 eum
2029 2090 2316 2159 intactum
2344 2104 2729 2176 reliquerunt,
2766 2108 2920 2179 quod
2944 2108 3163 2178 juverit
3193 2090 3516 2185 intelligere

1865 2207 1933 2246 ex
1962 2191 2153 2247 verbis
2183 2192 2495 2264 ipsiusmet
2517 2193 2734 2249 Grandi
2760 2194 2999 2251 Dissert.
3023 2200 3077 2265 2,
3098 2214 3226 2270 cap.
3258 2199 3313 2266 8,
3345 2216 3511 2255 num.

106 2279 543 2338 Camaldulensi
560 2296 674 2336 non
698 2279 1216 2346 fuisseinventum,
1242 2282 1440 2351 utpote
1462 2277 1759 2350 quievivis
1864 2280 1920 2347 2,
1955 2280 2036 2335 ita
2067 2280 2303 2336 fatentis
2330 2298 2341 2335 :
2377 2304 2403 2331 ‹‹
2434 2282 2514 2336 Ex
2543 2300 2661 2337 una
2691 2287 2875 2355 parte,
2897 2300 3022 2355 quae
3043 2286 3115 2340 ad
3133 2288 3517 2343 asserendum

105 2371 441 2427 excesserat
469 2372 602 2425 ante
632 2385 853 2424 annum
887 2369 1047 2439 1027,
1082 2367 1255 2423 sicuti
1316 2383 1384 2423 ex
1422 2367 1759 2423 authentico
1871 2367 2261 2425 Romualdum
2295 2374 2425 2441 post
2456 2388 2677 2426 annum
2712 2373 2849 2426 1032
2902 2372 3093 2428 adhuc
3142 2376 3516 2447 superstitem

106 2460 505 2515 instrumento
527 2457 882 2529 donationis,
908 2457 1077 2513 Petro
1099 2456 1360 2529 Dagnino
1382 2455 1761 2512 aTheobaldo
1871 2458 2146 2529 superius
2168 2458 2420 2514 adducta
2441 2460 2819 2529 sunt,invicte
2832 2477 2946 2516 non
2961 2462 3520 2533 probantintantum

106 2550 389 2622 episcopo
407 2547 644 2604 Aretino
669 2547 832 2603 factae
861 2546 1246 2620 probatidem
1270 2545 1643 2601 Mabillonius
1665 2562 1766 2600 saa-
1874 2562 2009 2601 cum
2042 2546 2188 2601 nihil
2223 2546 2488 2603 absolute
2518 2552 2574 2603 et
2622 2547 2919 2605 evidenter
2972 2550 3200 2607 evincat
3236 2552 3524 2609 Joannem

110 2638 322 2696 culovr
354 2636 727 2694 Benedictino
757 2639 922 2709 parte
950 2652 969 2691 ι
1005 2636 1065 2691 in
1113 2634 1621 2691 observationibus
1653 2635 1763 2690 Ro-
1876 2635 2259 2692 Gualberlum
2285 2636 2343 2691 in
2368 2634 2810 2693 Cumaldulensi
2835 2654 3032 2695 eremo
3050 2640 3532 2711 potiusRomual-

109 2727 434 2785 mualdinaa
456 2726 598 2781 Vita:
614 2725 954 2799 praemissis.
970 2724 1768 2797 Nequehancchronotaxeos
1877 2725 1949 2781 do
1970 2724 2391 2796 viventi,quam
2417 2726 2580 2782 Petro
2604 2726 2873 2798 Dagnino
2891 2727 3527 2801 Priori,postRomual-

123 2813 565 2887 suaasequelam
595 2812 930 2870 dissimulat
953 2812 1359 2881 Mabillonius;
1380 2813 1479 2869 sed
1496 2812 1555 2867 in
1578 2816 1771 2867 Anna—
1877 2814 1936 2870 di
1952 2814 2175 2870 obitum
2196 2814 2561 2871 auscultasse
2576 2816 2647 2871 ab
2665 2832 2849 2888 eoque
2867 2817 3207 2874 suiOrdinis
3222 2820 3532 2876 instituen-

118 2905 274 2962 Iibus
306 2903 707 2961 Benedictinis
736 2907 880 2959 tom.
912 2902 980 2959 IV
1010 2902 1082 2957 ad
1115 2918 1337 2958 annum
1368 2901 1583 2958 Christi
1609 2902 1767 2966 1038,
1880 2904 1939 2959 di
1960 2904 2307 2959 vaticinium
2330 2908 2387 2960 et
2419 2903 2745 2976 auspicium
2778 2906 3093 2978 accepisse.
3126 2908 3295 2980 Nam,
3315 2912 3380 2963 ut
3399 2925 3529 2981 cap.

119 2996 201 3051 sic
223 3008 365 3052 eam
384 2997 582 3066 aperte
601 2992 767 3066 ponit
789 3008 802 3047 :
822 2993 1195 3063 «Antequam
1215 2990 1688 3047 Vallumbrosam
1711 3006 1774 3047 se
1880 2992 1935 3063 4,
1959 3009 2125 3047 num.
2156 2994 2211 3057 2,
2244 2992 2461 3059 notavi,
2493 2994 2845 3050 vetustiores
2871 3012 2939 3051 ex
2968 2995 3079 3065 bis,
3114 2997 3216 3070 qui
3247 3014 3370 3054 rem
3398 3014 3528 3070 ges-

116 3085 408 3158 reciperet
434 3082 711 3153 Joannes,
734 3079 1140 3138 Camaldulum
1172 3080 1466 3153 profectus
1494 3083 1604 3151 est,
1638 3096 1776 3135 san-
1826 3157 1833 3158 ί
1883 3084 2005 3136 tam
2028 3081 2387 3148 referunt,ad
2408 3082 2874 3138 Camaldulensis
2890 3085 3068 3140 eremi
3085 3086 3343 3143 Priorem
3367 3086 3534 3143 nulla

117 3157 271 3229 ctam
285 3170 818 3228 illichabitantium
834 3169 1332 3226 conversationem
1347 3169 1773 3241 exploraturus.
1807 3157 1850 3224 C
1891 3169 2148 3225 nominis
2179 3170 2583 3241 designatione
2612 3171 2986 3238 distinctum,
3018 3173 3323 3231 divertisse
3353 3176 3532 3231 Joan-

116 3266 257 3320 Erat
278 3260 480 3318 adhuc
509 3260 639 3332 ejus
668 3258 777 3315 loci
809 3259 973 3315 Prior
1002 3259 1228 3331 Petrus,
1253 3259 1352 3330 qui
1385 3263 1622 3314 sanctos
1643 3257 1775 3313 illos
1886 3275 2020 3315 nem
2051 3257 2433 3313 Gualbertum
2466 3259 2742 3325 tradunt;
2796 3261 3148 3331 posteriores
3197 3263 3256 3317 id
3297 3264 3368 3318 de
3414 3264 3535 3318 Ro-

114 3353 390 3426 hospites
422 3349 483 3406 in
512 3365 683 3406 suam
714 3348 1050 3420 societatem
1082 3349 1359 3421 adoptare
1388 3347 1650 3403 tentavit.
1675 3346 1780 3402 Ve—
1888 3346 2124 3403 mualdo
2156 3346 2370 3402 diserte
2400 3347 2879 3418 interpretantur,
2913 3348 3080 3403 illum
3107 3353 3247 3405 tunc
3304 3350 3537 3406 Camal-

121 3458 265 3497 rum
301 3456 441 3495 cum
486 3454 686 3495 eorum
743 3438 814 3494 de
870 3437 1232 3509 prmferenda
1289 3435 1635 3492 ccenobitica
1660 3435 1781 3491 vita
1889 3436 2012 3492 duli
2043 3435 2351 3508 degentem
2383 3440 2804 3508 supponentes,
2827 3454 2942 3492 non
2965 3438 3279 3509 probantes
3304 3458 3317 3509 ;
3340 3440 3540 3511 itaque

116 3528 503 3602 propositum
522 3526 920 3599 intellexisset,
938 3543 1037 3583 eos
1051 3527 1121 3583 ad
1142 3525 1286 3581 illud
1306 3525 1780 3597 persequendum
1890 3524 1951 3581 in
1984 3524 2264 3597 ambiguo
2297 3523 2497 3580 relicta
2522 3542 2614 3581 res
2647 3530 2755 3581 est.
2792 3548 2819 3575 ››
2873 3527 3133 3600 lngenua
3178 3544 3320 3583 sane
3350 3527 3561 3601 ipsius'

121 3618 485 3676 adhortatus
503 3621 611 3674 est.
632 3616 773 3672 Inde
791 3616 1047 3672 Joannes
1068 3632 1202 3671 cum
1228 3614 1403 3671 sociis
1417 3613 1785 3669 Vallumbro-
1894 3613 2210 3670 adversarii
2240 3613 2548 3669 confessio.
3258 3640 3263 3641 ί

118 3725 251 3765 sam
284 3706 565 3772 accessit,
594 3722 719 3777 quae
749 3705 942 3762 medio
974 3705 1091 3761 fere
1122 3703 1326 3760 itinere
1373 3700 1784 3759 Camaldulum
1977 3705 2099 3758 121.
2133 3702 2235 3758 His
2274 3704 2452 3774 jactis
2484 3704 2651 3776 quasi
2686 3704 3103 3774 fundamentis,
3136 3710 3353 3763 statum
3386 3724 3543 3780 quae-

122 3797 282 3853 inter
301 3801 363 3853 et
382 3794 735 3852 Florentiam
755 3794 949 3866 posita
960 3798 1070 3850 est.
1089 3812 1116 3845 ιι
1140 3794 1419 3849 Eamdem
1433 3807 1788 3862 consequen-
1896 3791 2105 3849 stionis
2127 3791 2221 3847 hic
2244 3791 2479 3863 agendae
2502 3793 2751 3849 breviter
2770 3793 3013 3866 explico,
3038 3799 3104 3850 ut
3125 3795 3374 3868 quisque
3388 3795 3545 3853 claro

120 3887 271 3943 tiam
306 3885 625 3942 admittere
655 3884 827 3940 debet
854 3883 1315 3951 Baronius,eum
1346 3881 1405 3936 in
1436 3880 1786 3948 Annalibus,
1897 3880 2185 3953 intelligat
2210 3880 2351 3951 quid
2375 3882 2696 3937 intendam.
2720 3883 2927 3939 Sciunt
2947 3884 3129 3956 igitur
3149 3901 3374 3954 omnes,
3399 3884 3545 3940 mihi

124 3982 270 4032 tom.
296 3974 479 4046 XI,ad
502 3989 726 4029 annum
750 3971 962 4028 Christi
990 3973 1128 4027 1027
1149 3973 1206 4027 S.
1233 3969 1543 4028 Romualdi
1563 3969 1790 4027 obitum
1900 3987 2018 4026 non
2049 3986 2178 4026 esse
2209 3969 2369 4025 litem
2402 3987 2537 4026 cum
2569 3972 2905 4028 auctoribus
2936 3973 3111 4045 paulo
3164 3978 3299 4030 ante
3328 3974 3546 4041 citatis,

123 4064 397 4122 collucet.
1902 4059 2002 4133 qui
2036 4059 2357 4116 S.Joannis
2376 4060 2672 4117 Gualberti
2707 4062 3019 4117 adventum
3047 4063 3106 4117 in
3130 4079 3392 4119 eremum
3441 4063 3549 4118 Ca-

202 4156 332 4210 119.
366 4152 499 4209 Seio
515 4151 677 4208 hunc
699 4166 1081 4224 congressum
1106 4150 1165 4205 S.
1197 4148 1441 4205 Joannis
1472 4147 1791 4214 Gualberti,
1904 4147 2333 4205 maldulensem
2366 4153 2499 4205 ante
2522 4167 2744 4206 annum
2768 4152 2905 4206 1027
2926 4156 3214 4208 statuunt.
3242 4152 3365 4209 Dixi
3392 4152 3551 4208 enim

138 4260 277 4299 cum
310 4244 379 4300 S.
414 4239 741 4298 Romualdo
786 4258 820 4295 a
874 4238 1170 4312 plerisque
1226 4237 1631 4310 scriptoribus,
1670 4242 1795 4292 tum
1907 4237 2275 4312 paragrapho
2306 4239 2675 4310 praecedenti,
2708 4239 2860 4296 hanc
2911 4241 3389 4309 controversiam,
3412 4257 3550 4314 spe-

138 4331 659 4389 Vallumbrosanis
679 4334 807 4385 tum
829 4326 1799 4395 Camaldulensibus,mordieuste-
1909 4332 2062 4384 ctato
2094 4326 2332 4399 praecise
2360 4331 2618 4384 veterum
2663 4329 3122 4401 biograpborum
3173 4335 3353 4403 textu,
3400 4348 3435 4387 a
3462 4347 3558 4387 me

132 4417 1122 4494 neri,quamvisdetemporehujus
1136 4416 1270 4471 facti
1284 4414 1800 4487 aliquiplurimum
1911 4416 2234 4473 indecisam
2259 4415 2723 4488 relinqui,donec
2745 4418 2991 4473 certiora
3005 4421 3299 4491 utrimque
3312 4419 3558 4475 afferan-

134 4509 292 4567 inter
323 4526 396 4567 se
427 4508 803 4574 dissentiant,
838 4507 991 4563 sicut
1029 4521 1164 4561 mox
1193 4503 1409 4560 clarius
1437 4501 1801 4592 intelligitur.
1834 4527 1883 4592 D
1912 4511 2010 4563 tur
2031 4510 2435 4574 monumenta,
2461 4522 2586 4578 quae
2610 4523 2730 4562 rem
2755 4506 2927 4579 plane
2946 4509 3274 4563 conﬁciant.
3299 4507 3424 4563 Non
3447 4511 3561 4574 est,

137 4597 370 4656 Horum
405 4601 711 4653 auctorum
744 4594 1004 4669 opinioni
1036 4598 1234 4667 aperte
1264 4594 1417 4649 favet
1445 4591 1806 4648 Breviarium
1836 4591 1843 4592 ⁷
1915 4596 2180 4667 inquam,
2214 4594 2354 4649 mihi
2392 4594 2461 4649 lis
2492 4611 2623 4650 cum
2656 4595 2748 4662 iis,
2784 4595 2883 4667 qui
2914 4597 2972 4651 S.
3005 4596 3213 4651 Jonnis
3262 4594 3565 4650 Gualberti

139 4686 510 4755 Romanum,
542 4685 699 4759 quod
732 4685 878 4741 festo
906 4686 965 4740 S.
1028 4683 1273 4739 Joannis
1315 4681 1616 4737 Gualberti
1650 4681 1723 4736 ad
1751 4696 1807 4736 XI
1919 4702 2055 4742 cum
2087 4685 2145 4740 S.
2204 4684 2527 4740 Romualdo
2578 4684 3073 4740 conversationem
3133 4683 3476 4755 defendunt,
3508 4688 3568 4739 et

135 4776 277 4833 Julii
301 4777 373 4832 in
397 4774 754 4831 lectionibus
777 4772 1029 4847 propriis
1046 4786 1319 4844 expresse
1342 4769 1521 4825 tradit
1540 4773 1807 4825 sanctum
1919 4772 2098 4830 simul
2129 4773 2186 4828 S.
2222 4772 2612 4827 Romualdum
2643 4776 2777 4827 ante
2809 4789 3033 4827 annum
3086 4774 3226 4827 1027
3265 4776 3567 4827 mortuum

134 4865 447 4922 Joannem
478 4864 552 4919 ad
582 4861 1049 4919 Camaldulensis
1074 4858 1521 4917 eremiincolam
1542 4858 1813 4915 Romual-
1920 4878 2047 4918 esse
2080 4861 2442 4927 concedunt;
2480 4859 2673 4930 qualis
2704 4859 2855 4915 inter
2886 4859 3030 4916 alios
3060 4866 3150 4917 est
3197 4860 3566 4933 Augustinus

135 4954 288 5011 dum
317 4952 657 5028 profectum
683 4968 833 5020 esse,
855 4951 928 5007 ab
947 4966 1130 5022 eoque
1152 4948 1418 5005 ccelicum
1440 4948 1531 5003 sui
1554 4948 1811 5003 instituti
1924 4951 2260 5017 Fortunius,
2296 4950 2397 5021 qui
2428 4947 2530 5003 lib.
2569 4967 2586 5003 ι
2642 4950 2791 5004 Hist.
2855 4950 3141 5021 Camald.,
3204 4968 3331 5022 cap.
3362 4950 3454 5021 34,
3487 4949 3570 5005 ita

134 5043 506 5101 vaticinium
538 5042 853 5114 accepisse.
888 5040 1206 5111 Utramque
1226 5039 1376 5093 hanc
1407 5037 1812 5093 auctoritatem
1927 5040 2134 5098 scribit
2162 5056 2175 5095 :
2202 5039 2450 5110 «Itaque
2474 5039 2532 5106 Β,
2555 5037 2830 5107 Joannes,
2856 5040 3214 5096 sanctissimi
3236 5039 3427 5094 Patris
3458 5038 3570 5093 Ro-

140 5134 442 5208 proponit
470 5130 661 5187 Guido
693 5131 965 5187 Grandus
997 5128 1237 5185 Dissert.
1271 5131 1326 5195 2,
1352 5144 1477 5199 cap.
1503 5129 1556 5198 4,
1583 5143 1747 5182 num.
1774 5145 1813 5199 Ι,
1925 5128 2148 5186 mualdi
2182 5127 2586 5183 benedictione
2616 5130 2906 5196 munitus,
2938 5146 3005 5185 ex
3034 5146 3227 5185 eremo
3249 5126 3571 5184 Camalduli

140 5220 472 5279 sententiae
504 5237 625 5276 sua:
654 5220 1103 5276 fundamentum
1128 5219 1323 5289 jacere
1370 5217 1679 5289 incipiens,
1722 5216 1816 5273 his
1937 5219 2234 5285 recedens,
2270 5218 2329 5272 in
2362 5216 2862 5274 Vallis-Umbrosaz
2900 5219 3129 5275 additas
3177 5219 3577 5288 obscurasque

132 5312 343 5368 verbis
374 5328 391 5365 :
431 5332 460 5359 ‹‹
493 5310 557 5365 Id
589 5308 788 5381 itaque
804 5309 930 5380 jam
964 5307 1316 5380 persuadere
1366 5305 1713 5361 conabimur
1750 5322 1818 5361 ex
1929 5309 2109 5364 silvas
2140 5322 2267 5363 sese
2298 5307 2551 5378 recepit;
2589 5329 2616 5355 ››
2650 5324 2714 5362 ac
2746 5308 2955 5364 deinde
2986 5309 3253 5379 ejusdem
3282 5306 3416 5389 l'ibri
3446 5322 3572 5377 cap.

140 5402 207 5457 D.
240 5398 508 5457 Joannis
542 5397 842 5454 Gualberti
874 5397 946 5453 ad
969 5394 1414 5453 Camaldulense
1435 5410 1697 5450 eremum
1722 5395 1819 5449 ad-
1928 5399 2016 5468 40,
2050 5397 2305 5451 affirmat
2338 5396 2493 5468 quod
2523 5418 2551 5445 «
2571 5395 2687 5451 Deo
2706 5395 2916 5468 plenus
2936 5398 3182 5453 antistes
3202 5394 3577 5452 Theodaldus

134 5495 357 5560 ventu,
399 5488 504 5560 qui
536 5503 651 5543 non
711 5491 847 5542 ante
903 5502 1123 5543 annum
1180 5485 1316 5539 1034
1371 5482 1462 5539 vel
1513 5483 1652 5536 1036
1680 5499 1819 5538 con-
1928 5502 2081 5541 anno
2123 5486 2280 5553 1027,
2313 5489 2446 5557 post
2474 5484 2698 5540 felicem
2733 5490 2788 5541 ὃ.
2824 5486 3134 5542 Romualdi
3165 5486 3577 5542 transitum....

134 5582 392 5655 tingere
429 5575 754 5633 certissime
778 5576 971 5649 potuit
1000 5592 1135 5633 cum
1184 5579 1380 5631 tamen
1431 5571 1511 5627 ibi
1561 5572 1671 5628 sub
1711 5572 1820 5631 Ro-
1931 5574 2181 5650 primam
2205 5574 2604 5647 donationem,
2628 5573 3005 5651 primumque
3026 5574 3413 5649 exemptionis
3429 5572 3578 5633 acli-

494 5704 756 5769 Paraon.
802 5704 1057 5770 CXLVI.
3177 5707 3257 5793 24
