  <div class='ocr_page' id='page_1' title='image "/cluster/home/n/w/nwhite01/storage/ocr_20150623/146/hvd.32044054760053/379.png"; bbox 0 0 4030 6164; ppageno 0'>
   <div class='ocr_carea' id='block_1_1' title="bbox 461 252 575 309">
    <p class='ocr_par' dir='ltr' id='par_1_1' title="bbox 461 252 575 309">
     <span class='ocr_line' id='line_1_1' title="bbox 461 252 575 309; baseline 0.009 -1"><span class='ocrx_word' id='word_1_1' title='bbox 461 252 575 309; x_wconf 76' lang='grc'>747</span> 
     </span>
    </p>
   </div>
   <div class='ocr_carea' id='block_1_2' title="bbox 1514 242 2827 309">
    <p class='ocr_par' dir='ltr' id='par_1_2' title="bbox 1514 242 2827 309">
     <span class='ocr_line' id='line_1_2' title="bbox 1514 242 2827 309; baseline -0.003 -2"><span class='ocrx_word' id='word_1_2' title='bbox 1514 249 1577 307; x_wconf 91' lang='lat' dir='ltr'>S.</span> <span class='ocrx_word' id='word_1_3' title='bbox 1624 244 1950 309; x_wconf 80' lang='lat' dir='ltr'>JOANNIS</span> <span class='ocrx_word' id='word_1_4' title='bbox 1998 242 2447 305; x_wconf 79' lang='lat' dir='ltr'>GUALBERTI</span> <span class='ocrx_word' id='word_1_5' title='bbox 2492 243 2827 304; x_wconf 85' lang='lat' dir='ltr'>ABBATIS</span> 
     </span>
    </p>
   </div>
   <div class='ocr_carea' id='block_1_3' title="bbox 3737 250 3849 309">
    <p class='ocr_par' dir='ltr' id='par_1_3' title="bbox 3737 250 3849 309">
     <span class='ocr_line' id='line_1_3' title="bbox 3737 250 3849 309; baseline 0.018 -2"><span class='ocrx_word' id='word_1_6' title='bbox 3737 250 3849 309; x_wconf 54' lang='lat'>7&amp;8</span> 
     </span>
    </p>
   </div>
   <div class='ocr_carea' id='block_1_4' title="bbox 465 374 3858 452">
    <p class='ocr_par' dir='ltr' id='par_1_4' title="bbox 465 374 3858 452">
     <span class='ocr_line' id='line_1_4' title="bbox 465 374 3858 452; baseline 0.001 -17"><span class='ocrx_word' id='word_1_7' title='bbox 465 380 712 436; x_wconf 90' lang='lat' dir='ltr'>bertatis</span> <span class='ocrx_word' id='word_1_8' title='bbox 735 380 1100 452; x_wconf 84' lang='lat' dir='ltr'>privilegium</span> <span class='ocrx_word' id='word_1_9' title='bbox 1142 396 1317 434; x_wconf 65' lang='lat' dir='ltr'>sacrae</span> <span class='ocrx_word' id='word_1_10' title='bbox 1342 393 1534 434; x_wconf 86' lang='lat' dir='ltr'>eremo</span> <span class='ocrx_word' id='word_1_11' title='bbox 1559 377 1978 435; x_wconf 84' lang='lat' dir='ltr'>concesserit.»</span> <span class='ocrx_word' id='word_1_12' title='bbox 2011 377 2122 430; x_wconf 89' lang='lat' dir='ltr'>lta-</span> <span class='ocrx_word' id='word_1_13' title='bbox 2152 376 2208 441; x_wconf 87' lang='grc' dir='ltr'><strong>Α</strong></span> <span class='ocrx_word' id='word_1_14' title='bbox 2236 374 2584 446; x_wconf 72' lang='lat' dir='ltr'>templativaa</span> <span class='ocrx_word' id='word_1_15' title='bbox 2624 375 2751 430; x_wconf 77' lang='lat' dir='ltr'>vitm</span> <span class='ocrx_word' id='word_1_16' title='bbox 2810 376 2926 430; x_wconf 91' lang='lat' dir='ltr'>Deo</span> <span class='ocrx_word' id='word_1_17' title='bbox 2982 375 3357 431; x_wconf 89' lang='lat' dir='ltr'>serventium.</span> <span class='ocrx_word' id='word_1_18' title='bbox 3416 376 3858 451; x_wconf 87' lang='lat' dir='ltr'>Constructaque</span> 
     </span>
    </p>
   </div>
   <div class='ocr_carea' id='block_1_5' title="bbox 469 467 2119 540">
    <p class='ocr_par' dir='ltr' id='par_1_5' title="bbox 469 467 2119 540">
     <span class='ocr_line' id='line_1_5' title="bbox 469 467 2119 540; baseline -0.004 -16"><span class='ocrx_word' id='word_1_19' title='bbox 469 485 581 540; x_wconf 90' lang='lat' dir='ltr'>que</span> <span class='ocrx_word' id='word_1_20' title='bbox 602 468 1006 524; x_wconf 82' lang='lat' dir='ltr'>tantummodo</span> <span class='ocrx_word' id='word_1_21' title='bbox 1021 468 1597 536; x_wconf 86' lang='lat' dir='ltr'>contendo,admissa</span> <span class='ocrx_word' id='word_1_22' title='bbox 1620 467 1905 523; x_wconf 89' lang='lat' dir='ltr'>sententia</span> <span class='ocrx_word' id='word_1_23' title='bbox 1919 481 2119 521; x_wconf 89' lang='lat' dir='ltr'>eorum</span> 
     </span>
    </p>
   </div>
   <div class='ocr_carea' id='block_1_6' title="bbox 470 554 2122 632">
    <p class='ocr_par' dir='ltr' id='par_1_6' title="bbox 470 554 2122 632">
     <span class='ocr_line' id='line_1_6' title="bbox 470 554 2122 632; baseline -0.002 -20"><span class='ocrx_word' id='word_1_24' title='bbox 470 558 569 632; x_wconf 89' lang='lat' dir='ltr'>qui</span> <span class='ocrx_word' id='word_1_25' title='bbox 602 558 656 611; x_wconf 87' lang='lat' dir='ltr'>S.</span> <span class='ocrx_word' id='word_1_26' title='bbox 688 556 934 611; x_wconf 85' lang='lat' dir='ltr'>Joannis</span> <span class='ocrx_word' id='word_1_27' title='bbox 959 555 1257 611; x_wconf 89' lang='lat' dir='ltr'>Gualherti</span> <span class='ocrx_word' id='word_1_28' title='bbox 1290 558 1623 629; x_wconf 85' lang='lat' dir='ltr'>ingressum</span> <span class='ocrx_word' id='word_1_29' title='bbox 1656 556 1713 611; x_wconf 93' lang='lat' dir='ltr'>in</span> <span class='ocrx_word' id='word_1_30' title='bbox 1735 572 1998 611; x_wconf 80' lang='lat' dir='ltr'>eremum</span> <span class='ocrx_word' id='word_1_31' title='bbox 2021 554 2122 609; x_wconf 88' lang='lat' dir='ltr'>Ca-</span> 
     </span>
    </p>
   </div>
   <div class='ocr_carea' id='block_1_7' title="bbox 472 642 2120 717">
    <p class='ocr_par' dir='ltr' id='par_1_7' title="bbox 472 642 2120 717">
     <span class='ocr_line' id='line_1_7' title="bbox 472 642 2120 717; baseline -0.002 -16"><span class='ocrx_word' id='word_1_32' title='bbox 472 645 873 701; x_wconf 85' lang='lat' dir='ltr'>madulensem</span> <span class='ocrx_word' id='word_1_33' title='bbox 899 645 1052 700; x_wconf 91' lang='lat' dir='ltr'>ultra</span> <span class='ocrx_word' id='word_1_34' title='bbox 1067 662 1286 700; x_wconf 89' lang='lat' dir='ltr'>annum</span> <span class='ocrx_word' id='word_1_35' title='bbox 1312 648 1448 699; x_wconf 74' lang='lat'>1027</span> <span class='ocrx_word' id='word_1_36' title='bbox 1474 642 2120 717; x_wconf 74' lang='lat' dir='ltr'>dilferunt,prohabilis-</span> 
     </span>
    </p>
   </div>
   <div class='ocr_carea' id='block_1_8' title="bbox 473 732 2121 806">
    <p class='ocr_par' dir='ltr' id='par_1_8' title="bbox 473 732 2121 806">
     <span class='ocr_line' id='line_1_8' title="bbox 473 732 2121 806; baseline -0.002 -16"><span class='ocrx_word' id='word_1_37' title='bbox 473 734 619 790; x_wconf 89' lang='lat' dir='ltr'>sime</span> <span class='ocrx_word' id='word_1_38' title='bbox 643 734 809 805; x_wconf 90' lang='lat' dir='ltr'>sequi</span> <span class='ocrx_word' id='word_1_39' title='bbox 842 736 998 806; x_wconf 92' lang='lat' dir='ltr'>quod</span> <span class='ocrx_word' id='word_1_40' title='bbox 1031 736 1086 789; x_wconf 92' lang='lat' dir='ltr'>S.</span> <span class='ocrx_word' id='word_1_41' title='bbox 1110 735 1476 790; x_wconf 86' lang='lat' dir='ltr'>Romualdus</span> <span class='ocrx_word' id='word_1_42' title='bbox 1502 737 1573 791; x_wconf 90' lang='lat' dir='ltr'>ab</span> <span class='ocrx_word' id='word_1_43' title='bbox 1597 752 1662 791; x_wconf 91' lang='lat' dir='ltr'>eo</span> <span class='ocrx_word' id='word_1_44' title='bbox 1689 739 1813 789; x_wconf 90' lang='lat' dir='ltr'>tum</span> <span class='ocrx_word' id='word_1_45' title='bbox 1839 732 2121 806; x_wconf 90' lang='lat' dir='ltr'>temporis</span> 
     </span>
    </p>
   </div>
   <div class='ocr_carea' id='block_1_9' title="bbox 470 823 1475 894">
    <p class='ocr_par' dir='ltr' id='par_1_9' title="bbox 470 823 1475 894">
     <span class='ocr_line' id='line_1_9' title="bbox 470 823 1475 894; baseline -0.001 -15"><span class='ocrx_word' id='word_1_46' title='bbox 470 823 551 879; x_wconf 89' lang='lat' dir='ltr'>ibi</span> <span class='ocrx_word' id='word_1_47' title='bbox 583 840 699 878; x_wconf 89' lang='lat' dir='ltr'>non</span> <span class='ocrx_word' id='word_1_48' title='bbox 730 823 987 894; x_wconf 91' lang='lat' dir='ltr'>potuerit</span> <span class='ocrx_word' id='word_1_49' title='bbox 1016 824 1178 879; x_wconf 89' lang='lat' dir='ltr'>vivus</span> <span class='ocrx_word' id='word_1_50' title='bbox 1210 824 1475 879; x_wconf 82' lang='lat' dir='ltr'>inveniri.</span> 
     </span>
    </p>
   </div>
   <div class='ocr_carea' id='block_1_10' title="bbox 543 911 2119 985">
    <p class='ocr_par' dir='ltr' id='par_1_10' title="bbox 543 911 2119 985">
     <span class='ocr_line' id='line_1_10' title="bbox 543 911 2119 985; baseline -0.002 -18"><span class='ocrx_word' id='word_1_51' title='bbox 543 913 666 969; x_wconf 76' lang='lat'>122.</span> <span class='ocrx_word' id='word_1_52' title='bbox 684 912 829 966; x_wconf 88' lang='lat' dir='ltr'>Huic</span> <span class='ocrx_word' id='word_1_53' title='bbox 845 915 1273 984; x_wconf 75' lang='lat' dir='ltr'>consequentiae</span> <span class='ocrx_word' id='word_1_54' title='bbox 1290 914 1564 969; x_wconf 89' lang='lat' dir='ltr'>manibus</span> <span class='ocrx_word' id='word_1_55' title='bbox 1580 914 1939 985; x_wconf 86' lang='lat' dir='ltr'>pedibusque</span> <span class='ocrx_word' id='word_1_56' title='bbox 1954 911 2119 966; x_wconf 91' lang='lat' dir='ltr'>obni-</span> 
     </span>
    </p>
   </div>
   <div class='ocr_carea' id='block_1_11' title="bbox 472 1001 2122 1072">
    <p class='ocr_par' dir='ltr' id='par_1_11' title="bbox 472 1001 2122 1072">
     <span class='ocr_line' id='line_1_11' title="bbox 472 1001 2122 1072; baseline -0.002 -15"><span class='ocrx_word' id='word_1_57' title='bbox 472 1003 616 1057; x_wconf 86' lang='lat' dir='ltr'>titur</span> <span class='ocrx_word' id='word_1_58' title='bbox 647 1018 797 1072; x_wconf 69' lang='lat' dir='ltr'>saepe</span> <span class='ocrx_word' id='word_1_59' title='bbox 820 1003 946 1072; x_wconf 90' lang='lat' dir='ltr'>jam</span> <span class='ocrx_word' id='word_1_60' title='bbox 978 1001 1250 1057; x_wconf 89' lang='lat' dir='ltr'>laudatus</span> <span class='ocrx_word' id='word_1_61' title='bbox 1280 1004 1465 1058; x_wconf 89' lang='lat' dir='ltr'>Guido</span> <span class='ocrx_word' id='word_1_62' title='bbox 1498 1003 1789 1071; x_wconf 86' lang='lat' dir='ltr'>Grandus,</span> <span class='ocrx_word' id='word_1_63' title='bbox 1825 1003 2122 1072; x_wconf 81' lang='lat' dir='ltr'>vitamque</span> 
     </span>
    </p>
   </div>
   <div class='ocr_carea' id='block_1_12' title="bbox 474 1089 2121 1163">
    <p class='ocr_par' dir='ltr' id='par_1_12' title="bbox 474 1089 2121 1163">
     <span class='ocr_line' id='line_1_12' title="bbox 474 1089 2121 1163; baseline -0.003 -16"><span class='ocrx_word' id='word_1_64' title='bbox 474 1094 532 1148; x_wconf 88' lang='lat' dir='ltr'>S.</span> <span class='ocrx_word' id='word_1_65' title='bbox 566 1090 751 1147; x_wconf 81' lang='lat' dir='ltr'>Patris</span> <span class='ocrx_word' id='word_1_66' title='bbox 782 1090 873 1145; x_wconf 89' lang='lat' dir='ltr'>sui</span> <span class='ocrx_word' id='word_1_67' title='bbox 926 1091 1234 1147; x_wconf 82' lang='lat' dir='ltr'>Romualdi</span> <span class='ocrx_word' id='word_1_68' title='bbox 1295 1109 1481 1163; x_wconf 90' lang='lat' dir='ltr'>usque</span> <span class='ocrx_word' id='word_1_69' title='bbox 1520 1093 1590 1147; x_wconf 89' lang='lat' dir='ltr'>ad</span> <span class='ocrx_word' id='word_1_70' title='bbox 1653 1108 1870 1146; x_wconf 90' lang='lat' dir='ltr'>annum</span> <span class='ocrx_word' id='word_1_71' title='bbox 1906 1089 2121 1144; x_wconf 80' lang='lat' dir='ltr'>Christi</span> 
     </span>
    </p>
   </div>
   <div class='ocr_carea' id='block_1_13' title="bbox 476 1179 2121 1253">
    <p class='ocr_par' dir='ltr' id='par_1_13' title="bbox 476 1179 2121 1253">
     <span class='ocr_line' id='line_1_13' title="bbox 476 1179 2121 1253; baseline -0.001 -18"><span class='ocrx_word' id='word_1_72' title='bbox 476 1182 615 1235; x_wconf 85' lang='grc'>1037</span> <span class='ocrx_word' id='word_1_73' title='bbox 647 1179 975 1252; x_wconf 83' lang='lat' dir='ltr'>protrahit;</span> <span class='ocrx_word' id='word_1_74' title='bbox 1008 1180 1065 1235; x_wconf 93' lang='lat' dir='ltr'>in</span> <span class='ocrx_word' id='word_1_75' title='bbox 1095 1181 1426 1253; x_wconf 89' lang='lat' dir='ltr'>Appendice</span> <span class='ocrx_word' id='word_1_76' title='bbox 1457 1185 1653 1236; x_wconf 91' lang='lat' dir='ltr'>autem</span> <span class='ocrx_word' id='word_1_77' title='bbox 1681 1185 1811 1252; x_wconf 90' lang='lat' dir='ltr'>post</span> <span class='ocrx_word' id='word_1_78' title='bbox 1844 1180 2121 1234; x_wconf 84' lang='lat' dir='ltr'>disserta-</span> 
     </span>
    </p>
   </div>
   <div class='ocr_carea' id='block_1_14' title="bbox 470 1268 2121 1326">
    <p class='ocr_par' dir='ltr' id='par_1_14' title="bbox 470 1268 2121 1326">
     <span class='ocr_line' id='line_1_14' title="bbox 470 1268 2121 1326; baseline -0.001 -3"><span class='ocrx_word' id='word_1_79' title='bbox 470 1270 689 1324; x_wconf 88' lang='lat' dir='ltr'>tionem</span> <span class='ocrx_word' id='word_1_80' title='bbox 722 1270 1041 1325; x_wconf 89' lang='lat' dir='ltr'>secundam</span> <span class='ocrx_word' id='word_1_81' title='bbox 1074 1272 1221 1326; x_wconf 91' lang='lat' dir='ltr'>duas</span> <span class='ocrx_word' id='word_1_82' title='bbox 1262 1270 1662 1326; x_wconf 81' lang='lat' dir='ltr'>Romualdinae</span> <span class='ocrx_word' id='word_1_83' title='bbox 1717 1270 1862 1323; x_wconf 66' lang='lat' dir='ltr'>Vita:</span> <span class='ocrx_word' id='word_1_84' title='bbox 1890 1268 2121 1323; x_wconf 77' lang='lat' dir='ltr'>exhibet</span> 
     </span>
    </p>
   </div>
   <div class='ocr_carea' id='block_1_15' title="bbox 472 1357 2123 1432">
    <p class='ocr_par' dir='ltr' id='par_1_15' title="bbox 472 1357 2123 1432">
     <span class='ocr_line' id='line_1_15' title="bbox 472 1357 2123 1432; baseline -0.002 -17"><span class='ocrx_word' id='word_1_85' title='bbox 472 1359 704 1415; x_wconf 89' lang='lat' dir='ltr'>tabulas</span> <span class='ocrx_word' id='word_1_86' title='bbox 734 1357 1193 1431; x_wconf 90' lang='lat' dir='ltr'>chronologicas,</span> <span class='ocrx_word' id='word_1_87' title='bbox 1224 1362 1282 1415; x_wconf 92' lang='lat' dir='ltr'>in</span> <span class='ocrx_word' id='word_1_88' title='bbox 1309 1377 1557 1432; x_wconf 89' lang='lat' dir='ltr'>quarum</span> <span class='ocrx_word' id='word_1_89' title='bbox 1588 1360 1777 1430; x_wconf 89' lang='lat' dir='ltr'>prima</span> <span class='ocrx_word' id='word_1_90' title='bbox 1800 1360 1869 1413; x_wconf 91' lang='lat' dir='ltr'>ad</span> <span class='ocrx_word' id='word_1_91' title='bbox 1902 1374 2123 1413; x_wconf 89' lang='lat' dir='ltr'>annum</span> 
     </span>
    </p>
   </div>
   <div class='ocr_carea' id='block_1_16' title="bbox 474 1448 2124 1520">
    <p class='ocr_par' dir='ltr' id='par_1_16' title="bbox 474 1448 2124 1520">
     <span class='ocr_line' id='line_1_16' title="bbox 474 1448 2124 1520; baseline -0.004 -14"><span class='ocrx_word' id='word_1_92' title='bbox 474 1448 869 1520; x_wconf 77' lang='lat' dir='ltr'>Christi1026,</span> <span class='ocrx_word' id='word_1_93' title='bbox 893 1455 1054 1506; x_wconf 90' lang='lat' dir='ltr'>notat</span> <span class='ocrx_word' id='word_1_94' title='bbox 1078 1450 1417 1520; x_wconf 87' lang='lat' dir='ltr'>sequentia:</span> <span class='ocrx_word' id='word_1_95' title='bbox 1452 1472 1471 1498; x_wconf 78' lang='grc' dir='ltr'>α</span> <span class='ocrx_word' id='word_1_96' title='bbox 1495 1448 1905 1505; x_wconf 88' lang='lat' dir='ltr'>Camaldulum</span> <span class='ocrx_word' id='word_1_97' title='bbox 1934 1449 1991 1503; x_wconf 90' lang='lat' dir='ltr'>S.</span> <span class='ocrx_word' id='word_1_98' title='bbox 2022 1452 2124 1501; x_wconf 90' lang='lat' dir='ltr'>Pa-</span> 
     </span>
    </p>
   </div>
   <div class='ocr_carea' id='block_1_17' title="bbox 473 1537 2122 1610">
    <p class='ocr_par' dir='ltr' id='par_1_17' title="bbox 473 1537 2122 1610">
     <span class='ocr_line' id='line_1_17' title="bbox 473 1537 2122 1610; baseline -0.005 -12"><span class='ocrx_word' id='word_1_99' title='bbox 473 1548 562 1599; x_wconf 92' lang='lat' dir='ltr'>ter</span> <span class='ocrx_word' id='word_1_100' title='bbox 578 1543 808 1598; x_wconf 90' lang='lat' dir='ltr'>rediens</span> <span class='ocrx_word' id='word_1_101' title='bbox 829 1543 1111 1597; x_wconf 85' lang='lat' dir='ltr'>Joannem</span> <span class='ocrx_word' id='word_1_102' title='bbox 1126 1538 1509 1594; x_wconf 89' lang='lat' dir='ltr'>Gualbertum</span> <span class='ocrx_word' id='word_1_103' title='bbox 1525 1539 1595 1593; x_wconf 88' lang='lat' dir='ltr'>ad</span> <span class='ocrx_word' id='word_1_104' title='bbox 1612 1554 1671 1593; x_wconf 90' lang='lat' dir='ltr'>se</span> <span class='ocrx_word' id='word_1_105' title='bbox 1686 1537 2122 1610; x_wconf 88' lang='lat' dir='ltr'>confugientem</span> 
     </span>
    </p>
   </div>
   <div class='ocr_carea' id='block_1_18' title="bbox 476 1626 2123 1704">
    <p class='ocr_par' dir='ltr' id='par_1_18' title="bbox 476 1626 2123 1704">
     <span class='ocr_line' id='line_1_18' title="bbox 476 1626 2123 1704; baseline -0.005 -17"><span class='ocrx_word' id='word_1_106' title='bbox 476 1648 579 1704; x_wconf 90' lang='lat' dir='ltr'>per</span> <span class='ocrx_word' id='word_1_107' title='bbox 607 1648 708 1687; x_wconf 85' lang='lat' dir='ltr'>sex</span> <span class='ocrx_word' id='word_1_108' title='bbox 738 1646 969 1687; x_wconf 87' lang='lat' dir='ltr'>menses</span> <span class='ocrx_word' id='word_1_109' title='bbox 1000 1629 1179 1700; x_wconf 90' lang='lat' dir='ltr'>(unde</span> <span class='ocrx_word' id='word_1_110' title='bbox 1211 1626 1667 1682; x_wconf 90' lang='lat' dir='ltr'>determinatum</span> <span class='ocrx_word' id='word_1_111' title='bbox 1698 1626 1855 1681; x_wconf 89' lang='lat' dir='ltr'>istud</span> <span class='ocrx_word' id='word_1_112' title='bbox 1889 1629 2123 1696; x_wconf 88' lang='lat' dir='ltr'>tempus</span> 
     </span>
    </p>
   </div>
   <div class='ocr_carea' id='block_1_19' title="bbox 476 1714 2201 1813">
    <p class='ocr_par' dir='ltr' id='par_1_19' title="bbox 476 1714 2201 1813">
     <span class='ocr_line' id='line_1_19' title="bbox 476 1714 2201 1813; baseline -0.007 -36"><span class='ocrx_word' id='word_1_113' title='bbox 476 1721 760 1789; x_wconf 89' lang='lat' dir='ltr'>hauserit,</span> <span class='ocrx_word' id='word_1_114' title='bbox 795 1720 943 1775; x_wconf 91' lang='lat' dir='ltr'>scire</span> <span class='ocrx_word' id='word_1_115' title='bbox 974 1719 1133 1787; x_wconf 88' lang='lat' dir='ltr'>aveo)</span> <span class='ocrx_word' id='word_1_116' title='bbox 1164 1716 1471 1771; x_wconf 73' lang='lat' dir='ltr'>eremiticm</span> <span class='ocrx_word' id='word_1_117' title='bbox 1518 1715 1645 1769; x_wconf 71' lang='lat' dir='ltr'>vitas</span> <span class='ocrx_word' id='word_1_118' title='bbox 1696 1714 2001 1785; x_wconf 67' lang='lat' dir='ltr'>praeceptis</span> <span class='ocrx_word' id='word_1_119' title='bbox 2034 1714 2121 1767; x_wconf 87' lang='lat' dir='ltr'>in-</span> <span class='ocrx_word' id='word_1_120' title='bbox 2155 1750 2201 1813; x_wconf 78' lang='grc' dir='ltr'><strong>Β</strong></span> 
     </span>
    </p>
   </div>
   <div class='ocr_carea' id='block_1_20' title="bbox 486 1802 2122 1875">
    <p class='ocr_par' dir='ltr' id='par_1_20' title="bbox 486 1802 2122 1875">
     <span class='ocr_line' id='line_1_20' title="bbox 486 1802 2122 1875; baseline -0.005 -10"><span class='ocrx_word' id='word_1_121' title='bbox 486 1810 682 1875; x_wconf 91' lang='lat' dir='ltr'>struit,</span> <span class='ocrx_word' id='word_1_122' title='bbox 707 1825 841 1863; x_wconf 83' lang='lat' dir='ltr'>mox</span> <span class='ocrx_word' id='word_1_123' title='bbox 862 1823 970 1863; x_wconf 91' lang='lat' dir='ltr'>sua</span> <span class='ocrx_word' id='word_1_124' title='bbox 989 1805 1389 1860; x_wconf 87' lang='lat' dir='ltr'>benedictione</span> <span class='ocrx_word' id='word_1_125' title='bbox 1411 1808 1468 1858; x_wconf 90' lang='lat' dir='ltr'>et</span> <span class='ocrx_word' id='word_1_126' title='bbox 1497 1802 1768 1857; x_wconf 89' lang='lat' dir='ltr'>vaticinio</span> <span class='ocrx_word' id='word_1_127' title='bbox 1793 1802 2028 1857; x_wconf 88' lang='lat' dir='ltr'>Ordinis</span> <span class='ocrx_word' id='word_1_128' title='bbox 2051 1803 2122 1857; x_wconf 90' lang='lat' dir='ltr'>ab</span> 
     </span>
    </p>
   </div>
   <div class='ocr_carea' id='block_1_21' title="bbox 486 1891 2123 1961">
    <p class='ocr_par' dir='ltr' id='par_1_21' title="bbox 486 1891 2123 1961">
     <span class='ocr_line' id='line_1_21' title="bbox 486 1891 2123 1961; baseline -0.004 -10"><span class='ocrx_word' id='word_1_129' title='bbox 486 1898 585 1953; x_wconf 93' lang='lat' dir='ltr'>illo</span> <span class='ocrx_word' id='word_1_130' title='bbox 619 1895 962 1952; x_wconf 89' lang='lat' dir='ltr'>instituendi</span> <span class='ocrx_word' id='word_1_131' title='bbox 997 1894 1067 1948; x_wconf 88' lang='lat' dir='ltr'>ad</span> <span class='ocrx_word' id='word_1_132' title='bbox 1101 1892 1317 1947; x_wconf 85' lang='lat' dir='ltr'>Vallem</span> <span class='ocrx_word' id='word_1_133' title='bbox 1351 1892 1699 1946; x_wconf 90' lang='lat' dir='ltr'>Umbrosam</span> <span class='ocrx_word' id='word_1_134' title='bbox 1752 1891 1867 1945; x_wconf 88' lang='lat' dir='ltr'>sive</span> <span class='ocrx_word' id='word_1_135' title='bbox 1897 1892 2123 1961; x_wconf 90' lang='lat' dir='ltr'>Aquam</span> 
     </span>
    </p>
   </div>
   <div class='ocr_carea' id='block_1_22' title="bbox 490 1980 2122 2053">
    <p class='ocr_par' dir='ltr' id='par_1_22' title="bbox 490 1980 2122 2053">
     <span class='ocr_line' id='line_1_22' title="bbox 490 1980 2122 2053; baseline -0.004 -13"><span class='ocrx_word' id='word_1_136' title='bbox 490 1985 709 2041; x_wconf 90' lang='lat' dir='ltr'>Bellam</span> <span class='ocrx_word' id='word_1_137' title='bbox 740 1983 1000 2038; x_wconf 88' lang='lat' dir='ltr'>dimittit.</span> <span class='ocrx_word' id='word_1_138' title='bbox 1028 2004 1055 2031; x_wconf 87' lang='grc'><strong>››</strong></span> <span class='ocrx_word' id='word_1_139' title='bbox 1087 1981 1205 2037; x_wconf 87' lang='lat' dir='ltr'>Hoc</span> <span class='ocrx_word' id='word_1_140' title='bbox 1235 1986 1491 2053; x_wconf 75' lang='lat' dir='ltr'>systema</span> <span class='ocrx_word' id='word_1_141' title='bbox 1520 1997 1716 2051; x_wconf 89' lang='lat' dir='ltr'>suum,</span> <span class='ocrx_word' id='word_1_142' title='bbox 1767 1980 1924 2051; x_wconf 90' lang='lat' dir='ltr'>quod</span> <span class='ocrx_word' id='word_1_143' title='bbox 1952 1980 2122 2034; x_wconf 88' lang='lat' dir='ltr'>innu-</span> 
     </span>
    </p>
   </div>
   <div class='ocr_carea' id='block_1_23' title="bbox 477 2068 2125 2140">
    <p class='ocr_par' dir='ltr' id='par_1_23' title="bbox 477 2068 2125 2140">
     <span class='ocr_line' id='line_1_23' title="bbox 477 2068 2125 2140; baseline -0.005 -9"><span class='ocrx_word' id='word_1_144' title='bbox 477 2075 657 2131; x_wconf 87' lang='lat' dir='ltr'>meris</span> <span class='ocrx_word' id='word_1_145' title='bbox 679 2072 1126 2129; x_wconf 90' lang='lat' dir='ltr'>difﬁcultatibus</span> <span class='ocrx_word' id='word_1_146' title='bbox 1148 2071 1479 2140; x_wconf 82' lang='lat' dir='ltr'>subjectum</span> <span class='ocrx_word' id='word_1_147' title='bbox 1503 2074 1611 2139; x_wconf 88' lang='lat' dir='ltr'>est,</span> <span class='ocrx_word' id='word_1_148' title='bbox 1637 2068 1813 2125; x_wconf 84' lang='lat' dir='ltr'>variis</span> <span class='ocrx_word' id='word_1_149' title='bbox 1835 2070 2125 2140; x_wconf 88' lang='lat' dir='ltr'>conjectu-</span> 
     </span>
    </p>
   </div>
   <div class='ocr_carea' id='block_1_24' title="bbox 478 2159 2124 2232">
    <p class='ocr_par' dir='ltr' id='par_1_24' title="bbox 478 2159 2124 2232">
     <span class='ocr_line' id='line_1_24' title="bbox 478 2159 2124 2232; baseline -0.005 -13"><span class='ocrx_word' id='word_1_150' title='bbox 478 2165 557 2220; x_wconf 91' lang='lat' dir='ltr'>ris</span> <span class='ocrx_word' id='word_1_151' title='bbox 588 2168 643 2219; x_wconf 88' lang='lat' dir='ltr'>et</span> <span class='ocrx_word' id='word_1_152' title='bbox 674 2162 952 2219; x_wconf 88' lang='lat' dir='ltr'>contortis</span> <span class='ocrx_word' id='word_1_153' title='bbox 1008 2159 1517 2232; x_wconf 87' lang='lat' dir='ltr'>explicationibus,</span> <span class='ocrx_word' id='word_1_154' title='bbox 1578 2159 1889 2213; x_wconf 91' lang='lat' dir='ltr'>artiﬁciose</span> <span class='ocrx_word' id='word_1_155' title='bbox 1930 2163 2124 2212; x_wconf 89' lang='lat' dir='ltr'>tamen</span> 
     </span>
    </p>
   </div>
   <div class='ocr_carea' id='block_1_25' title="bbox 478 2247 2125 2324">
    <p class='ocr_par' dir='ltr' id='par_1_25' title="bbox 478 2247 2125 2324">
     <span class='ocr_line' id='line_1_25' title="bbox 478 2247 2125 2324; baseline -0.005 -15"><span class='ocrx_word' id='word_1_156' title='bbox 478 2253 738 2324; x_wconf 89' lang='lat' dir='ltr'>undique</span> <span class='ocrx_word' id='word_1_157' title='bbox 769 2251 1041 2317; x_wconf 88' lang='lat' dir='ltr'>corrasis,</span> <span class='ocrx_word' id='word_1_158' title='bbox 1090 2248 1350 2304; x_wconf 88' lang='lat' dir='ltr'>stabilire</span> <span class='ocrx_word' id='word_1_159' title='bbox 1400 2253 1660 2303; x_wconf 89' lang='lat' dir='ltr'>conatur.</span> <span class='ocrx_word' id='word_1_160' title='bbox 1714 2247 1957 2319; x_wconf 83' lang='lat' dir='ltr'>Singula</span> <span class='ocrx_word' id='word_1_161' title='bbox 1996 2248 2125 2317; x_wconf 88' lang='lat' dir='ltr'>ejus</span> 
     </span>
    </p>
   </div>
   <div class='ocr_carea' id='block_1_26' title="bbox 478 2337 2125 2417">
    <p class='ocr_par' dir='ltr' id='par_1_26' title="bbox 478 2337 2125 2417">
     <span class='ocr_line' id='line_1_26' title="bbox 478 2337 2125 2417; baseline -0.006 -16"><span class='ocrx_word' id='word_1_162' title='bbox 478 2346 825 2417; x_wconf 89' lang='lat' dir='ltr'>argumenta</span> <span class='ocrx_word' id='word_1_163' title='bbox 853 2343 1119 2397; x_wconf 76' lang='lat' dir='ltr'>excutere</span> <span class='ocrx_word' id='word_1_164' title='bbox 1148 2344 1205 2394; x_wconf 89' lang='lat' dir='ltr'>et</span> <span class='ocrx_word' id='word_1_165' title='bbox 1235 2338 1488 2393; x_wconf 88' lang='lat' dir='ltr'>refutare</span> <span class='ocrx_word' id='word_1_166' title='bbox 1518 2337 1613 2391; x_wconf 89' lang='lat' dir='ltr'>hic</span> <span class='ocrx_word' id='word_1_167' title='bbox 1643 2355 1757 2391; x_wconf 93' lang='lat' dir='ltr'>non</span> <span class='ocrx_word' id='word_1_168' title='bbox 1772 2342 1959 2401; x_wconf 84' lang='lat' dir='ltr'>vacat.</span> <span class='ocrx_word' id='word_1_169' title='bbox 1980 2337 2125 2392; x_wconf 89' lang='lat' dir='ltr'>Nam</span> 
     </span>
    </p>
   </div>
   <div class='ocr_carea' id='block_1_27' title="bbox 479 2426 2128 2502">
    <p class='ocr_par' dir='ltr' id='par_1_27' title="bbox 479 2426 2128 2502">
     <span class='ocr_line' id='line_1_27' title="bbox 479 2426 2128 2502; baseline -0.005 -13"><span class='ocrx_word' id='word_1_170' title='bbox 479 2434 590 2489; x_wconf 89' lang='lat' dir='ltr'>hoc</span> <span class='ocrx_word' id='word_1_171' title='bbox 613 2433 774 2502; x_wconf 87' lang='lat' dir='ltr'>juste</span> <span class='ocrx_word' id='word_1_172' title='bbox 804 2428 976 2484; x_wconf 91' lang='lat' dir='ltr'>molis</span> <span class='ocrx_word' id='word_1_173' title='bbox 1006 2428 1225 2482; x_wconf 91' lang='lat' dir='ltr'>librum</span> <span class='ocrx_word' id='word_1_174' title='bbox 1256 2426 1525 2498; x_wconf 82' lang='lat' dir='ltr'>exigeret.</span> <span class='ocrx_word' id='word_1_175' title='bbox 1564 2427 1725 2489; x_wconf 91' lang='lat' dir='ltr'>Quod</span> <span class='ocrx_word' id='word_1_176' title='bbox 1748 2427 1797 2480; x_wconf 90' lang='lat' dir='ltr'>si</span> <span class='ocrx_word' id='word_1_177' title='bbox 1821 2426 1952 2497; x_wconf 90' lang='lat' dir='ltr'>quis</span> <span class='ocrx_word' id='word_1_178' title='bbox 1975 2426 2128 2480; x_wconf 89' lang='lat' dir='ltr'>circa</span> 
     </span>
    </p>
   </div>
   <div class='ocr_carea' id='block_1_28' title="bbox 484 2514 2125 2589">
    <p class='ocr_par' dir='ltr' id='par_1_28' title="bbox 484 2514 2125 2589">
     <span class='ocr_line' id='line_1_28' title="bbox 484 2514 2125 2589; baseline -0.005 -13"><span class='ocrx_word' id='word_1_179' title='bbox 484 2522 635 2576; x_wconf 91' lang='lat' dir='ltr'>hanc</span> <span class='ocrx_word' id='word_1_180' title='bbox 664 2535 784 2575; x_wconf 88' lang='lat' dir='ltr'>rem</span> <span class='ocrx_word' id='word_1_181' title='bbox 818 2518 990 2589; x_wconf 91' lang='lat' dir='ltr'>plura</span> <span class='ocrx_word' id='word_1_182' title='bbox 1040 2516 1349 2581; x_wconf 84' lang='lat' dir='ltr'>desideret,</span> <span class='ocrx_word' id='word_1_183' title='bbox 1392 2514 1694 2570; x_wconf 89' lang='lat' dir='ltr'>consulere</span> <span class='ocrx_word' id='word_1_184' title='bbox 1743 2516 1956 2586; x_wconf 85' lang='lat' dir='ltr'>poterit</span> <span class='ocrx_word' id='word_1_185' title='bbox 1986 2514 2125 2571; x_wconf 85' lang='lat' dir='ltr'>scri-</span> 
     </span>
    </p>
   </div>
   <div class='ocr_carea' id='block_1_29' title="bbox 494 2603 2125 2682">
    <p class='ocr_par' dir='ltr' id='par_1_29' title="bbox 494 2603 2125 2682">
     <span class='ocr_line' id='line_1_29' title="bbox 494 2603 2125 2682; baseline -0.005 -16"><span class='ocrx_word' id='word_1_186' title='bbox 494 2607 1130 2682; x_wconf 82' lang='lat' dir='ltr'>ptoresVenetos,quos</span> <span class='ocrx_word' id='word_1_187' title='bbox 1148 2604 1310 2659; x_wconf 82' lang='lat' dir='ltr'>libris</span> <span class='ocrx_word' id='word_1_188' title='bbox 1329 2603 1503 2658; x_wconf 88' lang='lat' dir='ltr'>editis</span> <span class='ocrx_word' id='word_1_189' title='bbox 1526 2608 1730 2657; x_wconf 89' lang='lat' dir='ltr'>contra</span> <span class='ocrx_word' id='word_1_190' title='bbox 1754 2604 1941 2675; x_wconf 90' lang='lat' dir='ltr'>ipsius</span> <span class='ocrx_word' id='word_1_191' title='bbox 1964 2604 2125 2659; x_wconf 87' lang='lat' dir='ltr'>chro-</span> 
     </span>
    </p>
   </div>
   <div class='ocr_carea' id='block_1_30' title="bbox 486 2692 2126 2769">
    <p class='ocr_par' dir='ltr' id='par_1_30' title="bbox 486 2692 2126 2769">
     <span class='ocr_line' id='line_1_30' title="bbox 486 2692 2126 2769; baseline -0.002 -17"><span class='ocrx_word' id='word_1_192' title='bbox 486 2697 775 2769; x_wconf 83' lang='lat' dir='ltr'>nologiam</span> <span class='ocrx_word' id='word_1_193' title='bbox 810 2694 1198 2751; x_wconf 84' lang='lat' dir='ltr'>insurrexisse</span> <span class='ocrx_word' id='word_1_194' title='bbox 1239 2692 1519 2763; x_wconf 80' lang='lat' dir='ltr'>intelligo.</span> <span class='ocrx_word' id='word_1_195' title='bbox 1544 2692 1679 2761; x_wconf 85' lang='lat' dir='ltr'>Nos,</span> <span class='ocrx_word' id='word_1_196' title='bbox 1704 2693 1939 2748; x_wconf 90' lang='lat' dir='ltr'>omissis</span> <span class='ocrx_word' id='word_1_197' title='bbox 1996 2693 2126 2749; x_wconf 88' lang='lat' dir='ltr'>aliis</span> 
     </span>
    </p>
   </div>
   <div class='ocr_carea' id='block_1_31' title="bbox 484 2780 2125 2856">
    <p class='ocr_par' dir='ltr' id='par_1_31' title="bbox 484 2780 2125 2856">
     <span class='ocr_line' id='line_1_31' title="bbox 484 2780 2125 2856; baseline -0.004 -14"><span class='ocrx_word' id='word_1_198' title='bbox 484 2804 599 2843; x_wconf 91' lang='lat' dir='ltr'>non</span> <span class='ocrx_word' id='word_1_199' title='bbox 630 2786 855 2842; x_wconf 85' lang='lat' dir='ltr'>levibus</span> <span class='ocrx_word' id='word_1_200' title='bbox 887 2782 1269 2856; x_wconf 85' lang='lat' dir='ltr'>argumentis,</span> <span class='ocrx_word' id='word_1_201' title='bbox 1295 2780 1531 2836; x_wconf 89' lang='lat' dir='ltr'>unicum</span> <span class='ocrx_word' id='word_1_202' title='bbox 1567 2782 1866 2853; x_wconf 86' lang='lat' dir='ltr'>systemati</span> <span class='ocrx_word' id='word_1_203' title='bbox 1892 2784 2019 2853; x_wconf 86' lang='lat' dir='ltr'>ejus</span> <span class='ocrx_word' id='word_1_204' title='bbox 2041 2784 2125 2838; x_wconf 86' lang='lat' dir='ltr'>di-</span> 
     </span>
    </p>
   </div>
   <div class='ocr_carea' id='block_1_32' title="bbox 481 2870 2125 2948">
    <p class='ocr_par' dir='ltr' id='par_1_32' title="bbox 481 2870 2125 2948">
     <span class='ocr_line' id='line_1_32' title="bbox 481 2870 2125 2948; baseline -0.002 -18"><span class='ocrx_word' id='word_1_205' title='bbox 481 2876 676 2948; x_wconf 90' lang='lat' dir='ltr'>ploma</span> <span class='ocrx_word' id='word_1_206' title='bbox 706 2889 1093 2947; x_wconf 89' lang='lat' dir='ltr'>opponemus,</span> <span class='ocrx_word' id='word_1_207' title='bbox 1126 2876 1182 2927; x_wconf 91' lang='lat' dir='ltr'>et</span> <span class='ocrx_word' id='word_1_208' title='bbox 1210 2887 1444 2926; x_wconf 90' lang='lat' dir='ltr'>omnem</span> <span class='ocrx_word' id='word_1_209' title='bbox 1476 2871 1705 2943; x_wconf 75' lang='lat' dir='ltr'>effugiis</span> <span class='ocrx_word' id='word_1_210' title='bbox 1737 2870 1959 2926; x_wconf 88' lang='lat' dir='ltr'>aditum</span> <span class='ocrx_word' id='word_1_211' title='bbox 1982 2890 2125 2943; x_wconf 85' lang='lat' dir='ltr'>prae-</span> 
     </span>
    </p>
   </div>
   <div class='ocr_carea' id='block_1_33' title="bbox 480 2962 1109 3020">
    <p class='ocr_par' dir='ltr' id='par_1_33' title="bbox 480 2962 1109 3020">
     <span class='ocr_line' id='line_1_33' title="bbox 480 2962 1109 3020; baseline -0.005 -1"><span class='ocrx_word' id='word_1_212' title='bbox 480 2965 713 3020; x_wconf 90' lang='lat' dir='ltr'>cludere</span> <span class='ocrx_word' id='word_1_213' title='bbox 745 2962 1109 3019; x_wconf 91' lang='lat' dir='ltr'>conabimur.</span> 
     </span>
    </p>
   </div>
   <div class='ocr_carea' id='block_1_34' title="bbox 556 3048 2119 3124">
    <p class='ocr_par' dir='ltr' id='par_1_34' title="bbox 556 3048 2119 3124">
     <span class='ocr_line' id='line_1_34' title="bbox 556 3048 2119 3124; baseline -0.002 -15"><span class='ocrx_word' id='word_1_214' title='bbox 556 3054 676 3108; x_wconf 79' lang='grc'>123.</span> <span class='ocrx_word' id='word_1_215' title='bbox 714 3052 978 3124; x_wconf 90' lang='lat' dir='ltr'>Diploma</span> <span class='ocrx_word' id='word_1_216' title='bbox 1007 3050 1152 3105; x_wconf 90' lang='lat' dir='ltr'>illud</span> <span class='ocrx_word' id='word_1_217' title='bbox 1184 3054 1272 3105; x_wconf 90' lang='lat' dir='ltr'>est</span> <span class='ocrx_word' id='word_1_218' title='bbox 1299 3048 1615 3104; x_wconf 89' lang='lat' dir='ltr'>Theobaldi</span> <span class='ocrx_word' id='word_1_219' title='bbox 1646 3049 1866 3103; x_wconf 88' lang='lat' dir='ltr'>Aretini</span> <span class='ocrx_word' id='word_1_220' title='bbox 1897 3051 2119 3122; x_wconf 90' lang='lat' dir='ltr'>episco-</span> 
     </span>
    </p>
   </div>
   <div class='ocr_carea' id='block_1_35' title="bbox 2231 464 3856 535">
    <p class='ocr_par' dir='ltr' id='par_1_35' title="bbox 2231 464 3856 535">
     <span class='ocr_line' id='line_1_35' title="bbox 2231 464 3856 535; baseline 0.006 -19"><span class='ocrx_word' id='word_1_221' title='bbox 2231 464 2375 517; x_wconf 90' lang='lat' dir='ltr'>inibi</span> <span class='ocrx_word' id='word_1_222' title='bbox 2401 464 2641 519; x_wconf 89' lang='lat' dir='ltr'>basilica</span> <span class='ocrx_word' id='word_1_223' title='bbox 2663 465 2846 519; x_wconf 86' lang='lat' dir='ltr'>sancti</span> <span class='ocrx_word' id='word_1_224' title='bbox 2869 464 3856 535; x_wconf 84' lang='lat' dir='ltr'>Salvatoris,quinquecellulascum</span> 
     </span>
    </p>
   </div>
   <div class='ocr_carea' id='block_1_36' title="bbox 2231 552 3857 625">
    <p class='ocr_par' dir='ltr' id='par_1_36' title="bbox 2231 552 3857 625">
     <span class='ocr_line' id='line_1_36' title="bbox 2231 552 3857 625; baseline 0.004 -18"><span class='ocrx_word' id='word_1_225' title='bbox 2231 552 2353 607; x_wconf 89' lang='lat' dir='ltr'>suis</span> <span class='ocrx_word' id='word_1_226' title='bbox 2376 552 2769 608; x_wconf 80' lang='lat' dir='ltr'>tabernaculis</span> <span class='ocrx_word' id='word_1_227' title='bbox 2793 553 3007 608; x_wconf 92' lang='lat' dir='ltr'>ibidem</span> <span class='ocrx_word' id='word_1_228' title='bbox 3031 553 3316 622; x_wconf 78' lang='lat' dir='ltr'>distinxit,</span> <span class='ocrx_word' id='word_1_229' title='bbox 3344 559 3515 625; x_wconf 88' lang='lat' dir='ltr'>atque</span> <span class='ocrx_word' id='word_1_230' title='bbox 3538 556 3608 609; x_wconf 92' lang='lat' dir='ltr'>ab</span> <span class='ocrx_word' id='word_1_231' title='bbox 3632 556 3857 614; x_wconf 84' lang='lat' dir='ltr'>invicem</span> 
     </span>
    </p>
   </div>
   <div class='ocr_carea' id='block_1_37' title="bbox 2230 641 3857 715">
    <p class='ocr_par' dir='ltr' id='par_1_37' title="bbox 2230 641 3857 715">
     <span class='ocr_line' id='line_1_37' title="bbox 2230 641 3857 715; baseline 0.004 -20"><span class='ocrx_word' id='word_1_232' title='bbox 2230 643 2536 711; x_wconf 86' lang='lat' dir='ltr'>separavit.</span> <span class='ocrx_word' id='word_1_233' title='bbox 2558 644 2670 697; x_wconf 92' lang='lat' dir='ltr'>Sed</span> <span class='ocrx_word' id='word_1_234' title='bbox 2690 646 2746 697; x_wconf 91' lang='lat' dir='ltr'>et</span> <span class='ocrx_word' id='word_1_235' title='bbox 2772 641 3023 714; x_wconf 85' lang='lat' dir='ltr'>singulis</span> <span class='ocrx_word' id='word_1_236' title='bbox 3045 642 3270 698; x_wconf 89' lang='lat' dir='ltr'>cellulis</span> <span class='ocrx_word' id='word_1_237' title='bbox 3290 642 3554 715; x_wconf 89' lang='lat' dir='ltr'>singulos</span> <span class='ocrx_word' id='word_1_238' title='bbox 3579 645 3857 715; x_wconf 87' lang='lat' dir='ltr'>deputavit</span> 
     </span>
    </p>
   </div>
   <div class='ocr_carea' id='block_1_38' title="bbox 2231 730 3855 803">
    <p class='ocr_par' dir='ltr' id='par_1_38' title="bbox 2231 730 3855 803">
     <span class='ocr_line' id='line_1_38' title="bbox 2231 730 3855 803; baseline 0.004 -20"><span class='ocrx_word' id='word_1_239' title='bbox 2231 730 2438 785; x_wconf 83' lang='lat' dir='ltr'>fratres</span> <span class='ocrx_word' id='word_1_240' title='bbox 2473 730 2765 798; x_wconf 88' lang='lat' dir='ltr'>eremitas,</span> <span class='ocrx_word' id='word_1_241' title='bbox 2792 732 2891 803; x_wconf 92' lang='lat' dir='ltr'>qui</span> <span class='ocrx_word' id='word_1_242' title='bbox 2921 731 3298 787; x_wconf 64' lang='lat' dir='ltr'>seacularibus</span> <span class='ocrx_word' id='word_1_243' title='bbox 3322 733 3479 788; x_wconf 90' lang='lat' dir='ltr'>curis</span> <span class='ocrx_word' id='word_1_244' title='bbox 3510 737 3564 787; x_wconf 90' lang='lat' dir='ltr'>et</span> <span class='ocrx_word' id='word_1_245' title='bbox 3594 734 3855 790; x_wconf 90' lang='lat' dir='ltr'>sollicitu-</span> 
     </span>
    </p>
   </div>
   <div class='ocr_carea' id='block_1_39' title="bbox 2230 819 3859 893">
    <p class='ocr_par' dir='ltr' id='par_1_39' title="bbox 2230 819 3859 893">
     <span class='ocr_line' id='line_1_39' title="bbox 2230 819 3859 893; baseline 0.005 -21"><span class='ocrx_word' id='word_1_246' title='bbox 2230 819 2365 875; x_wconf 88' lang='lat' dir='ltr'>dine</span> <span class='ocrx_word' id='word_1_247' title='bbox 2396 821 2625 885; x_wconf 85' lang='lat' dir='ltr'>remoti,</span> <span class='ocrx_word' id='word_1_248' title='bbox 2660 820 2768 875; x_wconf 91' lang='lat' dir='ltr'>soli</span> <span class='ocrx_word' id='word_1_249' title='bbox 2803 820 3009 875; x_wconf 67' lang='lat' dir='ltr'>divina:</span> <span class='ocrx_word' id='word_1_250' title='bbox 3064 820 3537 893; x_wconf 84' lang='lat' dir='ltr'>contemplationi</span> <span class='ocrx_word' id='word_1_251' title='bbox 3582 822 3859 880; x_wconf 85' lang='lat' dir='ltr'>insistant.</span> 
     </span>
    </p>
   </div>
   <div class='ocr_carea' id='block_1_40' title="bbox 2231 909 3859 979">
    <p class='ocr_par' dir='ltr' id='par_1_40' title="bbox 2231 909 3859 979">
     <span class='ocr_line' id='line_1_40' title="bbox 2231 909 3859 979; baseline 0.004 -17"><span class='ocrx_word' id='word_1_252' title='bbox 2231 909 2454 972; x_wconf 88' lang='lat' dir='ltr'>Quibus</span> <span class='ocrx_word' id='word_1_253' title='bbox 2486 911 2665 964; x_wconf 89' lang='lat' dir='ltr'>etiam</span> <span class='ocrx_word' id='word_1_254' title='bbox 2698 911 2931 965; x_wconf 80' lang='lat' dir='ltr'>Petrum</span> <span class='ocrx_word' id='word_1_255' title='bbox 2963 909 3353 965; x_wconf 80' lang='lat' dir='ltr'>venerabilem</span> <span class='ocrx_word' id='word_1_256' title='bbox 3387 911 3713 979; x_wconf 86' lang='lat' dir='ltr'>eremitam,</span> <span class='ocrx_word' id='word_1_257' title='bbox 3744 918 3859 969; x_wconf 88' lang='lat' dir='ltr'>tan-</span> 
     </span>
    </p>
   </div>
   <div class='ocr_carea' id='block_1_41' title="bbox 2231 998 3857 1070">
    <p class='ocr_par' dir='ltr' id='par_1_41' title="bbox 2231 998 3857 1070">
     <span class='ocr_line' id='line_1_41' title="bbox 2231 998 3857 1070; baseline 0.004 -20"><span class='ocrx_word' id='word_1_258' title='bbox 2231 1014 2409 1067; x_wconf 88' lang='lat' dir='ltr'>quam</span> <span class='ocrx_word' id='word_1_259' title='bbox 2430 998 2662 1053; x_wconf 85' lang='lat' dir='ltr'>ﬁdelem</span> <span class='ocrx_word' id='word_1_260' title='bbox 2689 1000 3021 1055; x_wconf 89' lang='lat' dir='ltr'>ministrum</span> <span class='ocrx_word' id='word_1_261' title='bbox 3053 1004 3108 1053; x_wconf 85' lang='lat' dir='ltr'>et</span> <span class='ocrx_word' id='word_1_262' title='bbox 3134 1004 3549 1070; x_wconf 84' lang='lat' dir='ltr'>praeceptorem</span> <span class='ocrx_word' id='word_1_263' title='bbox 3575 1001 3749 1056; x_wconf 86' lang='lat' dir='ltr'>dedit.</span> <span class='ocrx_word' id='word_1_264' title='bbox 3770 1003 3857 1057; x_wconf 87' lang='lat' dir='ltr'>Cui</span> 
     </span>
    </p>
   </div>
   <div class='ocr_carea' id='block_1_42' title="bbox 2233 1090 3859 1161">
    <p class='ocr_par' dir='ltr' id='par_1_42' title="bbox 2233 1090 3859 1161">
     <span class='ocr_line' id='line_1_42' title="bbox 2233 1090 3859 1161; baseline 0.003 -21"><span class='ocrx_word' id='word_1_265' title='bbox 2233 1105 2338 1142; x_wconf 88' lang='lat' dir='ltr'>nos</span> <span class='ocrx_word' id='word_1_266' title='bbox 2370 1106 2604 1161; x_wconf 88' lang='lat' dir='ltr'>quoque</span> <span class='ocrx_word' id='word_1_267' title='bbox 2637 1105 2769 1143; x_wconf 90' lang='lat' dir='ltr'>cum</span> <span class='ocrx_word' id='word_1_268' title='bbox 2802 1090 3017 1144; x_wconf 91' lang='lat' dir='ltr'>nostris</span> <span class='ocrx_word' id='word_1_269' title='bbox 3051 1090 3300 1160; x_wconf 87' lang='lat' dir='ltr'>posteris</span> <span class='ocrx_word' id='word_1_270' title='bbox 3332 1090 3783 1156; x_wconf 84' lang='lat' dir='ltr'>successoribus,</span> <span class='ocrx_word' id='word_1_271' title='bbox 3804 1098 3859 1146; x_wconf 90' lang='lat' dir='ltr'>ut</span> 
     </span>
    </p>
   </div>
   <div class='ocr_carea' id='block_1_43' title="bbox 2233 1177 3857 1243">
    <p class='ocr_par' dir='ltr' id='par_1_43' title="bbox 2233 1177 3857 1243">
     <span class='ocr_line' id='line_1_43' title="bbox 2233 1177 3857 1243; baseline 0.004 -14"><span class='ocrx_word' id='word_1_272' title='bbox 2233 1192 2365 1230; x_wconf 91' lang='lat' dir='ltr'>cum</span> <span class='ocrx_word' id='word_1_273' title='bbox 2399 1177 2777 1232; x_wconf 90' lang='lat' dir='ltr'>denominato</span> <span class='ocrx_word' id='word_1_274' title='bbox 2810 1182 3011 1233; x_wconf 89' lang='lat' dir='ltr'>sancto</span> <span class='ocrx_word' id='word_1_275' title='bbox 3070 1178 3211 1243; x_wconf 91' lang='lat' dir='ltr'>viro,</span> <span class='ocrx_word' id='word_1_276' title='bbox 3282 1178 3605 1235; x_wconf 81' lang='lat' dir='ltr'>Romualdo</span> <span class='ocrx_word' id='word_1_277' title='bbox 3637 1180 3857 1243; x_wconf 79' lang='lat' dir='ltr'>scilicet.</span> 
     </span>
    </p>
   </div>
   <div class='ocr_carea' id='block_1_44' title="bbox 2232 1266 3860 1341">
    <p class='ocr_par' dir='ltr' id='par_1_44' title="bbox 2232 1266 3860 1341">
     <span class='ocr_line' id='line_1_44' title="bbox 2232 1266 3860 1341; baseline 0.003 -23"><span class='ocrx_word' id='word_1_278' title='bbox 2232 1269 2456 1335; x_wconf 92' lang='lat' dir='ltr'>partem</span> <span class='ocrx_word' id='word_1_279' title='bbox 2490 1266 2546 1319; x_wconf 89' lang='lat' dir='ltr'>in</span> <span class='ocrx_word' id='word_1_280' title='bbox 2581 1270 2794 1321; x_wconf 68' lang='lat' dir='ltr'>(eterna</span> <span class='ocrx_word' id='word_1_281' title='bbox 2822 1268 2941 1321; x_wconf 89' lang='lat' dir='ltr'>vita</span> <span class='ocrx_word' id='word_1_282' title='bbox 2972 1267 3318 1338; x_wconf 84' lang='lat' dir='ltr'>habeamus,</span> <span class='ocrx_word' id='word_1_283' title='bbox 3352 1268 3664 1339; x_wconf 87' lang='lat' dir='ltr'>donamus,</span> <span class='ocrx_word' id='word_1_284' title='bbox 3701 1268 3860 1341; x_wconf 88' lang='lat' dir='ltr'>largi-</span> 
     </span>
    </p>
   </div>
   <div class='ocr_carea' id='block_1_45' title="bbox 2236 1356 3858 1427">
    <p class='ocr_par' dir='ltr' id='par_1_45' title="bbox 2236 1356 3858 1427">
     <span class='ocr_line' id='line_1_45' title="bbox 2236 1356 3858 1427; baseline 0.004 -22"><span class='ocrx_word' id='word_1_285' title='bbox 2236 1370 2367 1407; x_wconf 90' lang='lat' dir='ltr'>mur</span> <span class='ocrx_word' id='word_1_286' title='bbox 2398 1359 2778 1425; x_wconf 82' lang='lat' dir='ltr'>praetaxatum</span> <span class='ocrx_word' id='word_1_287' title='bbox 2814 1356 3006 1410; x_wconf 91' lang='lat' dir='ltr'>locum</span> <span class='ocrx_word' id='word_1_288' title='bbox 3039 1357 3364 1411; x_wconf 91' lang='lat' dir='ltr'>secundum</span> <span class='ocrx_word' id='word_1_289' title='bbox 3388 1357 3653 1427; x_wconf 67' lang='lat' dir='ltr'>praeﬁxos</span> <span class='ocrx_word' id='word_1_290' title='bbox 3677 1359 3858 1413; x_wconf 88' lang='lat' dir='ltr'>termi-</span> 
     </span>
    </p>
   </div>
   <div class='ocr_carea' id='block_1_46' title="bbox 2234 1444 3862 1519">
    <p class='ocr_par' dir='ltr' id='par_1_46' title="bbox 2234 1444 3862 1519">
     <span class='ocr_line' id='line_1_46' title="bbox 2234 1444 3862 1519; baseline 0.004 -23"><span class='ocrx_word' id='word_1_291' title='bbox 2234 1458 2340 1497; x_wconf 88' lang='lat' dir='ltr'>nos</span> <span class='ocrx_word' id='word_1_292' title='bbox 2374 1444 2444 1498; x_wconf 90' lang='lat' dir='ltr'>ad</span> <span class='ocrx_word' id='word_1_293' title='bbox 2480 1461 2655 1499; x_wconf 91' lang='lat' dir='ltr'>usum</span> <span class='ocrx_word' id='word_1_294' title='bbox 2687 1449 2743 1499; x_wconf 90' lang='lat' dir='ltr'>et</span> <span class='ocrx_word' id='word_1_295' title='bbox 2765 1449 3068 1516; x_wconf 90' lang='lat' dir='ltr'>sumptum</span> <span class='ocrx_word' id='word_1_296' title='bbox 3092 1444 3337 1500; x_wconf 82' lang='lat' dir='ltr'>fratrum</span> <span class='ocrx_word' id='word_1_297' title='bbox 3362 1447 3757 1517; x_wconf 88' lang='lat' dir='ltr'>eremitarum,</span> <span class='ocrx_word' id='word_1_298' title='bbox 3776 1464 3862 1519; x_wconf 88' lang='lat' dir='ltr'>pro</span> 
     </span>
    </p>
   </div>
   <div class='ocr_carea' id='block_1_47' title="bbox 2233 1533 3862 1608">
    <p class='ocr_par' dir='ltr' id='par_1_47' title="bbox 2233 1533 3862 1608">
     <span class='ocr_line' id='line_1_47' title="bbox 2233 1533 3862 1608; baseline 0.004 -23"><span class='ocrx_word' id='word_1_299' title='bbox 2233 1536 2493 1603; x_wconf 91' lang='lat' dir='ltr'>tempore</span> <span class='ocrx_word' id='word_1_300' title='bbox 2516 1533 2734 1589; x_wconf 91' lang='lat' dir='ltr'>ibidem</span> <span class='ocrx_word' id='word_1_301' title='bbox 2768 1534 2883 1589; x_wconf 93' lang='lat' dir='ltr'>Deo</span> <span class='ocrx_word' id='word_1_302' title='bbox 2917 1533 3357 1600; x_wconf 88' lang='lat' dir='ltr'>famulantium,</span> <span class='ocrx_word' id='word_1_303' title='bbox 3379 1539 3554 1606; x_wconf 89' lang='lat' dir='ltr'>atque</span> <span class='ocrx_word' id='word_1_304' title='bbox 3585 1552 3692 1607; x_wconf 89' lang='lat' dir='ltr'>per</span> <span class='ocrx_word' id='word_1_305' title='bbox 3721 1536 3862 1608; x_wconf 87' lang='lat' dir='ltr'>pagi-</span> 
     </span>
    </p>
   </div>
   <div class='ocr_carea' id='block_1_48' title="bbox 2234 1621 3856 1693">
    <p class='ocr_par' dir='ltr' id='par_1_48' title="bbox 2234 1621 3856 1693">
     <span class='ocr_line' id='line_1_48' title="bbox 2234 1621 3856 1693; baseline 0.003 -19"><span class='ocrx_word' id='word_1_306' title='bbox 2234 1638 2369 1675; x_wconf 88' lang='lat' dir='ltr'>nam</span> <span class='ocrx_word' id='word_1_307' title='bbox 2395 1621 2573 1691; x_wconf 90' lang='lat' dir='ltr'>hujus</span> <span class='ocrx_word' id='word_1_308' title='bbox 2606 1622 2788 1677; x_wconf 87' lang='lat' dir='ltr'>nostri</span> <span class='ocrx_word' id='word_1_309' title='bbox 2820 1622 3104 1693; x_wconf 80' lang='lat' dir='ltr'>privilegii</span> <span class='ocrx_word' id='word_1_310' title='bbox 3135 1639 3268 1679; x_wconf 88' lang='lat' dir='ltr'>eum</span> <span class='ocrx_word' id='word_1_311' title='bbox 3300 1623 3649 1680; x_wconf 86' lang='lat' dir='ltr'>investimus</span> <span class='ocrx_word' id='word_1_312' title='bbox 3683 1626 3751 1681; x_wconf 91' lang='lat' dir='ltr'>de</span> <span class='ocrx_word' id='word_1_313' title='bbox 3776 1626 3856 1680; x_wconf 90' lang='lat' dir='ltr'>his</span> 
     </span>
    </p>
   </div>
   <div class='ocr_carea' id='block_1_49' title="bbox 2232 1711 3865 1783">
    <p class='ocr_par' dir='ltr' id='par_1_49' title="bbox 2232 1711 3865 1783">
     <span class='ocr_line' id='line_1_49' title="bbox 2232 1711 3865 1783; baseline 0.004 -20"><span class='ocrx_word' id='word_1_314' title='bbox 2232 1711 2528 1777; x_wconf 89' lang='lat' dir='ltr'>omnibus,</span> <span class='ocrx_word' id='word_1_315' title='bbox 2564 1728 2690 1781; x_wconf 74' lang='lat' dir='ltr'>qua:</span> <span class='ocrx_word' id='word_1_316' title='bbox 2719 1711 2868 1765; x_wconf 89' lang='lat' dir='ltr'>infra</span> <span class='ocrx_word' id='word_1_317' title='bbox 2897 1711 3236 1783; x_wconf 87' lang='lat' dir='ltr'>designatos</span> <span class='ocrx_word' id='word_1_318' title='bbox 3262 1713 3548 1769; x_wconf 88' lang='lat' dir='ltr'>terminos</span> <span class='ocrx_word' id='word_1_319' title='bbox 3580 1731 3693 1769; x_wconf 89' lang='lat' dir='ltr'>nos</span> <span class='ocrx_word' id='word_1_320' title='bbox 3716 1714 3865 1770; x_wconf 86' lang='lat' dir='ltr'>hodie</span> 
     </span>
    </p>
   </div>
   <div class='ocr_carea' id='block_1_50' title="bbox 2234 1800 3864 1871">
    <p class='ocr_par' dir='ltr' id='par_1_50' title="bbox 2234 1800 3864 1871">
     <span class='ocr_line' id='line_1_50' title="bbox 2234 1800 3864 1871; baseline 0.003 -18"><span class='ocrx_word' id='word_1_321' title='bbox 2234 1800 2304 1853; x_wconf 88' lang='lat' dir='ltr'>ad</span> <span class='ocrx_word' id='word_1_322' title='bbox 2338 1816 2578 1853; x_wconf 86' lang='lat' dir='ltr'>manum</span> <span class='ocrx_word' id='word_1_323' title='bbox 2614 1806 2880 1855; x_wconf 89' lang='lat' dir='ltr'>nostram</span> <span class='ocrx_word' id='word_1_324' title='bbox 2909 1800 3304 1856; x_wconf 90' lang='lat' dir='ltr'>domnicatam</span> <span class='ocrx_word' id='word_1_325' title='bbox 3338 1802 3414 1871; x_wconf 91' lang='lat' dir='ltr'>(id</span> <span class='ocrx_word' id='word_1_326' title='bbox 3450 1803 3619 1858; x_wconf 88' lang='lat' dir='ltr'>estin</span> <span class='ocrx_word' id='word_1_327' title='bbox 3641 1804 3864 1859; x_wconf 88' lang='lat' dir='ltr'>Domino</span> 
     </span>
    </p>
   </div>
   <div class='ocr_carea' id='block_1_51' title="bbox 2235 1888 3863 1964">
    <p class='ocr_par' dir='ltr' id='par_1_51' title="bbox 2235 1888 3863 1964">
     <span class='ocr_line' id='line_1_51' title="bbox 2235 1888 3863 1964; baseline 0.004 -24"><span class='ocrx_word' id='word_1_328' title='bbox 2235 1891 2455 1956; x_wconf 85' lang='lat' dir='ltr'>nostro)</span> <span class='ocrx_word' id='word_1_329' title='bbox 2484 1888 2771 1944; x_wconf 88' lang='lat' dir='ltr'>habemus</span> <span class='ocrx_word' id='word_1_330' title='bbox 2804 1893 2861 1944; x_wconf 94' lang='lat' dir='ltr'>et</span> <span class='ocrx_word' id='word_1_331' title='bbox 2890 1888 3313 1945; x_wconf 79' lang='lat' dir='ltr'>detinemus....</span> <span class='ocrx_word' id='word_1_332' title='bbox 3367 1892 3514 1956; x_wconf 87' lang='lat' dir='ltr'>Quia</span> <span class='ocrx_word' id='word_1_333' title='bbox 3562 1907 3703 1964; x_wconf 89' lang='lat' dir='ltr'>ergo</span> <span class='ocrx_word' id='word_1_334' title='bbox 3733 1893 3863 1964; x_wconf 88' lang='lat' dir='ltr'>quod</span> 
     </span>
    </p>
   </div>
   <div class='ocr_carea' id='block_1_52' title="bbox 2235 1977 3863 2048">
    <p class='ocr_par' dir='ltr' id='par_1_52' title="bbox 2235 1977 3863 2048">
     <span class='ocr_line' id='line_1_52' title="bbox 2235 1977 3863 2048; baseline 0.004 -19"><span class='ocrx_word' id='word_1_335' title='bbox 2235 1994 2341 2033; x_wconf 89' lang='lat' dir='ltr'>nos</span> <span class='ocrx_word' id='word_1_336' title='bbox 2370 1994 2472 2048; x_wconf 90' lang='lat' dir='ltr'>pro</span> <span class='ocrx_word' id='word_1_337' title='bbox 2505 1977 2692 2033; x_wconf 88' lang='lat' dir='ltr'>salute</span> <span class='ocrx_word' id='word_1_338' title='bbox 2723 1982 2780 2032; x_wconf 89' lang='lat' dir='ltr'>et</span> <span class='ocrx_word' id='word_1_339' title='bbox 2828 1978 3084 2034; x_wconf 88' lang='lat' dir='ltr'>remedio</span> <span class='ocrx_word' id='word_1_340' title='bbox 3116 1979 3322 2034; x_wconf 73' lang='lat' dir='ltr'>animm</span> <span class='ocrx_word' id='word_1_341' title='bbox 3384 1984 3615 2048; x_wconf 67' lang='lat' dir='ltr'>nostrae,</span> <span class='ocrx_word' id='word_1_342' title='bbox 3652 1988 3863 2038; x_wconf 88' lang='lat' dir='ltr'>nostro-</span> 
     </span>
    </p>
   </div>
   <div class='ocr_carea' id='block_1_53' title="bbox 2236 2069 3864 2141">
    <p class='ocr_par' dir='ltr' id='par_1_53' title="bbox 2236 2069 3864 2141">
     <span class='ocr_line' id='line_1_53' title="bbox 2236 2069 3864 2141; baseline 0.002 -20"><span class='ocrx_word' id='word_1_343' title='bbox 2236 2084 2483 2138; x_wconf 91' lang='lat' dir='ltr'>rumque</span> <span class='ocrx_word' id='word_1_344' title='bbox 2506 2085 2911 2122; x_wconf 85' lang='lat' dir='ltr'>successorum</span> <span class='ocrx_word' id='word_1_345' title='bbox 2935 2069 3341 2141; x_wconf 89' lang='lat' dir='ltr'>episcoporum</span> <span class='ocrx_word' id='word_1_346' title='bbox 3363 2069 3478 2125; x_wconf 91' lang='lat' dir='ltr'>Deo</span> <span class='ocrx_word' id='word_1_347' title='bbox 3501 2071 3864 2135; x_wconf 88' lang='lat' dir='ltr'>contulimus,</span> 
     </span>
    </p>
   </div>
   <div class='ocr_carea' id='block_1_54' title="bbox 2236 2155 3865 2231">
    <p class='ocr_par' dir='ltr' id='par_1_54' title="bbox 2236 2155 3865 2231">
     <span class='ocr_line' id='line_1_54' title="bbox 2236 2155 3865 2231; baseline 0.002 -20"><span class='ocrx_word' id='word_1_348' title='bbox 2236 2174 2337 2228; x_wconf 90' lang='lat' dir='ltr'>per</span> <span class='ocrx_word' id='word_1_349' title='bbox 2366 2160 2578 2211; x_wconf 71' lang='lat' dir='ltr'>mterna</span> <span class='ocrx_word' id='word_1_350' title='bbox 2600 2155 2946 2211; x_wconf 71' lang='lat' dir='ltr'>saeculorum</span> <span class='ocrx_word' id='word_1_351' title='bbox 2980 2157 3166 2228; x_wconf 90' lang='lat' dir='ltr'>spatia</span> <span class='ocrx_word' id='word_1_352' title='bbox 3198 2161 3413 2227; x_wconf 87' lang='lat' dir='ltr'>ratum,</span> <span class='ocrx_word' id='word_1_353' title='bbox 3446 2160 3692 2215; x_wconf 85' lang='lat' dir='ltr'>ﬁrmum</span> <span class='ocrx_word' id='word_1_354' title='bbox 3713 2166 3865 2231; x_wconf 85' lang='lat' dir='ltr'>atque</span> 
     </span>
    </p>
   </div>
   <div class='ocr_carea' id='block_1_55' title="bbox 2235 2245 3863 2320">
    <p class='ocr_par' dir='ltr' id='par_1_55' title="bbox 2235 2245 3863 2320">
     <span class='ocr_line' id='line_1_55' title="bbox 2235 2245 3863 2320; baseline 0.002 -21"><span class='ocrx_word' id='word_1_355' title='bbox 2235 2245 2643 2301; x_wconf 87' lang='lat' dir='ltr'>inconvulsum</span> <span class='ocrx_word' id='word_1_356' title='bbox 2669 2247 2840 2301; x_wconf 86' lang='lat' dir='ltr'>debet</span> <span class='ocrx_word' id='word_1_357' title='bbox 2863 2262 3225 2316; x_wconf 77' lang='lat' dir='ltr'>permanere,</span> <span class='ocrx_word' id='word_1_358' title='bbox 3246 2264 3279 2301; x_wconf 88' lang='lat' dir='ltr'>a</span> <span class='ocrx_word' id='word_1_359' title='bbox 3296 2252 3408 2303; x_wconf 90' lang='lat' dir='ltr'>Deo</span> <span class='ocrx_word' id='word_1_360' title='bbox 3430 2248 3594 2304; x_wconf 87' lang='lat' dir='ltr'>Patre</span> <span class='ocrx_word' id='word_1_361' title='bbox 3616 2249 3863 2320; x_wconf 86' lang='lat' dir='ltr'>omnipo-</span> 
     </span>
    </p>
   </div>
   <div class='ocr_carea' id='block_1_56' title="bbox 2236 2335 3864 2410">
    <p class='ocr_par' dir='ltr' id='par_1_56' title="bbox 2236 2335 3864 2410">
     <span class='ocr_line' id='line_1_56' title="bbox 2236 2335 3864 2410; baseline 0.002 -20"><span class='ocrx_word' id='word_1_362' title='bbox 2236 2339 2393 2390; x_wconf 90' lang='lat' dir='ltr'>tente</span> <span class='ocrx_word' id='word_1_363' title='bbox 2424 2338 2479 2389; x_wconf 88' lang='lat' dir='ltr'>et</span> <span class='ocrx_word' id='word_1_364' title='bbox 2509 2335 2753 2390; x_wconf 89' lang='lat' dir='ltr'>Domino</span> <span class='ocrx_word' id='word_1_365' title='bbox 2813 2339 3011 2390; x_wconf 91' lang='lat' dir='ltr'>nostro</span> <span class='ocrx_word' id='word_1_366' title='bbox 3068 2336 3207 2391; x_wconf 87' lang='lat' dir='ltr'>Jesu</span> <span class='ocrx_word' id='word_1_367' title='bbox 3267 2336 3521 2405; x_wconf 87' lang='lat' dir='ltr'>Christo,</span> <span class='ocrx_word' id='word_1_368' title='bbox 3565 2344 3864 2410; x_wconf 83' lang='lat' dir='ltr'>sanctoque</span> 
     </span>
    </p>
   </div>
   <div class='ocr_carea' id='block_1_57' title="bbox 2234 2424 3861 2496">
    <p class='ocr_par' dir='ltr' id='par_1_57' title="bbox 2234 2424 3861 2496">
     <span class='ocr_line' id='line_1_57' title="bbox 2234 2424 3861 2496; baseline 0.002 -18"><span class='ocrx_word' id='word_1_369' title='bbox 2234 2424 2451 2496; x_wconf 89' lang='lat' dir='ltr'>Spiritu</span> <span class='ocrx_word' id='word_1_370' title='bbox 2481 2424 2911 2493; x_wconf 89' lang='lat' dir='ltr'>interdicimus,</span> <span class='ocrx_word' id='word_1_371' title='bbox 2937 2429 2993 2480; x_wconf 89' lang='lat' dir='ltr'>et</span> <span class='ocrx_word' id='word_1_372' title='bbox 3012 2426 3202 2480; x_wconf 91' lang='lat' dir='ltr'>modis</span> <span class='ocrx_word' id='word_1_373' title='bbox 3225 2426 3502 2482; x_wconf 91' lang='lat' dir='ltr'>omnibus</span> <span class='ocrx_word' id='word_1_374' title='bbox 3523 2426 3861 2492; x_wconf 89' lang='lat' dir='ltr'>inhibemus,</span> 
     </span>
    </p>
   </div>
   <div class='ocr_carea' id='block_1_58' title="bbox 2236 2513 3861 2587">
    <p class='ocr_par' dir='ltr' id='par_1_58' title="bbox 2236 2513 3861 2587">
     <span class='ocr_line' id='line_1_58' title="bbox 2236 2513 3861 2587; baseline 0.002 -18"><span class='ocrx_word' id='word_1_375' title='bbox 2236 2519 2300 2569; x_wconf 92' lang='lat' dir='ltr'>ut</span> <span class='ocrx_word' id='word_1_376' title='bbox 2332 2513 2529 2569; x_wconf 90' lang='lat' dir='ltr'>nullus</span> <span class='ocrx_word' id='word_1_377' title='bbox 2562 2518 2760 2569; x_wconf 88' lang='lat' dir='ltr'>noster</span> <span class='ocrx_word' id='word_1_378' title='bbox 2789 2530 3113 2581; x_wconf 89' lang='lat' dir='ltr'>successor,</span> <span class='ocrx_word' id='word_1_379' title='bbox 3147 2515 3457 2587; x_wconf 87' lang='lat' dir='ltr'>episcopus</span> <span class='ocrx_word' id='word_1_380' title='bbox 3484 2517 3741 2573; x_wconf 69' lang='lat' dir='ltr'>Aretinm</span> <span class='ocrx_word' id='word_1_381' title='bbox 3767 2518 3861 2573; x_wconf 85' lang='lat' dir='ltr'>Ec-</span> 
     </span>
    </p>
   </div>
   <div class='ocr_carea' id='block_1_59' title="bbox 2236 2604 3861 2678">
    <p class='ocr_par' dir='ltr' id='par_1_59' title="bbox 2236 2604 3861 2678">
     <span class='ocr_line' id='line_1_59' title="bbox 2236 2604 3861 2678; baseline 0.002 -20"><span class='ocrx_word' id='word_1_382' title='bbox 2236 2604 2445 2669; x_wconf 65' lang='lat' dir='ltr'>clesiae,</span> <span class='ocrx_word' id='word_1_383' title='bbox 2466 2604 2809 2675; x_wconf 65' lang='lat' dir='ltr'>praedictum</span> <span class='ocrx_word' id='word_1_384' title='bbox 2832 2604 3068 2659; x_wconf 88' lang='lat' dir='ltr'>fratrem</span> <span class='ocrx_word' id='word_1_385' title='bbox 3095 2604 3329 2659; x_wconf 91' lang='lat' dir='ltr'>Petrum</span> <span class='ocrx_word' id='word_1_386' title='bbox 3353 2605 3681 2678; x_wconf 90' lang='lat' dir='ltr'>eremitam,</span> <span class='ocrx_word' id='word_1_387' title='bbox 3717 2622 3861 2663; x_wconf 86' lang='lat' dir='ltr'>suos-</span> 
     </span>
    </p>
   </div>
   <div class='ocr_carea' id='block_1_60' title="bbox 2236 2694 3858 2767">
    <p class='ocr_par' dir='ltr' id='par_1_60' title="bbox 2236 2694 3858 2767">
     <span class='ocr_line' id='line_1_60' title="bbox 2236 2694 3858 2767; baseline 0.001 -20"><span class='ocrx_word' id='word_1_388' title='bbox 2236 2709 2347 2765; x_wconf 90' lang='lat' dir='ltr'>que</span> <span class='ocrx_word' id='word_1_389' title='bbox 2378 2697 2641 2764; x_wconf 89' lang='lat' dir='ltr'>posteros</span> <span class='ocrx_word' id='word_1_390' title='bbox 2673 2709 3041 2749; x_wconf 90' lang='lat' dir='ltr'>successores</span> <span class='ocrx_word' id='word_1_391' title='bbox 3072 2694 3346 2749; x_wconf 90' lang='lat' dir='ltr'>eremitas</span> <span class='ocrx_word' id='word_1_392' title='bbox 3378 2695 3449 2749; x_wconf 90' lang='lat' dir='ltr'>de</span> <span class='ocrx_word' id='word_1_393' title='bbox 3481 2694 3593 2763; x_wconf 89' lang='lat' dir='ltr'>his,</span> <span class='ocrx_word' id='word_1_394' title='bbox 3655 2712 3781 2767; x_wconf 72' lang='lat' dir='ltr'>qua:</span> <span class='ocrx_word' id='word_1_395' title='bbox 3807 2696 3858 2750; x_wconf 89' lang='lat' dir='ltr'>S.</span> 
     </span>
    </p>
   </div>
   <div class='ocr_carea' id='block_1_61' title="bbox 2235 2782 3859 2855">
    <p class='ocr_par' dir='ltr' id='par_1_61' title="bbox 2235 2782 3859 2855">
     <span class='ocr_line' id='line_1_61' title="bbox 2235 2782 3859 2855; baseline 0.001 -18"><span class='ocrx_word' id='word_1_396' title='bbox 2235 2782 2513 2837; x_wconf 91' lang='lat' dir='ltr'>Salvatori</span> <span class='ocrx_word' id='word_1_397' title='bbox 2528 2782 2928 2837; x_wconf 90' lang='lat' dir='ltr'>concessimus</span> <span class='ocrx_word' id='word_1_398' title='bbox 2942 2783 3013 2837; x_wconf 90' lang='lat' dir='ltr'>ad</span> <span class='ocrx_word' id='word_1_399' title='bbox 3041 2800 3218 2838; x_wconf 88' lang='lat' dir='ltr'>usum</span> <span class='ocrx_word' id='word_1_400' title='bbox 3241 2787 3610 2855; x_wconf 88' lang='lat' dir='ltr'>etsumptum</span> <span class='ocrx_word' id='word_1_401' title='bbox 3630 2785 3859 2841; x_wconf 87' lang='lat' dir='ltr'>fratrum</span> 
     </span>
    </p>
   </div>
   <div class='ocr_carea' id='block_1_62' title="bbox 2232 2872 3861 2943">
    <p class='ocr_par' dir='ltr' id='par_1_62' title="bbox 2232 2872 3861 2943">
     <span class='ocr_line' id='line_1_62' title="bbox 2232 2872 3861 2943; baseline 0 -15"><span class='ocrx_word' id='word_1_402' title='bbox 2232 2873 2628 2941; x_wconf 89' lang='lat' dir='ltr'>eremitarum,</span> <span class='ocrx_word' id='word_1_403' title='bbox 2663 2876 2764 2926; x_wconf 92' lang='lat' dir='ltr'>aut</span> <span class='ocrx_word' id='word_1_404' title='bbox 2793 2872 2904 2943; x_wconf 90' lang='lat' dir='ltr'>ipsi</span> <span class='ocrx_word' id='word_1_405' title='bbox 2939 2890 2972 2928; x_wconf 91' lang='lat' dir='ltr'>a</span> <span class='ocrx_word' id='word_1_406' title='bbox 3002 2873 3190 2941; x_wconf 86' lang='lat' dir='ltr'>nobis,</span> <span class='ocrx_word' id='word_1_407' title='bbox 3225 2874 3345 2929; x_wconf 86' lang='lat' dir='ltr'>sive</span> <span class='ocrx_word' id='word_1_408' title='bbox 3376 2875 3445 2930; x_wconf 91' lang='lat' dir='ltr'>ab</span> <span class='ocrx_word' id='word_1_409' title='bbox 3480 2875 3611 2930; x_wconf 89' lang='lat' dir='ltr'>aliis</span> <span class='ocrx_word' id='word_1_410' title='bbox 3631 2874 3861 2931; x_wconf 85' lang='lat' dir='ltr'>homini-</span> 
     </span>
    </p>
   </div>
   <div class='ocr_carea' id='block_1_63' title="bbox 2234 2955 3861 3037">
    <p class='ocr_par' dir='ltr' id='par_1_63' title="bbox 2234 2955 3861 3037">
     <span class='ocr_line' id='line_1_63' title="bbox 2234 2955 3861 3037; baseline 0.001 -20"><span class='ocrx_word' id='word_1_411' title='bbox 2234 2963 2342 3017; x_wconf 91' lang='lat' dir='ltr'>bus</span> <span class='ocrx_word' id='word_1_412' title='bbox 2367 2962 2802 3033; x_wconf 81' lang='lat' dir='ltr'>acquisiverint,</span> <span class='ocrx_word' id='word_1_413' title='bbox 2832 2962 3134 3029; x_wconf 89' lang='lat' dir='ltr'>devestire,</span> <span class='ocrx_word' id='word_1_414' title='bbox 3160 2955 3491 3034; x_wconf 75' lang='lat' dir='ltr'>molestare,</span> <span class='ocrx_word' id='word_1_415' title='bbox 3525 2965 3861 3037; x_wconf 86' lang='lat' dir='ltr'>inquietare,</span> 
     </span>
    </p>
   </div>
   <div class='ocr_carea' id='block_1_64' title="bbox 2236 3050 3862 3123">
    <p class='ocr_par' dir='ltr' id='par_1_64' title="bbox 2236 3050 3862 3123">
     <span class='ocr_line' id='line_1_64' title="bbox 2236 3050 3862 3123; baseline 0.001 -18"><span class='ocrx_word' id='word_1_416' title='bbox 2236 3055 2338 3106; x_wconf 89' lang='lat' dir='ltr'>aut</span> <span class='ocrx_word' id='word_1_417' title='bbox 2364 3050 2543 3106; x_wconf 88' lang='lat' dir='ltr'>ullam</span> <span class='ocrx_word' id='word_1_418' title='bbox 2575 3051 3083 3107; x_wconf 89' lang='lat' dir='ltr'>diminorationem</span> <span class='ocrx_word' id='word_1_419' title='bbox 3103 3052 3315 3108; x_wconf 90' lang='lat' dir='ltr'>inferre</span> <span class='ocrx_word' id='word_1_420' title='bbox 3334 3060 3742 3123; x_wconf 82' lang='lat' dir='ltr'>praesumat....</span> <span class='ocrx_word' id='word_1_421' title='bbox 3772 3054 3862 3107; x_wconf 81' lang='lat' dir='ltr'>Da-</span> 
     </span>
    </p>
   </div>
   <div class='ocr_carea' id='block_1_65' title="bbox 483 3119 3860 3218">
    <p class='ocr_par' dir='ltr' id='par_1_65' title="bbox 483 3119 3860 3218">
     <span class='ocr_line' id='line_1_65' title="bbox 483 3119 3860 3218; baseline -0.001 -19"><span class='ocrx_word' id='word_1_422' title='bbox 483 3145 564 3218; x_wconf 88' lang='lat' dir='ltr'>pi,</span> <span class='ocrx_word' id='word_1_423' title='bbox 597 3144 752 3215; x_wconf 90' lang='lat' dir='ltr'>quod</span> <span class='ocrx_word' id='word_1_424' title='bbox 783 3119 1079 3212; x_wconf 81' lang='lat' dir='ltr'>integrum</span> <span class='ocrx_word' id='word_1_425' title='bbox 1106 3139 1287 3194; x_wconf 88' lang='lat' dir='ltr'>videri</span> <span class='ocrx_word' id='word_1_426' title='bbox 1320 3142 1513 3211; x_wconf 87' lang='lat' dir='ltr'>potest</span> <span class='ocrx_word' id='word_1_427' title='bbox 1544 3140 1698 3210; x_wconf 89' lang='lat' dir='ltr'>apud</span> <span class='ocrx_word' id='word_1_428' title='bbox 1730 3119 2122 3211; x_wconf 80' lang='lat' dir='ltr'>Augustinum</span> <span class='ocrx_word' id='word_1_429' title='bbox 2155 3119 2197 3184; x_wconf 77' lang='lat' dir='ltr'>C</span> <span class='ocrx_word' id='word_1_430' title='bbox 2236 3145 2363 3195; x_wconf 92' lang='lat' dir='ltr'>tum</span> <span class='ocrx_word' id='word_1_431' title='bbox 2392 3158 2544 3195; x_wconf 90' lang='lat' dir='ltr'>anno</span> <span class='ocrx_word' id='word_1_432' title='bbox 2569 3142 2885 3206; x_wconf 75' lang='lat' dir='ltr'>1027,anno</span> <span class='ocrx_word' id='word_1_433' title='bbox 2912 3141 3287 3213; x_wconf 85' lang='lat' dir='ltr'>pontiﬁcatus</span> <span class='ocrx_word' id='word_1_434' title='bbox 3311 3119 3860 3200; x_wconf 67' lang='lat' dir='ltr'>QominiTheodaldi</span> 
     </span>
    </p>
   </div>
   <div class='ocr_carea' id='block_1_66' title="bbox 484 3228 2124 3300">
    <p class='ocr_par' dir='ltr' id='par_1_66' title="bbox 484 3228 2124 3300">
     <span class='ocr_line' id='line_1_66' title="bbox 484 3228 2124 3300; baseline -0.002 -11"><span class='ocrx_word' id='word_1_435' title='bbox 484 3232 827 3289; x_wconf 89' lang='lat' dir='ltr'>Fortunium</span> <span class='ocrx_word' id='word_1_436' title='bbox 886 3230 987 3285; x_wconf 91' lang='lat' dir='ltr'>lib.</span> <span class='ocrx_word' id='word_1_437' title='bbox 1044 3247 1059 3283; x_wconf 80' lang='grc' dir='ltr'><strong>ι</strong></span> <span class='ocrx_word' id='word_1_438' title='bbox 1117 3228 1503 3283; x_wconf 89' lang='lat' dir='ltr'>Historiarum</span> <span class='ocrx_word' id='word_1_439' title='bbox 1562 3229 2124 3300; x_wconf 87' lang='lat' dir='ltr'>Camaldulensium,</span> 
     </span>
    </p>
   </div>
   <div class='ocr_carea' id='block_1_67' title="bbox 483 3317 2127 3395">
    <p class='ocr_par' dir='ltr' id='par_1_67' title="bbox 483 3317 2127 3395">
     <span class='ocr_line' id='line_1_67' title="bbox 483 3317 2127 3395; baseline -0.002 -17"><span class='ocrx_word' id='word_1_440' title='bbox 483 3339 610 3395; x_wconf 87' lang='lat' dir='ltr'>cap.</span> <span class='ocrx_word' id='word_1_441' title='bbox 643 3322 729 3377; x_wconf 81' lang='grc'>40.</span> <span class='ocrx_word' id='word_1_442' title='bbox 758 3320 980 3391; x_wconf 90' lang='lat' dir='ltr'>Quippe</span> <span class='ocrx_word' id='word_1_443' title='bbox 1012 3334 1145 3373; x_wconf 92' lang='lat' dir='ltr'>cum</span> <span class='ocrx_word' id='word_1_444' title='bbox 1178 3317 1466 3389; x_wconf 88' lang='lat' dir='ltr'>prolixum</span> <span class='ocrx_word' id='word_1_445' title='bbox 1500 3318 1596 3387; x_wconf 89' lang='lat' dir='ltr'>sit,</span> <span class='ocrx_word' id='word_1_446' title='bbox 1656 3318 1959 3391; x_wconf 89' lang='lat' dir='ltr'>multaque</span> <span class='ocrx_word' id='word_1_447' title='bbox 1991 3337 2127 3377; x_wconf 92' lang='lat' dir='ltr'>con-</span> 
     </span>
    </p>
   </div>
   <div class='ocr_carea' id='block_1_68' title="bbox 480 3394 2149 3479">
    <p class='ocr_par' dir='ltr' id='par_1_68' title="bbox 480 3394 2149 3479">
     <span class='ocr_line' id='line_1_68' title="bbox 480 3394 2149 3479; baseline -0.001 -13"><span class='ocrx_word' id='word_1_448' title='bbox 480 3394 664 3466; x_wconf 90' lang='lat' dir='ltr'>tineat</span> <span class='ocrx_word' id='word_1_449' title='bbox 693 3409 760 3464; x_wconf 92' lang='lat' dir='ltr'>ad</span> <span class='ocrx_word' id='word_1_450' title='bbox 824 3405 1275 3463; x_wconf 89' lang='lat' dir='ltr'>controversiam</span> <span class='ocrx_word' id='word_1_451' title='bbox 1316 3410 1575 3462; x_wconf 90' lang='lat' dir='ltr'>nostram</span> <span class='ocrx_word' id='word_1_452' title='bbox 1630 3424 1744 3462; x_wconf 92' lang='lat' dir='ltr'>non</span> <span class='ocrx_word' id='word_1_453' title='bbox 1778 3394 2149 3479; x_wconf 41' lang='lat' dir='ltr'>spectantia]</span> 
     </span>
    </p>
   </div>
   <div class='ocr_carea' id='block_1_69' title="bbox 485 3495 2122 3565">
    <p class='ocr_par' dir='ltr' id='par_1_69' title="bbox 485 3495 2122 3565">
     <span class='ocr_line' id='line_1_69' title="bbox 485 3495 2122 3565; baseline -0.001 -9"><span class='ocrx_word' id='word_1_454' title='bbox 485 3500 652 3556; x_wconf 89' lang='lat' dir='ltr'>nobis</span> <span class='ocrx_word' id='word_1_455' title='bbox 684 3498 779 3553; x_wconf 91' lang='lat' dir='ltr'>hic</span> <span class='ocrx_word' id='word_1_456' title='bbox 808 3497 1079 3565; x_wconf 85' lang='lat' dir='ltr'>sufﬁciet,</span> <span class='ocrx_word' id='word_1_457' title='bbox 1114 3500 1454 3550; x_wconf 90' lang='lat' dir='ltr'>accuratum</span> <span class='ocrx_word' id='word_1_458' title='bbox 1496 3495 1655 3550; x_wconf 90' lang='lat' dir='ltr'>illius</span> <span class='ocrx_word' id='word_1_459' title='bbox 1707 3497 1936 3552; x_wconf 88' lang='lat' dir='ltr'>dedisse</span> <span class='ocrx_word' id='word_1_460' title='bbox 1967 3515 2122 3554; x_wconf 81' lang='lat' dir='ltr'>com-</span> 
     </span>
    </p>
   </div>
   <div class='ocr_carea' id='block_1_70' title="bbox 484 3583 2124 3662">
    <p class='ocr_par' dir='ltr' id='par_1_70' title="bbox 484 3583 2124 3662">
     <span class='ocr_line' id='line_1_70' title="bbox 484 3583 2124 3662; baseline -0.001 -18"><span class='ocrx_word' id='word_1_461' title='bbox 484 3588 785 3662; x_wconf 87' lang='lat' dir='ltr'>pendium,</span> <span class='ocrx_word' id='word_1_462' title='bbox 847 3602 915 3641; x_wconf 86' lang='lat' dir='ltr'>ex</span> <span class='ocrx_word' id='word_1_463' title='bbox 954 3583 1206 3656; x_wconf 89' lang='lat' dir='ltr'>propriis</span> <span class='ocrx_word' id='word_1_464' title='bbox 1239 3584 1558 3638; x_wconf 89' lang='lat' dir='ltr'>Theobaldi</span> <span class='ocrx_word' id='word_1_465' title='bbox 1589 3585 1779 3641; x_wconf 87' lang='lat' dir='ltr'>verbis</span> <span class='ocrx_word' id='word_1_466' title='bbox 1812 3586 1919 3641; x_wconf 92' lang='lat' dir='ltr'>hoc</span> <span class='ocrx_word' id='word_1_467' title='bbox 1951 3588 2124 3643; x_wconf 92' lang='lat' dir='ltr'>modo</span> 
     </span>
    </p>
   </div>
   <div class='ocr_carea' id='block_1_71' title="bbox 491 3673 2123 3750">
    <p class='ocr_par' dir='ltr' id='par_1_71' title="bbox 491 3673 2123 3750">
     <span class='ocr_line' id='line_1_71' title="bbox 491 3673 2123 3750; baseline -0.003 -15"><span class='ocrx_word' id='word_1_468' title='bbox 491 3681 796 3750; x_wconf 86' lang='lat' dir='ltr'>exceptum</span> <span class='ocrx_word' id='word_1_469' title='bbox 822 3694 834 3732; x_wconf 92' lang='lat'><strong>:</strong></span> <span class='ocrx_word' id='word_1_470' title='bbox 866 3698 891 3724; x_wconf 90' lang='grc'><em>‹‹</em></span> <span class='ocrx_word' id='word_1_471' title='bbox 918 3679 982 3728; x_wconf 90' lang='lat' dir='ltr'>In</span> <span class='ocrx_word' id='word_1_472' title='bbox 1004 3673 1240 3728; x_wconf 90' lang='lat' dir='ltr'>nomine</span> <span class='ocrx_word' id='word_1_473' title='bbox 1264 3677 1477 3727; x_wconf 64' lang='lat' dir='ltr'>sanctae</span> <span class='ocrx_word' id='word_1_474' title='bbox 1508 3677 1564 3728; x_wconf 89' lang='lat' dir='ltr'>et</span> <span class='ocrx_word' id='word_1_475' title='bbox 1593 3673 1902 3729; x_wconf 64' lang='lat' dir='ltr'>individua:</span> <span class='ocrx_word' id='word_1_476' title='bbox 1934 3677 2123 3731; x_wconf 85' lang='lat' dir='ltr'>Trini-</span> 
     </span>
    </p>
   </div>
   <div class='ocr_carea' id='block_1_72' title="bbox 480 3760 2123 3836">
    <p class='ocr_par' dir='ltr' id='par_1_72' title="bbox 480 3760 2123 3836">
     <span class='ocr_line' id='line_1_72' title="bbox 480 3760 2123 3836; baseline -0.005 -11"><span class='ocrx_word' id='word_1_477' title='bbox 480 3768 651 3825; x_wconf 90' lang='lat' dir='ltr'>tasis.</span> <span class='ocrx_word' id='word_1_478' title='bbox 674 3763 1044 3821; x_wconf 91' lang='lat' dir='ltr'>Theoboldus</span> <span class='ocrx_word' id='word_1_479' title='bbox 1077 3760 1261 3817; x_wconf 90' lang='lat' dir='ltr'>sancti</span> <span class='ocrx_word' id='word_1_480' title='bbox 1278 3761 1483 3816; x_wconf 90' lang='lat' dir='ltr'>Donati</span> <span class='ocrx_word' id='word_1_481' title='bbox 1503 3761 1770 3816; x_wconf 87' lang='lat' dir='ltr'>Vicarius</span> <span class='ocrx_word' id='word_1_482' title='bbox 1793 3784 1811 3829; x_wconf 83' lang='lat'>,-</span> <span class='ocrx_word' id='word_1_483' title='bbox 1844 3786 1863 3811; x_wconf 63' lang='grc' dir='ltr'>ω</span> <span class='ocrx_word' id='word_1_484' title='bbox 1889 3764 1967 3818; x_wconf 91' lang='lat' dir='ltr'>ita</span> <span class='ocrx_word' id='word_1_485' title='bbox 1988 3782 2123 3836; x_wconf 88' lang='lat' dir='ltr'>pas-</span> 
     </span>
    </p>
   </div>
   <div class='ocr_carea' id='block_1_73' title="bbox 478 3850 2121 3923">
    <p class='ocr_par' dir='ltr' id='par_1_73' title="bbox 478 3850 2121 3923">
     <span class='ocr_line' id='line_1_73' title="bbox 478 3850 2121 3923; baseline -0.002 -10"><span class='ocrx_word' id='word_1_486' title='bbox 478 3858 593 3913; x_wconf 89' lang='lat' dir='ltr'>sim</span> <span class='ocrx_word' id='word_1_487' title='bbox 617 3853 834 3911; x_wconf 91' lang='lat' dir='ltr'>Aretini</span> <span class='ocrx_word' id='word_1_488' title='bbox 857 3850 1110 3923; x_wconf 91' lang='lat' dir='ltr'>episcopi</span> <span class='ocrx_word' id='word_1_489' title='bbox 1125 3866 1251 3906; x_wconf 89' lang='lat' dir='ltr'>sese</span> <span class='ocrx_word' id='word_1_490' title='bbox 1263 3853 1737 3917; x_wconf 89' lang='lat' dir='ltr'>vocant,utnotat</span> <span class='ocrx_word' id='word_1_491' title='bbox 1750 3851 2121 3909; x_wconf 86' lang='lat' dir='ltr'>Mabillonius</span> 
     </span>
    </p>
   </div>
   <div class='ocr_carea' id='block_1_74' title="bbox 479 3939 2119 4010">
    <p class='ocr_par' dir='ltr' id='par_1_74' title="bbox 479 3939 2119 4010">
     <span class='ocr_line' id='line_1_74' title="bbox 479 3939 2119 4010; baseline -0.004 -8"><span class='ocrx_word' id='word_1_492' title='bbox 479 3962 613 4002; x_wconf 66' lang='lat' dir='ltr'>saec.</span> <span class='ocrx_word' id='word_1_493' title='bbox 634 3961 690 3998; x_wconf 75' lang='lat' dir='ltr'>vr</span> <span class='ocrx_word' id='word_1_494' title='bbox 712 3941 1085 3997; x_wconf 82' lang='lat' dir='ltr'>Benedictino</span> <span class='ocrx_word' id='word_1_495' title='bbox 1108 3943 1267 4010; x_wconf 88' lang='lat' dir='ltr'>parte</span> <span class='ocrx_word' id='word_1_496' title='bbox 1289 3956 1327 4008; x_wconf 77' lang='grc' dir='ltr'>Ι,</span> <span class='ocrx_word' id='word_1_497' title='bbox 1361 3939 1628 4009; x_wconf 75' lang='lat' dir='ltr'>pag.277.</span> <span class='ocrx_word' id='word_1_498' title='bbox 1651 3960 1670 3986; x_wconf 81' lang='grc' dir='ltr'>α</span> <span class='ocrx_word' id='word_1_499' title='bbox 1690 3939 1963 3995; x_wconf 91' lang='lat' dir='ltr'>Omnium</span> <span class='ocrx_word' id='word_1_500' title='bbox 1980 3942 2119 3997; x_wconf 91' lang='lat' dir='ltr'>ﬁde-</span> 
     </span>
    </p>
   </div>
   <div class='ocr_carea' id='block_1_75' title="bbox 476 4026 2117 4099">
    <p class='ocr_par' dir='ltr' id='par_1_75' title="bbox 476 4026 2117 4099">
     <span class='ocr_line' id='line_1_75' title="bbox 476 4026 2117 4099; baseline 0.001 -13"><span class='ocrx_word' id='word_1_501' title='bbox 476 4033 623 4088; x_wconf 91' lang='lat' dir='ltr'>lium</span> <span class='ocrx_word' id='word_1_502' title='bbox 656 4030 1122 4086; x_wconf 87' lang='lat' dir='ltr'>Christianorum</span> <span class='ocrx_word' id='word_1_503' title='bbox 1158 4028 1263 4081; x_wconf 89' lang='lat' dir='ltr'>hoc</span> <span class='ocrx_word' id='word_1_504' title='bbox 1292 4026 1523 4081; x_wconf 90' lang='lat' dir='ltr'>dilectio</span> <span class='ocrx_word' id='word_1_505' title='bbox 1548 4028 1788 4095; x_wconf 89' lang='lat' dir='ltr'>noverit,</span> <span class='ocrx_word' id='word_1_506' title='bbox 1824 4030 1978 4099; x_wconf 90' lang='lat' dir='ltr'>quod</span> <span class='ocrx_word' id='word_1_507' title='bbox 2012 4047 2117 4086; x_wconf 90' lang='lat' dir='ltr'>nos</span> 
     </span>
    </p>
   </div>
   <div class='ocr_carea' id='block_1_76' title="bbox 475 4115 2112 4189">
    <p class='ocr_par' dir='ltr' id='par_1_76' title="bbox 475 4115 2112 4189">
     <span class='ocr_line' id='line_1_76' title="bbox 475 4115 2112 4189; baseline -0.001 -14"><span class='ocrx_word' id='word_1_508' title='bbox 475 4121 548 4176; x_wconf 87' lang='lat' dir='ltr'>ob</span> <span class='ocrx_word' id='word_1_509' title='bbox 580 4134 838 4175; x_wconf 89' lang='lat' dir='ltr'>amorem</span> <span class='ocrx_word' id='word_1_510' title='bbox 869 4117 974 4189; x_wconf 60' lang='lat' dir='ltr'>pias</span> <span class='ocrx_word' id='word_1_511' title='bbox 1008 4115 1299 4170; x_wconf 67' lang='lat' dir='ltr'>memoriis</span> <span class='ocrx_word' id='word_1_512' title='bbox 1322 4115 1605 4185; x_wconf 88' lang='lat' dir='ltr'>spiritalis</span> <span class='ocrx_word' id='word_1_513' title='bbox 1633 4116 1823 4172; x_wconf 82' lang='lat' dir='ltr'>Patris</span> <span class='ocrx_word' id='word_1_514' title='bbox 1847 4118 2112 4175; x_wconf 88' lang='lat' dir='ltr'>nostriD.</span> 
     </span>
    </p>
   </div>
   <div class='ocr_carea' id='block_1_77' title="bbox 475 4204 2117 4275">
    <p class='ocr_par' dir='ltr' id='par_1_77' title="bbox 475 4204 2117 4275">
     <span class='ocr_line' id='line_1_77' title="bbox 475 4204 2117 4275; baseline 0 -11"><span class='ocrx_word' id='word_1_515' title='bbox 475 4207 805 4275; x_wconf 82' lang='lat' dir='ltr'>Romualdi,</span> <span class='ocrx_word' id='word_1_516' title='bbox 840 4204 1149 4261; x_wconf 90' lang='lat' dir='ltr'>clarissimi</span> <span class='ocrx_word' id='word_1_517' title='bbox 1179 4204 1451 4270; x_wconf 83' lang='lat' dir='ltr'>eremitae,</span> <span class='ocrx_word' id='word_1_518' title='bbox 1476 4206 1770 4260; x_wconf 91' lang='lat' dir='ltr'>communi</span> <span class='ocrx_word' id='word_1_519' title='bbox 1796 4207 2037 4263; x_wconf 90' lang='lat' dir='ltr'>consilio</span> <span class='ocrx_word' id='word_1_520' title='bbox 2059 4214 2117 4264; x_wconf 90' lang='lat' dir='ltr'>et</span> 
     </span>
    </p>
   </div>
   <div class='ocr_carea' id='block_1_78' title="bbox 473 4293 2111 4369">
    <p class='ocr_par' dir='ltr' id='par_1_78' title="bbox 473 4293 2111 4369">
     <span class='ocr_line' id='line_1_78' title="bbox 473 4293 2111 4369; baseline 0.001 -17"><span class='ocrx_word' id='word_1_521' title='bbox 473 4312 760 4352; x_wconf 89' lang='lat' dir='ltr'>consensu</span> <span class='ocrx_word' id='word_1_522' title='bbox 794 4297 1040 4351; x_wconf 89' lang='lat' dir='ltr'>fratrum</span> <span class='ocrx_word' id='word_1_523' title='bbox 1073 4293 1416 4351; x_wconf 74' lang='lat' dir='ltr'>clericorum</span> <span class='ocrx_word' id='word_1_524' title='bbox 1448 4298 1781 4349; x_wconf 91' lang='lat' dir='ltr'>nostrorum</span> <span class='ocrx_word' id='word_1_525' title='bbox 1811 4296 2111 4369; x_wconf 86' lang='lat' dir='ltr'>episc0po-</span> 
     </span>
    </p>
   </div>
   <div class='ocr_carea' id='block_1_79' title="bbox 471 4383 2110 4454">
    <p class='ocr_par' dir='ltr' id='par_1_79' title="bbox 471 4383 2110 4454">
     <span class='ocr_line' id='line_1_79' title="bbox 471 4383 2110 4454; baseline 0 -12"><span class='ocrx_word' id='word_1_526' title='bbox 471 4403 603 4442; x_wconf 90' lang='lat' dir='ltr'>rum</span> <span class='ocrx_word' id='word_1_527' title='bbox 635 4387 944 4454; x_wconf 90' lang='lat' dir='ltr'>donamus,</span> <span class='ocrx_word' id='word_1_528' title='bbox 977 4389 1033 4440; x_wconf 91' lang='lat' dir='ltr'>et</span> <span class='ocrx_word' id='word_1_529' title='bbox 1062 4383 1437 4439; x_wconf 88' lang='lat' dir='ltr'>concedimus</span> <span class='ocrx_word' id='word_1_530' title='bbox 1470 4400 1570 4453; x_wconf 92' lang='lat' dir='ltr'>pro</span> <span class='ocrx_word' id='word_1_531' title='bbox 1612 4385 1868 4441; x_wconf 90' lang='lat' dir='ltr'>remedio</span> <span class='ocrx_word' id='word_1_532' title='bbox 1902 4387 2110 4442; x_wconf 66' lang='lat' dir='ltr'>animae</span> 
     </span>
    </p>
   </div>
   <div class='ocr_carea' id='block_1_80' title="bbox 2236 3230 3349 3301">
    <p class='ocr_par' dir='ltr' id='par_1_80' title="bbox 2236 3230 3349 3301">
     <span class='ocr_line' id='line_1_80' title="bbox 2236 3230 3349 3301; baseline 0.001 -19"><span class='ocrx_word' id='word_1_533' title='bbox 2236 3230 2305 3297; x_wconf 88' lang='lat' dir='ltr'>V,</span> <span class='ocrx_word' id='word_1_534' title='bbox 2340 3246 2537 3285; x_wconf 91' lang='lat' dir='ltr'>mense</span> <span class='ocrx_word' id='word_1_535' title='bbox 2568 3234 2853 3301; x_wconf 83' lang='lat' dir='ltr'>Augusto,</span> <span class='ocrx_word' id='word_1_536' title='bbox 2890 3230 3205 3286; x_wconf 89' lang='lat' dir='ltr'>indictione</span> <span class='ocrx_word' id='word_1_537' title='bbox 3235 3249 3290 3286; x_wconf 86' lang='lat' dir='ltr'>x.</span> <span class='ocrx_word' id='word_1_538' title='bbox 3327 3256 3349 3283; x_wconf 75' lang='grc' dir='ltr'><strong><em>ι</em></strong></span> 
     </span>
    </p>
   </div>
   <div class='ocr_carea' id='block_1_81' title="bbox 2312 3318 3859 3393">
    <p class='ocr_par' dir='ltr' id='par_1_81' title="bbox 2312 3318 3859 3393">
     <span class='ocr_line' id='line_1_81' title="bbox 2312 3318 3859 3393; baseline 0.003 -21"><span class='ocrx_word' id='word_1_539' title='bbox 2312 3320 2431 3375; x_wconf 73' lang='grc'>125.</span> <span class='ocrx_word' id='word_1_540' title='bbox 2464 3320 2653 3389; x_wconf 85' lang='lat' dir='ltr'>Hujus</span> <span class='ocrx_word' id='word_1_541' title='bbox 2676 3318 3013 3391; x_wconf 90' lang='lat' dir='ltr'>diplomatis</span> <span class='ocrx_word' id='word_1_542' title='bbox 3035 3320 3153 3374; x_wconf 86' lang='lat' dir='ltr'>vim</span> <span class='ocrx_word' id='word_1_543' title='bbox 3178 3325 3234 3375; x_wconf 88' lang='lat' dir='ltr'>et</span> <span class='ocrx_word' id='word_1_544' title='bbox 3264 3322 3671 3379; x_wconf 85' lang='lat' dir='ltr'>auctoritatem</span> <span class='ocrx_word' id='word_1_545' title='bbox 3703 3336 3859 3393; x_wconf 82' lang='lat' dir='ltr'>agno-</span> 
     </span>
    </p>
   </div>
   <div class='ocr_carea' id='block_1_82' title="bbox 2238 3408 3859 3480">
    <p class='ocr_par' dir='ltr' id='par_1_82' title="bbox 2238 3408 3859 3480">
     <span class='ocr_line' id='line_1_82' title="bbox 2238 3408 3859 3480; baseline 0.002 -18"><span class='ocrx_word' id='word_1_546' title='bbox 2238 3408 2347 3462; x_wconf 88' lang='lat' dir='ltr'>scit</span> <span class='ocrx_word' id='word_1_547' title='bbox 2370 3410 2616 3479; x_wconf 90' lang='lat' dir='ltr'>ipsemet</span> <span class='ocrx_word' id='word_1_548' title='bbox 2645 3408 2935 3475; x_wconf 85' lang='lat' dir='ltr'>Grandus,</span> <span class='ocrx_word' id='word_1_549' title='bbox 2970 3409 3139 3480; x_wconf 88' lang='lat' dir='ltr'>cujus</span> <span class='ocrx_word' id='word_1_550' title='bbox 3171 3411 3342 3465; x_wconf 76' lang='lat' dir='ltr'>verba</span> <span class='ocrx_word' id='word_1_551' title='bbox 3400 3410 3496 3466; x_wconf 90' lang='lat' dir='ltr'>hic</span> <span class='ocrx_word' id='word_1_552' title='bbox 3527 3411 3692 3468; x_wconf 89' lang='lat' dir='ltr'>lubet</span> <span class='ocrx_word' id='word_1_553' title='bbox 3718 3416 3859 3466; x_wconf 88' lang='lat' dir='ltr'>tran-</span> 
     </span>
    </p>
   </div>
   <div class='ocr_carea' id='block_1_83' title="bbox 2237 3496 3859 3570">
    <p class='ocr_par' dir='ltr' id='par_1_83' title="bbox 2237 3496 3859 3570">
     <span class='ocr_line' id='line_1_83' title="bbox 2237 3496 3859 3570; baseline 0.001 -21"><span class='ocrx_word' id='word_1_554' title='bbox 2237 3496 2657 3566; x_wconf 78' lang='lat' dir='ltr'>scribere,quia</span> <span class='ocrx_word' id='word_1_555' title='bbox 2678 3496 2737 3549; x_wconf 93' lang='lat' dir='ltr'>in</span> <span class='ocrx_word' id='word_1_556' title='bbox 2761 3512 2857 3551; x_wconf 92' lang='lat' dir='ltr'>ore</span> <span class='ocrx_word' id='word_1_557' title='bbox 2880 3496 3196 3552; x_wconf 89' lang='lat' dir='ltr'>adversarii</span> <span class='ocrx_word' id='word_1_558' title='bbox 3220 3498 3412 3568; x_wconf 84' lang='lat' dir='ltr'>majus</span> <span class='ocrx_word' id='word_1_559' title='bbox 3436 3501 3669 3570; x_wconf 88' lang='lat' dir='ltr'>pondus</span> <span class='ocrx_word' id='word_1_560' title='bbox 3690 3498 3859 3556; x_wconf 84' lang='lat' dir='ltr'>solent</span> 
     </span>
    </p>
   </div>
   <div class='ocr_carea' id='block_1_84' title="bbox 2237 3585 3856 3659">
    <p class='ocr_par' dir='ltr' id='par_1_84' title="bbox 2237 3585 3856 3659">
     <span class='ocr_line' id='line_1_84' title="bbox 2237 3585 3856 3659; baseline 0 -21"><span class='ocrx_word' id='word_1_561' title='bbox 2237 3585 2465 3639; x_wconf 89' lang='lat' dir='ltr'>habere.</span> <span class='ocrx_word' id='word_1_562' title='bbox 2493 3585 2620 3639; x_wconf 71' lang='grc' dir='ltr'>Ηωο</span> <span class='ocrx_word' id='word_1_563' title='bbox 2653 3585 2847 3655; x_wconf 89' lang='lat' dir='ltr'>itaque</span> <span class='ocrx_word' id='word_1_564' title='bbox 2864 3586 3079 3641; x_wconf 87' lang='lat' dir='ltr'>fatetur</span> <span class='ocrx_word' id='word_1_565' title='bbox 3110 3586 3351 3641; x_wconf 89' lang='lat' dir='ltr'>Dissert.</span> <span class='ocrx_word' id='word_1_566' title='bbox 3387 3605 3451 3653; x_wconf 81' lang='grc' dir='ltr'>ΙΙ,</span> <span class='ocrx_word' id='word_1_567' title='bbox 3488 3605 3615 3659; x_wconf 90' lang='lat' dir='ltr'>cap.</span> <span class='ocrx_word' id='word_1_568' title='bbox 3648 3591 3701 3659; x_wconf 78' lang='lat'>8,</span> <span class='ocrx_word' id='word_1_569' title='bbox 3734 3605 3792 3654; x_wconf 82' lang='grc' dir='ltr'>ιι,</span> <span class='ocrx_word' id='word_1_570' title='bbox 3813 3586 3856 3639; x_wconf 90' lang='lat'>3.</span> 
     </span>
    </p>
   </div>
   <div class='ocr_carea' id='block_1_85' title="bbox 2236 3673 3857 3749">
    <p class='ocr_par' dir='ltr' id='par_1_85' title="bbox 2236 3673 3857 3749">
     <span class='ocr_line' id='line_1_85' title="bbox 2236 3673 3857 3749; baseline 0.003 -26"><span class='ocrx_word' id='word_1_571' title='bbox 2236 3696 2263 3723; x_wconf 92' lang='grc'><strong>‹‹</strong></span> <span class='ocrx_word' id='word_1_572' title='bbox 2297 3674 2375 3727; x_wconf 82' lang='lat' dir='ltr'>Ex</span> <span class='ocrx_word' id='word_1_573' title='bbox 2406 3673 2522 3728; x_wconf 88' lang='lat' dir='ltr'>alia</span> <span class='ocrx_word' id='word_1_574' title='bbox 2550 3690 2681 3729; x_wconf 88' lang='lat' dir='ltr'>vero</span> <span class='ocrx_word' id='word_1_575' title='bbox 2740 3677 2904 3745; x_wconf 87' lang='lat' dir='ltr'>parte</span> <span class='ocrx_word' id='word_1_576' title='bbox 2959 3674 3338 3730; x_wconf 89' lang='lat' dir='ltr'>difﬁcultates</span> <span class='ocrx_word' id='word_1_577' title='bbox 3396 3676 3535 3731; x_wconf 91' lang='lat' dir='ltr'>huic</span> <span class='ocrx_word' id='word_1_578' title='bbox 3575 3674 3857 3749; x_wconf 79' lang='lat' dir='ltr'>systemati</span> 
     </span>
    </p>
   </div>
   <div class='ocr_carea' id='block_1_86' title="bbox 2233 3763 3855 3835">
    <p class='ocr_par' dir='ltr' id='par_1_86' title="bbox 2233 3763 3855 3835">
     <span class='ocr_line' id='line_1_86' title="bbox 2233 3763 3855 3835; baseline -0.001 -18"><span class='ocrx_word' id='word_1_579' title='bbox 2233 3764 2531 3834; x_wconf 66' lang='lat' dir='ltr'>opposita),</span> <span class='ocrx_word' id='word_1_580' title='bbox 2558 3780 2672 3818; x_wconf 91' lang='lat' dir='ltr'>non</span> <span class='ocrx_word' id='word_1_581' title='bbox 2697 3763 2809 3819; x_wconf 90' lang='lat' dir='ltr'>nisi</span> <span class='ocrx_word' id='word_1_582' title='bbox 2833 3763 3209 3835; x_wconf 89' lang='lat' dir='ltr'>probabiliter</span> <span class='ocrx_word' id='word_1_583' title='bbox 3232 3764 3641 3835; x_wconf 85' lang='lat' dir='ltr'>expediuntur,</span> <span class='ocrx_word' id='word_1_584' title='bbox 3670 3764 3855 3820; x_wconf 83' lang='lat' dir='ltr'>ultima</span> 
     </span>
    </p>
   </div>
   <div class='ocr_carea' id='block_1_87' title="bbox 2232 3852 3854 3926">
    <p class='ocr_par' dir='ltr' id='par_1_87' title="bbox 2232 3852 3854 3926">
     <span class='ocr_line' id='line_1_87' title="bbox 2232 3852 3854 3926; baseline -0.001 -20"><span class='ocrx_word' id='word_1_585' title='bbox 2232 3853 2552 3924; x_wconf 71' lang='lat' dir='ltr'>praasertim</span> <span class='ocrx_word' id='word_1_586' title='bbox 2571 3869 2640 3906; x_wconf 84' lang='lat' dir='ltr'>ex</span> <span class='ocrx_word' id='word_1_587' title='bbox 2659 3852 2959 3924; x_wconf 87' lang='lat' dir='ltr'>privilegio</span> <span class='ocrx_word' id='word_1_588' title='bbox 2973 3852 3291 3908; x_wconf 87' lang='lat' dir='ltr'>Theodaldi</span> <span class='ocrx_word' id='word_1_589' title='bbox 3314 3854 3513 3925; x_wconf 88' lang='lat' dir='ltr'>petita,</span> <span class='ocrx_word' id='word_1_590' title='bbox 3533 3872 3659 3926; x_wconf 71' lang='lat' dir='ltr'>qua:</span> <span class='ocrx_word' id='word_1_591' title='bbox 3682 3854 3854 3923; x_wconf 76' lang='lat' dir='ltr'>majus</span> 
     </span>
    </p>
   </div>
   <div class='ocr_carea' id='block_1_88' title="bbox 2232 3941 3855 4015">
    <p class='ocr_par' dir='ltr' id='par_1_88' title="bbox 2232 3941 3855 4015">
     <span class='ocr_line' id='line_1_88' title="bbox 2232 3941 3855 4015; baseline 0 -20"><span class='ocrx_word' id='word_1_592' title='bbox 2232 3941 2373 3995; x_wconf 91' lang='lat' dir='ltr'>mihi</span> <span class='ocrx_word' id='word_1_593' title='bbox 2406 3958 2636 4011; x_wconf 87' lang='lat' dir='ltr'>semper</span> <span class='ocrx_word' id='word_1_594' title='bbox 2666 3941 2963 4011; x_wconf 89' lang='lat' dir='ltr'>negotium</span> <span class='ocrx_word' id='word_1_595' title='bbox 2997 3942 3283 3997; x_wconf 87' lang='lat' dir='ltr'>facessere</span> <span class='ocrx_word' id='word_1_596' title='bbox 3316 3959 3430 4013; x_wconf 59' lang='lat' dir='ltr'>prae</span> <span class='ocrx_word' id='word_1_597' title='bbox 3483 3944 3719 4015; x_wconf 88' lang='lat' dir='ltr'>reliquis</span> <span class='ocrx_word' id='word_1_598' title='bbox 3744 3942 3855 3995; x_wconf 78' lang='lat' dir='ltr'>visa</span> 
     </span>
    </p>
   </div>
   <div class='ocr_carea' id='block_1_89' title="bbox 2228 4030 3851 4102">
    <p class='ocr_par' dir='ltr' id='par_1_89' title="bbox 2228 4030 3851 4102">
     <span class='ocr_line' id='line_1_89' title="bbox 2228 4030 3851 4102; baseline -0.001 -18"><span class='ocrx_word' id='word_1_599' title='bbox 2228 4034 2335 4097; x_wconf 89' lang='lat' dir='ltr'>est,</span> <span class='ocrx_word' id='word_1_600' title='bbox 2371 4047 2435 4084; x_wconf 90' lang='lat' dir='ltr'>ac</span> <span class='ocrx_word' id='word_1_601' title='bbox 2468 4030 2665 4083; x_wconf 91' lang='lat' dir='ltr'>minus</span> <span class='ocrx_word' id='word_1_602' title='bbox 2696 4034 2983 4097; x_wconf 85' lang='lat' dir='ltr'>exactam,</span> <span class='ocrx_word' id='word_1_603' title='bbox 3019 4048 3193 4102; x_wconf 90' lang='lat' dir='ltr'>quam</span> <span class='ocrx_word' id='word_1_604' title='bbox 3256 4036 3459 4087; x_wconf 74' lang='lat' dir='ltr'>cetera:</span> <span class='ocrx_word' id='word_1_605' title='bbox 3521 4032 3851 4088; x_wconf 82' lang='lat' dir='ltr'>solutionem</span> 
     </span>
    </p>
   </div>
   <div class='ocr_carea' id='block_1_90' title="bbox 2228 4119 3852 4195">
    <p class='ocr_par' dir='ltr' id='par_1_90' title="bbox 2228 4119 3852 4195">
     <span class='ocr_line' id='line_1_90' title="bbox 2228 4119 3852 4195; baseline -0.001 -22"><span class='ocrx_word' id='word_1_606' title='bbox 2228 4120 2552 4185; x_wconf 87' lang='lat' dir='ltr'>admittere,</span> <span class='ocrx_word' id='word_1_607' title='bbox 2583 4120 2725 4174; x_wconf 87' lang='lat' dir='ltr'>adeo</span> <span class='ocrx_word' id='word_1_608' title='bbox 2759 4123 2824 4174; x_wconf 94' lang='lat' dir='ltr'>ut</span> <span class='ocrx_word' id='word_1_609' title='bbox 2852 4121 3045 4192; x_wconf 89' lang='lat' dir='ltr'>verba,</span> <span class='ocrx_word' id='word_1_610' title='bbox 3079 4138 3147 4175; x_wconf 89' lang='lat' dir='ltr'>ex</span> <span class='ocrx_word' id='word_1_611' title='bbox 3204 4120 3301 4175; x_wconf 93' lang='lat' dir='ltr'>illo</span> <span class='ocrx_word' id='word_1_612' title='bbox 3361 4122 3661 4195; x_wconf 83' lang='lat' dir='ltr'>privilegio</span> <span class='ocrx_word' id='word_1_613' title='bbox 3698 4119 3852 4177; x_wconf 88' lang='lat' dir='ltr'>nobis</span> 
     </span>
    </p>
   </div>
   <div class='ocr_carea' id='block_1_91' title="bbox 2225 4207 3853 4282">
    <p class='ocr_par' dir='ltr' id='par_1_91' title="bbox 2225 4207 3853 4282">
     <span class='ocr_line' id='line_1_91' title="bbox 2225 4207 3853 4282; baseline -0.002 -19"><span class='ocrx_word' id='word_1_614' title='bbox 2225 4208 2523 4280; x_wconf 89' lang='lat' dir='ltr'>opposita,</span> <span class='ocrx_word' id='word_1_615' title='bbox 2556 4209 2854 4279; x_wconf 90' lang='lat' dir='ltr'>quondam</span> <span class='ocrx_word' id='word_1_616' title='bbox 2888 4209 3159 4263; x_wconf 89' lang='lat' dir='ltr'>addititia</span> <span class='ocrx_word' id='word_1_617' title='bbox 3198 4210 3567 4279; x_wconf 81' lang='lat' dir='ltr'>crediderim,</span> <span class='ocrx_word' id='word_1_618' title='bbox 3594 4210 3749 4282; x_wconf 87' lang='lat' dir='ltr'>quasi</span> <span class='ocrx_word' id='word_1_619' title='bbox 3780 4207 3853 4261; x_wconf 88' lang='lat' dir='ltr'>di-</span> 
     </span>
    </p>
   </div>
   <div class='ocr_carea' id='block_1_92' title="bbox 2223 4295 3849 4368">
    <p class='ocr_par' dir='ltr' id='par_1_92' title="bbox 2223 4295 3849 4368">
     <span class='ocr_line' id='line_1_92' title="bbox 2223 4295 3849 4368; baseline -0.001 -18"><span class='ocrx_word' id='word_1_620' title='bbox 2223 4295 2419 4367; x_wconf 91' lang='lat' dir='ltr'>ploma</span> <span class='ocrx_word' id='word_1_621' title='bbox 2448 4296 2616 4363; x_wconf 90' lang='lat' dir='ltr'>illud,</span> <span class='ocrx_word' id='word_1_622' title='bbox 2650 4296 2736 4351; x_wconf 88' lang='lat' dir='ltr'>vel</span> <span class='ocrx_word' id='word_1_623' title='bbox 2767 4297 2838 4351; x_wconf 90' lang='lat' dir='ltr'>ab</span> <span class='ocrx_word' id='word_1_624' title='bbox 2869 4296 3498 4368; x_wconf 88' lang='lat' dir='ltr'>aliquointerpolatum</span> <span class='ocrx_word' id='word_1_625' title='bbox 3534 4298 3849 4361; x_wconf 79' lang='lat' dir='ltr'>invenisset.</span> 
     </span>
    </p>
   </div>
   <div class='ocr_carea' id='block_1_93' title="bbox 2220 4385 3850 4457">
    <p class='ocr_par' dir='ltr' id='par_1_93' title="bbox 2220 4385 3850 4457">
     <span class='ocr_line' id='line_1_93' title="bbox 2220 4385 3850 4457; baseline -0.002 -19"><span class='ocrx_word' id='word_1_626' title='bbox 2220 4386 2307 4440; x_wconf 89' lang='lat' dir='ltr'>vel</span> <span class='ocrx_word' id='word_1_627' title='bbox 2338 4386 2581 4456; x_wconf 90' lang='lat' dir='ltr'>ipsemet</span> <span class='ocrx_word' id='word_1_628' title='bbox 2614 4386 2782 4441; x_wconf 91' lang='lat' dir='ltr'>nobis</span> <span class='ocrx_word' id='word_1_629' title='bbox 2814 4385 3229 4457; x_wconf 90' lang='lat' dir='ltr'>interpolatum</span> <span class='ocrx_word' id='word_1_630' title='bbox 3263 4386 3629 4443; x_wconf 91' lang='lat' dir='ltr'>exhibuisset</span> <span class='ocrx_word' id='word_1_631' title='bbox 3663 4386 3850 4440; x_wconf 84' lang='lat' dir='ltr'>Fortu-</span> 
     </span>
    </p>
   </div>
   <div class='ocr_carea' id='block_1_94' title="bbox 469 4473 3850 4554">
    <p class='ocr_par' dir='ltr' id='par_1_94' title="bbox 469 4473 3850 4554">
     <span class='ocr_line' id='line_1_94' title="bbox 469 4473 3850 4554; baseline -0.001 -22"><span class='ocrx_word' id='word_1_632' title='bbox 469 4480 678 4532; x_wconf 69' lang='lat' dir='ltr'>nostrae</span> <span class='ocrx_word' id='word_1_633' title='bbox 711 4475 1093 4545; x_wconf 87' lang='lat' dir='ltr'>omniumque</span> <span class='ocrx_word' id='word_1_634' title='bbox 1124 4488 1529 4528; x_wconf 91' lang='lat' dir='ltr'>successorum</span> <span class='ocrx_word' id='word_1_635' title='bbox 1582 4477 1913 4529; x_wconf 92' lang='lat' dir='ltr'>nostrorum</span> <span class='ocrx_word' id='word_1_636' title='bbox 1958 4477 2109 4547; x_wconf 88' lang='lat' dir='ltr'>epis-</span> <span class='ocrx_word' id='word_1_637' title='bbox 2145 4490 2191 4554; x_wconf 82' lang='lat' dir='ltr'>D</span> <span class='ocrx_word' id='word_1_638' title='bbox 2223 4474 2376 4541; x_wconf 90' lang='lat' dir='ltr'>nius,</span> <span class='ocrx_word' id='word_1_639' title='bbox 2414 4492 2537 4546; x_wconf 68' lang='lat' dir='ltr'>qua:</span> <span class='ocrx_word' id='word_1_640' title='bbox 2567 4477 2762 4529; x_wconf 91' lang='lat' dir='ltr'>tamen</span> <span class='ocrx_word' id='word_1_641' title='bbox 2797 4473 3051 4546; x_wconf 88' lang='lat' dir='ltr'>suspicio</span> <span class='ocrx_word' id='word_1_642' title='bbox 3083 4492 3239 4531; x_wconf 90' lang='lat' dir='ltr'>nunc</span> <span class='ocrx_word' id='word_1_643' title='bbox 3271 4480 3462 4531; x_wconf 89' lang='lat' dir='ltr'>cessat</span> <span class='ocrx_word' id='word_1_644' title='bbox 3490 4501 3503 4543; x_wconf 88' lang='lat'><strong>;</strong></span> <span class='ocrx_word' id='word_1_645' title='bbox 3557 4479 3850 4548; x_wconf 84' lang='lat' dir='ltr'>postquam</span> 
     </span>
    </p>
   </div>
   <div class='ocr_carea' id='block_1_95' title="bbox 466 4561 3847 4637">
    <p class='ocr_par' dir='ltr' id='par_1_95' title="bbox 466 4561 3847 4637">
     <span class='ocr_line' id='line_1_95' title="bbox 466 4561 3847 4637; baseline -0.002 -17"><span class='ocrx_word' id='word_1_646' title='bbox 466 4581 744 4637; x_wconf 87' lang='lat' dir='ltr'>coporum</span> <span class='ocrx_word' id='word_1_647' title='bbox 776 4570 839 4618; x_wconf 93' lang='lat' dir='ltr'>D.</span> <span class='ocrx_word' id='word_1_648' title='bbox 874 4568 1044 4618; x_wconf 89' lang='lat' dir='ltr'>Petro</span> <span class='ocrx_word' id='word_1_649' title='bbox 1074 4561 1385 4617; x_wconf 84' lang='lat' dir='ltr'>venerabili</span> <span class='ocrx_word' id='word_1_650' title='bbox 1444 4562 1694 4616; x_wconf 70' lang='lat' dir='ltr'>eremita:</span> <span class='ocrx_word' id='word_1_651' title='bbox 1747 4564 1817 4617; x_wconf 88' lang='lat' dir='ltr'>ad</span> <span class='ocrx_word' id='word_1_652' title='bbox 1853 4581 2027 4619; x_wconf 90' lang='lat' dir='ltr'>usum</span> <span class='ocrx_word' id='word_1_653' title='bbox 2059 4570 2115 4620; x_wconf 90' lang='lat' dir='ltr'>et</span> <span class='ocrx_word' id='word_1_654' title='bbox 2224 4564 2873 4635; x_wconf 87' lang='lat' dir='ltr'>autographum,ipsius</span> <span class='ocrx_word' id='word_1_655' title='bbox 2893 4563 3213 4619; x_wconf 89' lang='lat' dir='ltr'>Theodaldi</span> <span class='ocrx_word' id='word_1_656' title='bbox 3239 4581 3418 4619; x_wconf 87' lang='lat' dir='ltr'>manu</span> <span class='ocrx_word' id='word_1_657' title='bbox 3442 4565 3847 4634; x_wconf 88' lang='lat' dir='ltr'>subscriptum,</span> 
     </span>
    </p>
   </div>
   <div class='ocr_carea' id='block_1_96' title="bbox 465 4650 2110 4726">
    <p class='ocr_par' dir='ltr' id='par_1_96' title="bbox 465 4650 2110 4726">
     <span class='ocr_line' id='line_1_96' title="bbox 465 4650 2110 4726; baseline -0.001 -16"><span class='ocrx_word' id='word_1_658' title='bbox 465 4659 768 4726; x_wconf 88' lang='lat' dir='ltr'>sumptum</span> <span class='ocrx_word' id='word_1_659' title='bbox 789 4654 1169 4717; x_wconf 90' lang='lat' dir='ltr'>confratrum,</span> <span class='ocrx_word' id='word_1_660' title='bbox 1194 4650 1561 4706; x_wconf 90' lang='lat' dir='ltr'>eremeticam</span> <span class='ocrx_word' id='word_1_661' title='bbox 1581 4652 1759 4705; x_wconf 89' lang='lat' dir='ltr'>vitam</span> <span class='ocrx_word' id='word_1_662' title='bbox 1784 4654 1891 4707; x_wconf 91' lang='lat' dir='ltr'>sub</span> <span class='ocrx_word' id='word_1_663' title='bbox 1914 4670 1978 4708; x_wconf 90' lang='lat' dir='ltr'>eo</span> <span class='ocrx_word' id='word_1_664' title='bbox 2007 4655 2110 4709; x_wconf 89' lang='lat' dir='ltr'>du-</span> 
     </span>
    </p>
   </div>
   <div class='ocr_carea' id='block_1_97' title="bbox 463 4740 2105 4813">
    <p class='ocr_par' dir='ltr' id='par_1_97' title="bbox 463 4740 2105 4813">
     <span class='ocr_line' id='line_1_97' title="bbox 463 4740 2105 4813; baseline 0.001 -16"><span class='ocrx_word' id='word_1_665' title='bbox 463 4743 743 4810; x_wconf 91' lang='lat' dir='ltr'>centium,</span> <span class='ocrx_word' id='word_1_666' title='bbox 763 4742 999 4813; x_wconf 89' lang='lat' dir='ltr'>suisque</span> <span class='ocrx_word' id='word_1_667' title='bbox 1021 4740 1460 4795; x_wconf 88' lang='lat' dir='ltr'>successoribus</span> <span class='ocrx_word' id='word_1_668' title='bbox 1484 4740 1762 4808; x_wconf 90' lang='lat' dir='ltr'>eremitis,</span> <span class='ocrx_word' id='word_1_669' title='bbox 1787 4743 2105 4811; x_wconf 89' lang='lat' dir='ltr'>quamdam</span> 
     </span>
    </p>
   </div>
   <div class='ocr_carea' id='block_1_98' title="bbox 460 4829 2107 4900">
    <p class='ocr_par' dir='ltr' id='par_1_98' title="bbox 460 4829 2107 4900">
     <span class='ocr_line' id='line_1_98' title="bbox 460 4829 2107 4900; baseline 0.001 -15"><span class='ocrx_word' id='word_1_670' title='bbox 460 4831 765 4886; x_wconf 89' lang='lat' dir='ltr'>ecclesiam</span> <span class='ocrx_word' id='word_1_671' title='bbox 791 4832 849 4885; x_wconf 89' lang='lat' dir='ltr'>in</span> <span class='ocrx_word' id='word_1_672' title='bbox 867 4830 1074 4885; x_wconf 90' lang='lat' dir='ltr'>mediis</span> <span class='ocrx_word' id='word_1_673' title='bbox 1088 4829 1776 4900; x_wconf 54' lang='lat' dir='ltr'>AlpibusJuraepiscopii</span> <span class='ocrx_word' id='word_1_674' title='bbox 1803 4833 1986 4885; x_wconf 88' lang='lat' dir='ltr'>sancti</span> <span class='ocrx_word' id='word_1_675' title='bbox 2003 4833 2107 4887; x_wconf 87' lang='lat' dir='ltr'>Do-</span> 
     </span>
    </p>
   </div>
   <div class='ocr_carea' id='block_1_99' title="bbox 462 4918 2103 4991">
    <p class='ocr_par' dir='ltr' id='par_1_99' title="bbox 462 4918 2103 4991">
     <span class='ocr_line' id='line_1_99' title="bbox 462 4918 2103 4991; baseline 0.001 -18"><span class='ocrx_word' id='word_1_676' title='bbox 462 4919 788 4991; x_wconf 88' lang='lat' dir='ltr'>nati,quam</span> <span class='ocrx_word' id='word_1_677' title='bbox 813 4936 917 4973; x_wconf 89' lang='lat' dir='ltr'>nos</span> <span class='ocrx_word' id='word_1_678' title='bbox 945 4924 1149 4991; x_wconf 86' lang='lat' dir='ltr'>rogatu</span> <span class='ocrx_word' id='word_1_679' title='bbox 1174 4918 1392 4989; x_wconf 74' lang='lat' dir='ltr'>prrefati</span> <span class='ocrx_word' id='word_1_680' title='bbox 1417 4918 1481 4971; x_wconf 91' lang='lat' dir='ltr'>D.</span> <span class='ocrx_word' id='word_1_681' title='bbox 1515 4918 1821 4972; x_wconf 67' lang='lat' dir='ltr'>liomualdi</span> <span class='ocrx_word' id='word_1_682' title='bbox 1850 4921 2103 4976; x_wconf 67' lang='lat' dir='ltr'>eremitaa</span> 
     </span>
    </p>
   </div>
   <div class='ocr_carea' id='block_1_100' title="bbox 459 5008 2104 5065">
    <p class='ocr_par' dir='ltr' id='par_1_100' title="bbox 459 5008 2104 5065">
     <span class='ocr_line' id='line_1_100' title="bbox 459 5008 2104 5065; baseline 0.001 -1"><span class='ocrx_word' id='word_1_683' title='bbox 459 5009 929 5065; x_wconf 90' lang='lat' dir='ltr'>consecravimus</span> <span class='ocrx_word' id='word_1_684' title='bbox 952 5010 1059 5063; x_wconf 88' lang='lat' dir='ltr'>sub</span> <span class='ocrx_word' id='word_1_685' title='bbox 1084 5008 1297 5061; x_wconf 90' lang='lat' dir='ltr'>honore</span> <span class='ocrx_word' id='word_1_686' title='bbox 1320 5012 1376 5061; x_wconf 92' lang='lat' dir='ltr'>et</span> <span class='ocrx_word' id='word_1_687' title='bbox 1399 5008 1633 5062; x_wconf 90' lang='lat' dir='ltr'>nomine</span> <span class='ocrx_word' id='word_1_688' title='bbox 1658 5008 1883 5061; x_wconf 90' lang='lat' dir='ltr'>Domini</span> <span class='ocrx_word' id='word_1_689' title='bbox 1924 5012 2104 5065; x_wconf 88' lang='lat' dir='ltr'>nostri</span> 
     </span>
    </p>
   </div>
   <div class='ocr_carea' id='block_1_101' title="bbox 454 5094 2101 5162">
    <p class='ocr_par' dir='ltr' id='par_1_101' title="bbox 454 5094 2101 5162">
     <span class='ocr_line' id='line_1_101' title="bbox 454 5094 2101 5162; baseline 0 -9"><span class='ocrx_word' id='word_1_690' title='bbox 454 5098 591 5155; x_wconf 87' lang='lat' dir='ltr'>Jesu</span> <span class='ocrx_word' id='word_1_691' title='bbox 614 5098 830 5154; x_wconf 88' lang='lat' dir='ltr'>Christi</span> <span class='ocrx_word' id='word_1_692' title='bbox 853 5097 1039 5153; x_wconf 89' lang='lat' dir='ltr'>sancti</span> <span class='ocrx_word' id='word_1_693' title='bbox 1062 5094 1812 5162; x_wconf 85' lang='lat' dir='ltr'>Salvatoris,eonsistenlem</span> <span class='ocrx_word' id='word_1_694' title='bbox 1849 5097 1905 5151; x_wconf 92' lang='lat' dir='ltr'>in</span> <span class='ocrx_word' id='word_1_695' title='bbox 1930 5100 2101 5153; x_wconf 91' lang='lat' dir='ltr'>terri—</span> 
     </span>
    </p>
   </div>
   <div class='ocr_carea' id='block_1_102' title="bbox 454 5183 2099 5253">
    <p class='ocr_par' dir='ltr' id='par_1_102' title="bbox 454 5183 2099 5253">
     <span class='ocr_line' id='line_1_102' title="bbox 454 5183 2099 5253; baseline 0.001 -12"><span class='ocrx_word' id='word_1_696' title='bbox 454 5188 602 5243; x_wconf 93' lang='lat' dir='ltr'>torio</span> <span class='ocrx_word' id='word_1_697' title='bbox 624 5188 860 5243; x_wconf 86' lang='lat' dir='ltr'>Aretino</span> <span class='ocrx_word' id='word_1_698' title='bbox 884 5188 955 5241; x_wconf 89' lang='lat' dir='ltr'>ad</span> <span class='ocrx_word' id='word_1_699' title='bbox 976 5185 1199 5241; x_wconf 86' lang='lat' dir='ltr'>radices</span> <span class='ocrx_word' id='word_1_700' title='bbox 1220 5183 1474 5253; x_wconf 90' lang='lat' dir='ltr'>Alpium,</span> <span class='ocrx_word' id='word_1_701' title='bbox 1502 5185 1883 5241; x_wconf 85' lang='lat' dir='ltr'>dividentium</span> <span class='ocrx_word' id='word_1_702' title='bbox 1910 5188 2099 5243; x_wconf 87' lang='lat' dir='ltr'>Thus-</span> 
     </span>
    </p>
   </div>
   <div class='ocr_carea' id='block_1_103' title="bbox 453 5272 2098 5347">
    <p class='ocr_par' dir='ltr' id='par_1_103' title="bbox 453 5272 2098 5347">
     <span class='ocr_line' id='line_1_103' title="bbox 453 5272 2098 5347; baseline 0.001 -17"><span class='ocrx_word' id='word_1_703' title='bbox 453 5277 603 5331; x_wconf 91' lang='lat' dir='ltr'>ciam</span> <span class='ocrx_word' id='word_1_704' title='bbox 637 5282 693 5333; x_wconf 89' lang='lat' dir='ltr'>et</span> <span class='ocrx_word' id='word_1_705' title='bbox 727 5277 1095 5341; x_wconf 84' lang='lat' dir='ltr'>Romaniam,</span> <span class='ocrx_word' id='word_1_706' title='bbox 1127 5274 1183 5327; x_wconf 87' lang='lat' dir='ltr'>in</span> <span class='ocrx_word' id='word_1_707' title='bbox 1217 5273 1339 5327; x_wconf 92' lang='lat' dir='ltr'>loco</span> <span class='ocrx_word' id='word_1_708' title='bbox 1359 5273 1457 5342; x_wconf 92' lang='lat' dir='ltr'>qui</span> <span class='ocrx_word' id='word_1_709' title='bbox 1481 5272 1695 5328; x_wconf 87' lang='lat' dir='ltr'>dicitur</span> <span class='ocrx_word' id='word_1_710' title='bbox 1718 5274 1932 5347; x_wconf 88' lang='lat' dir='ltr'>Campo</span> <span class='ocrx_word' id='word_1_711' title='bbox 1952 5278 2098 5333; x_wconf 86' lang='lat' dir='ltr'>Mal-</span> 
     </span>
    </p>
   </div>
   <div class='ocr_carea' id='block_1_104' title="bbox 453 5363 1399 5436">
    <p class='ocr_par' dir='ltr' id='par_1_104' title="bbox 453 5363 1399 5436">
     <span class='ocr_line' id='line_1_104' title="bbox 453 5363 1399 5436; baseline -0.003 -19"><span class='ocrx_word' id='word_1_712' title='bbox 453 5364 574 5419; x_wconf 92' lang='lat' dir='ltr'>duli</span> <span class='ocrx_word' id='word_1_713' title='bbox 608 5382 712 5436; x_wconf 94' lang='lat' dir='ltr'>per</span> <span class='ocrx_word' id='word_1_714' title='bbox 744 5383 849 5421; x_wconf 85' lang='lat' dir='ltr'>sua</span> <span class='ocrx_word' id='word_1_715' title='bbox 880 5366 1005 5421; x_wconf 90' lang='lat' dir='ltr'>loca</span> <span class='ocrx_word' id='word_1_716' title='bbox 1034 5363 1399 5434; x_wconf 89' lang='lat' dir='ltr'>designala...</span> 
     </span>
    </p>
   </div>
   <div class='ocr_carea' id='block_1_105' title="bbox 474 5450 2095 5531">
    <p class='ocr_par' dir='ltr' id='par_1_105' title="bbox 474 5450 2095 5531">
     <span class='ocr_line' id='line_1_105' title="bbox 474 5450 2095 5531; baseline 0.005 -27"><span class='ocrx_word' id='word_1_717' title='bbox 474 5526 475 5531; x_wconf 17' lang='lat'>‘</span> <span class='ocrx_word' id='word_1_718' title='bbox 526 5454 645 5510; x_wconf 72' lang='grc'>124,</span> <span class='ocrx_word' id='word_1_719' title='bbox 673 5478 697 5502; x_wconf 76' lang='grc' dir='ltr'><strong><em>α</em></strong></span> <span class='ocrx_word' id='word_1_720' title='bbox 727 5454 889 5509; x_wconf 84' lang='lat' dir='ltr'>llunc</span> <span class='ocrx_word' id='word_1_721' title='bbox 919 5454 1095 5526; x_wconf 87' lang='lat' dir='ltr'>igitur</span> <span class='ocrx_word' id='word_1_722' title='bbox 1115 5453 1307 5507; x_wconf 92' lang='lat' dir='ltr'>locum</span> <span class='ocrx_word' id='word_1_723' title='bbox 1341 5455 1399 5503; x_wconf 83' lang='grc' dir='ltr'>υ.</span> <span class='ocrx_word' id='word_1_724' title='bbox 1428 5450 1787 5507; x_wconf 76' lang='lat' dir='ltr'>llomualdus</span> <span class='ocrx_word' id='word_1_725' title='bbox 1816 5455 1948 5526; x_wconf 90' lang='lat' dir='ltr'>pius</span> <span class='ocrx_word' id='word_1_726' title='bbox 1974 5472 2095 5512; x_wconf 89' lang='lat' dir='ltr'>ere-</span> 
     </span>
    </p>
   </div>
   <div class='ocr_carea' id='block_1_106' title="bbox 448 5540 2093 5615">
    <p class='ocr_par' dir='ltr' id='par_1_106' title="bbox 448 5540 2093 5615">
     <span class='ocr_line' id='line_1_106' title="bbox 448 5540 2093 5615; baseline 0.001 -16"><span class='ocrx_word' id='word_1_727' title='bbox 448 5540 727 5599; x_wconf 86' lang='lat' dir='ltr'>mitarum</span> <span class='ocrx_word' id='word_1_728' title='bbox 752 5544 920 5599; x_wconf 88' lang='lat' dir='ltr'>Pater</span> <span class='ocrx_word' id='word_1_729' title='bbox 946 5543 1181 5615; x_wconf 90' lang='lat' dir='ltr'>delegit,</span> <span class='ocrx_word' id='word_1_730' title='bbox 1216 5546 1271 5597; x_wconf 90' lang='lat' dir='ltr'>et</span> <span class='ocrx_word' id='word_1_731' title='bbox 1290 5540 1538 5613; x_wconf 80' lang='lat' dir='ltr'>providit</span> <span class='ocrx_word' id='word_1_732' title='bbox 1560 5542 1930 5612; x_wconf 88' lang='lat' dir='ltr'>aptissimum</span> <span class='ocrx_word' id='word_1_733' title='bbox 1958 5563 2093 5600; x_wconf 90' lang='lat' dir='ltr'>con-</span> 
     </span>
    </p>
   </div>
   <div class='ocr_carea' id='block_1_107' title="bbox 2218 4651 3851 4723">
    <p class='ocr_par' dir='ltr' id='par_1_107' title="bbox 2218 4651 3851 4723">
     <span class='ocr_line' id='line_1_107' title="bbox 2218 4651 3851 4723; baseline -0.003 -16"><span class='ocrx_word' id='word_1_734' title='bbox 2218 4658 2275 4707; x_wconf 93' lang='lat' dir='ltr'>et</span> <span class='ocrx_word' id='word_1_735' title='bbox 2297 4651 2488 4723; x_wconf 86' lang='lat' dir='ltr'>sigillo</span> <span class='ocrx_word' id='word_1_736' title='bbox 2512 4652 2807 4707; x_wconf 91' lang='lat' dir='ltr'>munitum</span> <span class='ocrx_word' id='word_1_737' title='bbox 2832 4652 2890 4706; x_wconf 93' lang='lat' dir='ltr'>in</span> <span class='ocrx_word' id='word_1_738' title='bbox 2912 4653 3342 4707; x_wconf 78' lang='lat' dir='ltr'>Camaldulensi</span> <span class='ocrx_word' id='word_1_739' title='bbox 3362 4653 3649 4721; x_wconf 85' lang='lat' dir='ltr'>Archivio,</span> <span class='ocrx_word' id='word_1_740' title='bbox 3669 4665 3851 4707; x_wconf 86' lang='lat' dir='ltr'>arma-</span> 
     </span>
    </p>
   </div>
   <div class='ocr_carea' id='block_1_108' title="bbox 2221 4740 3847 4813">
    <p class='ocr_par' dir='ltr' id='par_1_108' title="bbox 2221 4740 3847 4813">
     <span class='ocr_line' id='line_1_108' title="bbox 2221 4740 3847 4813; baseline -0.001 -18"><span class='ocrx_word' id='word_1_741' title='bbox 2221 4744 2303 4796; x_wconf 90' lang='lat' dir='ltr'>rio</span> <span class='ocrx_word' id='word_1_742' title='bbox 2344 4744 2391 4811; x_wconf 87' lang='lat'>1,</span> <span class='ocrx_word' id='word_1_743' title='bbox 2426 4758 2589 4803; x_wconf 83' lang='lat' dir='ltr'>num.</span> <span class='ocrx_word' id='word_1_744' title='bbox 2623 4744 2711 4810; x_wconf 76' lang='lat'>36,</span> <span class='ocrx_word' id='word_1_745' title='bbox 2743 4740 3191 4813; x_wconf 88' lang='lat' dir='ltr'>diligentissime</span> <span class='ocrx_word' id='word_1_746' title='bbox 3240 4742 3638 4808; x_wconf 80' lang='lat' dir='ltr'>lustravimus,</span> <span class='ocrx_word' id='word_1_747' title='bbox 3666 4752 3847 4809; x_wconf 86' lang='lat' dir='ltr'>neque</span> 
     </span>
    </p>
   </div>
   <div class='ocr_carea' id='block_1_109' title="bbox 2218 4828 3845 4902">
    <p class='ocr_par' dir='ltr' id='par_1_109' title="bbox 2218 4828 3845 4902">
     <span class='ocr_line' id='line_1_109' title="bbox 2218 4828 3845 4902; baseline -0.003 -17"><span class='ocrx_word' id='word_1_748' title='bbox 2218 4830 2641 4902; x_wconf 90' lang='lat' dir='ltr'>suppositionis</span> <span class='ocrx_word' id='word_1_749' title='bbox 2662 4830 2749 4884; x_wconf 80' lang='lat' dir='ltr'>vel</span> <span class='ocrx_word' id='word_1_750' title='bbox 2770 4830 3238 4900; x_wconf 89' lang='lat' dir='ltr'>interpolationis</span> <span class='ocrx_word' id='word_1_751' title='bbox 3268 4836 3465 4886; x_wconf 90' lang='lat' dir='ltr'>notam</span> <span class='ocrx_word' id='word_1_752' title='bbox 3492 4832 3657 4887; x_wconf 88' lang='lat' dir='ltr'>ullam</span> <span class='ocrx_word' id='word_1_753' title='bbox 3676 4828 3845 4882; x_wconf 79' lang='lat' dir='ltr'>offen-</span> 
     </span>
    </p>
   </div>
   <div class='ocr_carea' id='block_1_110' title="bbox 2216 4916 3844 4992">
    <p class='ocr_par' dir='ltr' id='par_1_110' title="bbox 2216 4916 3844 4992">
     <span class='ocr_line' id='line_1_110' title="bbox 2216 4916 3844 4992; baseline -0.003 -18"><span class='ocrx_word' id='word_1_754' title='bbox 2216 4921 2433 4985; x_wconf 90' lang='lat' dir='ltr'>dimus,</span> <span class='ocrx_word' id='word_1_755' title='bbox 2458 4920 2555 4973; x_wconf 87' lang='lat' dir='ltr'>sed</span> <span class='ocrx_word' id='word_1_756' title='bbox 2590 4920 2905 4991; x_wconf 85' lang='lat' dir='ltr'>integrum,</span> <span class='ocrx_word' id='word_1_757' title='bbox 2937 4926 2995 4974; x_wconf 90' lang='lat' dir='ltr'>et</span> <span class='ocrx_word' id='word_1_758' title='bbox 3026 4922 3415 4992; x_wconf 87' lang='lat' dir='ltr'>undequaque</span> <span class='ocrx_word' id='word_1_759' title='bbox 3446 4922 3722 4977; x_wconf 86' lang='lat' dir='ltr'>sincerum</span> <span class='ocrx_word' id='word_1_760' title='bbox 3756 4916 3844 4970; x_wconf 82' lang='lat' dir='ltr'>de-</span> 
     </span>
    </p>
   </div>
   <div class='ocr_carea' id='block_1_111' title="bbox 2214 5006 3837 5080">
    <p class='ocr_par' dir='ltr' id='par_1_111' title="bbox 2214 5006 3837 5080">
     <span class='ocr_line' id='line_1_111' title="bbox 2214 5006 3837 5080; baseline -0.004 -19"><span class='ocrx_word' id='word_1_761' title='bbox 2214 5009 2656 5079; x_wconf 87' lang='lat' dir='ltr'>prehendimus,</span> <span class='ocrx_word' id='word_1_762' title='bbox 2678 5014 2741 5061; x_wconf 92' lang='lat' dir='ltr'>ut</span> <span class='ocrx_word' id='word_1_763' title='bbox 2760 5016 3065 5080; x_wconf 86' lang='lat' dir='ltr'>propterea</span> <span class='ocrx_word' id='word_1_764' title='bbox 3089 5027 3198 5064; x_wconf 87' lang='lat' dir='ltr'>non</span> <span class='ocrx_word' id='word_1_765' title='bbox 3233 5010 3347 5064; x_wconf 87' lang='lat' dir='ltr'>nisi</span> <span class='ocrx_word' id='word_1_766' title='bbox 3374 5008 3649 5080; x_wconf 86' lang='lat' dir='ltr'>probabili</span> <span class='ocrx_word' id='word_1_767' title='bbox 3668 5006 3837 5057; x_wconf 78' lang='lat' dir='ltr'>inter-</span> 
     </span>
    </p>
   </div>
   <div class='ocr_carea' id='block_1_112' title="bbox 2214 5098 3836 5171">
    <p class='ocr_par' dir='ltr' id='par_1_112' title="bbox 2214 5098 3836 5171">
     <span class='ocr_line' id='line_1_112' title="bbox 2214 5098 3836 5171; baseline -0.002 -21"><span class='ocrx_word' id='word_1_768' title='bbox 2214 5101 2575 5167; x_wconf 82' lang='lat' dir='ltr'>pretamento</span> <span class='ocrx_word' id='word_1_769' title='bbox 2636 5099 2906 5171; x_wconf 85' lang='lat' dir='ltr'>superius</span> <span class='ocrx_word' id='word_1_770' title='bbox 2964 5100 3235 5170; x_wconf 83' lang='lat' dir='ltr'>adducto,</span> <span class='ocrx_word' id='word_1_771' title='bbox 3300 5098 3679 5171; x_wconf 86' lang='lat' dir='ltr'>exemplisque</span> <span class='ocrx_word' id='word_1_772' title='bbox 3712 5108 3836 5161; x_wconf 85' lang='lat' dir='ltr'>cap.</span> 
     </span>
    </p>
   </div>
   <div class='ocr_carea' id='block_1_113' title="bbox 2213 5186 3839 5257">
    <p class='ocr_par' dir='ltr' id='par_1_113' title="bbox 2213 5186 3839 5257">
     <span class='ocr_line' id='line_1_113' title="bbox 2213 5186 3839 5257; baseline -0.002 -18"><span class='ocrx_word' id='word_1_773' title='bbox 2213 5188 2454 5257; x_wconf 75' lang='lat' dir='ltr'>prreced.</span> <span class='ocrx_word' id='word_1_774' title='bbox 2492 5203 2654 5240; x_wconf 91' lang='lat' dir='ltr'>num.</span> <span class='ocrx_word' id='word_1_775' title='bbox 2694 5189 2753 5240; x_wconf 72' lang='lat' dir='ltr'>ll</span> <span class='ocrx_word' id='word_1_776' title='bbox 2786 5187 2979 5243; x_wconf 88' lang='lat' dir='ltr'>allatis</span> <span class='ocrx_word' id='word_1_777' title='bbox 3011 5190 3376 5253; x_wconf 83' lang='lat' dir='ltr'>conﬁrmato,</span> <span class='ocrx_word' id='word_1_778' title='bbox 3415 5188 3567 5243; x_wconf 89' lang='lat' dir='ltr'>eludi</span> <span class='ocrx_word' id='word_1_779' title='bbox 3590 5186 3705 5255; x_wconf 86' lang='lat' dir='ltr'>ejus</span> <span class='ocrx_word' id='word_1_780' title='bbox 3738 5195 3839 5233; x_wconf 84' lang='lat' dir='ltr'>au-</span> 
     </span>
    </p>
   </div>
   <div class='ocr_carea' id='block_1_114' title="bbox 2210 5276 3842 5349">
    <p class='ocr_par' dir='ltr' id='par_1_114' title="bbox 2210 5276 3842 5349">
     <span class='ocr_line' id='line_1_114' title="bbox 2210 5276 3842 5349; baseline -0.005 -21"><span class='ocrx_word' id='word_1_781' title='bbox 2210 5276 2447 5330; x_wconf 88' lang='lat' dir='ltr'>ctoritas</span> <span class='ocrx_word' id='word_1_782' title='bbox 2480 5276 2684 5347; x_wconf 88' lang='lat' dir='ltr'>possit.</span> <span class='ocrx_word' id='word_1_783' title='bbox 2714 5299 2739 5323; x_wconf 87' lang='grc'><strong>››</strong></span> <span class='ocrx_word' id='word_1_784' title='bbox 2762 5279 2833 5330; x_wconf 90' lang='lat' dir='ltr'>At</span> <span class='ocrx_word' id='word_1_785' title='bbox 2864 5277 3163 5349; x_wconf 85' lang='lat' dir='ltr'>probabile</span> <span class='ocrx_word' id='word_1_786' title='bbox 3194 5276 3339 5333; x_wconf 90' lang='lat' dir='ltr'>illud</span> <span class='ocrx_word' id='word_1_787' title='bbox 3376 5277 3842 5347; x_wconf 84' lang='lat' dir='ltr'>interpretamen-</span> 
     </span>
    </p>
   </div>
   <div class='ocr_carea' id='block_1_115' title="bbox 2209 5365 2701 5419">
    <p class='ocr_par' dir='ltr' id='par_1_115' title="bbox 2209 5365 2701 5419">
     <span class='ocr_line' id='line_1_115' title="bbox 2209 5365 2701 5419; baseline -0.002 -1"><span class='ocrx_word' id='word_1_788' title='bbox 2209 5370 2334 5419; x_wconf 91' lang='lat' dir='ltr'>tum</span> <span class='ocrx_word' id='word_1_789' title='bbox 2370 5365 2701 5419; x_wconf 89' lang='lat' dir='ltr'>audiamus.</span> 
     </span>
    </p>
   </div>
   <div class='ocr_carea' id='block_1_116' title="bbox 2281 5445 3844 5527">
    <p class='ocr_par' dir='ltr' id='par_1_116' title="bbox 2281 5445 3844 5527">
     <span class='ocr_line' id='line_1_116' title="bbox 2281 5445 3844 5527; baseline 0.001 -20"><span class='ocrx_word' id='word_1_790' title='bbox 2281 5456 2401 5508; x_wconf 73' lang='lat'>126.</span> <span class='ocrx_word' id='word_1_791' title='bbox 2440 5455 2833 5526; x_wconf 85' lang='lat' dir='ltr'>Peremptoria</span> <span class='ocrx_word' id='word_1_792' title='bbox 2865 5457 3200 5527; x_wconf 73' lang='lat' dir='ltr'>systematis</span> <span class='ocrx_word' id='word_1_793' title='bbox 3235 5457 3325 5511; x_wconf 87' lang='lat' dir='ltr'>sui</span> <span class='ocrx_word' id='word_1_794' title='bbox 3354 5456 3523 5511; x_wconf 88' lang='lat' dir='ltr'>verba</span> <span class='ocrx_word' id='word_1_795' title='bbox 3552 5453 3603 5507; x_wconf 91' lang='lat' dir='ltr'>in</span> <span class='ocrx_word' id='word_1_796' title='bbox 3649 5445 3844 5518; x_wconf 74' lang='grc' dir='ltr'>ᾱὶριο-</span> 
     </span>
    </p>
   </div>
   <div class='ocr_carea' id='block_1_117' title="bbox 2207 5544 3839 5619">
    <p class='ocr_par' dir='ltr' id='par_1_117' title="bbox 2207 5544 3839 5619">
     <span class='ocr_line' id='line_1_117' title="bbox 2207 5544 3839 5619; baseline -0.006 -19"><span class='ocrx_word' id='word_1_797' title='bbox 2207 5548 2361 5600; x_wconf 84' lang='lat' dir='ltr'>mate</span> <span class='ocrx_word' id='word_1_798' title='bbox 2394 5544 2583 5616; x_wconf 89' lang='lat' dir='ltr'>posita</span> <span class='ocrx_word' id='word_1_799' title='bbox 2611 5544 2693 5599; x_wconf 87' lang='lat' dir='ltr'>sic</span> <span class='ocrx_word' id='word_1_800' title='bbox 2726 5545 3091 5617; x_wconf 83' lang='lat' dir='ltr'>interpretari</span> <span class='ocrx_word' id='word_1_801' title='bbox 3124 5545 3329 5619; x_wconf 89' lang='lat' dir='ltr'>incipit</span> <span class='ocrx_word' id='word_1_802' title='bbox 3358 5546 3588 5602; x_wconf 89' lang='lat' dir='ltr'>Dissert.</span> <span class='ocrx_word' id='word_1_803' title='bbox 3620 5556 3675 5607; x_wconf 87' lang='grc' dir='ltr'>ιι,</span> <span class='ocrx_word' id='word_1_804' title='bbox 3708 5551 3839 5607; x_wconf 88' lang='lat' dir='ltr'>cap.</span> 
     </span>
    </p>
   </div>
   <div class='ocr_carea' id='block_1_118' title="bbox 3918 5600 3929 5751">
    <p class='ocr_par' dir='ltr' id='par_1_118' title="bbox 3918 5600 3929 5751">
     <span class='ocr_line' id='line_1_118' title="bbox 3918 5600 3929 5751; baseline 0 0"><span class='ocrx_word' id='word_1_805' title='bbox 3918 5600 3929 5751; x_wconf 78' lang='lat' dir='ltr'>l</span> 
     </span>
    </p>
   </div>
  </div>
