4030 6164
197 246 313 306 749

1787 249 2016 310 ACTA.

3491 254 3610 314 750

195 377 254 443 7,
283 389 449 430 num.
477 372 565 427 13.
599 394 626 421 ‹‹
659 375 860 445 Itaque
887 373 1295 430 difficultatem
1321 375 1470 432 hanc
1496 375 1728 433 eludere
1759 382 1845 433 ut—
1876 382 1931 448 Α
1961 381 2344 453 detegeretur.
2381 383 2589 439 «Circa
2612 399 2832 438 annum
2853 383 3182 455 870,inquit
3203 383 3326 442 loco
3349 388 3609 458 proxime

199 479 429 536 cunque
479 463 860 529 tentabimus,
915 463 1272 520 observando
1321 464 1645 521 clausulam
1698 467 1848 523 hanc

195 555 301 628 pias
333 552 651 622 memoria),
677 553 924 608 fortasse
955 571 1068 608 non
1103 559 1424 621 mortuum,
1455 557 1553 610 sed
1587 556 1848 612 celebra-

194 643 494 700 tissimum
528 658 593 696 ac
624 643 1012 696 memorandze
1044 643 1277 714 pietatis
1305 643 1496 700 virum
1519 645 1846 715 designare,

195 738 257 789 ut
303 731 590 788 memoria
638 747 742 801 pro
784 732 957 798 fama,
991 731 1344 803 celebritate,
1380 734 1635 800 nomine,
1672 751 1847 789 usur-

194 824 384 893 petur.
410 819 484 873 Ut
506 817 660 873 enim
693 817 912 872 hortari
933 817 1188 874 solemus
1208 820 1486 888 viventes,
1514 825 1578 876 ut
1609 821 1845 894 aliquod

197 909 482 965 memoria
529 907 775 980 dignum
828 908 1053 964 facinus
1098 914 1326 980 patrare
1375 910 1572 976 velint,
1607 928 1722 982 quo
1755 911 1845 967 sui

193 999 453 1056 nominis
483 997 911 1054 immortalitati
943 999 1320 1071 prospiciant,
1353 1001 1434 1055 ita
1480 1000 1633 1056 viros
1685 1000 1845 1073 ipsos

191 1088 444 1165 egregiis
466 1087 742 1159 cperibus
776 1086 987 1157 claros,
1013 1088 1204 1144 adhuc
1235 1090 1492 1146 viventes
1526 1091 1844 1146 immortali

191 1177 480 1234 memoria
498 1175 730 1248 dignos,
747 1176 833 1231 vel
857 1177 1207 1233 immortalis
1227 1183 1326 1234 aut
1344 1179 1608 1250 gloriosa:
1628 1196 1844 1234 memo-

190 1268 290 1322 riae
323 1267 479 1322 viros
511 1264 802 1337 appellare
834 1266 1042 1322 merito
1073 1284 1410 1339 possumus,
1437 1276 1492 1323 et
1524 1285 1674 1340 smpe
1705 1285 1842 1324 con-

188 1356 511 1412 suevimus.
543 1377 571 1405 ››
625 1355 1018 1427 Praeterquam
1069 1358 1221 1428 quod
1267 1357 1387 1413 haec
1433 1358 1737 1429 explicatio
1769 1358 1845 1413 sit

185 1445 461 1510 violenta,
476 1448 532 1502 et
553 1461 586 1500 a
609 1445 906 1499 communi
929 1445 1239 1502 hominum
1263 1447 1612 1502 commercio
1636 1447 1844 1502 abhor-

187 1552 346 1601 rens,
414 1535 622 1606 ingens
671 1537 760 1589 est
790 1533 1105 1589 discrimen
1157 1534 1308 1590 inter
1360 1536 1762 1608 expressiones
1810 1554 1844 1591 a

187 1624 424 1680 Grande
448 1627 710 1678 contorte
730 1621 1106 1694 excogitatas,
1122 1628 1180 1679 et
1202 1623 1354 1679 inter
1375 1625 1624 1681 usitatas
1655 1625 1837 1697 diplo-

188 1713 366 1770 matis
398 1711 584 1768 nostri
615 1711 880 1784 phrases,
916 1718 980 1766 ut
1009 1711 1192 1767 cuivis
1224 1717 1452 1768 mature
1496 1729 1595 1768 eas
1645 1713 1838 1770 confe-

187 1802 336 1858 renti
367 1801 594 1858 clarum
627 1801 744 1856 fiet.
777 1800 1012 1856 Judices
1044 1799 1138 1856 hic
1179 1802 1405 1874 appello
1439 1803 1729 1873 quoslibet
1759 1803 1838 1859 1e-

185 1896 401 1960 ctores,
417 1908 452 1946 a
466 1891 722 1963 partium
741 1891 934 1946 studio
957 1890 1197 1958 alienos,
1213 1895 1268 1946 et
1289 1892 1648 1948 confidenter
1666 1893 1841 1948 inter-

186 1998 350 2054 rogo,
365 1998 443 2036 an
466 1997 582 2035 non
599 1979 1012 2051 judieoverint,
1028 1981 1086 2035 S.
1108 1981 1498 2036 Romualdum
1519 1986 1838 2047 mortuum,

186 2073 279 2126 ubi
306 2070 571 2142 primum
592 2070 650 2124 in
676 2069 993 2140 diplomate
1016 2071 1276 2142 legerant
1296 2071 1446 2126 hanc
1464 2071 1839 2126 donationem

185 2161 353 2216 Petro
372 2158 638 2230 Dagnino
666 2157 878 2212 factam
903 2174 1030 2212 esse
1066 2181 1093 2207 ‹‹
1115 2159 1188 2213 ob
1208 2176 1466 2215 amorem
1492 2160 1596 2230 pia:
1629 2177 1842 2215 memo-

184 2249 275 2305 riae
311 2249 384 2304 D.
420 2245 754 2314 Romualdi,
791 2251 856 2301 ut
897 2246 1268 2302 Theodaldus
1299 2265 1433 2303 cum
1467 2249 1840 2308 denominato

182 2342 390 2394 sancto
424 2337 571 2405 viro,
604 2336 927 2391 Romualdo
970 2335 1208 2405 scilicet,
1243 2343 1467 2409 partem
1519 2337 1580 2392 in
1628 2343 1843 2392 zeterna

179 2430 293 2483 vita
323 2449 355 2476 ››
400 2426 678 2481 haberet:
715 2426 828 2480 nisi
858 2425 1016 2480 enim
1047 2425 1418 2482 Theodaldus
1445 2427 1839 2482 Romualdum

183 2522 294 2573 tam
319 2514 475 2572 ccelo
499 2520 820 2586 receptum,
839 2519 895 2570 et
916 2531 1148 2586 semper
1165 2516 1424 2571 timendo
1443 2517 1714 2571 humana:
1734 2517 1843 2571 fra-

183 2605 434 2677 gilitatis
487 2603 743 2675 periculo
802 2607 1066 2674 ereptum
1125 2605 1488 2673 credidisset,
1549 2605 1842 2677 quomodo

186 2700 414 2766 partem
439 2693 654 2748 habere
675 2709 809 2748 cum
833 2691 930 2747 illo
957 2693 1015 2746 in
1039 2697 1254 2748 interna
1275 2693 1392 2748 vita
1414 2694 1845 2750 desiderasset?

184 2785 343 2839 Adde
370 2783 530 2854 quod
551 2781 804 2837 formula
824 2781 931 2851 piae
955 2786 1248 2837 memoriae
1274 2783 1332 2836 in
1358 2783 1645 2838 sexcentis
1665 2782 1846 2855 diplo-

187 2873 454 2929 matibus
491 2876 790 2926 mortuum
826 2871 1132 2926 manifeste
1163 2871 1471 2943 significet.

255 2963 387 3018 1'27.
421 2961 554 3016 Jam
579 2959 968 3014 examinanda
997 2963 1136 3015 sunt
1158 2961 1272 3014 duo
1305 2960 1587 3032 exempla,
1613 2979 1739 3034 quae
1771 2963 1843 3018 ad

186 3049 609 3107 stabiliendam
634 3065 802 3104 suam
823 3047 1290 3120 qualemcunque
1309 3049 1844 3122 interpretationem

1963 470 2157 541 citato,
2175 472 2436 527 Andreas
2454 471 2752 544 episcopus
2773 472 3139 528 l’lorentinus
3166 474 3223 527 in
3248 475 3606 532 abbatissam

1962 560 2302 613 monasterii
2359 562 2415 614 S.
2464 561 2707 616 Andrezn
2761 561 2992 616 ordinat
3031 562 3419 619 Idcmbertam
3453 565 3606 637 apud

1961 647 2268 718 Ughellum
2303 653 2442 704 tom.
2472 649 2518 704 Il
2545 650 2842 721 (frequens
2873 649 2983 722 ipsi
3016 666 3176 706 error
3207 667 3308 722 pro
3342 653 3440 723 III)
3473 669 3606 727 pag.

1959 737 2015 791 id
2047 745 2135 792 est
2167 737 2276 792 col.
2311 739 2400 803 35,
2437 739 2532 793 ubi
2570 739 2690 794 hazc
2735 739 2984 794 formula
3014 739 3227 812 legitur
3259 757 3270 796 :
3325 766 3351 791 ‹‹
3387 743 3606 799 Secun-

1959 827 2099 880 dum
2135 827 2232 881 illa
2263 833 2570 900 prmcepta,
2595 845 2721 900 quas
2755 829 3040 884 Dominus
3068 830 3236 899 (forte
3265 830 3360 886 hic
3391 849 3604 889 nomen

1957 917 2252 986 quoddam
2295 917 2476 987 deest)
2529 920 2586 972 et
2634 918 2795 972 bona:
2847 917 3269 974 recordationis
3321 922 3607 979 Dominus

1957 1006 2282 1061 Ludovicus
2314 1007 2630 1077 imperator
2651 1005 2971 1061 constituit.
2997 1007 3101 1071 Qui
3126 1012 3321 1064 tamen
3347 1011 3604 1066 Ludovi-

1955 1110 2058 1149 cus
2075 1111 2226 1149 anno
2244 1096 2349 1148 87:")
2361 1093 2667 1150 Mediolani
2686 1094 2830 1148 obiit
2849 1110 3048 1150 mense
3063 1097 3346 1168 Angusto.
3364 1119 3391 1147 ››
3415 1097 3600 1164 Unde,

1955 1183 2214 1251 obsecro,
2232 1185 2390 1238 novit
2405 1184 2696 1250 Grandus,
2717 1184 3106 1239 Idembertam
3130 1202 3282 1241 anno
3303 1187 3409 1240 870
3431 1187 3600 1244 abba-

1952 1271 2157 1327 tissam
2173 1273 2354 1327 fuisse
2369 1271 2860 1339 ordinatam,cum
2876 1272 3182 1344 diplomati
3203 1274 3400 1330 nullus
3413 1293 3603 1332 annus

1954 1361 2403 1416 subscribatur‘?
2433 1363 2518 1415 An
2552 1361 2697 1415 forte
2733 1361 2788 1415 id
2821 1362 3055 1417 conficit
3083 1379 3151 1418 ex
3183 1379 3248 1418 eo
3280 1366 3433 1434 quod
3468 1370 3604 1436 post

1955 1450 2184 1506 ﬁnitum
2206 1449 2465 1521 diploma
2489 1455 2813 1521 sequantur
2835 1449 2953 1506 haec
2967 1449 3196 1522 Ughelli
3216 1452 3422 1509 verba:
3451 1475 3479 1503 ‹‹
3499 1453 3601 1508 Ilio

1951 1539 2233 1604 Andreas,
2265 1539 2632 1594 Florentinus
2663 1540 2992 1610 episcopus,
3018 1555 3170 1594 anno
3200 1540 3305 1593 870
3334 1541 3600 1597 interfuit

1941 1627 2166 1698 judicio
2199 1629 2496 1699 quondam
2531 1628 2774 1683 Lucensi
2810 1629 2879 1682 ad
2922 1629 3174 1684 favorem
3207 1629 3447 1686 Gerardi
3477 1631 3597 1704 epi-

1951 1718 2108 1789 scOpi
2164 1717 2441 1772 Lucensis
2487 1733 2580 1770 an.
2627 1733 2698 1774 xv
2727 1717 3002 1772 Ludovici
3035 1717 3084 1772 II
3117 1718 3258 1790 imp.
3293 1719 3415 1774 ind.
3451 1739 3532 1776 ιιι.
3569 1743 3596 1770 ››

1950 1807 2060 1861 Sed
2084 1806 2202 1860 haec
2225 1805 2305 1860 nil
2328 1806 2396 1860 ad
2424 1806 2753 1877 praecedens
2776 1805 3036 1877 diploma
3057 1807 3365 1878 pertinent.
3383 1809 3599 1865 Eodem

1941 1895 2076 1966 jure
2093 1893 2363 1964 colligere
2381 1893 2687 1964 potuisset,
2707 1893 3136 1950 Indembertam
3157 1912 3308 1951 anno
3320 1897 3446 1968 876,
3466 1901 3602 1969 post

1951 1986 2198 2038 mortem
2232 1983 2507 2037 Ludovici
2555 1982 2911 2038 abbatissam
2965 1999 3094 2039 esse
3147 1989 3424 2054 creatam,
3459 1985 3596 2057 quia

1950 2073 2137 2128 eidem
2184 2071 2486 2142 diplomati
2539 2073 2874 2143 praecedunt
2920 2072 3042 2127 haec
3098 2073 3322 2145 Ughelli
3373 2075 3598 2131 verba:

1951 2184 1977 2211 ‹‹
2012 2162 2272 2215 Andreas
2321 2177 2623 2216 successor
2667 2160 2956 2232 Rodingii.
2995 2161 3113 2215 lllle
3147 2162 3274 2233 fuit,
3308 2163 3430 2233 qui,
3463 2180 3597 2219 cum

1950 2250 2190 2305 Carolus
2219 2250 2425 2305 Calvus
2471 2251 2544 2303 ab
2591 2252 2837 2320 Asperto
2868 2249 3281 2306 Mediolanensi
3312 2251 3598 2324 archiepi-

1952 2356 2126 2410 scopo
2150 2338 2466 2394 diademati
2491 2337 2652 2409 regni
2675 2337 3024 2409 insignetur,
3049 2339 3449 2410 augustiorem
3475 2357 3603 2412 spe-

1951 2429 2098 2484 ciem
2131 2444 2354 2499 pompm
2388 2428 2670 2494 facturus,
2705 2425 2968 2481 interfuit
3011 2444 3163 2483 anno
3193 2429 3319 2483 876.
3357 2452 3382 2476 ››

2025 2519 2147 2571 129.
2180 2520 2321 2570 Cum
2355 2516 2550 2585 itaque
2582 2515 2702 2570 haec
2735 2516 3124 2587 praecedentia
3169 2515 3396 2589 Ughelli
3425 2517 3604 2572 verba

1953 2606 2114 2661 nullo
2145 2606 2317 2661 modo
2346 2606 2417 2660 ad
2445 2621 2572 2660 eam
2602 2620 2724 2660 rem
2756 2607 3036 2676 spectent,
3061 2621 3128 2659 ex
3158 2605 3230 2660 iis
3261 2605 3602 2678 diplomatis

1952 2713 2142 2751 annus
2163 2693 2537 2751 determinari
2556 2693 2776 2766 nequit.
2793 2693 2954 2748 Unde
2973 2693 3172 2762 miror,
3190 2695 3332 2750 adeo
3352 2695 3604 2750 rotunde

1952 2785 2181 2839 Grande
2216 2783 2419 2848 asseri,
2459 2783 2514 2837 id
2565 2783 2720 2838 circa
2750 2799 2971 2837 annum
3001 2784 3126 2850 870,
3161 2783 3362 2838 datum
3393 2783 3597 2839 fuisse.

1955 2877 2317 2945 Quapropter
2347 2887 2582 2944 possem
2618 2870 2918 2927 meliorem
2951 2871 3168 2926 Grandi
3199 2872 3373 2926 ﬁdem
3406 2873 3600 2944 requi-

1956 2979 2079 3018 rere
2111 2963 2171 3016 in
2203 2961 2529 3032 objiciendo
2556 2960 2665 3016 hoc
2695 2960 2982 3032 exemplo,
3005 2965 3106 3016 aut
3136 2965 3289 3016 certe
3319 2962 3602 3033 majorem

1957 3054 2015 3108 in
2045 3069 2110 3107 eo
2141 3050 2526 3106 examinando
2557 3049 2944 3121 diligentiam.
2969 3050 3203 3106 Interim
3231 3050 3603 3107 adversarius

186 3141 375 3196 adfert
412 3139 708 3194 Grandus.
742 3137 1003 3193 Primum
1045 3139 1296 3192 occurrit
1343 3140 1497 3210 apud
1532 3139 1844 3212 Ughellum
1876 3125 1918 3192 C
1959 3141 2123 3196 fateri
2156 3141 2327 3194 debet
2356 3139 2667 3205 Andream,
2701 3139 2760 3193 in
2794 3140 2996 3194 eodem
3043 3139 3360 3210 diplomate
3392 3142 3462 3196 de
3494 3141 3604 3196 Ro-

183 3235 316 3284 tom.
345 3229 433 3284 III
465 3226 640 3282 Italiae
663 3243 842 3282 sacrae
868 3226 976 3282 col.
1007 3228 1132 3292 297,
1156 3227 1256 3281 ubi
1287 3228 1541 3284 Jacobus
1566 3229 1842 3296 Bavarus,

187 3318 522 3373 Fesulanus
548 3316 880 3388 epiSCOpus,
906 3315 1066 3382 dicit,
1099 3333 1161 3372 se
1188 3318 1458 3388 quaedam
1484 3316 1681 3389 largiri
1709 3334 1844 3372 cou-

185 3408 420 3462 creditaa
438 3405 556 3462 sibi
577 3405 838 3461 ecclesiae
855 3423 958 3477 pro
977 3406 1232 3461 remedio
1249 3406 1457 3460 animae
1475 3423 1615 3470 suze,
1629 3422 1848 3477 speque

182 3493 684 3551 remunerationis
711 3494 943 3563 futurae,
967 3499 1026 3550 et
1057 3511 1159 3566 pro
1183 3495 1495 3550 animabus
1517 3498 1847 3549 antecesso-

185 3601 311 3639 rum
345 3600 605 3641 suorum
631 3583 974 3654 praesulum,
1005 3607 1032 3635 «
1066 3600 1170 3638 nec
1203 3600 1318 3638 non
1348 3599 1452 3655 pro
1484 3583 1671 3638 salute
1703 3586 1846 3638 Con-

185 3674 303 3729 radi
319 3671 700 3730 serenissimi
714 3671 1084 3744 imperatoris
1099 3671 1280 3727 felicis
1296 3672 1849 3743 memorize,suazque

187 3763 463 3835 conjugis
485 3760 662 3816 Gislze
694 3765 995 3832 Angustze,
1020 3765 1130 3816 etc.
1153 3762 1318 3828 Ecce,
1341 3761 1532 3832 inquit
1556 3761 1846 3830 Grandus,

191 3849 411 3907 Conrad
427 3868 530 3906 um
563 3853 841 3905 Caesarem
886 3849 1068 3905 felicis
1118 3849 1407 3905 memoria:
1442 3850 1663 3905 dictum
1697 3867 1849 3905 anno

196 3942 346 4006 103:3,
372 3957 520 3996 cum
545 3938 759 3994 obierit
785 3955 938 3994 anno
968 3939 1124 4004 1039,
1149 3938 1242 3994 die
1265 3956 1319 3993 IV
1339 3938 1497 3994 Junii
1532 3939 1685 4010 apud
1707 3939 1848 3994 Tra-

184 4027 432 4097 jectum.
473 4048 500 4077 »
541 4030 612 4081 At
647 4026 998 4082 Fesulanum
1032 4025 1355 4082 antistitem
1388 4027 1532 4081 nihil
1567 4027 1722 4081 aliud
1755 4027 1850 4081 hic

188 4117 344 4190 velle,
383 4133 579 4190 quam
611 4120 677 4170 ut
706 4115 824 4171 hzec
853 4116 1090 4171 donatio
1123 4117 1306 4187 prosit
1344 4116 1550 4171 animae
1581 4115 1848 4183 Conradi,

188 4206 442 4279 felixque
481 4207 560 4261 sit
587 4209 720 4277 post
750 4209 996 4260 mortem
1028 4205 1156 4275 ejus
1189 4205 1492 4272 memoria,
1517 4206 1660 4261 satis
1694 4209 1851 4278 patet

189 4312 252 4351 ex
278 4296 388 4352 hac
420 4294 690 4352 formula
720 4293 1026 4367 diplomati
1058 4293 1390 4366 subscripta
1423 4312 1435 4349 :
1472 4316 1499 4344 «
1529 4299 1731 4349 Actum
1765 4299 1853 4350 est

192 4390 381 4442 autem
417 4387 543 4441 hoc
575 4401 726 4439 anno
760 4383 1070 4439 Dominicm
1105 4382 1709 4447 Incarnationis1032,
1737 4385 1850 4437 Im-

1956 3231 2133 3301 dingo
2157 3229 2580 3299 praedecessore
2604 3243 2710 3282 suo
2733 3228 2896 3282 bonae
2925 3228 3220 3282 memoriae
3243 3228 3608 3299 loquentem.

1955 3333 2123 3391 agere
2155 3317 2226 3372 de
2259 3316 2520 3387 Itodingo
2544 3317 2671 3386 jam
2706 3319 2955 3371 mortuo.
2989 3315 3145 3370 Idem
3177 3331 3281 3387 ego
3313 3317 3385 3371 de
3417 3317 3603 3372 Ludo-

1953 3409 2079 3463 vico
2131 3408 2295 3461 bona:
2353 3404 2769 3460 recordationis
2801 3404 3092 3473 existimo,
3129 3405 3387 3475 adeoque
3418 3404 3605 3476 diplo-

1957 3501 2115 3552 mata
2163 3498 2294 3567 post
2341 3494 2500 3549 illius
2546 3497 2792 3548 mortem
2825 3495 3027 3548 datum
3058 3510 3186 3549 esse
3208 3493 3433 3565 judico,
3467 3494 3606 3566 quia

1957 3585 2119 3641 nulla
2145 3601 2237 3640 me
2259 3587 2450 3639 movet
2475 3582 2641 3650 ratio,
2659 3587 2722 3637 ut
2745 3598 3116 3638 communem
3139 3582 3319 3654 hujus
3337 3583 3598 3638 formulae

1957 3674 2446 3748 significationem
2477 3673 2783 3728 invertam.
2818 3671 2982 3744 Piget
3010 3671 3102 3726 his
3133 3671 3607 3728 cavillationibus

1957 3765 2180 3820 diutius
2197 3763 2274 3817 im
2287 3762 2728 3817 morari.Potius
2749 3762 2819 3816 ad
2839 3778 3037 3816 sacros
3055 3760 3312 3816 cmlitum
3331 3761 3604 3829 honores,

1959 3859 2160 3910 sancto
2186 3857 2385 3908 nostro
2417 3869 2449 3906 a
2481 3851 2734 3907 summis
2765 3849 3138 3923 pontificibus
3166 3851 3454 3921 decretos,
3480 3865 3609 3922 pro-

1959 3942 2215 4014 grediam
2226 3959 2313 3996 ur.

2160 4034 2187 4098 §
2217 4031 2307 4085 ΧΙ.
2343 4031 2702 4086 Canonizatio
2732 4031 2791 4084 5.
2823 4030 3052 4085 Joannis
3087 4029 3399 4085 Gualberti.

2028 4121 2279 4176 Narrant
2300 4125 2548 4190 utraque
2571 4123 2719 4185 acta,
2744 4118 2880 4175 huic
2912 4119 3333 4174 commentario
3364 4117 3609 4174 subnec-

1959 4211 2154 4278 tenda,
2189 4210 2482 4280 quomodo
2511 4212 2566 4264 S.
2601 4208 2843 4264 Joannis
2874 4207 3172 4264 Gualberti
3212 4225 3426 4280 corpus
3474 4211 3610 4279 post

1961 4296 2184 4353 felicem
2217 4297 2423 4351 anima:
2455 4313 2522 4352 ex
2563 4296 2669 4351 hac
2699 4296 2818 4352 vita
2848 4297 3164 4352 transitum
3195 4295 3346 4351 inter
3379 4295 3610 4351 :estivos

1961 4385 2179 4442 calores
2207 4386 2280 4439 ab
2303 4386 2462 4440 omni
2494 4386 2691 4440 fcetore
2714 4401 2815 4456 per
2837 4384 3098 4438 triduum
3126 4384 3392 4438 immune
3418 4383 3617 4450 fuerit,

191 4476 327 4544 perii
363 4478 428 4531 D.
473 4472 728 4528 Conradi
759 4473 1006 4544 Augusti
1040 4489 1192 4527 anno
1237 4489 1291 4541 ν,
1325 4471 1643 4526 indictione
1671 4487 1742 4525 xv
1773 4472 1853 4526 fe-
1886 4497 1932 4561 D
1965 4491 2030 4528 ac
2081 4473 2212 4529 dein
2245 4473 2500 4528 maximo
2534 4473 2731 4544 populi
2764 4489 3049 4527 concursu
3083 4471 3396 4542 sepulturae
3428 4470 3610 4525 tradi-

193 4562 390 4619 liciter.
432 4589 459 4613 ι
521 4561 767 4626 Quando
799 4561 1071 4616 Grandus
1122 4562 1180 4615 in
1232 4561 1484 4633 genuino
1534 4559 1857 4632 diplomate

195 4651 548 4718 ostenderit,
599 4648 1000 4705 Thcodaldum
1055 4650 1287 4705 dedisse
1336 4650 1638 4705 ecclesiam
1692 4649 1856 4704 Petro

198 4744 455 4814 Dagnino
516 4757 670 4796 anno
721 4739 1035 4795 Dominicaa
1084 4739 1502 4794 Incarnationis
1540 4740 1695 4806 1027,
1728 4739 1855 4792 vitae

198 4830 518 4889 Romualdi
552 4829 854 4893 110,‘sicut
887 4830 942 4882 in
977 4829 1168 4899 prima
1198 4828 1397 4883 tabula
1428 4846 1534 4884 sua
1556 4828 1857 4884 chronolo-

194 4921 314 4990 gica
339 4919 591 4986 statuit,
608 4919 771 4973 facile
794 4917 982 4988 ipsius
1000 4916 1366 4989 explicationi
1386 4918 1857 4989 acquiescemusl;

194 5011 450 5079 quando,
494 5008 766 5077 inquam,
799 5006 908 5061 hoc
955 5006 1304 5078 parallelum
1350 5007 1651 5074 invenerit,
1680 5009 1861 5065 .verba

194 5095 588 5153 Theodaldini
613 5094 952 5167 diplomatis
973 5112 1007 5150 a
1029 5096 1324 5150 communi
1351 5095 1778 5167 significatione
1802 5096 1857 5150 in

194 5187 579 5259 peregrinum
609 5201 850 5240 sensum
883 5184 1369 5254 detorquebimus
1398 5203 1410 5252 ;
1459 5186 1613 5256 quod
1647 5187 1860 5241 facien-

197 5275 332 5330 dum
367 5292 498 5330 non
536 5277 645 5341 est,
670 5274 784 5328 nisi
819 5274 960 5329 dum
993 5274 1306 5329 manifesta
1338 5275 1493 5344 cogit
1523 5275 1860 5330 necessitas.

271 5367 392 5419 128.
428 5365 699 5419 Transeo
735 5381 891 5418 nunc
937 5365 1005 5419 ad
1042 5363 1288 5419 alterum
1323 5363 1675 5435 exemplum,
1710 5365 1862 5434 quod

201 5455 340 5509 adeo
371 5454 593 5510 leviter
642 5470 707 5508 ac
757 5452 1148 5525 perfunctorie
1200 5454 1392 5526 attigit
1424 5453 1716 5520 Grandus,
1747 5452 1866 5507 acsi

202 5544 354 5602 male
387 5543 518 5602 sibi
551 5542 821 5601 conscius
849 5543 1165 5614 timuisset,
1191 5559 1260 5600 ne
1287 5543 1617 5616 argumenti
1641 5540 1868 5598 fallacia

1968 4568 2115 4618 tum.
2146 4561 2619 4617 Vallumbrosani
2651 4561 2964 4630 scriptores
2994 4559 3216 4626 volunt,
3263 4560 3322 4613 S.
3379 4562 3610 4613 Patrem

1968 4669 2140 4707 suum
2175 4651 2376 4722 paucis
2409 4655 2539 4723 post
2569 4654 2818 4704 mortem
2850 4647 3021 4702 annis
3052 4665 3086 4702 a
3116 4647 3389 4717 Gregorio
3419 4646 3520 4700 VII
3551 4645 3609 4700 in

1968 4746 2301 4796 sanctorum
2335 4755 2645 4794 numerum
2695 4735 2872 4791 fuisse
2924 4735 3192 4790 relatum.
3229 4735 3323 4790 Sic
3356 4735 3611 4789 Andreas

1967 4829 2282 4886 Januensis
2307 4829 2363 4882 in
2387 4828 2513 4897 ejus
2541 4825 2688 4895 Vita,
2717 4841 2841 4896 cap.
2867 4826 2957 4890 89,
2982 4824 3062 4879 ait
3091 4841 3102 4878 :
3129 4847 3156 4873 ‹‹
3184 4823 3431 4895 Liquide
3458 4827 3617 4896 patet

1970 4936 2038 4973 ex
2068 4917 2352 4972 Chronica
2392 4915 2741 4983 Florentina,
2777 4931 2809 4968 a
2837 4915 3059 4969 Joanne
3090 4913 3304 4968 Villani
3336 4915 3457 4970 cive
3489 4913 3616 4968 Flo-

1971 5006 2196 5063 rentino
2230 5005 2562 5076 compilata,
2598 5004 2745 5060 libro
2790 5022 2844 5058 1v
2886 5009 2942 5058 et
2972 5003 3222 5074 capitulo
3260 5004 3321 5057 16
3352 5003 3616 5073 ejusdem

1973 5097 2289 5161 Chronicze,
2310 5095 2579 5149 eumdem
2606 5095 2838 5149 beatum
2863 5097 3147 5148 Joannem
3175 5093 3338 5164 prius
3365 5109 3466 5163 per
3488 5107 3617 5144 cen-

1973 5191 2098 5240 tum
2132 5184 2572 5256 quatuordecim
2598 5200 2781 5238 annos
2807 5183 2894 5237 vel
2922 5183 3075 5237 circa
3106 5181 3285 5236 fuisse
3312 5179 3618 5236 canoniza-

1975 5281 2098 5329 tum
2119 5279 2175 5328 et
2193 5272 2454 5345 catalogo
2473 5272 2757 5327 dictorum
2781 5276 3115 5326 sanctorum
3136 5271 3202 5325 ad
3214 5269 3495 5342 scriptum
3516 5285 3621 5340 per

1976 5366 2153 5418 beata:
2178 5361 2595 5417 recordationis
2613 5359 3054 5416 sanctissimum
3078 5359 3136 5413 in
3149 5359 3377 5415 Christo
3391 5360 3620 5414 Patrem

1976 5457 2030 5509 et
2056 5451 2368 5508 Dominum
2388 5451 2733 5524 Gregorium
2761 5465 2973 5522 papam
2998 5449 3337 5521 septimum,
3356 5449 3622 5520 ejusdem

1976 5543 2133 5601 beati
2164 5541 2409 5599 Joannis
2438 5541 2906 5607 devotissimum,
2941 5538 3041 5611 qui
3073 5538 3270 5598 ﬂoruit
3305 5543 3362 5596 et
3403 5538 3622 5615 incepit
