4002 6170
475 287 586 346 751
1526 284 1589 342 S.
1636 282 1961 345 JOANNIS
2008 282 2450 345 GUALBERTI
2494 282 2829 343 ABBATIS
3717 291 3810 353 752

476 434 630 473 anno
664 416 894 472 Domini
929 416 1081 472 1073.
1116 436 1144 463 ››
1194 415 1351 470 Idem
1403 415 1611 471 asserit
1655 416 1985 471 Bernardus
2017 414 2117 471 Del
2149 416 2205 483 Α
2236 414 2437 469 lendas
2468 415 2753 479 Octobris,
2784 413 2967 469 vocati
3000 428 3193 469 coram
3228 413 3429 469 eodem
3458 430 3664 471 summo
3688 420 3814 477 Pon-

476 506 617 564 Sera
648 507 706 562 in
738 505 1043 576 compend.
1065 505 1210 560 Abb.
1239 508 1380 559 Gen.
1410 522 1537 577 cap.
1574 506 1621 560 1.
1662 529 1681 554 α
1713 506 2010 572 Quamvis,
2035 505 2122 558 in-
2230 504 2383 559 titice
2406 508 2463 559 et
2484 503 3187 570 DominisCardinalibus,
3214 504 3272 558 in
3298 502 3447 558 hune
3470 506 3682 561 modum
3700 510 3813 579 peti-

479 597 623 669 quit,
658 612 761 665 pro
794 598 950 650 certo
981 594 1266 649 habeatur
1296 595 1355 649 S.
1384 596 1669 650 Joannem
1701 594 1760 649 in
1793 594 2121 666 catalogum
2230 594 2449 648 tionem
2482 598 2740 649 nostram
2782 592 2970 649 exorsi
3020 609 3250 661 sumus,
3283 592 3470 647 Vitam
3514 594 3568 649 S.
3612 596 3813 655 Joannis

475 688 812 741 sanctorum
854 702 886 739 a
932 685 1206 756 Gregorio
1238 684 1338 739 VII
1371 684 1553 740 fuisse
1582 684 1860 740 canonice
1890 687 2121 756 coopta-
2232 687 2495 737 tenentes
2527 700 2639 754 prae
2674 684 2947 738 manibus
2984 700 2995 736 :

478 779 629 842 tum,
663 778 862 829 tamen
894 791 1051 829 nunc
1082 791 1178 845 per
1210 774 1434 830 litteras
1466 774 1757 830 leestini
1791 774 1866 828 ΙΙΙ
1898 775 1969 828 de
2014 773 2122 827 hac
2306 773 2422 825 133.
2466 796 2485 821 α
2522 772 2600 826 De
2630 772 2805 827 vestri
2829 771 3069 826 luminis
3092 770 3473 842 plenitudine,
3496 776 3739 845 tanquam
3759 777 3813 831 de

479 881 539 920 re
590 863 984 920 dubitandum
1018 882 1134 920 non
1175 868 1286 919 est.
1322 888 1349 913 ››
1402 864 1527 919 Haec
1581 863 1686 918 illi.
1720 868 1937 918 Verum
1988 880 2121 917 cum
2234 862 2602 916 firmamento
2657 860 2783 915 cmli
2834 878 2937 916 nos
2994 860 3230 915 modica:
3283 859 3556 930 scintillas,
3604 861 3729 919 lucis
3771 872 3813 921 ct

476 952 888 1009 illeJohannes
905 954 1308 1025 Villanus,qui
1340 954 1435 1007 hic
1457 954 1689 1020 citatur,
1716 954 1791 1008 sit
1816 952 2120 1017 recentior,
2233 951 2487 1005 scientia}
2514 950 2871 1004 incrementa
2897 950 3303 1021 suscipientes,
3328 950 3541 1021 liquido
3568 954 3809 1021 novimus,

475 1047 533 1099 et
564 1043 776 1114 prioris
827 1044 1000 1099 istius
1042 1043 1501 1100 canonizationis
1543 1042 1877 1097 authentica
1906 1042 2121 1096 instru-
2233 1040 2370 1109 quid
2394 1040 2491 1110 qui
2517 1038 2838 1110 discipulos
2864 1039 3619 1110 honoratVeritatis,ipsum
3642 1044 3814 1114 magni-

476 1137 674 1188 menta
695 1150 809 1189 non
834 1134 1220 1205 proferantur,
1244 1133 1315 1187 ad
1347 1132 1591 1187 certiora
1617 1133 1966 1186 documenta
1991 1148 2122 1202 pro-
2236 1131 2386 1196 licat,
2413 1129 2511 1200 qui
2543 1146 2639 1183 eos
2672 1129 2815 1183 tales
2849 1128 3000 1198 fecit,
3034 1132 3095 1182 ut
3128 1146 3267 1183 suos
3299 1129 3509 1183 faceret
3537 1130 3813 1187 coheredes.

478 1238 776 1294 peramus.
2234 1218 2395 1288 Ecce,
2428 1224 2492 1274 ut
2520 1218 2723 1289 paucis
2753 1222 2884 1273 utar
2913 1218 3125 1287 verbis,
3153 1217 3626 1274 Reverendissimi
3652 1220 3811 1276 Patres

550 1312 672 1367 131.
705 1310 1049 1367 C(elestinus
1083 1313 1181 1381 Ill,
1212 1316 1444 1383 petente
1476 1313 1539 1366 D.
1590 1310 1863 1383 Gregorio
1914 1310 2123 1364 abbate
2234 1310 2289 1361 et
2318 1307 2567 1372 Domini,
2598 1308 2989 1379 mandragora
3016 1307 3178 1361 dedit
3204 1308 3443 1363 odorem
3472 1306 3528 1361 in
3558 1309 3716 1379 portis
3740 1326 3819 1363 no-

476 1401 939 1468 Passinianensi,
969 1403 1025 1456 S.
1058 1402 1342 1457 Joannem
1372 1401 1754 1456 Gualbertum
1788 1404 2121 1455 sanctorum
2236 1396 2372 1449 stris
2406 1414 2417 1451 :
2470 1397 2679 1451 Beatus
2711 1396 3002 1467 siquidem
3044 1401 3100 1451 et
3143 1396 3395 1451 eximius
3426 1401 3589 1453 Pater
3615 1398 3822 1454 Joannes

476 1491 737 1562 catalogo
771 1491 1105 1563 adscripsit,
1138 1495 1203 1545 ut
1254 1490 1438 1561 liquet
1483 1507 1550 1545 ex
1603 1490 1861 1559 ejusdem
1896 1488 2125 1543 abbatis
2237 1485 2536 1539 institutor
2584 1490 2639 1539 et
2690 1486 2970 1557 magister
3016 1485 3515 1541 Vallumbrosanaz
3562 1487 3822 1559 Congrega-

478 1580 744 1653 epistola,
778 1598 956 1652 quam
1001 1580 1096 1636 hic
1151 1596 1219 1635 ex
1269 1580 1462 1634 Didaci
1496 1579 1763 1634 Franchii
1794 1578 1895 1632 lib.
1932 1581 1999 1631 12
2030 1595 2122 1633 ex-
2234 1575 2410 1629 tionis
2458 1579 2515 1629 et
2566 1574 2822 1643 Ordinis,
2857 1592 3030 1645 quem
3079 1575 3365 1630 Dominus
3412 1575 3729 1631 mirabiliter
3768 1577 3821 1631 ad

474 1686 668 1742 cerpo,
694 1674 759 1725 ut
780 1687 982 1726 omnes
1010 1668 1466 1724 canonizationis
1487 1668 1750 1723 ordinem
1773 1673 1828 1722 et
1860 1668 2123 1734 modum,
2236 1682 2297 1719 se
2329 1665 2520 1732 traxit,
2558 1665 2699 1719 dum
2733 1664 2782 1719 ei
2814 1680 2916 1736 per
2946 1681 3176 1719 crucem
3207 1670 3387 1736 caput
3418 1665 3708 1732 inclinavit,
3737 1666 3819 1719 mi-

478 1760 709 1830 aliaque
760 1760 832 1814 ad
886 1776 1014 1814 eam
1065 1758 1407 1829 spectantia,
1442 1757 1595 1812 clare
1643 1756 1995 1828 intelligant.
2032 1756 2125 1811 Sie
2156 1795 2202 1859 B
2236 1753 2449 1809 raculis
2478 1766 2717 1824 quoque
2768 1758 2825 1808 et
2871 1754 2997 1808 vita:
3029 1753 3338 1824 splendore
3369 1754 3593 1822 enituit,
3623 1754 3751 1810 sicut
3772 1771 3824 1809 ex

475 1850 674 1919 itaque
705 1852 875 1903 sonat
902 1847 1146 1917 cpistola
1179 1866 1191 1902 :
1227 1870 1254 1896 ς.
1291 1848 1487 1901 Frater
1516 1845 1847 1917 Gregorius,
1882 1845 2123 1900 humilis
2156 1843 2202 1859 "
2234 1843 2419 1915 ipsius
2439 1843 2619 1915 gestis
2641 1844 2899 1915 apertius
2925 1843 3452 1900 declaratur.Unde
3470 1860 3568 1917 ego
3589 1848 3639 1900 et
3660 1844 3823 1899 fratres

476 1939 658 1993 abbas
693 1937 1031 1993 monasterii
1085 1936 1270 1991 sancti
1330 1935 1630 1991 Michaelis
1676 1934 2008 2005 archangeli
2055 1936 2124 1989 de
2234 1933 2369 2001 mei,
2403 1932 2577 1987 vicini
2606 1950 2840 2004 quoque
2863 1932 3116 2005 episcopi
3140 1936 3195 1988 et
3216 1932 3313 1987 alii
3341 1933 3698 1989 ecclesiarum
3719 1950 3827 2004 pra-

476 2026 842 2096 Passiniano,
870 2025 1094 2080 dilectis
1128 2026 1185 2078 in
1210 2024 1436 2078 Christo
1472 2024 1750 2079 fratribus
1780 2028 1834 2078 et
1860 2022 2123 2094 Capitulo
2234 2021 2333 2076 lati
2359 2024 2614 2093 petimus
2643 2040 2675 2077 a
2696 2024 3012 2077 Sanctitate
3034 2027 3245 2092 vestra,
3272 2028 3337 2077 ut
3361 2024 3513 2078 sicut
3537 2040 3658 2079 eum
3683 2022 3827 2076 ﬁrmi-

478 2116 549 2171 de
580 2115 922 2171 Passiniano
972 2118 1027 2169 et
1076 2113 1206 2170 aliis
1245 2114 1507 2183 ejusdem
1541 2112 1745 2168 amicis
1793 2118 1850 2167 et
1903 2112 2124 2167 devotis
2234 2116 2321 2166 ter
2352 2113 2647 2167 credimus
2698 2129 2829 2166 eum
2884 2130 2990 2167 suo
3044 2116 3194 2185 Rege
3227 2129 3475 2185 regnare
3506 2113 3559 2167 in
3591 2112 3746 2177 caelis,
3772 2112 3831 2166 ita

478 2204 730 2261 salutem
776 2205 837 2259 in
878 2203 1124 2258 Domino
1176 2207 1233 2257 et
1278 2204 1550 2274 gaudere.
1588 2204 1690 2257 Pro
1721 2201 2124 2273 magnitudine
2234 2200 2430 2272 ipsum
2480 2202 2538 2255 in
2587 2200 2850 2271 catalogo
2880 2203 3224 2256 Sanctorum
3253 2203 3516 2272 jubeatis
3565 2202 3748 2257 ascribi
3787 2200 3827 2253 in

483 2293 681 2366 gaudii
730 2297 786 2348 et
840 2292 1073 2359 Iustitiae,
1109 2308 1282 2363 quam
1336 2292 1553 2347 nostris
1601 2292 1895 2346 mentibus
1926 2291 2122 2345 infun-
2239 2291 2446 2357 terris;
2476 2295 2765 2361 quatenus
2788 2292 2915 2361 ejus
2944 2291 3171 2346 meritis
3195 2296 3250 2345 et
3273 2291 3761 2348 intercessionibus
3779 2290 3830 2344 de

482 2382 568 2438 dit
617 2384 849 2438 abunde
907 2382 1145 2453 superni
1204 2382 1391 2453 gratia
1448 2380 1759 2452 largitoris,
1792 2380 1849 2434 in
1907 2380 2125 2436 exalta-

480 2473 639 2527 tione
669 2472 925 2527 nominis
976 2471 1131 2525 beati
1180 2476 1235 2524 et
1284 2470 1479 2525 eximii
1521 2471 1707 2525 Patris
1740 2470 1920 2525 nostri
1951 2472 2126 2525 Joan-

481 2562 573 2616 nis
597 2560 916 2627 Gualberti,
942 2577 975 2614 a
1006 2577 1120 2630 quo
1154 2564 1281 2630 post
1304 2559 1626 2614 almifieum
1658 2560 1883 2614 Patrem
1914 2560 2124 2615 beatis-

2237 2385 2396 2435 statu
2444 2380 2744 2451 lippientis
2788 2380 2894 2434 Lizc
2948 2381 3021 2435 ad
3074 2380 3348 2437 formosae
3385 2382 3642 2437 ltachelis
3669 2395 3827 2453 perve-

2238 2470 2470 2524 niamus
2505 2470 2828 2541 amplexus.

2308 2561 2427 2613 134.
2484 2580 2510 2608 ‹‹
2543 2558 2641 2613 llis
2691 2559 2971 2628 decursis,
3004 2560 3254 2630 genibus
3304 2562 3561 2616 curvatis
3590 2560 3751 2615 Vitam
3785 2562 3826 2611 S.

2232 2648 2476 2703 Joannis
2512 2648 2756 2703 Domino
2793 2653 2958 2719 Papa:
2989 2648 3320 2705 obtulimus
3354 2670 3366 2718 ;
3402 2668 3572 2722 quam
3603 2648 3827 2705 Dominus

2235 2736 2560 2792 Cardinalis
2583 2737 2865 2793 Ostiensis
2887 2738 3014 2809 ejus
3036 2740 3314 2794 mandato
3346 2740 3646 2812 recipiens,
3670 2738 3830 2793 diebus

2234 2828 2424 2882 tenuit
2452 2826 2787 2899 aliquantis.
2814 2828 2923 2883 'Die
2974 2828 3154 2900 igitur
3185 2830 3467 2900 pracdicto
3497 2827 3829 2884 Kalendarum

2234 2915 2499 2971 Octobris
2531 2915 2590 2969 in
2622 2916 2793 2987 pleno
2821 2917 3167 2973 consistorio
3199 2918 3494 2974 Dominus
3524 2923 3686 2990 Papa,
3713 2931 3829 2970 com-

482 2650 696 2706 simum
732 2649 1135 2715 Benedictum,
1165 2648 1462 2720 religionis
1494 2653 1550 2702 et
1579 2648 1899 2703 honestatis
1925 2666 2123 2703 mona-

479 2739 637 2795 stica:
664 2738 889 2794 cultum
914 2738 1266 2809 recepimus,
1292 2742 1604 2808 antequam
1628 2738 1903 2793 narrandi
1927 2755 2125 2793 suma-

480 2845 614 2884 mus
631 2828 887 2894 initium,
902 2828 1206 2884 hortamur
1222 2843 1321 2882 vos
1344 2844 1478 2881 voce
1496 2844 1611 2881 non
1634 2826 1825 2881 solum
1843 2828 2123 2899 corporis,

480 2918 581 2974 sed
614 2918 791 2990 (quod
821 2922 910 2972 est
940 2917 1334 2989 praestantius)
1366 2917 1670 2971 affectione
1700 2915 1991 2972 interioris
2022 2918 2123 2973 ho-

481 3006 678 3073 minis,
708 3010 771 3061 ut
802 3023 905 3078 pro
936 3006 1123 3078 ipsius
1155 3005 1373 3061 honore
1393 3006 1581 3061 Patris
1613 3006 1671 3059 in
1703 3005 1948 3061 Domino
1980 2992 2121 3078 gau-
2236 3010 2505 3060 mendata
2528 3004 2846 3076 plurimum
2866 3007 3316 3063 vitaS.Joannis
3348 3005 3831 3080 przedictidaudans

481 3095 688 3164 deatis,
720 3096 965 3168 gemina:
1015 3097 1357 3151 substantia:
1388 3096 1609 3167 giganti
1662 3095 1738 3166 [id
1766 3103 1843 3150 est
1871 3095 2122 3167 Christo]
2169 3166 2194 3168 __
2234 3094 2747 3166 Congregationem
2763 3096 3335 3168 suametspecialius
3352 3099 3591 3152 domum
3608 3098 3833 3155 nostram,

479 3184 701 3257 gratias
734 3185 1097 3251 referrentes,
1121 3183 1221 3256 qui
1248 3201 1379 3239 cum
1408 3189 1562 3239 esset
1581 3184 1809 3239 excisus
1831 3185 1901 3239 de
1927 3166 2123 3241 monte
2153 3166 2194 3233 C
2238 3187 2301 3238 ut
2322 3184 2390 3239 de
2421 3188 2609 3239 cetero
2631 3184 2896 3254 ejusdem
2928 3185 2986 3240 S.
3009 3166 3255 3241 Joannis
3281 3203 3503 3242 nomen
3535 3187 3591 3241 in
3622 3180 3831 3252 Catalogo

476 3272 600 3328 sine
629 3273 925 3343 manibus,
958 3274 1135 3330 crevit
1174 3273 1233 3327 in
1286 3278 1546 3329 montem
1580 3290 1880 3345 magnum,
1917 3279 1981 3328 ut
2022 3290 2124 3346 per
2233 3273 2578 3328 Sanctorum
2605 3277 2935 3344 poneretur,
2966 3278 3023 3329 et
3055 3274 3347 3330 festivitas
3382 3278 3512 3346 ejus
3542 3276 3719 3331 eodem
3746 3269 3830 3335 die,

474 3362 696 3435 ipsum,
730 3364 883 3435 quod
916 3368 1005 3419 est
1035 3362 1348 3433 ineffabile,
1384 3378 1626 3435 regnum
1661 3363 1907 3435 accipiat
1938 3364 2121 3435 pusil-
2234 3379 2346 3433 quo
2377 3362 2537 3429 obiit,
2574 3362 2795 3417 scilicet
2824 3363 3171 3419 duodecimo
3204 3365 3438 3420 mensis
3467 3365 3604 3420 Julii
3632 3361 3833 3418 celebra-

470 3450 588 3508 lus.
620 3457 730 3508 Per
769 3452 1051 3507 vicarium
1102 3468 1354 3523 namque
1399 3469 1595 3521 suum,
1629 3451 1895 3507 videlicet
1929 3453 2119 3508 Domi-
2232 3456 2412 3522 retur,
2437 3468 2726 3506 consensu
2751 3469 2990 3507 suorum
3017 3453 3261 3510 fratrum
3299 3446 3834 3510 DominorumCardi-

474 3559 618 3597 num
671 3536 885 3613 Papam
941 3541 1316 3597 Caelestinum
1372 3542 1467 3609 III,
1519 3541 1784 3596 Dominis
1831 3541 2122 3613 episcopis
2231 3538 2475 3607 nalium,
2503 3558 2753 3612 quorum
2787 3542 3026 3597 nomina
3054 3543 3495 3615 subsequenter
3517 3542 3829 3599 adnotantur,

480 3630 732 3686 Ostiensi
764 3636 821 3687 et
850 3631 1158 3687 Portuensi
1188 3630 1627 3695 assistentibus,
1660 3636 1717 3685 et
1746 3630 2036 3701 religiosis
2066 3636 2122 3685 et
2228 3629 2558 3700 Apostolica
2611 3631 2951 3686 auctoritate
3003 3632 3278 3700 decrevit,
3338 3634 3687 3706 replicando,
3714 3622 3830 3698 quod

474 3719 718 3791 reliquis
742 3720 1096 3792 presbyteris
1119 3723 1175 3775 et
1191 3719 1545 3774 Diaeonibus
1568 3719 1839 3774 similiter
1852 3720 2122 3775 Cardina-
2230 3718 2431 3773 eadem
2455 3719 2658 3790 petitio
2683 3720 2813 3775 aliis
2838 3722 3089 3776 summis
3104 3722 3521 3791 Pontificibus,
3538 3724 3653 3779 suis
3675 3715 3833 3790 praede-

474 3808 630 3865 libus
653 3810 710 3864 in
736 3810 828 3865 die
847 3809 1238 3865 Kalendarum
1254 3808 1540 3874 Octobris,
1564 3808 1842 3879 inspectis
1864 3810 2121 3864 testimo-

474 3898 587 3953 niis
641 3903 698 3953 et
746 3899 865 3953 vita
910 3899 1175 3968 ejusdem
1226 3897 1447 3964 Sancti,
1491 3914 1702 3951 nomen
1750 3898 2014 3967 ejusdem
2065 3902 2121 3953 et

477 3988 986 4057 memoriam,jam
1014 3988 1181 4058 quasi
1209 3986 1565 4059 negligentia
1595 4003 1835 4042 suorum
1860 3987 2117 4059 discipu-

472 4075 665 4130 lorum
724 4076 1033 4147 sepultam,
1088 4076 1380 4145 exaltavit,
1427 4081 1483 4130 et
1540 4076 1756 4147 ubique
1814 4076 2116 4131 colendam

475 4164 723 4219 censuit.

545 4253 666 4307 132.
701 4276 728 4303 ‹‹
762 4256 904 4308 Cum
938 4254 1314 4325 (quibusdam
1348 4254 1503 4309 enim
1539 4255 1754 4309 nostris
1785 4254 2012 4310 ramulis
2040 4256 2117 4310 fa-

2231 3808 2582 3879 cessoribus,
2612 3810 2799 3864 fuerat
2831 3815 3115 3881 porrecta,
3142 3816 3198 3867 et
3219 3813 3355 3868 suis
3379 3815 3453 3869 ad
3481 3807 3832 3883 complendum

2229 3898 2592 3967 temporibus
2622 3904 2935 3954 reservata.

2302 3987 2421 4040 135.
2440 4012 2467 4036 ‹‹
2483 3987 2626 4042 Huic
2640 3988 3061 4044 canonizationi
3080 3990 3490 4048 interfuerunt
3504 3991 3561 4046 bi
3576 3980 3837 4062 presbyteri

2228 4074 2583 4145 Cardinales,
2619 4076 2921 4132 videlicet:
2958 4078 3375 4151 Pandulphus,
3413 4081 3643 4136 natione
3673 4077 3830 4131 Lucen-

2227 4164 2330 4233 sis,
2354 4163 2603 4218 basilicre
2626 4165 2932 4221 duodecim
2948 4167 3377 4239 Apostolorum
3406 4169 3696 4242 presbyter
3709 4157 3833 4218 Card.

2228 4253 2429 4307 Petrus
2446 4253 2904 4325 Plaeentinus,S.
2922 4257 3141 4313 Ceciliae
3166 4256 3829 4330 presb.Card.Jordanu3,

470 4341 782 4411 cientibus)
806 4361 906 4415 pro
928 4343 1058 4399 aliis
1085 4343 1332 4414 negotiis
1362 4343 1506 4397 Urbs
1541 4343 1599 4397 in
1623 4344 1862 4398 ferventi
1894 4361 1998 4399 nos
2022 4361 2114 4397 ca-
2226 4344 2521 4414 quondam
2551 4344 2743 4399 Abbas
2772 4346 2959 4401 Fossze
2988 4364 3169 4419 novae,
3199 4349 3261 4403 S.
3302 4348 3658 4405 Potentianm
3686 4338 3833 4416 presb-

476 4431 596 4487 lore
627 4431 766 4489 Julii
800 4432 1140 4505 recepisset,
1176 4450 1351 4503 super
1382 4450 1496 4505 quo
1544 4433 1713 4487 amici
1764 4434 1947 4487 nostri
2000 4450 2113 4487 non
2226 4433 2393 4488 Card.
2418 4433 2672 4488 Joannes
2698 4435 3085 4502 Lombardus,
3111 4436 3254 4492 olim
3298 4432 3829 4503 Tuscanen.episco-

474 4523 771 4578 modicum
795 4522 1201 4590 tristabantur,
1226 4522 1501 4577 timentes
1530 4523 1697 4577 nobis
1726 4527 1963 4594 propter
1985 4522 2113 4577 vita:
2146 4543 2192 4606 Ι)
2226 4539 2354 4592 pus.
2383 4528 2438 4575 S.
2464 4522 2780 4578 Clementis
2809 4526 3000 4596 presb.
3026 4527 3193 4581 Card.
3227 4527 3569 4593 Romanus,
3592 4519 3832 4606 quondam

471 4612 865 4683 dispendium,
920 4612 1164 4678 meritis,
1208 4616 1273 4666 ut
1320 4612 1635 4677 credimus,
1672 4613 1821 4667 beati
1875 4613 2115 4667 Joannis
2147 4604 2178 4606 ﬂ
2228 4611 2617 4675 Primicerius,
2668 4613 2726 4666 S.
2776 4614 3095 4669 Anastasirc
3150 4616 3354 4685 presb.
3414 4618 3585 4672 Card.
3626 4604 3831 4679 Huguci0

469 4702 668 4757 omnia
700 4708 839 4757 sunt
865 4706 1170 4774 cooperata
1202 4702 1260 4755 in
1293 4702 1535 4757 bonum.
1563 4701 1894 4756 Salutantes
1921 4702 2113 4772 itaque
2318 4700 2548 4754 Martini
2604 4701 2662 4755 in
2716 4706 2913 4757 monte
2946 4704 3138 4773 presb.
3172 4704 3352 4759 Card.
3388 4705 3581 4761 Guido
3610 4703 3663 4757 S.
3690 4693 3828 4751 Marias

467 4790 668 4846 devote
700 4797 756 4847 et
786 4797 1111 4847 reverentes
1143 4791 1443 4846 humiliter
1474 4792 1776 4862 prazfatum
1810 4791 2109 4845 sanctissi-
2222 4794 2385 4844 trans
2418 4790 2675 4843 Tiberim
2710 4792 2800 4846 tit.
2835 4793 2893 4846 S.
2918 4792 3139 4847 Callisti
3173 4796 3382 4863 presb.
3409 4796 3580 4850 Card.
3610 4795 3830 4845 Joannes.

464 4895 626 4934 mum
679 4880 994 4934 Dominum
1047 4882 1284 4951 Papam,
1332 4879 1759 4950 postulavimus
1812 4883 1876 4933 ut
1924 4879 2109 4935 sancti
2220 4876 2379 4932 olim.
2432 4878 2736 4933 Cassinen.
2774 4880 3122 4947 monachus,
3158 4882 3215 4935 S.
3255 4882 3554 4955 Stephani
3604 4880 3654 4934 in
3694 4868 3827 4930 (ἰαὶὶίο

463 4968 705 5023 Joannis
725 4985 935 5023 nomen
954 4968 1387 5023 canonizatione
1405 4986 1510 5022 suo
1532 4973 1790 5039 tempore
1808 4967 2105 5022 exaltaret.
2220 4972 2417 5022 monte
2450 4969 2640 5038 presb.
2674 4970 2843 5024 Card.
2876 4969 3112 5024 Gentius
3144 4971 3465 5028 Romanus
3500 4975 3559 5028 S.
3592 4956 3827 5025 Laurentii

461 5056 2105 5129 QuidpluraPReceptislitteristestimonialibusAbbatis
2217 5054 2273 5109 in
2328 5056 2546 5111 Lucina
2597 5058 2789 5127 presb.
2843 5059 3005 5114 Card.
3054 5060 3367 5131 Sofredus,
3405 5061 3549 5117 olim
3580 5050 3824 5113 Pistorien-

456 5146 1031 5215 Vallisumbroszn,et
1052 5146 1298 5201 aliorum
1318 5146 1593 5200 abbatum
1617 5151 1791 5217 atque
1809 5147 2107 5218 episcopo-
2216 5144 2559 5211 Canonicus,
2588 5146 2646 5201 S.
2671 5147 2942 5202 Praxedis
2972 5149 3163 5219 presb.
3189 5148 3374 5205 Card.
3410 5149 3697 5207 Benardus
3723 5139 3821 5194 olim

459 5252 590 5291 rum
618 5242 675 5292 et
696 5238 943 5292 aliorum
976 5234 1375 5309 praelatorum,
1397 5235 1627 5290 duobus
1654 5236 1867 5306 elapsis
1893 5237 2104 5291 mensi-
2214 5239 2267 5287 S.
2305 5234 2596 5307 Frigdiani
2628 5237 2974 5307 Canonicus,
3010 5239 3067 5293 S.
3100 5239 3256 5293 Petri
3292 5242 3371 5296 ad
3407 5237 3652 5296 Vincula
3679 5225 3822 5306 presb-

460 5327 574 5381 bus
606 5334 737 5398 post
768 5333 1036 5383 nostrum
1091 5326 1149 5380 in
1198 5324 1407 5379 Urbem
1440 5324 1795 5395 ingressum,
1829 5327 2102 5397 praefatus
2213 5324 2377 5380 Card.
2430 5329 2619 5395 Atque
2667 5326 2939 5394 Joannes,
2994 5328 3133 5382 olim
3187 5327 3251 5382 S.
3307 5330 3483 5386 Pauli
3537 5319 3822 5384 monachus

458 5417 869 5473 sanctissimus
901 5416 1268 5489 Apostolicus
1300 5414 1452 5469 diem
1487 5415 1708 5482 slatuit,
1742 5420 1807 5470 ut
1856 5433 1922 5471 eo
1957 5434 2099 5488 prze-
2213 5416 2407 5486 presb.
2442 5414 2609 5469 Card.

444 5504 2101 5576 'sidenteDominisCardinalibusverbumproponeremus
2287 5506 2404 5557 136.
2463 5528 2481 5551 «
2526 5504 2755 5559 Diaceni
2790 5507 3147 5573 Cardinales,
3180 5510 3301 5579 qui
3355 5508 3747 5566 interfuerunt.
3781 5492 3825 5546 bl
3880 5562 3881 5565 η

454 5595 608 5667 quod
642 5600 771 5651 voto
805 5598 1150 5667 gerebamus
1184 5595 1499 5651 inclusum.
1535 5594 1746 5663 Quarto
1778 5595 1957 5668 igitur
1990 5596 2096 5651 Ka-
2211 5598 2351 5650 sunt
2380 5610 2391 5651 :
2427 5594 2737 5667 Gregorius
2765 5597 2819 5652 S.
2858 5597 3046 5655 Mariae
3080 5599 3135 5655 in
3170 5598 3438 5656 Portica
3465 5599 3621 5656 Diae.
3651 5585 3833 5650 Cardin-
