4002 6170
266 410 378 474 753

1849 412 2084 476 ACTA.

3556 409 3678 473 754

267 541 581 619 Gregorius
613 545 929 603 Crescentii
959 546 1017 603 S.
1049 546 1240 603 Mariae
1272 545 1334 603 in
1375 547 1628 619 Acquiro
1675 547 1908 603 Diaeon.
1941 555 1996 616 Α
2025 548 2083 602 in
2106 546 2376 620 praesenti
2399 547 2536 615 vita,
2569 564 2672 619 per
2691 546 3105 606 exhibitionem
3128 545 3386 621 plurium
3419 548 3672 607 miracu-

263 637 430 692 Card.
458 637 727 692 Romani.
763 637 1074 692 Lotharius
1105 638 1205 692 SS.
1243 637 1427 710 Sergii
1458 641 1514 693 et
1545 638 1775 705 Bacchi,
1810 655 1915 692 na-

263 727 420 782 tione
451 725 804 796 Campanus,
857 725 1014 780 Diae.
1070 725 1300 780 Cardin.
1353 725 1666 798 Gregorius
1706 726 1914 781 Carelli

263 818 320 872 S.
358 814 588 886 Georgii
622 815 692 868 ad
726 814 931 869 Velum
964 831 1209 870 aureum
1245 815 1398 870 Diae.
1432 815 1599 870 Card.
1644 815 1915 870 Nicolaus

259 910 316 960 S.
352 903 549 959 Mariae
581 903 639 958 in
671 903 1000 958 Cosmedin.
1035 904 1192 959 Diae.
1226 905 1392 959 Card.
1425 904 1693 959 Romani.
1742 904 1915 976 Magi-

261 998 384 1049 ster
412 992 676 1065 {Egidius
703 993 1046 1064 Anagninus
1081 992 1150 1046 S.
1184 992 1403 1048 Nicolai
1437 993 1496 1047 in
1529 1009 1756 1048 carcere
1776 994 1912 1048 Tul-

258 1083 418 1138 liano
450 1082 608 1136 Diae.
639 1081 868 1136 Cardin.
902 1083 1142 1137 Centius
1191 1082 1561 1138 Camerarius
1611 1084 1668 1137 S.
1723 1083 1911 1137 Luciae

259 1173 417 1228 Diae.
452 1171 642 1240 Card.,
671 1174 847 1242 atque
869 1170 1148 1243 Magister
1167 1176 1374 1226 Petrus
1396 1176 1706 1243 Capuanus
1725 1172 1910 1226 8.Μᾶ-

256 1260 353 1315 riae
385 1260 446 1314 in
478 1259 583 1314 Via
614 1259 731 1314 lata
763 1259 919 1314 Diae.
973 1261 1140 1314 Card.
1196 1261 1476 1330 Praeterea
1519 1261 1913 1316 interfuerunt

255 1349 434 1406 etiam
466 1349 714 1421 praefatae
737 1348 1163 1404 eanonizationi
1192 1367 1260 1404 ex
1308 1350 1514 1405 multis
1566 1355 1622 1404 et
1670 1350 1912 1404 diversis

252 1437 571 1511 provinciis
601 1437 659 1492 in
691 1437 844 1492 dicto
875 1439 1220 1494 consistorio
1256 1441 1399 1495 tanti
1454 1439 1759 1512 principis,
1794 1441 1910 1494 imo

252 1532 558 1583 tantorum
590 1527 1060 1599 principum,viri
1091 1527 1485 1594 honorabiles,
1517 1529 1913 1600 Arehiepisco-

249 1635 369 1690 pus
416 1615 758 1688 Amalphiac,
790 1617 1112 1689 Episcopus
1160 1618 1535 1688 Puteolanus,
1591 1619 1910 1690 Episcopus

247 1705 950 1770 Nodanus,Ariminensis
981 1711 1120 1762 tunc
1140 1707 1443 1774 electus,et
1464 1708 1696 1763 Electus
1726 1708 1908 1762 famo-

245 1797 298 1852 si
326 1795 670 1850 monasterii
704 1795 1014 1850 Fuldensis
1045 1797 1116 1851 de
1147 1797 1516 1867 Alemannia,
1551 1797 1651 1868 qui
1702 1798 1907 1852 eadem

243 1885 399 1941 hora
423 1885 610 1939 fuerat
637 1885 1302 1942 conﬁrmatus.Nuntius
1333 1903 1466 1941 vero
1491 1887 1560 1940 N.
1587 1889 1904 1958 Imperato-
1938 1923 1986 1988 B

243 1975 332 2030 ris
363 1973 996 2045 Constantinopolitani
1028 1992 1144 2030 non
1190 1975 1391 2046 defuit,
1430 1980 1605 2046 atque
1651 1976 1721 2029 N.
1757 1992 1906 2029 nun-

241 2065 370 2120 tius
400 2063 555 2136 regis
584 2063 837 2136 Anglice;
871 2063 1068 2135 plures
1099 2063 1196 2119 alii
1228 2065 1476 2120 concleri
1511 2069 1564 2120 et
1598 2064 1905 2136 laici,quo-

240 2169 379 2209 rum
414 2153 656 2208 nomina
685 2151 782 2207 ille
814 2154 996 2222 novit,
1025 2154 1126 2225 qui
1158 2170 1266 2208 nos
1297 2154 1482 2208 ﬁnxit.

321 2243 448 2296 137.
481 2265 510 2291 «
545 2240 836 2313 Capellani
867 2259 1000 2297 vero
1033 2243 1438 2314 praanominati
1469 2242 1691 2297 domini
1738 2242 1903 2314 Papa:

238 2349 364 2388 non
397 2329 845 2401 defuerunt,qui
869 2330 1041 2385 nobis
1061 2331 1424 2401 assistentes,
1449 2332 1529 2386 Te
1554 2336 1733 2386 Deum
1758 2336 1904 2386 Lau-

239 2422 487 2487 damus,
510 2419 628 2474 alta
649 2435 786 2474 voce
817 2420 1479 2492 eantaverunt.Moxque
1510 2420 1568 2474 in
1594 2420 1722 2491 ipsa
1755 2418 1902 2475 cele-

235 2510 537 2579 bratione,
569 2513 851 2581 praesente
880 2509 1082 2564 eodem
1115 2525 1348 2565 summo
1392 2509 1684 2578 Pontiﬁce,
1717 2508 1903 2580 ipsius

236 2601 299 2655 S.
334 2599 586 2655 Joannis
616 2599 798 2654 oratio
846 2603 937 2654 est
987 2616 1020 2653 a
1071 2599 1406 2670 presbytero
1443 2600 1704 2654 recitata.
1740 2598 1902 2654 Unde

233 2688 484 2763 pulvere
515 2705 758 2744 excusso
789 2688 1066 2744 vitiorum
1100 2689 1171 2743 ad
1198 2689 1560 2743 laudandum
1596 2689 1654 2742 in
1687 2689 1900 2744 Sancto

232 2781 374 2850 ejus
397 2779 682 2834 Dominus
705 2778 834 2833 sitis
856 2777 1256 2850 praeparati,et
1279 2779 1418 2850 quia
1437 2778 1721 2833 hactenus
1747 2777 1900 2833 flevi-

231 2868 378 2938 stis,
430 2872 714 2940 tanquam
744 2867 863 2922 veri
895 2867 1022 2934 lilii,
1055 2868 1124 2922 de
1156 2872 1344 2922 morte
1374 2867 1578 2934 Patris,
1612 2868 1682 2922 de
1712 2867 1900 2939 ipsius

231 2957 417 3030 quasi
451 2956 876 3013 resurrectione
931 2956 1203 3028 spiritum
1255 2956 1455 3028 gaudii
1509 2956 1792 3022 induatis,
1845 2960 1902 3011 et

230 3064 373 3103 cum
410 3045 724 3102 Psalmista
764 3046 1048 3101 veraciter
1093 3045 1414 3101 decantatis
1463 3063 1475 3101 :
1529 3045 1669 3100 Mihi
1702 3049 1897 3100 autem

229 3137 425 3192 nimis
449 3135 715 3192 honorati
732 3135 1055 3191 suntamici
1076 3135 1632 3203 tui,Deus.Praasens
1649 3134 1900 3206 denique

229 3225 451 3299 gloria,
500 3242 627 3296 quae
677 3225 747 3279 de
798 3225 1146 3279 Sanctorum
1196 3224 1581 3280 celebratione
1627 3224 1896 3293 habetur,

232 3295 405 3370 illius
431 3295 626 3387 gloriae
656 3319 714 3368 et
742 3313 939 3385 gaudii
971 3317 1059 3369 est
1083 3314 1484 3385 imago,quam
1517 3312 1737 3367 nullius
1772 3329 1897 3367 sen-
1927 3295 1969 3363 C

238 3421 351 3459 sus
380 3402 528 3458 valet
556 3402 1070 3475 comprehendere,
1103 3419 1208 3457 nec
1230 3418 1420 3458 sermo
1444 3405 1896 3473 quantumcum-

237 3508 358 3564 que
393 3490 670 3548 disertius
691 3490 1092 3563 explicare.Ea
1113 3490 1294 3562 igitur
1314 3490 1429 3558 die,
1453 3507 1569 3561 qua
1587 3506 1690 3545 vos
1714 3489 1896 3544 conti-

235 3583 392 3654 gerit
417 3580 643 3636 litteras
681 3581 827 3636 tanti
852 3579 1095 3652 tripudii
1119 3579 1395 3652 recipere,
1432 3579 1587 3634 beati
1619 3579 1894 3645 Joannis,

232 3670 475 3727 Domini
505 3676 562 3726 et
589 3669 780 3725 Patris
811 3669 1016 3740 nostri,
1053 3669 1202 3725 sicut
1233 3670 1288 3723 in
1316 3669 1409 3724 sui
1440 3668 1652 3724 natalis
1671 3668 1896 3735 dic,no-

234 3760 468 3817 cturnis
513 3763 571 3815 et
619 3760 846 3815 diurnis
893 3759 1171 3815 laudibus
1220 3759 1508 3814 studeatis
1551 3758 1894 3813 memoriam

232 3850 826 3921 celebrare,superna
855 3848 1180 3919 Majestatis
1212 3847 1583 3904 clementiam
1615 3847 1894 3903 attentius

229 3939 948 4012 implorantes,quatenus
979 3939 1063 3993 sic
1092 3955 1201 3994 nos
1233 3938 1409 3994 faciat
1439 3955 1538 4010 per
1570 3937 1747 4008 hujus
1767 3936 1892 3991 vitae

233 4029 500 4085 stadium
534 4044 788 4099 currere,
822 4032 1021 4083 nostro
1053 4027 1201 4083 duce
1231 4031 1288 4082 et
1327 4030 1570 4098 patrono
1601 4030 1894 4099 praeeunte

236 4119 295 4174 S.
327 4118 580 4186 Joanne,
613 4121 678 4172 ut
706 4132 809 4189 per
838 4133 1026 4172 unum
1057 4121 1115 4172 et
1146 4117 1205 4172 in
1236 4116 1483 4188 uno,qui
1511 4116 1671 4171 dicit.
1707 4117 1821 4188 Ego
1839 4120 1896 4171 et

239 4209 408 4264 Pater
438 4225 622 4263 unum
652 4206 1134 4278 sumus,pcrfecti
1166 4222 1374 4261 cursus
1404 4206 1674 4260 bravium
1705 4206 1894 4277 capia-

237 4313 393 4352 mus.
428 4296 647 4352 Valete.
682 4318 710 4345 »

310 4387 437 4440 138.
472 4385 618 4440 Huic
662 4385 917 4457 epistolae
976 4385 1257 4440 subnecto
1306 4383 1534 4438 Bullam
1591 4383 1891 4438 canoniza-

235 4473 420 4530 tionis
451 4491 604 4529 anno
637 4474 796 4541 1193,
820 4491 853 4528 a
873 4473 1178 4528 Ccelestino
1201 4473 1277 4527 III
1297 4472 1534 4541 editam,
1551 4489 1676 4544 quae
1707 4477 1892 4528 exstat

235 4564 397 4636 apud
427 4563 494 4617 D.
531 4562 900 4618 Thesaurum
920 4561 1172 4629 Velium,
1207 4563 1263 4617 S.
1293 4561 1567 4617 Praxedis
1597 4562 1891 4630 abbatem,

2025 638 2738 703 lorum,commendabiles
2770 639 3059 710 reddit,et,
3076 640 3401 695 secundum
3425 641 3673 713 prophe-

2024 727 2206 782 ticum
2236 727 2502 794 verbum,
2532 745 2632 783 eos
2653 727 2788 783 facit
2811 728 2868 783 in
2893 733 3106 785 aeterna
3130 747 3258 786 esse
3279 731 3582 802 memoria,
3616 735 3675 787 et

2025 817 2097 870 ab
2119 817 2394 872 omnibus
2417 816 2718 872 celebriter
2735 817 3017 873 venerari.
3043 819 3158 875 Nec
3180 819 3335 875 enim
3359 819 3672 893 quisquam

2023 906 2352 962 Catholicus
2405 906 2669 977 ambigit,
2717 924 2849 961 cum
2893 912 2951 962 et
3002 908 3111 962 hoc
3157 909 3456 981 Scriptura
3505 927 3672 966 sacra

2021 997 2449 1067 testctur,quod
2481 996 2541 1050 in
2573 995 2801 1050 Sanctis
2828 995 2951 1052 suis
2973 995 3248 1052 laudatur
3272 999 3585 1070 Dominus,
3618 1004 3676 1056 et

2023 1085 2122 1157 qui
2150 1085 2399 1140 honorat
2430 1102 2548 1156 eos,
2581 1086 2775 1157 ipsum
2799 1085 3114 1141 Dominum
3137 1103 3379 1158 prorsus
3401 1087 3671 1143 honorat:

2021 1173 2150 1246 ipso
2178 1178 2491 1230 attestante
2522 1174 2622 1246 qui
2653 1175 2795 1230 dicit
2826 1190 2838 1228 :
2874 1175 2980 1238 Qui
3012 1192 3114 1231 vos
3146 1175 3418 1244 honorat,
3441 1193 3534 1232 me
3563 1177 3675 1232 ho—

2023 1268 2210 1335 norat,
2235 1268 2291 1319 et
2321 1264 2418 1335 qui
2451 1281 2551 1319 vos
2584 1264 2808 1335 recipit,
2833 1281 2924 1319 me
2946 1265 3170 1338 recipit.
3201 1266 3268 1320 Et
3288 1266 3445 1322 idem
3471 1281 3483 1322 :
3505 1267 3667 1330 Quod

2021 1353 2123 1408 uni
2144 1370 2212 1409 ex
2234 1352 2379 1408 meis
2397 1353 2660 1408 minimis
2682 1353 3076 1424 fecistis,mihi
3100 1355 3418 1411 fecistis.Et
3435 1355 3677 1428 quidem

2021 1443 2231 1498 rationi
2281 1448 2744 1498 consentaneum
2793 1459 2920 1499 esse
2950 1444 3250 1515 probatur,
3283 1448 3370 1510 ut,
3412 1447 3675 1517 quando-

2021 1531 2257 1604 quidem
2299 1531 2670 1604 omnipotens
2719 1533 2888 1588 Pater
2939 1532 3065 1587 Filii
3109 1533 3202 1588 sui
3246 1533 3560 1589 coheredes
3608 1551 3674 1590 eo

2020 1638 2135 1694 quo
2166 1621 2363 1692 ipsum
2395 1621 2615 1676 honore
2663 1621 2845 1676 voluit
2883 1622 3155 1695 insigniri
3205 1623 3334 1696 ipso
3387 1627 3589 1678 orante
3619 1627 3677 1679 et

2019 1710 2247 1764 dicente
2271 1727 2283 1765 :
2304 1709 2472 1780 Volo,
2502 1711 2690 1780 Pater,
2723 1715 2788 1765 ut
2810 1711 2909 1766 ubi
2931 1728 3036 1784 ego
3058 1729 3211 1783 sum,
3245 1712 3364 1768 illic
3386 1713 3463 1768 sit
3482 1716 3538 1768 et
3560 1711 3671 1768 mi-

2020 1800 2201 1854 nister
2218 1815 2416 1867 meus;
2440 1803 2498 1854 et
2519 1816 2757 1854 rursum
2783 1817 2795 1854 :
2822 1800 2882 1855 Si
2907 1801 3037 1872 quis
3061 1801 3204 1858 mihi
3228 1801 3670 1872 ministraverit,

2019 1887 2428 1944 honoriﬁcabit
2467 1905 2602 1943 eum
2645 1889 2812 1943 Pater
2862 1905 3049 1956 meus,
3084 1891 3184 1961 qui
3231 1891 3290 1945 in
3338 1889 3500 1962 caelis
3558 1895 3668 1959 est,

2018 1978 2310 2044 homines,
2341 1977 2440 2049 qui
2473 1993 2541 2032 ex
2570 1977 2728 2032 lutea
2759 1978 3004 2035 materia
3034 1983 3195 2046 sunt,
3226 1979 3414 2051 ipsius
3445 1995 3671 2036 memo-

2017 2069 2162 2123 riam
2196 2067 2489 2122 celebrent
2521 2070 2578 2122 et
2609 2071 2957 2123 venerentur
3003 2068 3061 2122 in
3106 2068 3307 2137 terris,
3351 2071 3522 2140 cujus
3565 2064 3668 2125 no-

2017 2173 2151 2213 men
2185 2156 2444 2212 creditur
2473 2156 2758 2228 scriptum
2791 2172 2918 2212 esse
2950 2157 3010 2211 in
3043 2157 3226 2214 eoelis.

2089 2249 2210 2301 159.
2247 2269 2274 2296 ‹‹
2301 2250 2419 2300 Hac
2449 2245 2730 2300 nimirum
2762 2245 3224 2301 consideratione
3253 2247 3501 2315 inducti,
3531 2263 3668 2303 eum

2015 2353 2214 2408 preces
2246 2335 2592 2390 dilectorum
2622 2333 2879 2389 ﬁliorum
2910 2340 3248 2391 nostrorum
3281 2335 3670 2410 GeorgiiUege

2014 2425 2296 2496 Gregorii]
2321 2423 2565 2479 Abbatis
2595 2427 2652 2478 et
2682 2425 3010 2479 Conventus
3042 2425 3512 2481 Passinianensis
3543 2443 3667 2482 mo-

2014 2501 2277 2581 nasterii,
2308 2518 2687 2583 vestrumque
2716 2513 3125 2568 testimonium
3156 2513 3581 2585 recepissemus
3613 2519 3670 2571 et

2012 2604 2329 2669 litteras,ut
2359 2601 2570 2656 inclitae
2602 2601 3022 2657 recordationis
3050 2606 3336 2658 Joannem
3367 2604 3667 2674 quondam

2010 2690 2521 2759 Abbatem,Vallis-
2534 2690 2909 2746 Umbrosanaa
2927 2691 3404 2764 Congregationis
3423 2691 3667 2748 institu-

2010 2787 2216 2848 torem,
2277 2780 2377 2853 qui
2424 2780 2712 2836 Creatoris
2745 2779 2837 2834 sui
2869 2796 3072 2835 servus
3103 2781 3362 2852 prudens
3395 2780 3583 2837 extitit
3610 2787 3668 2838 et

2010 2871 2220 2934 fidelis,
2257 2876 2312 2925 et
2343 2869 2579 2925 familiae
2612 2868 2726 2924 sibi
2774 2868 3100 2924 commissae
3122 2868 3181 2922 in
3203 2875 3464 2940 tempore
3485 2870 3665 2926 tritici

2010 2975 2348 3015 mensuram
2375 2958 2683 3030 impendit;
2705 2962 2761 3013 et
2782 2957 3126 3028 quem,quia
3153 2957 3261 3012 fuit
3282 2974 3459 3029 super
3480 2973 3666 3030 pauca

2009 3048 2360 3120 ﬁdelis,post
2385 3048 2612 3103 obitum
2632 3063 2806 3102 suum
2831 3063 3010 3119 super
3034 3045 3220 3101 multa
3237 3046 3520 3102 Dominus
3539 3046 3665 3118 ipse

2008 3137 2396 3205 constituit,et
2414 3135 2618 3190 multis
2636 3134 3058 3190 miraculorum
3080 3134 3400 3207 privilegiis
3420 3135 3665 3206 insigni-

2005 3227 2108 3293 vit,
2143 3225 2272 3280 istis
2304 3224 2482 3280 etiam
2509 3225 2876 3295 temporibus
2924 3227 2990 3278 ut
3032 3223 3266 3294 dicitur,
3300 3222 3664 3278 incessanter

2007 3314 2282 3382 illustrat,
2308 3314 2654 3368 Sanctorum
2677 3311 2949 3382 Catalogo
2972 3326 3358 3366 annumerare
3376 3314 3434 3364 et
3455 3326 3660 3365 conso-

2009 3405 2160 3459 ciare
2189 3401 2490 3456 vellemus.
2518 3400 2726 3455 Visum
2749 3400 2947 3470 itaque
2963 3402 3053 3454 est
3074 3397 3265 3464 nobis,
3284 3401 3340 3453 et
3359 3399 3662 3453 communi

2009 3490 2252 3548 consilio
2276 3491 2521 3545 fratrum
2554 3488 2791 3556 insedit,
2817 3492 2876 3543 et
2895 3486 3220 3542 vicinorum
3251 3485 3661 3559 episcOporum

2008 3586 2065 3636 et
2117 3579 2366 3636 aliorum
2418 3578 2794 3634 Prmlatorum
2843 3575 3134 3642 Ecclesiae,
3186 3576 3532 3631 deberemus
3589 3576 3662 3632 de

2009 3667 2444 3725 conversatione
2475 3667 2741 3738 ejusdem
2772 3665 2908 3721 boni
2945 3664 3064 3719 Viri
3095 3669 3153 3720 et
3182 3663 3482 3720 miraculis
3503 3664 3663 3721 testi-

2007 3759 2204 3814 monia
2235 3757 2845 3830 praestolari.Demum
2877 3769 3010 3809 vero
3043 3771 3176 3809 eum
3209 3753 3658 3826 Episcoporum,

2004 3849 2318 3914 Abbatum,
2340 3846 2627 3912 Priorum,
2651 3843 3230 3913 Archidiaconorum,
3247 3842 3658 3910 Plebanorum,

2006 3937 2479 4010 Przepositorum,
2515 3933 3054 3989 Ecclesiasticorum
3096 3936 3154 3987 et
3197 3931 3658 3988 Monasticorum

2005 4027 2406 4083 Conventuum
2439 4028 2613 4094 atque
2636 4022 2884 4078 aliorum
2907 4038 3086 4092 super
3107 4020 3374 4091 ejusdem
3405 4019 3659 4076 Ministri

2003 4117 2144 4173 Jesu
2173 4114 2380 4170 Christi
2411 4114 2529 4168 vita
2555 4116 2624 4168 et
2653 4110 3092 4167 conversatione
3136 4112 3311 4180 atque
3358 4107 3660 4165 miraculis

2006 4205 2430 4276 recepissemus
2458 4199 2801 4257 testimonia
2847 4201 2904 4253 et
2953 4211 3185 4269 preces;
3219 4211 3397 4268 super
3421 4195 3659 4251 canoni-

2003 4293 2187 4348 zando
2257 4292 2482 4357 eodem,
2542 4290 2786 4344 fratrum
2845 4290 3180 4343 nostrorum
3253 4283 3662 4340 convenientia

2003 4381 2292 4453 requisita
2322 4384 2380 4435 et
2410 4378 2631 4445 habita,
2657 4378 2970 4432 referentes
3000 4374 3218 4446 gratias
3245 4373 3524 4438 Creatori,
3558 4372 3660 4443 qui

2005 4469 2320 4525 Ecclesiam
2355 4484 2524 4524 suam
2557 4483 2787 4537 semper
2815 4481 2964 4519 nova
2995 4462 3156 4534 prole
3196 4460 3571 4532 multiplicat,
3603 4463 3660 4513 et

2001 4565 2122 4615 tam
2156 4575 2447 4624 rosarum,
2480 4571 2658 4628 quam
2690 4553 2948 4628 liliorum
2976 4551 3114 4606 ﬂore
3146 4551 3400 4616 decorat,
3426 4563 3657 4619 praeno-

235 4658 375 4708 ante
405 4651 598 4706 Vitam
631 4653 689 4707 S.
720 4651 964 4707 Joannis
995 4650 1313 4718 Gualberti,
1349 4668 1500 4705 anno
1535 4653 1670 4705 1612
1704 4653 1891 4706 Romae
1923 4670 1970 4733 Β
2004 4651 2293 4705 minatum
2323 4648 2386 4702 B.
2420 4646 2706 4702 Joannem
2754 4639 3248 4706 canonizavimus,
3299 4640 3375 4733 et-
3408 4651 3654 4733 nurnero

235 4742 485 4812 editam,
519 4742 673 4813 apud
699 4741 979 4797 Didacum
1004 4740 1357 4796 Franchium
1378 4739 1475 4794 lib.
1498 4741 1585 4810 12,
1609 4757 1740 4812 pag.
1764 4740 1887 4811 516,

235 4836 292 4888 et
320 4831 382 4886 in
415 4830 668 4886 Bullario
715 4830 928 4886 Laertii
978 4829 1291 4885 Cherubini
1341 4833 1481 4884 tom.
1535 4831 1584 4896 1,
1637 4846 1767 4901 pag.
1801 4831 1890 4884 31.

238 4919 568 4977 Franchius
600 4935 732 4992 pag.
757 4921 862 4974 508
891 4919 1032 4974 dicit
1061 4935 1190 4974 eam
1220 4920 1414 4973 datam
1447 4935 1575 4974 esse
1608 4921 1679 4973 ad
1709 4920 1896 4974 Abba-

236 5015 359 5066 tem
391 5013 450 5066 et
479 5013 828 5066 conventum
861 5008 1388 5064 Passinianensem.
1408 5007 1524 5062 Alii
1555 5011 1749 5064 autem
1779 5009 1892 5063 duo

237 5098 401 5154 hunc
423 5098 642 5155 habent
662 5097 900 5174 titulum
917 5097 1316 5174 :aCcelestinus
1338 5097 1669 5170 episcopus,
1693 5114 1894 5153 servus

239 5204 550 5244 servorum
600 5187 719 5254 Dei,
754 5171 979 5242 dilectis
1026 5185 1182 5258 filiis,
1214 5187 1424 5242 Abbati
1473 5191 1529 5242 et
1576 5185 1894 5242 Conventui

239 5276 752 5333 Vallis-Umbrosae
775 5276 1023 5333 salutem
1045 5280 1102 5331 et
1122 5275 1514 5347 Apostolicam
1536 5276 1891 5331 benedictio-

242 5367 634 5422 nem.»Tenor
653 5365 827 5421 Bulla:
854 5366 1006 5438 apud
1030 5365 1322 5421 Laertium
1350 5364 1746 5420 Cherubinum
1767 5365 1894 5420 loco

243 5455 421 5511 citato
452 5459 543 5511 est
572 5455 709 5511 talis
742 5471 754 5509 :
790 5477 816 5504 «
853 5453 1151 5510 Gloriosus
1187 5455 1336 5508 Deus
1382 5453 1442 5507 in
1491 5453 1719 5508 Sanctis
1747 5453 1893 5520 suis,

243 5550 299 5600 et
331 5545 390 5600 in
422 5545 729 5618 majestate
759 5543 1066 5614 mirabilis,
1100 5541 1402 5598 ministros
1443 5558 1603 5606 suos,
1637 5541 1735 5612 qui
1780 5542 1892 5597 sibi

241 5635 527 5691 veraciter
555 5640 612 5691 et
640 5634 868 5691 sincere
896 5633 1254 5702 ministrant,
1286 5648 1401 5687 non
1435 5631 1624 5687 solum
1653 5632 1891 5687 immar-

245 5723 506 5782 eeseibili
534 5724 734 5782 bravio
760 5727 817 5781 et
845 5725 1056 5780 esterno
1089 5724 1442 5789 remunerat,
1475 5738 1673 5779 verum
1717 5722 1893 5778 etiam

2003 4738 2400 4795 confessorum
2426 4733 2637 4789 Christi
2659 4729 3024 4787 decrevimus
3045 4724 3656 4798 adjungendum.Con-

2003 4829 2292 4884 fessorum
2325 4823 2588 4880 omnium
2620 4822 2836 4892 Regem
2858 4833 3026 4890 prece
3042 4814 3250 4871 humili
3274 4815 3654 4886 deposcentes

2006 4922 2070 4973 ut
2100 4916 2363 4986 ejusdem
2397 4910 2779 4976 Confessoris,
2805 4907 2904 4980 qui
2937 4905 3049 4963 sibi
3080 4909 3316 4979 propter
3346 4903 3574 4959 lucidas
3595 4906 3654 4957 et

2004 5007 2346 5078 conspicuas
2396 5001 2619 5075 placuit
2672 4997 2949 5065 actiones,
3003 4995 3275 5068 precibus
3323 4997 3380 5048 et
3427 4991 3654 5048 meritis

2005 5093 2348 5161 recolendis,
2382 5093 2453 5148 ab
2485 5090 2842 5146 instantibus
2879 5083 3155 5159 periculis
3185 5099 3462 5139 eruamur
3489 5085 3548 5137 et
3591 5081 3652 5134 in

2004 5185 2220 5241 nostris
2261 5180 2712 5238 necessitatibus
2757 5177 2946 5249 ipsius
2994 5172 3384 5246 patrocinium
3435 5169 3651 5227 sentia-

2004 5292 2158 5330 mus.

2079 5366 2198 5418 140.
2219 5386 2246 5413 ‹‹
2270 5364 2480 5418 Vestrze
2503 5362 2700 5432 itaque
2722 5356 3012 5414 devotioni
3035 5370 3137 5427 per
3156 5351 3490 5426 Apostoliea
3509 5350 3651 5409 seri-

2003 5459 2099 5525 pta
2123 5453 2474 5508 mandamus
2495 5454 2668 5521 atque
2691 5445 3389 5520 praecipimus,quatenus
3412 5443 3482 5496 de
3501 5440 3648 5496 tanti

2003 5542 2236 5598 Patroni
2258 5559 2323 5596 su
2335 5540 2735 5612 ll'ragio,quem
2755 5535 2958 5608 genuit
2977 5539 3032 5590 et
3054 5533 3297 5589 nutrivit
3314 5532 3442 5604 ipsa
3461 5528 3646 5592 Italia,

2003 5631 2388 5704 spiritualiter
2417 5625 2817 5703 gratulemini,
2848 5629 2904 5680 et
2933 5625 3062 5696 ejus
3100 5623 3444 5679 memoriam
3493 5619 3645 5704 certo

2004 5701 2098 5779 die
2157 5721 2305 5778 inter
2365 5701 2511 5777 alios
2569 5717 2939 5774 Confessores
3002 5711 3370 5772 veneratione
3433 5701 3646 5762 celebri
