4030 6164
296 420 409 482 ’157

1888 418 2114 480 ACTA.

3586 425 3706 486 758

291 552 610 611 salubriter
664 553 947 622 excitetis,
989 553 1303 627 ipsumque
1354 553 1666 611 festivitate
1715 552 1938 610 solenni
1967 555 2021 621 Α
2051 571 2120 610 ex
2149 570 2214 611 eo
2246 553 2392 621 loco,
2418 572 2533 627 quo
2564 556 2624 612 in
2657 557 2749 615 die
2781 559 3162 632 depositionis
3187 577 3309 619 sua:
3339 561 3542 620 locatas
3574 564 3697 621 fue-

288 644 690 716 pronuntietis
713 644 1026 700 constituto
1043 644 1135 700 die
1157 645 1326 700 annis
1348 645 1596 716 singulis
1613 643 1942 716 specialiter

286 734 698 790 excolendum.
719 734 931 789 Datum
956 735 1224 790 Lateran.
1240 752 1274 788 x
1295 733 1533 790 Kalend.
1555 735 1717 789 Junii
1750 733 1943 788 Ponti-

285 822 500 877 ficatus
538 822 719 876 nostri
748 839 899 877 anno
921 827 1184 893 quarto.»
1212 823 1341 878 Hzec
1363 839 1491 878 cum
1516 823 1767 878 editione
1795 822 1940 876 The-

284 911 454 966 sauri
492 910 631 966 Velii
683 912 1058 976 conveniunt,
1091 916 1479 983 praeterquam
1511 913 1664 983 quod
1712 911 1772 965 in
1827 912 1939 965 fine

283 999 705 1055 Thesaurianze
729 999 809 1054 ita
832 1004 1082 1072 ponatur
1103 1019 1150 1055 ;‹‹
1175 1002 1382 1056 Datum
1411 1001 1601 1055 Romae
1624 999 1779 1071 apud
1806 1016 1939 1054 san-

286 1094 453 1144 ctum
487 1089 721 1143 Petrum
750 1105 785 1143 x
817 1087 1106 1145 Kalendas
1145 1089 1304 1145 Junii
1335 1090 1715 1145 Pontil’icatus
1754 1087 1938 1143 nostri

287 1195 445 1234 anno
478 1183 754 1249 quarto.»
778 1179 904 1233 Scio
933 1179 1172 1249 quidem
1203 1179 1324 1233 haec
1352 1196 1484 1233 cum
1509 1178 1802 1250 prioribus
1823 1193 1938 1231 non

283 1284 572 1340 pugnare,
607 1267 708 1321 sed
739 1267 848 1322 hoc
881 1266 1218 1337 discrimen,
1251 1267 1386 1322 licet
1423 1267 1723 1337 exiguum.
1757 1265 1937 1336 signi-

284 1357 418 1424 fico,
455 1361 520 1411 ut
551 1373 754 1412 omnes
787 1355 1115 1428 intelligant
1162 1373 1268 1411 nos
1321 1373 1484 1411 more
1531 1360 1731 1411 nostro
1761 1355 1935 1410 etiam

283 1445 520 1500 minuta
552 1462 795 1517 qumque
826 1447 1151 1500 observare.

361 1535 483 1588 145.
502 1535 620 1589 Hoc
655 1535 832 1588 Breve
857 1523 1479 1599 Coelestini'lll,nescio
1499 1551 1616 1604 qua
1638 1535 1707 1588 de
1738 1550 1934 1598 causa,

277 1623 612 1678 executioni
632 1623 975 1678 mandatum
994 1639 1108 1678 non
1127 1623 1268 1689 fuit;
1289 1623 1369 1678 ita
1386 1629 1450 1678 ut
1472 1622 1846 1677 Innocentius
1865 1621 1932 1674 III

276 1714 330 1783 ej
342 1730 413 1768 us
430 1729 736 1768 successor
752 1717 882 1784 post
899 1711 1122 1784 aliquot
1142 1729 1329 1767 annos
1352 1729 1527 1767 novas
1545 1711 1769 1766 dederit
1789 1709 1938 1763 litte-

275 1819 402 1868 ras,
428 1801 647 1873 quibus
669 1801 1020 1874 Episcopum
1058 1801 1456 1857 Florentinum
1490 1805 1545 1855 et
1584 1799 1934 1856 Fesulanum

272 1893 356 1946 ad
387 1889 892 1990 celebrandumS.
925 1890 1170 1945 Joannis
1220 1889 1585 1990 festivitatem
1647 1889 1932 1990 hortatur.
1969 1925 2017 1990 Β

273 1983 374 2036 Eae
406 1981 564 2052 apud
594 1979 946 2035 Franchium
980 1996 1108 2050 pag.
1140 1980 1265 2045 522,
1293 1979 1378 2034 sic
1418 1979 1674 2034 habent:
1705 2002 1732 2028 ‹‹
1767 1979 1938 2033 Inno-

273 2070 516 2125 centius
541 2069 872 2140 episcopus,
897 2085 1100 2124 servus
1126 2085 1426 2124 servorum
1454 2069 1569 2137 Dei,
1592 2066 1937 2123 venerabili-

273 2159 397 2214 bus
424 2158 704 2214 fratribus
728 2157 1059 2212 Florentino
1083 2162 1140 2212 et
1161 2155 1446 2212 Fesulano
1469 2155 1758 2227 episcopis
1780 2155 1938 2210 salu-

271 2253 402 2303 tem
431 2251 490 2302 et
510 2245 906 2318 Apostolicam
939 2245 1424 2302 benedictionem.
1448 2247 1508 2300 In
1541 2244 1750 2299 litteris
1773 2245 1935 2299 bona;

272 2336 584 2392 memoria:
615 2335 910 2392 Coelestini
945 2334 1389 2406 praedecessoris
1428 2333 1611 2389 nostri
1643 2333 1935 2404 perspexi-

271 2442 421 2481 mus
442 2425 748 2492 contineri,
766 2425 920 2496 quod
944 2441 1079 2479 cum
1113 2423 1237 2494 ipse
1259 2423 1330 2477 de
1361 2422 1514 2477 beati
1534 2423 1777 2478 Joannis
1799 2439 1934 2477 con-

269 2514 549 2579 fessoris,
573 2514 743 2584 cujus
775 2531 985 2586 corpus
1016 2513 1074 2567 in
1106 2512 1461 2568 monasterio
1493 2513 1563 2567 de
1594 2511 1934 2567 Passiniano

266 2604 555 2676 quiescit,
588 2602 708 2659 vita
737 2606 791 2658 et
825 2601 1050 2658 meritis
1080 2607 1137 2658 et
1167 2602 1601 2657 conversatione
1631 2600 1932 2669 laudabili,

264 2697 330 2747 et
363 2695 527 2762 quod
556 2693 712 2748 idem
735 2693 987 2748 Sanctus
1016 2696 1148 2763 post
1173 2691 1397 2747 obitum
1430 2706 1604 2745 suum
1632 2689 1933 2744 miraculis

266 2780 560 2853 plurimis
593 2786 649 2836 et
677 2780 995 2836 virtutibus
1036 2779 1330 2835 coruscari
1363 2797 1465 2851 per
1494 2779 1687 2834 oblata
1718 2777 1934 2833 indicia

260 2876 325 2925 et
359 2870 635 2940 probata,
657 2869 890 2940 plenam
915 2867 1182 2924 notitiam
1207 2868 1534 2938 habuisset,
1559 2873 1616 2924 et
1639 2885 1771 2922 eum
1796 2885 1929 2924 cum

261 2958 511 3014 Christo
555 2963 897 3030 regnantem
931 2956 1396 3012 Christianorum
1430 2957 1666 3012 deberet
1705 2957 1930 3012 devotio

259 3046 560 3114 venerari,
580 3048 650 3102 de
676 3048 926 3101 fratrum
950 3063 1192 3100 suorum
1217 3045 1458 3101 consilio
1480 3046 1676 3117 ipsum
1699 3049 1932 3102 Sancto-

263 3153 413 3192 rum
436 3135 710 3206 Catalogo
741 3135 974 3190 censuit
997 3135 1378 3205 adscriptum,
1403 3134 1660 3203 Aretino,
1687 3134 1932 3190 Senensi

253 3232 318 3282 et
348 3224 705 3280 Pistoriensi
733 3224 1048 3296 episcopis,
1072 3223 1222 3278 datis
1257 3223 1466 3278 litteris
1497 3222 1844 3294 Apostolicis
1869 3225 1926 3278 in

2049 647 2199 715 rant,
2232 649 2623 712 extraxerunt,
2649 652 2705 704 et
2734 649 2790 703 in
2829 649 3018 718 altari,
3044 653 3114 707 ad
3141 651 3440 708 sinistram
3470 653 3699 711 intran-

2047 733 2206 788 tibus
2263 735 2470 806 posito,
2505 738 2952 794 recondiderunt
3003 739 3060 794 in
3110 743 3314 798 eodem
3363 743 3696 800 Passiniani

2050 823 2424 878 monasterio.
2451 847 2476 872 ››
2508 828 2582 878 At
2603 826 2729 895 jam
2762 827 2981 883 sensim
3023 829 3150 884 sine
3180 847 3356 887 sensu
3390 833 3461 888 ad
3499 849 3696 889 sacras

2049 911 2288 967 exuvias
2319 913 2594 984 delapsus
2624 932 2778 986 sum,
2814 917 2883 971 de
2929 917 3145 988 quibus
3172 919 3474 990 sigillatim
3507 922 3693 978 disse-

2051 1017 2175 1056 ram
2235 1003 2600 1078 paragrapho
2660 1006 2949 1076 sequenti,
3001 1012 3313 1078 postquam
3371 1009 3566 1081 aliqua
3624 1010 3694 1066 de

2049 1090 2243 1145 Sancti
2276 1092 2434 1147 cultu
2466 1093 2820 1165 przemisero.

2047 1199 2074 1264 §
2104 1197 2220 1252 XII.
2255 1199 2308 1252 S.
2339 1203 2550 1256 Joanni
2590 1203 2878 1327 Gualbeztlz'
2913 1205 3112 1272 cultus,
3146 1206 3396 1275 reliquiae
3425 1215 3477 1261 et
3517 1207 3696 1275 gloria

2717 1290 2810 1327 υοδ
2856 1291 3024 1327 ruma.

2715 1290 3024 1344 posmuma.

2120 1359 2241 1412 M7.
2270 1361 2543 1425 Quamvis
2584 1362 2778 1416 Sancti
2822 1363 3007 1418 nostri
3046 1365 3292 1433 cultum,
3326 1383 3693 1423 summorum

2050 1449 2396 1503 Pontiﬁcum
2431 1449 2680 1505 decretis
2707 1451 2850 1506 satis
2882 1453 3201 1520 firmatum,
3226 1455 3492 1526 pluribus
3514 1456 3694 1512 stabi-

2049 1536 2152 1591 Iire
2177 1554 2291 1591 non
2315 1538 2392 1592 sit
2412 1555 2579 1608 opus,
2607 1544 2803 1595 tamen
2827 1544 2891 1594 ut
2917 1547 3255 1598 consuetam
3277 1544 3565 1615 Majorum
3591 1563 3693 1600 no-

2049 1631 2238 1680 strum
2270 1627 2330 1680 in
2360 1627 2729 1683 illustrandis
2774 1631 3116 1686 Sanctorum
3148 1632 3304 1686 Actis
3353 1633 3691 1688 methodum

2049 1729 2278 1782 sequar,
2311 1731 2526 1785 paucas
2549 1716 3023 1788 Martyrologium
3052 1722 3442 1790 quorumdam
3466 1737 3693 1777 annun-

2047 1801 2317 1857 tiationes
2339 1805 2714 1860 enumerabo.
2739 1807 3014 1862 Auctaria
3035 1807 3304 1878 Usuardi,
3326 1827 3441 1865 non
3465 1810 3545 1866 ita
3575 1811 3692 1882 pri-
3737 1851 3742 1856 -

2047 1891 2179 1945 dem
2198 1890 2498 1960 illustrati,
2517 1893 2641 1964 pari
2665 1910 2954 1951 consensu
2977 1912 3110 1952 eum
3129 1897 3438 1954 celebrant.
3463 1899 3694 1955 Floren-

2047 1978 2153 2034 tini
2187 1981 2414 2036 codices
2445 1981 2503 2036 in
2537 1982 2891 2052 quibusdam
2929 1984 3150 2042 voculis
3189 1987 3587 2059 discrepantes
3614 1988 3694 2043 ita

2048 2069 2163 2124 fere
2192 2086 2395 2124 omnes
2426 2072 2735 2126 enuntiant
2759 2090 2810 2125 ;‹‹
2834 2073 2895 2127 In
2921 2073 3149 2142 Tuscia,
3175 2073 3234 2130 in
3256 2075 3546 2131 territorio
3571 2076 3694 2132 Flo-

2046 2158 2295 2226 rentino,
2321 2161 2475 2230 apud
2508 2162 2930 2216 monasterium
2955 2163 3139 2218 sancti
3166 2163 3463 2220 Michaelis
3495 2166 3565 2221 de
3595 2166 3694 2220 Pa-

2047 2248 2291 2319 signano
2325 2248 2624 2304 Fesulanas
2657 2250 2943 2317 dimcesis,
2978 2251 3259 2307 transitus
3299 2254 3484 2308 sancti
3513 2255 3692 2309 Joan-

2045 2337 2137 2392 nis
2159 2337 2408 2408 abbatis,
2436 2338 2762 2395 fundatoris
2783 2339 3018 2394 Ordinis
3039 2339 3574 2414 Vallis-Umbrosaa,
3591 2343 3691 2414 qui

2042 2426 2207 2481 vivus
2239 2426 2297 2480 in
2337 2425 2548 2482 saeculo
2605 2444 2666 2481 se
2715 2428 2852 2483 totis
2898 2425 3123 2484 viribus
3173 2429 3543 2487 mortificavit
3588 2449 3692 2503 pro

2044 2515 2288 2570 Christo.
2312 2517 2503 2587 Hujus
2533 2515 2888 2571 venerabilis
2928 2516 3124 2574 obitus
3161 2519 3382 2574 exstitit
3410 2537 3563 2575 anno
3595 2523 3692 2575 In-

2043 2605 2265 2660 carnati
2282 2605 2440 2660 verbi
2466 2623 2689 2660 MLxxm
2708 2607 2875 2674 [alias
2892 2607 3149 2678 MLXXIV].
3165 2608 3386 2663 Tamen
3411 2608 3694 2666 festivitas

2043 2694 2108 2748 fit
2136 2693 2194 2749 in
2227 2693 2438 2749 Tuscia
2469 2713 2525 2749 v1
2561 2695 2696 2750 Idus
2737 2695 3022 2750 Octobris.
3045 2715 3071 2747 υ
3107 2695 3345 2752 Belinus
3394 2697 3478 2752 sic
3518 2697 3696 2753 habet

2042 2782 2274 2838 brevius
2299 2799 2312 2836 :
2339 2806 2366 2832 «
2392 2783 2534 2838 Item
2561 2783 2744 2838 sancti
2771 2784 3058 2839 Johannis
3079 2783 3397 2840 Gualberti.
3424 2807 3452 2835 »
3476 2786 3692 2843 Eodem

2043 2873 2215 2926 modo
2247 2872 2535 2938 Molanus,
2561 2872 2672 2928 nisi
2705 2874 2863 2944 quod
2910 2873 2968 2927 in
3002 2873 3131 2944 ejus
3168 2874 3420 2930 editione
3452 2875 3692 2931 minori-

2040 2960 2151 3016 bus
2171 2961 2324 3033 typis
2345 2962 2595 3017 addatur
2611 2979 2658 3017 :«
2678 2962 2858 3032 Cujus
2874 2961 3068 3018 Vitam
3089 2961 3270 3018 edidit
3286 2963 3514 3019 Blasius
3533 2964 3693 3020 Mila-

2040 3049 2269 3116 nesius;
2299 3072 2326 3098 »
2352 3067 2478 3121 quae
2502 3050 2722 3105 additio
2744 3051 2974 3106 videtur
3004 3067 3132 3106 esse
3163 3050 3397 3121 Molani,
3423 3051 3521 3123 qui
3544 3053 3692 3108 forte

2039 3138 2215 3193 aliam
2244 3157 2270 3188 (ι
2290 3138 2349 3192 S.
2374 3138 2619 3193 Joannis
2652 3139 2950 3195 Gualberti
2979 3161 3000 3189 ι
3026 3139 3220 3195 Vitam
3253 3157 3368 3195 non
3398 3145 3654 3197 noverat.

2111 3227 2574 3280 1-18.Memorant
2595 3228 2866 3282 eumdem
2886 3232 3167 3283 Sanctum
3190 3245 3393 3284 omnes
3416 3229 3694 3301 Martyro-

260 3313 596 3380 mandatis,
629 3318 693 3369 ut
724 3295 857 3368 cum
891 3313 962 3368 ab
996 3313 1206 3368 abbate
1235 3316 1292 3368 et
1319 3311 1600 3366 fratribus
1630 3316 1928 3367 monaste-
1960 3295 2002 3360 Ο
2039 3315 2155 3386 logi
2179 3313 2596 3382 recentiores,e
2617 3314 2830 3386 quibus
2849 3332 3066 3387 paucos
3085 3315 3362 3388 selegisse
3379 3295 3688 3373 suffecerit.

262 3405 336 3458 rii
373 3403 689 3458 memorati
724 3401 988 3474 requisiti
1013 3401 1282 3466 fuissent,
1307 3401 1378 3455 ad
1410 3400 1606 3473 ipsum
1638 3405 1928 3456 monaste-

263 3491 434 3547 rium
467 3490 690 3562 pariter
719 3491 1060 3546 accedentes
1109 3495 1167 3544 et
1207 3506 1338 3559 cum
1373 3490 1693 3545 reverentia
1721 3495 1776 3544 et
1822 3490 1930 3545 ho-

259 3596 442 3647 nore,
465 3579 568 3650 qui
599 3579 772 3634 debet
801 3579 859 3633 in
888 3577 1110 3635 talibus
1139 3578 1426 3643 adhiberi,
1454 3595 1666 3650 corpus
1688 3580 1931 3636 Confes-

261 3669 429 3726 soris
460 3667 723 3740 praadicti
753 3669 826 3723 ab
869 3685 934 3724 eo
984 3667 1130 3736 loco,
1156 3669 1214 3722 in
1247 3685 1361 3739 quo
1413 3668 1672 3739 positum
1721 3668 1928 3738 fuerat,

261 3759 433 3814 sicut
463 3757 631 3812 decet
658 3758 965 3824 Sanctum,
991 3757 1310 3813 solenniter
1339 3757 1650 3822 elevantes,
1679 3757 1930 3812 devotio-

263 3864 412 3904 nem
439 3845 705 3902 ﬁdelium
730 3847 802 3902 ad
825 3847 1260 3902 venerationem
1283 3846 1470 3918 ipsius
1491 3845 1804 3902 salubriter
1832 3863 1931 3900 ex-

259 3939 552 4004 citarent,
577 3941 634 3990 et
683 3935 1094 3991 solemnitatem
1149 3936 1415 4005 ejusdem
1464 3935 1634 3991 annis
1682 3935 1932 4007 singulis

260 4043 377 4083 suo
414 4026 516 4081 die
545 4029 872 4081 statuerent
899 4023 1274 4080 excolendam
1311 4041 1322 4078 :
1357 4026 1458 4080 sed
1497 4041 1601 4097 per
1629 4041 1727 4080 eos
1761 4041 1931 4080 man-

261 4117 483 4172 datum
515 4114 915 4187 Apostolicum
948 4131 1066 4170 non
1098 4115 1208 4170 fuit
1238 4115 1663 4186 mancipatum.

343 4207 475 4260 146.
490 4227 511 4253 α
530 4203 804 4260 Volentes
827 4204 1097 4276 igitur,ut
1119 4204 1265 4259 tanti
1282 4203 1401 4258 Viri
1427 4204 1806 4273 memoria,de
1820 4222 1934 4276 quo

259 4293 560 4351 exultatio
582 4298 672 4348 est
687 4292 923 4366 Angelis
945 4293 1069 4360 Dei,
1084 4293 1239 4364 apud
1261 4292 1531 4349 homines
1561 4293 1806 4350 celebris
1829 4294 1932 4350 ha-

265 4383 513 4448 beatur,
548 4381 916 4437 Fraternitati
962 4385 1166 4437 vestrae
1207 4397 1310 4452 per
1339 4381 1675 4452 Apostolica
1718 4383 1937 4454 scripta

265 4473 665 4536 mandamus,
697 4474 987 4542 quatenus
1035 4471 1122 4539 e'a,
1147 4471 1318 4541 juxta
1348 4472 1501 4542 quod
1536 4471 1688 4526 idem
1721 4472 1934 4543 praede-

262 4578 482 4619 cessor
517 4564 716 4615 noster
760 4560 1156 4629 mandaverat,
1189 4560 1396 4631 exequi
1445 4561 1768 4631 procurctis
1814 4566 1936 4616 tam

2041 3403 2247 3458 Petrus
2277 3402 2606 3457 Galesinius
2627 3403 2710 3457 sic
2743 3404 2916 3458 refert
2941 3421 2953 3457 :
2980 3427 3006 3452 ‹‹
3033 3403 3362 3459 Passiniani
3385 3404 3443 3459 in
3471 3405 3689 3461 ﬁnibus

2042 3491 2506 3546 Florentinorum
2533 3490 2974 3546 sanctiJoannis
2991 3491 3290 3547 Gualberti
3313 3493 3682 3564 confessoris,

2041 3579 2139 3651 qui
2162 3596 2357 3634 rerum
2380 3579 2774 3635 humanarum
2802 3580 3181 3650 despicientia
3203 3585 3261 3635 et
3282 3581 3687 3654 magnitudine

2040 3670 2272 3742 pictatis
2289 3668 3109 3737 excellens,Vallis-Umbrosa3
3127 3669 3389 3726 ordinem
3408 3669 3684 3738 instituit;

2041 3761 2212 3830 cujus
2241 3759 2360 3813 Viri
2393 3759 2728 3823 sanctitate,
2752 3775 2878 3830 qua:
2909 3762 2965 3813 et
2995 3755 3197 3813 multis
3228 3757 3528 3814 miraculis
3561 3775 3691 3830 spe-

2042 3854 2197 3905 ctata
2217 3853 2326 3916 est,
2343 3853 2400 3903 et
2423 3848 2480 3902 in
2509 3847 2775 3920 religiose
2798 3847 3008 3919 pieque
3030 3847 3198 3902 factis
3222 3846 3467 3902 mirifice
3489 3845 3690 3918 eluxit,

2043 3938 2292 4010 cognita,
2317 3937 2663 3994 Coclestinus
2709 3937 2936 4003 tertius,
2971 3935 3240 3991 Pontifex
3275 3935 3586 4004 Maximus,
3620 3935 3691 3990 il-

2044 4027 2168 4082 lum
2209 4027 2268 4082 in
2319 4031 2553 4082 sanctos
2584 4024 2802 4081 retulit.
2829 4047 2856 4074 n
2889 4023 3184 4080 Arnoldus
3214 4024 3389 4081 Wion
3420 4025 3479 4080 in
3512 4024 3692 4098 Ligno

2043 4115 2195 4184 vitae,
2211 4115 2378 4186 lib.3,
2396 4118 2603 4185 quarto
2627 4113 2766 4169 Idus
2784 4111 2926 4170 Julii
2949 4113 3032 4168 sic
3054 4129 3189 4169 eum
3216 4114 3532 4170 annuntiat
3555 4131 3601 4170 ει
3629 4115 3694 4170 In

2045 4203 2398 4260 monasterio
2431 4203 2775 4260 Passiniano
2807 4218 2986 4275 prope
3018 4202 3374 4259 Florentiam
3406 4203 3693 4275 depositio

2046 4294 2231 4350 sancti
2249 4293 2494 4349 Joannis
2510 4291 2811 4348 Gualberti
2829 4291 3079 4359 abbatis,
3095 4292 3448 4348 institutoris
3461 4291 3695 4348 Ordinis

2046 4381 2584 4450 Vallis-Umbrosaa,
2619 4383 2927 4437 sanctitate
2957 4385 3014 4435 et
3059 4380 3478 4437 miraculorum
3509 4379 3697 4453 gloria

2055 4470 2437 4527 clarissimi.»
2467 4470 2721 4541 Denique
2746 4469 3222 4542 Martyrologium
3254 4470 3585 4525 Romanum
3615 4487 3694 4523 xu

2043 4559 2179 4615 Julii
2212 4561 2292 4615 ita
2322 4561 2497 4615 habet
2529 4575 2542 4613 :
2583 4580 2610 4606 ‹‹
2646 4558 2708 4613 In
2747 4557 3102 4613 monasterio
3143 4557 3485 4611 Passiniano
3516 4571 3695 4627 prope

264 4650 493 4709 libenti
526 4649 745 4715 animo,
771 4665 945 4719 quam
972 4648 1197 4704 devoto.
1224 4653 1434 4704 Datum
1459 4650 1723 4704 Lateran.
1749 4668 1800 4704 v1
1825 4656 1938 4706 Ka-
1970 4671 2017 4735 Β
2048 4649 2402 4704 Florentiam
2426 4651 2483 4703 S.
2503 4646 2747 4704 Joannis
2769 4645 3321 4735 Gualbertigabbatis
3341 4643 3694 4735 iusti-tutoris

266 4737 440 4797 Iend.
476 4737 696 4810 Aprilis
753 4737 1016 4793 Pontific.
1073 4738 1260 4794 nostri
1311 4755 1404 4793 an.
1457 4739 1938 4796 tertiodecimo.»

267 4831 449 4886 Hanc
513 4827 835 4883 Innocentii
885 4827 1193 4900 epistolam
1241 4827 1398 4883 brevi
1445 4829 1714 4884 effectum
1765 4848 1939 4886 suum

265 4920 659 4975 consecutam
719 4931 848 4973 esse
903 4917 987 4973 ita
1045 4917 1221 4973 tradit
1257 4917 1510 4974 Jacobus
1567 4919 1820 4975 Mindria
1873 4919 1932 4973 in

263 5007 568 5065 Chronico
593 5022 606 5061 :
631 5027 660 5055 ‹‹
702 5010 868 5062 Anno
899 5006 1112 5074 MCCX,
1137 5007 1230 5063 die
1259 5007 1487 5063 decima
1515 4996 1801 5077 Octobris,
1833 5025 1936 5080 per

261 5099 570 5155 Joannem
619 5095 960 5168 episcopum
1009 5096 1428 5168 Florentinum,
1474 5102 1531 5152 et
1582 5097 1931 5169 Raynerium

263 5188 629 5260 episcopum
657 5184 1035 5252 Fesulanum,
1062 5184 1324 5256 aliosque
1346 5185 1543 5258 plures
1566 5187 1625 5241 in
1653 5185 1934 5258 dignitate

262 5279 656 5345 constitutos,
678 5275 751 5330 de
773 5289 1063 5330 consensu
1096 5274 1324 5329 Domini
1355 5279 1522 5347 Papae
1555 5292 1769 5346 magna
1798 5292 1931 5330 cum

263 5366 587 5422 devotione
618 5363 969 5419 translatum
997 5364 1108 5418 fuit
1135 5379 1351 5436 corpus
1372 5365 1430 5419 S.
1455 5366 1516 5420 P.
1541 5366 1606 5420 N.
1631 5364 1932 5420 Joannis.»

271 5455 389 5510 Ubi
427 5457 626 5508 autem
657 5452 976 5525 repositum
1011 5452 1486 5522 fuerit,indieant
1517 5453 1635 5507 hrec
1660 5453 1933 5507 Breviarii

272 5542 766 5600 Vallumbrosani
793 5541 967 5597 verba
987 5543 1141 5613 apud
1177 5541 1522 5597 Ii‘ranchiurn
1558 5542 1656 5596 lib.
1687 5543 1771 5606 12,
1799 5559 1929 5613 pag.

270 5633 392 5688 524
420 5630 637 5686 citata:
660 5653 688 5680 «
722 5629 935 5702 Magna
965 5646 1098 5687 cum
1131 5629 1497 5686 veneratione
1528 5634 1584 5684 et
1612 5630 1846 5701 hymnis
1879 5634 1936 5684 et

273 5719 539 5778 canticis
567 5717 972 5792 spiritualibus
1004 5718 1282 5790 reliquias
1305 5718 1665 5777 sanctissimi
1691 5720 1934 5776 Joannis

2050 4738 2284 4792 Ordinis
2330 4737 2864 4792 Vallis-Umbrosac.
2892 4756 2918 4783 n
2952 4732 3293 4788 Fusioribus
3342 4731 3548 4805 elogiis
3591 4750 3694 4790 seu

2048 4827 2189 4880 Vitae
2221 4826 2490 4898 epitomis
2521 4842 2655 4879 eum
2698 4826 3053 4879 exornarunt
3084 4821 3428 4878 Franciscus
3456 4827 3696 4879 Haraaus

2051 4916 2108 4970 in
2141 4915 2497 4987 Compendio
2540 4913 2714 4982 Surii,
2746 4913 3055 4985 Philippus
3085 4911 3385 4968 Ferrarius
3431 4912 3492 4968 in
3531 4917 3694 4969 Cata-

2047 5005 2177 5078 logo
2209 5006 2552 5060 Sanctorum
2589 5003 2789 5069 Italia,
2812 4999 3044 5058 Gabriel
3071 5002 3386 5060 Bueelinus
3415 5003 3476 5059 in
3507 5003 3697 5060 Meno-

2047 5093 2200 5165 logio
2233 5093 2631 5164 Benedictino,
2666 5093 2829 5163 Hugo
2878 5091 3195 5148 Menardus
3239 5097 3295 5148 et
3341 5093 3694 5150 Benedictus
3735 5083 3742 5092 ’

2048 5183 2375 5254 Dorganius
2423 5183 2482 5238 in
2531 5183 2792 5253 ejusdem
2825 5181 3061 5237 Ordinis
3088 5180 3452 5248 Calendario,
3479 5181 3694 5252 aliique

2044 5273 2261 5343 quibus
2293 5271 2385 5327 hic
2417 5272 2788 5344 supersedeo.

2119 5362 2239 5416 149.
2275 5361 2511 5417 Possem
2557 5367 2834 5433 praeterea
2877 5361 3082 5416 aIIerre
3132 5360 3399 5431 quaedam
3448 5359 3696 5432 publicai

2045 5450 2429 5505 venerationis
2476 5451 2708 5520 indicia,
2757 5455 2931 5521 atque
2983 5449 3135 5504 inter
3180 5449 3294 5505 alia
3341 5449 3694 5505 cantilenam

2043 5542 2547 5610 llctruscam,jam
2570 5559 2602 5595 a
2623 5539 2812 5594 tribus
2837 5539 3066 5594 sacculis
3090 5539 3149 5594 in
3172 5541 3230 5596 S.
3254 5539 3499 5596 Joannis
3519 5537 3693 5594 Gual-

2044 5627 2190 5686 berti
2228 5629 2505 5683 honorem
2553 5629 2982 5700 concinnatam,
3008 5646 3136 5701 qua:
3168 5629 3483 5702 plusquam
3527 5640 3690 5681 sexa-

2045 5718 2206 5790 ginta
2237 5716 2491 5789 strophis
2520 5717 2648 5788 ejus
2676 5718 2922 5775 virtutes
2953 5723 3010 5775 et
3040 5717 3326 5775 miracula
3354 5709 3690 5784 complecti-
