4022 6160
406 350 524 415 759
1448 357 1513 415 S.
1561 354 1888 415 JOANNIS
1935 350 2382 413 GUALBERTI
2430 350 2761 412 ABBATIS
3667 352 3761 413 760

408 491 525 541 tur.
555 487 768 543 Verum
814 502 946 540 cum
994 486 1172 541 nimis
1221 487 1439 557 prolixa
1470 489 1563 560 sit,
1594 494 1648 544 et
1694 505 1762 543 ex
1812 486 2133 558 antiquaA

408 576 613 648 lingua
643 576 841 631 Italica
872 592 1083 647 magno
1133 576 1328 632 labore
1376 579 1434 633 in
1486 579 1749 633 Latinam
1782 592 2058 632 conversa

411 665 667 737 rhythmi
698 666 953 737 leporem
987 670 1043 720 et
1069 667 1442 722 vernaculam
1465 667 1900 739 simplicitatem
1933 682 2056 737 per-

412 756 594 819 deret,
626 753 793 808 facile
821 754 1015 809 locum
1047 756 1174 825 ejus
1197 757 1495 827 supplebit
1525 758 1781 829 hymnus
1808 754 2054 826 Sapphi-

411 860 514 899 cus
547 858 613 897 ex
636 843 923 897 Breviario
946 844 1435 901 Vallumbrosano
1463 846 1813 917 descriptus,
1837 845 1937 916 qui
1969 848 2059 899 est

409 930 587 987 veluti
638 933 903 1002 quaedam
970 934 1257 1004 praedictae
1308 936 1606 990 cantilenae
1658 933 1946 1007 synopsis.
2004 935 2057 987 Is

409 1020 609 1092 itaque
640 1021 722 1076 sic
770 1021 1017 1077 habetur
1048 1025 1203 1094 apud
1238 1024 1571 1096 Philippum
1624 1023 1947 1079 Ferrarium
1998 1022 2056 1076 in

412 1110 682 1181 Catalogo
712 1114 1054 1167 Sanctorum
1089 1113 1266 1168 Italiae
1297 1115 1390 1168 die
1420 1132 1498 1168 x11
1525 1113 1687 1169 Julii.

1448 357 1513 415 S.
1561 354 1888 418 JOANNIS
1935 350 2382 413 GUALBERTI
2430 350 2761 412 ABBATIS

2270 483 2583 540 Praesulem
2613 485 2759 552 viso,
2793 486 3059 539 metuens
3088 472 3409 538 docentem‘

2594 573 2879 643 Dogmata
2909 571 3073 627 falsa.

2274 661 2459 717 Gessit
2486 679 2516 717 e
2549 661 2663 716 vita
2696 661 2987 717 meditans
3020 659 3339 733 olympum,

2272 753 2491 822 Corpus
2522 751 2582 805 in
2613 751 2783 806 terris
2812 754 3121 806 veneratur
3148 749 3326 819 hujus

2272 840 2521 911 Spiritus
2552 839 2719 895 laetus
2751 856 3023 912 superam
3058 838 3255 909 petivit
3328 862 3351 875 κ

2594 930 2863 984 Protinus
2896 945 3105 984 arcem.

2275 1018 2416 1073 Ecce
2446 1036 2602 1095 nunc
2634 1019 2802 1091 fagus
2834 1034 3059 1073 memor
3089 1020 3178 1072 est
3204 1016 3444 1073 Joannis
3471 1034 3483 1070 ε

2278 1106 2439 1162 Flore
2470 1125 2607 1162 nam
2639 1108 2863 1163 cunctis
2895 1107 3147 1178 folioque
3178 1105 3349 1177 fagis,

524 1291 676 1345 Dum
709 1290 906 1347 Crucis
940 1292 1174 1363 signum
1205 1293 1360 1348 videt
1391 1293 1484 1350 hic
1516 1294 1574 1348 in
1608 1294 1792 1362 hoste,

526 1379 734 1446 Parcit,
769 1383 826 1434 et
858 1387 1133 1436 constans
1167 1382 1366 1436 odium
1399 1382 1643 1437 remittit
1676 1399 1688 1436 :

521 1471 659 1524 Orat
681 1468 739 1522 in
759 1469 1047 1540 templum
1068 1472 1204 1541 [lege
1224 1470 1487 1543 templo],
1502 1475 1678 1542 caput
1699 1488 1828 1527 ecce
1845 1471 2061 1527 Christi

840 1558 1046 1613 Flectit
1078 1558 1133 1613 in
1170 1559 1355 1613 illum.

524 1647 727 1701 Postea
759 1646 991 1701 szeclum
1025 1648 1257 1719 fugiens
1291 1648 1615 1718 malignum

523 1736 595 1791 Se
627 1735 751 1791 suis
778 1739 968 1791 vestes
1001 1738 1275 1792 manibus
1305 1738 1556 1791 Joannes

522 1824 721 1879 Induit
749 1841 966 1889 sacras,
1000 1825 1442 1895 monachusquc
1473 1824 1647 1880 servit

845 1912 1176 1984 Relligioni.

522 2000 627 2055 Hic
662 2000 756 2055 Dei
787 2000 907 2056 zelo
931 2001 1153 2073 jugiter
1183 2003 1519 2073 perardens,

525 2090 709 2161 thue
738 2090 824 2145 vir
853 2091 1040 2159 fortis,
1072 2091 1279 2146 vitium
1310 2092 1561 2145 duorum

520 2178 843 2234 Praesulum
876 2180 1163 2251 pandens,
1197 2180 1480 2251 populum
1514 2184 1777 2238 ruentem

841 2270 1073 2325 Terruit
1103 2286 1358 2324 omnem.

520 2360 583 2413 In
615 2359 708 2414 via
734 2374 1005 2430 pergens,
1035 2359 1193 2431 inopi
1236 2362 1459 2430 reperto

519 2446 770 2502 Unicum
802 2464 1015 2518 panem
1047 2447 1228 2517 dedit,
1262 2464 1325 2501 ac
1357 2448 1575 2519 recepit

520 2536 651 2605 Ipse
680 2538 821 2590 tunc
853 2539 1078 2601 ternos;
1114 2535 1303 2590 Deitas
1335 2552 1611 2606 suprema

839 2624 999 2679 Misit
1023 2624 1094 2679 ad
1125 2624 1313 2678 illum.

521 2710 703 2767 Vallis
734 2712 1031 2768 Umbrosa:
1065 2713 1239 2768 struit
1270 2713 1407 2767 inde
1440 2728 1605 2767 sacra

518 2801 693 2856 Tecta
721 2801 823 2855 Vir
852 2806 1113 2869 sanctus,
1150 2800 1325 2857 simul
1360 2805 1533 2871 atque
1563 2818 1763 2857 secum

520 2889 733 2945 Edocet
762 2890 980 2945 multos
1012 2890 1280 2946 homines
1311 2890 1540 2945 beatam

840 2979 1062 3035 Ducere
1094 2980 1296 3034 vitam.

518 3066 668 3121 Dum
699 3068 845 3139 tegit
874 3068 1076 3139 culpas
1108 3068 1433 3124 monachus
1466 3070 1706 3141 pudore,

521 3156 745 3227 Detegit
774 3156 905 3212 illas
934 3157 1147 3212 humili
1177 3158 1433 3213 Joannes

518 3244 689 3312 Voce,
724 3263 796 3300 ne
826 3247 1003 3301 frater
1032 3251 1230 3318 pereat
1262 3246 1485 3302 silendo

718 3322 723 3323 γ
840 3334 1079 3405 Propter
1109 3335 1347 3390 omissa.

522 3420 790 3478 Fluctuat
820 3423 1061 3478 demens
1092 3424 1314 3495 rapidis
1346 3424 1403 3479 in
1437 3425 1612 3480 undis
1646 3442 1657 3480 :

517 3510 752 3566 Invocat
779 3511 1057 3567 Sanctum
1090 3518 1360 3568 metuens
1391 3530 1677 3585 aquarum

524 3601 784 3669 Impetus
814 3602 972 3667 Arni,
1004 3600 1251 3657 columis
1284 3602 1347 3656 ﬁt
1378 3619 1582 3658 amens

840 3690 1005 3745 Intus
1035 3695 1090 3745 et
1121 3695 1299 3745 extra.

517 3777 777 3832 Nubium
808 3778 1018 3850 plenus
1036 3779 1344 3835 minitatur
1369 3797 1487 3847 aer,

520 3865 672 3920 Dum
704 3884 844 3922 suas
876 3868 1083 3923 fratres
1115 3873 1431 3939 properant
1461 3870 1693 3941 aristas,

520 3953 594 4008 Ut
620 3958 831 4022 terant,
866 3960 1027 4023 orat;
1063 3958 1298 4027 penitus
1330 3957 1543 4029 refugit

650 4052 655 4057 ‘
840 4044 1109 4099 Nubibus
1140 4060 1256 4099 aer.

520 4133 668 4184 Dum
699 4134 860 4185 tenet
890 4131 1057 4187 laetus
1090 4133 1414 4189 monachus
1448 4134 1773 4207 malignum

521 4216 825 4289 Spiritum,
862 4221 1108 4275 formam
1140 4221 1354 4292 leporis
1385 4228 1681 4295 gerentem

521 4306 820 4377 Nesciens,
854 4309 1104 4366 Sanctus
1136 4314 1403 4367 metuens
1434 4313 1657 4383 retexit,

842 4399 923 4453 Ne
954 4401 1125 4456 cadat
1152 4400 1268 4457 ille.
1330 4400 1333 4403 ’

524 4485 707 4541 Carne
738 4503 852 4542 non
884 4490 1103 4545 audent
1134 4492 1426 4558 monachi,
1458 4498 1721 4550 carentes

522 4575 697 4643 Pane,
732 4593 795 4632 se
822 4580 1003 4649 vesci;
1040 4597 1207 4652 prece
1233 4582 1618 4653 supplicantis

521 4666 779 4737 Angelus
808 4685 989 4739 panes
1020 4670 1178 4739 tulit,
1213 4675 1389 4743 atque
1421 4674 1648 4727 cunctis

840 4758 1039 4814 Trusit
1074 4761 1312 4816 orexim.

523 4846 686 4899 Mane
718 4861 1077 4917 consurgens
1109 4856 1310 4913 onerat
1340 4854 1602 4922 petentes

520 4935 812 5004 Pauperes
845 4934 1084 5007 multos,
1110 4939 1439 5010 minuitque
1471 4958 1774 5012 nunquam

522 5020 829 5094 Triticum,
864 5024 1000 5077 dum
1038 5025 1166 5092 dat;
1200 5028 1431 5097 gravior
1460 5028 1560 5085 sed
1595 5048 1727 5086 arca

841 5112 1083 5184 Semper
1112 5114 1394 5169 abundat.

521 5199 706 5255 Jussit
738 5200 920 5255 occidi
953 5202 1223 5273 rapidum
1256 5208 1596 5274 sequentem

525 5287 776 5343 Buculas
808 5307 1041 5357 ursum;
1075 5293 1401 5364 properavit
1434 5293 1585 5348 ultro

531 5374 709 5431 Ursus
742 5380 809 5431 ad
847 5384 1091 5435 mortem
1124 5383 1427 5452 patienter,
1461 5401 1622 5455 aeque

847 5467 906 5521 Si
937 5469 1079 5523 foret
1109 5488 1315 5542 agnus.

531 5552 768 5609 Transit
798 5553 1013 5612 illaasus
1043 5562 1364 5617 monachus
1395 5579 1496 5633 per
1525 5564 1740 5634 ignem.

531 5644 795 5702 Pontifex
825 5646 991 5720 signo
1022 5654 1276 5706 removet
1305 5651 1619 5710 scelestum

2275 1197 2534 1269 Singulis
2564 1197 2735 1253 annis
2766 1197 2944 1269 prior,
2976 1200 3033 1252 et
3060 1196 3287 1251 videtur

2592 1286 2878 1342 Omnibus
2907 1286 3038 1341 ista.

2278 1378 2419 1430 Ante
2448 1380 2740 1431 sacratum
2772 1374 3068 1430 tumulum
3097 1373 3343 1429 Joannis

2280 1466 2369 1519 Fit
2399 1464 2561 1521 salus
2589 1466 2782 1537 agris,
2814 1464 3112 1519 medecina
3144 1464 3339 1531 fessis,

2280 1554 2503 1609 Lumen
2534 1554 2771 1625 orbatis,
2807 1554 3152 1625 fugiuntque
3186 1555 3449 1608 monstra

2600 1643 2858 1699 Tartaris
2888 1646 3034 1698 atra.

2174 1731 2421 1787 Romani
2453 1731 2761 1787 Pontiﬁces
2811 1731 3075 1802 ejusdem
3108 1730 3307 1787 Sancti
3358 1728 3571 1785 cultum
3619 1730 3773 1804 magis

2094 1859 2143 1922 B
2174 1822 2481 1892 magisque
2526 1820 2810 1893 paulatim
2861 1824 3327 1893 promoverunt:
3374 1836 3506 1876 nam
3547 1818 3773 1877 Clemens

2174 1910 2299 1965 VIII
2331 1910 2583 1965 decrevit
2644 1914 2707 1965 ut
2764 1911 2833 1964 de
2892 1926 2959 1965 eo
3017 1910 3182 1965 fieret
3239 1910 3687 1966 commemoratio
3727 1908 3773 1963 in

2176 1999 2377 2055 Ofﬁcio
2408 1999 2675 2055 Ecclesiae
2707 2000 3001 2056 Romanae.
3025 1999 3170 2055 Dein
3195 1998 3460 2055 Clemens
3481 1998 3524 2053 X
3552 1997 3776 2070 permisit

2175 2090 2246 2144 de
2275 2105 2339 2144 eo
2370 2089 2599 2144 recitari
2630 2088 2899 2143 Ofﬁcium
2945 2088 3251 2161 proprium
3283 2089 3397 2143 ritu
3430 2085 3774 2158 semiduplici.

2174 2179 2435 2233 Tandem
2468 2178 2817 2234 lnnocentus
2847 2178 2916 2233 ΧΙ
2939 2178 3124 2248 jussit
3166 2181 3237 2233 ut
3276 2177 3389 2233 ritu
3420 2175 3621 2248 duplici
3650 2174 3777 2247 lege-

2175 2272 2332 2322 retur
2362 2266 2548 2337 ipsius
2575 2267 2867 2337 Ofﬁcium,
2902 2270 3075 2339 prout
3119 2266 3439 2322 hodiedum
3469 2268 3551 2321 est
3579 2264 3633 2320 in
3658 2268 3777 2319 Bre-

2174 2356 2354 2411 viario
2380 2356 2658 2412 Romano.
2687 2355 3041 2427 Respublica
3070 2354 3410 2411 Florentina
3428 2355 3549 2426 jam
3570 2354 3634 2408 ab
3652 2367 3773 2408 anno

2175 2446 2315 2499 1500
2343 2444 2643 2517 publicum
2691 2444 2874 2501 edidit
2925 2445 3253 2515 decretum,
3284 2461 3399 2515 quo
3446 2443 3550 2498 sub
3595 2440 3775 2496 mulcta

2174 2534 2515 2606 pecuniaria
2545 2535 2832 2605 jubentur
2856 2533 3049 2589 claudi
3083 2534 3333 2590 ofﬁcinae
3364 2537 3421 2589 et
3447 2532 3676 2588 taberna:
3700 2529 3771 2584 die

2174 2627 2375 2679 sancto
2407 2622 2723 2678 Gualberto
2754 2639 2938 2679 sacra.
2970 2622 3087 2677 Hoc
3137 2622 3385 2694 publica;
3432 2618 3771 2677 venerationis

2174 2711 2577 2767 testimonium
2608 2710 2668 2766 in
2702 2711 2953 2766 archivis
2979 2710 3489 2768 Vallumbrosanis
3518 2723 3775 2766 conserva-

2172 2804 2299 2855 tum
2327 2800 2417 2855 hic
2449 2800 2741 2856 indicasse
2773 2800 3013 2855 sufﬁcit.
3046 2804 3177 2855 Haec
3230 2802 3302 2857 de
3354 2800 3529 2856 cultu.
3556 2798 3699 2854 Nunc
3721 2796 3775 2850 de

2174 2889 2460 2961 reliquiis,
2477 2889 2725 2961 aliisque
2747 2890 3147 2946 monumentis
3165 2891 3242 2945 ad
3261 2891 3532 2947 Sanctum
3553 2890 3773 2943 nostrum

2173 2978 2597 3050 spectantibus,
2627 2994 2897 3051 agamus.

2248 3070 2367 3122 150.
2392 3068 2611 3139 Corpus
2640 3068 2698 3122 S.
2718 3067 2963 3123 Joannis
2987 3065 3319 3136 Gualberti,
3342 3067 3511 3139 paulo
3540 3068 3655 3138 post
3675 3064 3773 3135 ejus

2175 3156 2397 3213 obitum
2412 3201 2425 3226 ,
2448 3160 2513 3212 ut
2533 3160 2780 3228 utraque
2802 3161 3047 3213 narrant
3070 3160 3240 3225 Acta,
3262 3156 3608 3213 reconditum
3632 3158 3706 3209 est
3728 3151 3772 3206 in

2094 3229 2136 3295 (ἶ
2176 3246 2528 3302 monasterio
2560 3246 2931 3315 Passiniano;
2956 3246 3111 3317 quod
3146 3250 3215 3301 ut
3238 3245 3445 3317 majori
3474 3261 3600 3300 cum
3626 3240 3774 3313 splen-

2172 3338 2308 3392 dere
2358 3340 2818 3406 conservaretur,
2862 3336 2927 3390 R.
2961 3335 3029 3391 D.
3064 3334 3344 3392 Aurelius
3391 3334 3557 3406 vulgo
3599 3325 3774 3387 Foroli-

2172 3424 2391 3483 viensis
2422 3442 2573 3480 anno
2607 3426 2766 3492 1580,
2791 3423 3071 3480 sacellum
3102 3422 3404 3497 eleganter
3431 3418 3714 3488 exornavit,
3732 3419 3776 3471 et

2173 3531 2387 3586 magna
2417 3531 2550 3569 cum
2584 3530 2797 3586 pompa
2828 3530 2893 3568 ac
2941 3512 3266 3585 praesulum
3309 3510 3619 3585 frequentia
3644 3521 3775 3564 sacra

2172 3621 2307 3659 ossa
2338 3603 2633 3675 recognita
2666 3619 2731 3658 ac
2757 3601 2990 3658 visitata
3020 3618 3351 3660 marmoreo
3382 3599 3591 3657 tamulo
3617 3593 3773 3652 condi-

2171 3693 2257 3747 1it.‘
2292 3694 2477 3764 Caput
2527 3692 2747 3747 ibidem
2780 3692 2838 3746 in
2873 3690 3061 3763 prima
3094 3691 3480 3748 translatione
3525 3686 3773 3744 inclusum

2173 3783 2360 3837 fuerat
2390 3779 2673 3852 peculiari
2703 3780 2902 3847 theca,
2938 3796 3117 3851 quam
3150 3780 3219 3835 R.
3255 3781 3323 3835 D.
3357 3778 3611 3835 Placidus
3638 3776 3775 3829 Pava-

2170 3870 2361 3926 nellus
2382 3868 2698 3925 Patavinus
2730 3869 2885 3924 circa
2905 3884 3125 3923 annum
3151 3870 3294 3924 1440
3317 3867 3498 3924 multo
3521 3859 3773 3939 pretiosio-

2172 3976 2293 4014 rem
2314 3957 2586 4013 reddidit.
2608 3958 2672 4012 R.
2694 3957 2760 4011 D.
2781 3956 3163 4012 Columbinus
3186 3958 3264 4013 de
3285 3956 3565 4030 Alphiano
3586 3964 3775 4008 conces-

2172 4048 2248 4105 sit
2269 4046 2522 4103 ecclesiae
2535 4046 2879 4102 Florentina:
2899 4045 3291 4102 sanctissimae
3306 4044 3596 4101 Trinitatis
3612 4035 3775 4096 maxil-

2171 4137 2289 4193 lam
2320 4137 2377 4191 S.
2418 4135 2604 4191 Patris
2637 4134 3100 4207 Gualberti,qum
3135 4152 3292 4190 anno
3326 4136 3483 4203 1586,
3520 4133 3575 4188 in
3604 4124 3774 4186 sacello

2171 4227 2435 4297 ejusdem
2468 4223 2722 4280 ecclesiae
2746 4223 3024 4279 collocata
3043 4227 3151 4279 est.
3177 4223 3488 4280 Brachium
3517 4221 3773 4277 dexterum

2172 4315 2262 4369 bis
2294 4313 2642 4369 miraculose
2672 4313 2743 4368 ad
2775 4311 3386 4370 Vallem-Umbrosam
3427 4310 3665 4367 delatum
3689 4305 3759 4359 est

2173 4404 2257 4459 uti
2291 4403 2561 4476 pluribus
2583 4401 2864 4457 describit
2883 4401 3222 4457 TheSaurus
3246 4402 3444 4458 Velius
3464 4401 3607 4455 inter
3631 4392 3772 4450 mira-

2173 4492 2324 4560 cula,
2351 4495 2481 4564 post
2512 4493 2570 4547 S.
2602 4491 2845 4547 Joannis
2874 4489 3067 4545 Vitam
3098 4490 3411 4562 impressa,
3442 4506 3564 4562 cap.
3595 4487 3640 4557 4,
3666 4479 3769 4549 5,5.

2093 4599 2139 4663 Ι)
2169 4585 2223 4653 7,
2257 4584 2309 4651 8,
2341 4583 2375 4635 0
2405 4586 2461 4637 et
2492 4582 2579 4649 10,
2614 4578 2935 4635 Franchius
2982 4579 3083 4635 lib.
3120 4581 3205 4648 10,
3258 4597 3390 4652 pag.
3424 4579 3525 4634 370
3554 4580 3605 4633 et
3629 4575 3769 4663 (seqq.

2175 4674 2250 4727 De
2276 4673 2479 4726 eadem
2511 4669 2843 4742 prodigiosa
2863 4668 3084 4725 brachii
3118 4669 3499 4726 translatione
3518 4660 3681 4722 videri
3697 4673 3771 4731 p0-

2173 4764 2286 4816 test
2316 4760 2701 4831 Hieronymus
2731 4757 3097 4814 Radiolensis
3128 4758 3189 4814 in
3221 4756 3540 4824 miraculis,
3565 4752 3649 4809 hic
3668 4747 3773 4820 post

2171 4855 2483 4922 utramque
2530 4850 2711 4904 vitam
2762 4847 3024 4914 edendis,
3077 4864 3242 4903 num.
3274 4849 3330 4918 7,
3362 4848 3395 4901 8
3438 4850 3494 4902 et
3538 4856 3681 4913 seqq.
3723 4834 3771 4889 In

2171 4941 2375 4995 eodem
2406 4937 2913 4995 Vallis-Umbrosae
2963 4936 3317 4992 monasterio
3365 4937 3615 4991 servatur
3640 4939 3769 4988 crux,

2173 5046 2287 5100 qua
2308 5029 2359 5082 S.
2384 5028 2635 5083 Joannes
2657 5026 3009 5081 Gualbertus
3031 5026 3323 5081 daemones
3346 5025 3542 5097 fugare
3563 5013 3770 5077 solebat,

2172 5119 2241 5173 de
2272 5134 2389 5189 qua
2429 5120 2636 5188 praeter
2665 5115 3030 5170 Thesaurum
3064 5118 3121 5169 et
3152 5113 3501 5170 Franchium
3532 5108 3642 5181 agit
3664 5101 3769 5158 Hi0-

2173 5222 2452 5279 ronymus
2480 5204 2845 5260 Radiolensis
2876 5204 2934 5258 in
2957 5203 3251 5259 Miraculis
3274 5220 3407 5259 mox
3434 5197 3615 5257 citatis
3633 5203 3768 5247 num-

2169 5298 2204 5349 5
2236 5300 2290 5351 et
2315 5299 2367 5350 6.
2396 5295 2715 5350 Franchius
2745 5294 2845 5350 lib.
2886 5296 2969 5362 10,
3003 5310 3133 5366 pag.
3159 5294 3281 5365 361,
3314 5294 3461 5348 hanc
3490 5287 3645 5361 putat
3669 5292 3770 5374 esse

2172 5387 2459 5452 eamdem,
2485 5402 2660 5456 quam
2696 5386 2752 5439 S.
2788 5382 3136 5439 Gualbertus
3165 5386 3332 5438 Petro
3366 5384 3530 5453 lgneo
3573 5376 3769 5429 innoxie

2172 5477 2441 5531 flammas
2454 5455 2779 5531 transeunti
2800 5474 3145 5544 gestandam
3160 5462 3623 5538 dcdit.Quidquid
3634 5458 3701 5515 sit
3712 5455 3769 5510 de

2172 5581 2238 5621 ea
2270 5582 2349 5631 re,
2376 5567 2603 5621 constat
2624 5578 2855 5619 crucem
2877 5562 3037 5617 illam
3071 5563 3229 5619 mira
3269 5558 3496 5616 virtutis
3525 5566 3641 5609 esse
3656 5559 3775 5646 εξοΠ-

2170 5660 2261 5711 tra
2291 5655 2602 5724 daemones,
2636 5654 2717 5711 ita
2756 5658 2821 5710 ut
2869 5669 3021 5711 anno
3054 5654 3213 5725 1634,
3255 5668 3287 5709 a
3315 5654 3379 5707 Β.
3410 5653 3472 5705 D.
3507 5639 3773 5702 Valentino
