2001 3085
85 170 138 204 761

876 173 992 205 ACTA.

1726 170 1786 203 ’162

84 236 221 267 Balduino
237 236 344 266 abbate
353 237 498 275 argenteis
509 239 687 267 ornamentis
699 239 786 267 fuerit
799 239 903 268 conde-
917 243 945 276 Α
960 237 1111 267 miraculis
1125 237 1285 273 liberatori,
1300 238 1362 267 viro
1373 236 1438 266 vitae
1454 236 1647 267 sanctissimae
1670 246 1704 266 ac
1719 238 1785 267 ideo

84 284 187 311 cerata.
205 282 335 319 Denique
358 283 467 311 ibidem
493 283 562 311 olim
586 284 795 312 ostendebatur
808 284 905 321 imago

83 327 223 362 Cruciﬁxi,
238 335 302 363 qua:
314 327 343 355 S.
359 327 465 355 Joanni
480 331 568 364 caput
578 328 737 357 inclinavit.
750 329 829 357 Hanc
838 337 905 357 vero

84 379 173 408 nuper
188 371 365 399 Florentium
387 372 558 401 translatam
584 381 649 401 esse
671 373 729 401 dixi
744 374 758 407 §
771 374 798 407 ‘2,
816 373 905 409 hujus

84 416 289 445 Commentarii
301 424 383 444 num.
399 417 442 444 18.

116 461 177 490 151.
195 462 259 489 Haec
274 461 372 489 omnia
387 462 602 498 Papebroohius
618 464 726 497 noster,
742 463 826 491 testis
841 471 905 490 ocu-

81 506 157 534 latus
172 505 326 534 conﬁrmat
340 505 370 534 in
386 506 504 534 schedis
518 509 585 543 post
598 510 722 535 mortem
738 507 858 543 relictis,
874 507 905 535 in

82 550 188 587 quibus
198 550 274 579 inter
282 550 354 578 alias
370 550 484 579 itineris
495 551 541 579 sui
551 551 654 585 Italici,
666 560 741 580 anno
753 553 822 579 1660
837 560 905 579 cum

80 594 264 623 Henschenio
288 595 426 630 instituti,
452 595 669 624 observationes
693 596 754 624 haec
775 596 903 624 notavit:

84 650 97 665 ι(
110 640 152 667 Ad
168 648 276 676 corpus
290 641 319 667 Β.
335 639 457 668 Joannis
483 640 633 669 Gualberti
648 640 859 679 celebravimus
875 641 905 668 in

81 684 257 712 monasterio
272 684 454 713 Passiniano.
470 685 520 713 Est
531 685 610 713 istud
625 685 655 713 in
666 686 784 722 proprio
800 685 905 713 sacello

80 730 145 764 post
156 727 248 755 altare
258 727 335 756 intra
345 734 464 756 murum
475 729 671 762 reconditum,
683 737 906 766 marmoreoque

82 772 228 800 obtectum
237 772 344 808 lapide,
352 781 441 809 super
450 781 538 809 quem
547 774 640 810 ipsius
649 774 711 801 Divi
718 782 753 802 ex
762 782 906 802 marmore

80 817 197 854 elegans
208 818 307 845 statua
316 817 345 844 in
355 817 487 845 cubitum
495 817 597 846 innixa
601 818 690 853 jacet,
700 818 794 855 capite
802 827 905 846 versus

80 862 222 898 populum
238 863 343 895 erecto,
358 863 387 890 et
398 870 489 890 manu
504 863 614 898 dextra,
627 871 690 898 quae
702 863 737 891 ad
749 871 825 899 genu
841 871 905 899 per-

79 906 175 943 tingit,
187 914 305 934 crucem
313 908 425 935 tenens.
433 906 493 935 Sub
504 906 671 943 ipsolapide
680 907 741 935 haac
750 907 903 943 inscriptio

78 950 184 988 legitur
196 959 203 979 :

399 1013 432 1042 D.
471 1015 503 1042 Ο.
542 1014 582 1042 Μ.

109 1085 144 1114 D.
152 1084 418 1114 JoanniGualberto
424 1085 478 1113 civi
485 1084 903 1120 Florentino,Vallumbrosani

78 1130 195 1159 Ordinis
208 1129 377 1164 Fundatori,
399 1129 489 1158 Italiae
513 1139 531 1158 a
544 1130 674 1159 Simonis.
688 1132 775 1167 atque
797 1130 902 1160 haeresi

527 1419 530 1489 ι

527 1729 530 1820 ι

528 1853 534 2002 ἰ

527 2202 532 2267 i

535 1968 544 2483 J

537 2164 540 2219 ἐ

528 1484 538 1503 Η
560 1438 572 1607 1
629 1497 632 1499 Ὺ
683 1427 943 1515 ᾢνφίρ-
1053 1439 1174 1524 ᾗ
1253 1451 1260 1495 Ξ

527 1545 538 1669 ξι

528 1843 559 1880 ι
723 1843 726 1845 ‘
997 1868 1001 1869 ν
1253 1806 1314 1879 \2

532 2443 564 2517 ψ
598 2488 615 2491 ί
1254 2490 1309 2574 om,“

540 2536 611 2614 ﬂii“
834 2559 1026 2601 τ
1273 2529 1285 2574 ι)

961 292 1012 320 per
1034 283 1220 312 leestinum
1237 283 1275 311 Ill
1291 283 1372 311 Pont.
1389 282 1463 312 Max.
1489 282 1553 311 Kal.
1579 283 1633 311 Oct
1648 283 1786 312 MGXCIII

960 329 1152 362 Canonizuto;
1179 327 1258 356 Patri
1285 328 1350 364 Opt.
1375 328 1472 356 Abbas
1500 327 1589 364 hujus
1614 328 1786 356 monasterii

960 373 1074 407 Passin,
1086 372 1208 401 humilis
1218 372 1308 407 ﬁlius,
1320 374 1353 400 ut
1362 372 1495 408 ejusdem
1505 372 1535 400 S.
1544 372 1606 400 Viri
1617 380 1723 409 corpus
1730 372 1787 401 hac

960 418 990 446 in
1006 426 1081 450 arca,
1098 418 1127 445 in
1144 426 1202 453 qua
1216 417 1289 445 illud
1306 425 1383 445 nunc
1395 417 1483 452 jacet,
1496 416 1584 453 digne
1601 417 1785 452 conderetur,

960 463 1021 491 haec
1050 463 1240 490 monumenta
1268 461 1375 498 pietate
1401 461 1491 489 erexit
1517 469 1565 489 an.
1595 461 1629 489 D.
1659 470 1785 490 MDLxxx.

960 507 1037 535 Obiit
1052 516 1079 535 ιν
1094 507 1186 542 [ldus]
1201 506 1270 534 Julii
1287 515 1408 534 Mi.xxn..
1433 505 1513 533 Vixit
1529 505 1614 533 annis
1631 514 1753 534 mxvu.
1771 517 1786 531 ι)

996 553 1057 579 152.
1074 552 1181 580 Dubito
1193 560 1229 580 un
1245 550 1462 587 Papebrochius
1474 550 1535 578 haec
1551 550 1724 578 festinanter
1737 551 1787 579 de-

960 596 1091 625 scribens
1102 604 1161 624 non
1167 595 1299 623 omiserit
1305 603 1409 628 unum,
1421 594 1514 623 atatis
1522 602 1644 630 annum,
1656 596 1689 622 ut
1701 594 1786 623 facile

960 641 1111 677 contingit.
1127 640 1211 676 Nam,
1228 642 1261 668 ut
1275 640 1411 676 superius
1433 639 1503 675 dixi,
1529 641 1646 676 recepta
1666 640 1726 675 iam
1742 641 1788 668 est

960 686 1038 723 apud
1054 685 1316 713 Vallumbrosanos
1337 684 1493 718 sententia,
1516 685 1655 712 Sanctum
1671 684 1787 713 Patrem

960 739 1048 758 suum
1060 738 1182 758 LXXXVIII
1196 729 1281 757 annis
1291 728 1406 757 VleBBB.
1419 729 1562 757 Eumdem
1576 736 1721 757 annorum
1732 737 1787 756 nu-

961 783 1075 802 merum
1082 773 1282 809 subscriptum
1290 773 1405 801 invenio
1412 773 1519 810 effigiei
1525 773 1601 809 ejus,
1612 781 1700 809 quam
1703 773 1788 809 juxta

960 818 1108 854 exemplar
1123 818 1215 846 Musei
1240 817 1422 845 serenissimi
1446 817 1546 853 magni
1561 816 1650 845 Ducis
1665 817 1787 845 Etruriae

960 863 1007 891 hic
1023 862 1072 890 aeri
1086 862 1211 890 incisam
1227 862 1359 890 exhibeo.
1376 862 1456 890 Hanc
1472 863 1621 897 acceptam
1634 861 1788 890 referimus

962 909 993 936 D.
1010 908 1153 936 Germano
1179 906 1279 942 Ruini,
1305 906 1434 934 sacristaa
1459 905 1717 941 Vallumbrosano,
1737 906 1788 942 qui

959 952 989 980 in
1001 951 1133 988 Epistula
1157 951 1193 979 ad
1219 950 1451 988 Papebrochium
1478 950 1547 978 data
1570 950 1623 985 ait,
1645 958 1710 978 eam
1724 958 1790 979 esse

957 1004 1058 1024 veram
1083 996 1113 1024 S.
1139 995 1262 1024 Joannis
1291 994 1442 1023 Gualberti
1471 994 1608 1031 efﬁgiem.
1636 994 1696 1023 Nos
1723 1002 1789 1022 eam

957 1040 1144 1069 exactissime
1160 1039 1301 1068 delineari
1312 1039 1491 1074 curavimus,
1503 1040 1536 1066 ut
1552 1038 1691 1067 omnibus
1706 1038 1788 1067 illam

958 1094 1026 1113 cum
1037 1084 1204 1113 Florentino
1214 1083 1373 1121 exemplari
1385 1082 1600 1113 conferentibus
1610 1082 1732 1120 patebit.
1743 1083 1786 1111 En

959 1130 1056 1170 ipsam
1069 1137 1075 1159 :

1310 1669 1312 1709 l

1310 1725 1313 1815 ἒ

1310 1830 1315 1901 ὲ

1311 1907 1314 2023 1

1312 2059 1314 2085 Ν

1310 2133 1315 2162 ll

1310 2163 1315 2248 il

1310 2241 1315 2300 ,ἦ
