4022 6160
456 414 595 499 λ’763

1528 445 1594 507 S.
1639 446 1961 507 JOANNIS
2008 445 2457 509 GUALBER'I‘I
2502 446 2831 509 ABBATIS
3762 445 3859 506 764

556 573 676 627 153.
711 572 953 646 Reliqua
982 591 1149 632 sacra
1178 583 1557 636 monumenta
1604 598 1637 635 a
1668 598 1728 636 se
1756 580 1879 636 visa
1910 580 1993 636 sic
2025 582 2124 636 de-
2152 582 2208 647 Α
2236 580 2372 635 Viro
2402 580 2618 653 templo
2642 581 2897 635 dicatum
2929 583 3037 647 est,
3062 575 3551 634 Vallumbrosella
3581 575 3860 633 dictum.»

485 662 735 717 scribere
766 664 954 736 pergit
1002 666 1468 738 Papebrochius:
1506 694 1532 719 ‹‹
1567 670 1752 742 Caput
1790 670 2004 725 ibidem
2038 675 2127 725 est

481 750 542 804 in
574 751 777 806 herma
806 760 1079 825 argentea
1107 775 1117 824 ;
1160 757 1390 813 Maxilla
1420 759 1479 813 in
1524 760 1875 815 monasterio
1907 762 1964 815 S.
1997 760 2122 813 Tri-

483 839 685 895 nitatis
713 843 782 897 de
814 843 1137 913 Florentia;
1185 848 1493 902 Brachium
1539 849 1598 903 in
1628 849 2035 904 Vallumbrosa
2066 850 2122 902 in

480 930 718 1001 antiquo
742 937 797 986 et
822 932 1074 1004 eleganti
1102 937 1129 989 4
1156 938 1364 1007 pedum
1394 938 1610 993 cibario
1634 939 1956 994 involutum
1983 957 2122 1010 pan-

481 1018 596 1089 nis,
622 1021 719 1074 ubi
752 1026 807 1075 et
837 1026 1034 1094 cuspis
1060 1025 1345 1080 Dominici
1378 1027 1606 1093 clavi,in
1638 1028 1819 1083 vicem
1849 1046 2022 1083 manu
2058 1045 2125 1083 ex

478 1108 587 1163 hoc
602 1109 839 1166 brachio
855 1113 1175 1185 missaz,per
1197 1117 1619 1171 S.Ludovicum
1642 1118 2125 1189 donata,pulchra

478 1197 539 1252 in
552 1204 1002 1257 remonstrantia
1016 1209 1327 1273 spectatur.
1346 1206 1562 1261 Ibidem
1592 1224 1731 1261 crux
1753 1208 1943 1279 lignea
1968 1208 2122 1277 vilis,

478 1287 623 1343 alias
647 1306 864 1359 magnae
881 1292 1159 1347 adversus
1182 1294 1474 1350 dmmones
1489 1296 1815 1366 potestatis,
1842 1304 2122 1366 argevztem

474 1378 681 1446 grandi
712 1379 957 1434 inclusa.
1015 1384 1304 1450 Crucifixi,
1336 1384 1432 1454 qui
1485 1385 1671 1439 eidem
1727 1386 1780 1438 in
1814 1385 2027 1456 templo
2062 1387 2119 1439 S.

477 1464 734 1521 Miniatis
764 1474 937 1539 caput
969 1469 1286 1537 inclinavit,
1322 1474 1513 1545 imago
1542 1476 1651 1527 sub
1682 1474 1931 1544 eleganti
1965 1491 2123 1527 mar~

478 1570 672 1609 moreo
700 1556 1075 1613 tabernaculo
1098 1559 1311 1615 ibidem
1336 1568 1466 1616 ante
1493 1563 1735 1617 chorum
1761 1564 1984 1630 visitur,
2023 1564 2120 1617 sed

474 1642 767 1698 coloribus
799 1647 1036 1701 omnino
1078 1649 1202 1719 jam
1236 1650 1493 1705 exoletis.
1553 1654 1635 1705 Ad
1670 1653 1873 1723 pedem
1908 1653 2124 1707 montis

475 1732 806 1788 arctissima
836 1736 1043 1790 semita
1092 1738 1354 1792 abscedit
1402 1740 1471 1794 ad
1524 1738 1698 1807 latus,
1736 1741 1832 1794 ubi
1867 1746 2121 1795 erectum

476 1821 919 1877 tabernaculum
966 1826 1193 1895 pictura
1243 1844 1349 1882 sua
1398 1828 1589 1883 locum
1638 1830 1875 1896 indicat,
1918 1831 1976 1884 in
2010 1848 2123 1901 quo

477 1907 716 1964 inimico
730 1928 1037 1967 occurrens
1050 1914 1363 1970 S.Joannes
1377 1916 1571 1987 ipsum
1587 1934 1649 1972 se
1661 1918 1814 1971 vicit.
1838 1920 1895 1972 In
1910 1918 2126 1989 pariete
2155 1952 2202 2016 B

477 1996 728 2052 sinistra
761 1999 861 2053 ales
893 2003 1090 2057 Crucis
1122 2003 1374 2059 insertus
1405 2011 1492 2061 est
1530 2007 1679 2076 lapis
1710 2006 1977 2078 religiose
2006 2012 2121 2061 tec-

476 2089 594 2150 tus,
619 2086 716 2157 qui
743 2104 951 2159 corpus
974 2091 1029 2144 S.
1054 2092 1297 2146 Joannis
1313 2093 1607 2149 Gualberti
1634 2097 1871 2165 per300,
1893 2101 1948 2149 et
1969 2097 2123 2166 quod

477 2176 729 2230 excurrit
761 2193 944 2232 annos
993 2180 1151 2234 texit.
1187 2185 1383 2253 Imago
1435 2184 1637 2239 altaris
1684 2185 1811 2253 ejus
1845 2182 2125 2239 miracula

478 2269 871 2335 repraesentat.
909 2290 936 2315 ››

552 2354 671 2407 151.
705 2355 916 2411 Praeter
936 2357 1054 2412 haec
1077 2376 1242 2413 sacra
1266 2366 1644 2417 monumenta
1667 2380 1699 2417 a
1728 2362 2122 2433 Papebrochio

480 2448 819 2512 memorata,
855 2444 977 2498 alia:
1027 2446 1085 2500 in
1127 2447 1303 2503 variis
1352 2450 1528 2505 Italiae
1578 2450 1719 2505 locis
1750 2452 2125 2521 reperiuntur

478 2529 742 2598 ejusdem
764 2532 955 2585 Sancti
974 2533 1249 2603 reliquiae.
1271 2538 1588 2592 Franehius
1608 2538 1707 2594 lib.
1740 2541 1821 2607 13,
1839 2556 1970 2611 pag.
1995 2541 2123 2609 526,

478 2617 577 2682 ait,
603 2618 834 2673 dentem
860 2620 1121 2692 aliasque
1143 2624 1366 2678 ossium
1391 2631 1587 2695 partes
1610 2644 1642 2680 a
1665 2632 1725 2681 D.
1746 2629 1975 2683 Tiberio
1999 2635 2125 2683 Cor-

478 2704 685 2761 sellino
719 2708 961 2764 Romam
996 2711 1177 2767 fuisse
1209 2714 1452 2777 delatas,
1502 2720 1673 2786 atque
1715 2734 1867 2771 anno
1898 2718 2033 2771 1585
2064 2718 2122 2771 in

476 2794 717 2850 ecclesia
740 2796 798 2851 S.
824 2797 1095 2855 Praxedis
1108 2800 1446 2869 collocatas;
1475 2804 1687 2875 pagina
1703 2822 1832 2860 vero
1856 2806 2123 2876 sequenti

478 2883 709 2951 scribit,
738 2890 960 2956 partem
991 2888 1159 2959 digiti
1191 2891 1441 2946 sinistrae
1476 2910 1685 2948 manus
1726 2895 1783 2947 in
1818 2894 2121 2949 ecclesiam

481 2972 867 3030 Foroliviense
890 2994 946 3030 m
971 2978 1395 3036 S.Mercurialis
1409 2999 1561 3037 anno
1578 2983 1711 3037 1587
1734 2983 1912 3037 fuisse
1932 2988 2122 3038 trans-

478 3059 679 3128 latam,
714 3079 779 3117 ac
806 3063 1020 3120 ibidem
1051 3066 1111 3121 in
1138 3068 1370 3136 sacello,
1402 3072 1555 3140 quod
1580 3071 1766 3126 eidem
1793 3075 2000 3127 Sancto
2023 3073 2123 3127 de-

477 3149 732 3206 dicatum
759 3158 865 3223 est,
893 3152 1186 3210 honorari.
1212 3157 1369 3213 Idem
1392 3160 1640 3231 scriptor
1661 3160 1761 3215 lib.
1785 3164 1839 3215 7.
1865 3178 1977 3233 pag
1998 3162 2120 3231 187,

478 3238 705 3305 asserit,
729 3241 1021 3297 cucullum
1045 3244 1100 3299 S.
1117 3245 1359 3301 Joannis
1382 3247 1678 3303 Gualberti
1694 3250 1750 3304 in
1767 3250 2120 3305 monasterio

478 3328 538 3382 S.
564 3327 737 3383 Salvii
761 3346 792 3384 a
814 3331 1215 3389 monachabus
1237 3335 1746 3393 Vallumbrosauis
1760 3341 2086 3394 conservari
2107 3358 2119 3408 ;

480 3416 660 3487 hujus
691 3418 903 3474 cuculli
951 3427 1196 3493 partem,
1254 3424 1498 3480 articulo
1546 3426 1713 3498 digiti
1757 3429 2062 3498 majorem,
2096 3447 2128 3484 a

482 3511 544 3561 P.
560 3506 849 3580 Janningo
865 3515 1061 3566 nostro
1079 3512 1220 3566 mihi
1244 3515 1540 3584 traditam,
1557 3517 1815 3571 studiose
1828 3534 2128 3583 conservo,

484 3612 602 3651 una
631 3614 765 3652 cum
818 3598 1016 3654 Italico
1066 3602 1422 3671 testimonio,
1478 3621 1591 3675 quo
1642 3606 1705 3659 D.
1742 3607 1933 3661 Bruno
1963 3605 2126 3661 Tozzi

486 3685 878 3743 Cancellarius
904 3688 1137 3745 Ordinis
1169 3708 1319 3745 anno
1354 3694 1509 3763 1700,
1544 3694 1636 3748 die
1666 3696 1696 3747 4
1720 3695 1929 3766 Aprilis
1954 3696 2127 3750 fidem

484 3774 642 3845 facit,
675 3776 782 3832 has
811 3794 974 3832 veras
1006 3793 1133 3833 esse
1164 3781 1221 3834 S.
1257 3780 1558 3836 Gualberti
1589 3782 2129 3854 Reliquias.Paulus

480 3863 764 3920 Masinius
786 3864 845 3919 in
867 3882 976 3920 sua
988 3867 1265 3923 Bonomia
1285 3870 1725 3941 perlustrataxn
1746 3872 1885 3927 Julii
1906 3872 2129 3929 invenit

480 3952 539 4005 in
562 3954 779 4025 templo
794 3955 1216 4027 Religiosarum
1230 3959 1615 4014 S.Catharinse
1634 3960 1688 4014 in
1706 3960 1893 4032 platea
1908 3962 2128 4031 majore

481 4042 744 4111 ejusdem
770 4043 967 4099 Sancti
988 4044 1287 4116 reliquias,
1309 4048 1587 4119 additque
1608 4048 1723 4104 illic
1736 4066 1864 4106 esse
1886 4054 2127 4121 puteum

475 4130 604 4200 jam
634 4146 668 4184 a
698 4129 882 4186 multo
914 4136 1175 4203 tempore
1204 4139 1555 4205 extructum,
1578 4138 1636 4191 in
1669 4154 1781 4209 quo
1803 4143 1891 4193 est
1915 4155 2069 4209 aqua
2097 4155 2126 4193 e

484 4217 640 4274 fonte
662 4219 720 4274 S.
741 4219 985 4275 Joannis
1007 4221 1323 4291 Gualberti,
1348 4225 1419 4279 ad
1442 4241 1619 4295 quam
1638 4227 1837 4282 devote
1858 4226 2129 4283 haurien-

481 4306 617 4361 dam
651 4307 818 4362 multi
852 4308 1119 4366 homines
1167 4319 1540 4369 concurrunt.
1594 4316 1717 4371 Non
1748 4316 1953 4371 dubito
1985 4317 2125 4387 quin

481 4395 656 4451 etiam
679 4396 739 4453 in
753 4397 866 4454 alia
888 4400 1154 4470 ejusdem
1177 4401 1410 4457 Ordinis
1438 4405 1791 4460 monasteria
1812 4406 2125 4477 dispertitae

481 4486 600 4541 sint
629 4486 834 4559 aliquae
865 4490 1129 4559 ejusdem
1180 4491 1374 4546 Sancti
1422 4493 1656 4548 exuviae.
1710 4495 1817 4548 Sed
1868 4494 1954 4549 has
1986 4499 2127 4551 sunt

480 4575 958 4649 pracipuze,quas
972 4583 1419 4651 postoperosam
1434 4581 1877 4652 inquisitionem
1896 4583 2127 4638 inItalia

2235 670 2473 725 Manum
2498 670 2907 725 tantummodo
2928 669 3019 741 pio
3048 669 3183 741 Regi
3208 684 3543 733 concessam
3565 667 3745 723 fuisse
3766 673 3862 724 tra-

2235 760 2464 815 ditcum
2485 760 2615 815 aliis
2634 759 3138 813 Vallumbrosauis
3153 757 3537 829 scriptoribus
3551 758 3863 813 Bernardus

2236 852 2329 904 Del
2363 853 2519 919 Sera,
2575 850 2654 904 ita
2702 850 2853 920 apud
2910 846 3252 902 Franehium
3304 846 3405 901 lib.
3449 848 3535 911 12,
3577 864 3612 918 p
3651 848 3777 911 5‘26,
3805 848 3863 902 ad

2236 940 2560 1008 marginem
2622 936 2874 993 citatus:
2928 936 3253 991 Ludovicus
3311 936 3562 990 Francia:
3622 952 3741 1007 rex,
3781 954 3863 991 ac-

2234 1032 2400 1098 cepta
2459 1028 2543 1102 ab;
2581 1028 2791 1081 abbate
2848 1026 3105 1097 Benigno
3159 1024 3383 1079 brachii
3447 1024 3692 1095 (sinistri
3752 1042 3863 1095 par-

2234 1121 2349 1171 tem
2368 1118 2547 1171 fuisse
2564 1117 2688 1170 vult
2705 1116 3093 1184 Hieronymus
3109 1114 3492 1179 Radiolensis,
3514 1118 3663 1169 teste
3679 1114 3863 1169 eodem

2234 1206 2516 1261 Franchio
2550 1206 2650 1260 lib.
2683 1208 2736 1272 8,
2770 1221 2901 1276 pag.
2947 1206 3073 1275 277)
3105 1220 3282 1257 manu
3327 1203 3383 1257 S.
3421 1204 3479 1257 Ρ.
3512 1202 3581 1256 Ν.
3614 1203 3863 1267 Joannis,

2233 1312 2408 1366 quam
2442 1295 2879 1367 elﬂagitaverat,
2915 1311 3017 1366 pro
3052 1311 3119 1347 ea
3152 1291 3502 1347 monasterio
3535 1291 3866 1347 Vallis-Um-

2233 1384 2417 1439 brosm
2450 1402 2681 1440 erucem
2724 1383 2900 1445 unius
2951 1382 3128 1452 palmi
3179 1398 3439 1451 auream,
3472 1380 3867 1452 petiosissimis

2233 1473 2483 1545 gemmis
2521 1474 2881 1543 distinctam,
2926 1490 3057 1525 cum
3116 1470 3401 1542 particula
3476 1469 3619 1541 ligni
3682 1471 3866 1524 Crucis

2233 1562 2448 1617 Christi
2472 1563 2623 1616 dono
2654 1562 2884 1617 dedit.»

2309 1653 2429 1705 150.
2457 1651 2728 1707 llistorici
2752 1649 3222 1705 Vallumbrosani
3243 1664 3377 1703 cum
3407 1648 3731 1703 Pecciantio
3759 1666 3869 1702 mox

2235 1741 2411 1794 citato
2463 1744 2722 1809 narrant,
2775 1741 2832 1793 S.
2892 1738 3270 1807 Ludovicum,
3323 1742 3528 1809 praeter
3556 1737 3869 1791 veneranda

2235 1828 2547 1884 Dominicze
2568 1827 2864 1883 Passionis
2883 1828 3297 1891 instrumenta,
3319 1827 3387 1880 ad
3404 1825 3629 1880 Vallem
3650 1826 3871 1879 Umbro-

2235 1935 2361 1971 sam
2392 1917 2603 1987 ingrati
2654 1916 2833 1971 animi
2881 1917 3117 1987 signum
3169 1914 3516 1970 transmissa
3555 1915 3613 1969 S.
3646 1914 3870 1968 Joannis

2234 2006 2526 2061 Gualberti
2555 2005 2759 2060 honori
2786 2006 3069 2076 templum
3103 2022 3168 2059 ac
3202 2003 3626 2059 monasterium
3656 2003 3869 2057 Parisiis

2234 2095 2571 2150 aedificasse.
2602 2095 2662 2149 Id
2687 2094 2840 2149 inter
2872 2093 3017 2149 alios
3048 2094 3380 2149 Bernardus
3401 2092 3500 2147 Del
3536 2094 3699 2158 Sera,
3732 2094 3866 2164 apud

2233 2183 2581 2240 Franchium
2614 2183 2714 2239 lib.
2768 2200 2899 2256 pag.
2950 2186 3056 2236 270
3106 2183 3337 2252 citatus,
3382 2182 3590 2237 asserit
3639 2181 3733 2236 his
3763 2198 3866 2236 ver-

2233 2272 2362 2328 bis:
2397 2296 2423 2322 ‹‹
2459 2273 2575 2327 Rex
2608 2274 2879 2342 Francire,
2917 2276 3151 2344 accepta
3182 2289 3215 2326 a
3244 2276 3301 2327 Β.
3338 2271 3595 2344 Benigno
3628 2272 3685 2326 S.
3712 2271 3866 2325 Joan-

2235 2363 2327 2417 nis
2357 2362 2543 2417 dextri
2568 2362 2789 2416 brachii
2816 2379 3017 2428 manu,
3044 2361 3115 2415 ad
3148 2359 3247 2414 Dei
3271 2364 3327 2415 et
3356 2360 3542 2430 ipsius
3565 2359 3754 2415 sancti
3780 2359 3867 2413 bo-

2235 2467 2436 2506 norem
2462 2449 2717 2505 instituit
2734 2450 2932 2504 Ordini
2958 2466 3238 2521 magnum
3264 2449 3710 2513 monasterium,
3730 2449 3866 2519 quod

2233 2538 2726 2593 Vallumbrosella
2748 2536 3086 2609 apppllavit,
3118 2538 3174 2591 in
3201 2554 3315 2609 quo
3342 2537 3525 2592 multa
3546 2538 3864 2592 divitiarum

2234 2632 2576 2683 ornamenta
2607 2626 2925 2681 collocavit.
2952 2648 2977 2675 »
3001 2626 3177 2680 Addit
3202 2625 3528 2681 Locatellus
3552 2626 3653 2681 lib.
3684 2628 3731 2692 1,
3753 2642 3863 2696 cap,

2231 2718 2322 2782 00,
2354 2734 2421 2770 ex
2448 2715 2776 2770 testimonio
2808 2714 3140 2786 Hieronymi
3176 2714 3565 2780 Radiolensis,
3598 2715 3865 2784 quosdam

2234 2803 2552 2858 monachos
2585 2802 2779 2858 Gallos
2807 2819 2876 2857 ex
2907 2802 3015 2857 hoc
3047 2802 3400 2857 monasterio
3435 2800 3869 2857 Vallumbrosel-

2234 2890 2379 2947 lensi
2412 2909 2563 2946 anno
2598 2892 2735 2945 1450
2765 2891 2994 2946 venisse
3024 2892 3094 2946 ad
3123 2890 3347 2945 Vallem
3380 2890 3751 2955 Umbrosam,
3781 2888 3868 2960 qui

2233 2981 2619 3050 testabantur,
2672 2997 2772 3051 per
2820 2980 2971 3034 hanc
3022 2984 3288 3034 sanctam
3338 2996 3579 3034 manum
3612 2979 3670 3032 in
3701 2977 3869 3034 Gallia

2233 3070 2488 3141 plurima
2508 3072 2831 3124 etmaxima
2847 3069 3063 3141 patrari
3088 3068 3389 3123 miracula.
3406 3068 3699 3139 Quidquid
3723 3068 3869 3121 sitde

2232 3158 2411 3229 hujus
2442 3158 2645 3230 templi
2677 3176 2741 3213 ac
2776 3158 3115 3213 monasterii
3166 3158 3531 3224 fundatione,
3565 3159 3637 3212 de
3667 3174 3775 3228 qua
3805 3172 3871 3210 ne

2232 3246 2318 3302 vel
2341 3247 2648 3302 minimam
2670 3246 2831 3301 dubii
2851 3246 3245 3317 suspicionem
3270 3262 3497 3301 movere
3511 3245 3661 3317 volo,
3679 3244 3866 3301 saltem

2238 3335 2398 3391 nulla
2410 3335 2518 3391 hoc
2530 3341 2789 3407 tempore
2806 3335 3112 3406 utriusque
3128 3333 3409 3390 memoria
3423 3334 3660 3390 Parisiis
3675 3336 3865 3397 exstat,

2240 3430 2304 3479 ut
2333 3426 2590 3479 fatentur
2620 3424 2724 3493 illi,
2757 3423 2856 3495 qui
2888 3423 3266 3494 antiquitates
3299 3423 3654 3479 Parisienses
3683 3420 3866 3477 sedulo

2238 3514 2667 3569 examinarunt.
2694 3513 2900 3568 Utrum
2924 3517 3120 3567 autem
3145 3512 3205 3566 hi
3228 3512 3502 3568 monachi
3526 3511 3867 3566 Vallumbro-

2239 3602 2520 3658 sellenses
2572 3602 2807 3656 omnino
2856 3600 3235 3669 desierint,an
3288 3604 3513 3655 mutato
3564 3600 3785 3655 nomine
3815 3598 3864 3651 in

2239 3690 2411 3745 aliam
2429 3689 3283 3761 religiosamCongregationem
3297 3688 3861 3760 transierint,ignoro.

2312 3780 2433 3833 157.
2462 3781 2522 3833 In
2546 3778 2887 3849 Hispaniam
2912 3778 3089 3833 etiam
3112 3778 3376 3848 ejusdem
3399 3778 3599 3833 Sancti
3630 3775 3862 3846 reliquis

2239 3885 2473 3922 summa
2493 3884 2627 3922 cum
2649 3868 3015 3923 veneratione
3038 3870 3281 3938 receptae
3302 3867 3539 3921 fuerunt
3563 3885 3575 3935 ;
3601 3882 3707 3936 qua
3724 3865 3789 3917 de
3814 3878 3865 3915 re

2238 3956 2688 4027 Chrysostomus
2719 3956 2996 4011 Palentus
3027 3955 3087 4010 in
3135 3954 3393 4010 oratione
3444 3953 3775 4026 panegyrica
3808 3952 3861 4005 Β.

2237 4044 2467 4099 Attonis
2491 4044 2571 4099 ita
2589 4044 2852 4115 loquitur
2873 4060 3003 4115 pag.
3032 4045 3115 4100 19.
3143 4066 3171 4093 ‹‹
3196 4042 3663 4097 Vallimbrosana
3683 4057 3865 4111 respu-

2238 4134 2387 4189 blica
2417 4134 2643 4206 inclytae
2694 4132 3112 4188 recordationis
3166 4130 3433 4203 Philippo
3476 4129 3862 4199 secundojure

2236 4222 2535 4277 inumeras
2566 4222 2737 4277 debet
2768 4221 3010 4292 gratias,
3034 4221 3214 4291 quod,
3246 4237 3279 4276 a
3300 4220 3671 4277 serenissimo
3700 4219 3860 4275 Fran-

2238 4312 2389 4366 cisco
2405 4312 2657 4367 Mediceo
2675 4312 2918 4365 Etruriae
2933 4326 3144 4382 magno
3160 4310 3303 4365 duce
3320 4309 3670 4366 sanctissimi
3692 4306 3861 4362 Patris

2237 4400 2421 4455 nostri
2440 4400 2691 4455 sinistrae
2715 4415 2925 4455 manus
2948 4397 3192 4454 articulo
3216 4398 3471 4470 quodam
3495 4400 3737 4465 obtento,
3752 4395 3861 4467 glo-

2236 4488 2457 4545 riosum
2490 4488 2648 4544 illius
2670 4504 2880 4543 nomen
2912 4488 2971 4542 in
2994 4491 3115 4543 tota
3138 4488 3421 4559 Hispania
3440 4488 3855 4545 celeberrimum

2237 4578 2390 4634 fecit.
2426 4600 2454 4627 ››
2486 4579 2612 4633 Non
2645 4578 2847 4632 dubito
2875 4576 3015 4648 quin
3045 4594 3150 4649 per
3179 4577 3286 4633 has
3317 4577 3579 4649 aliasque
3610 4579 3665 4633 S.
3699 4576 3855 4631 Joan-

480 4664 739 4720 invenire
770 4667 952 4738 potui.
986 4667 1151 4723 Nunc
1200 4668 1373 4723 etiam
1405 4671 1477 4725 de
1507 4669 1577 4725 iis
1610 4686 1873 4741 agemus,
1907 4688 2032 4742 qum
2066 4671 2125 4726 in
2156 4687 2204 4752 D
2236 4669 2329 4722 nis
2358 4666 2656 4723 Gualberti
2689 4666 2987 4738 Reliquias
3019 4665 3204 4721 multa
3235 4668 3556 4724 recentiora
3585 4668 3724 4723 facta
3748 4664 3857 4717 sint

483 4754 629 4810 alias
660 4756 927 4827 regiones
956 4757 1234 4813 dicuntur
1264 4758 1578 4815 translatae.

555 4845 675 4898 155.
709 4845 832 4899 Non
863 4845 1014 4901 intra
1059 4847 1216 4902 solos
1266 4847 1441 4903 Italiae
1494 4849 1639 4904 fines
1687 4866 1851 4905 sacra
1878 4850 2124 4905 Joannis

482 4932 781 4987 Gualberti
813 4932 1042 5003 lipsana
1067 4935 1459 5004 continentur,
1494 4938 1594 4991 sed
1623 4955 1656 4992 a
1688 4938 1922 5009 regibus
1952 4955 2121 5010 expe-

479 5020 607 5089 tita,
625 5020 684 5074 in
699 5018 942 5076 Galliam
968 5025 1025 5076 et
1045 5022 1383 5094 Hispaniam
1402 5026 1635 5080 fuerunt
1654 5026 2022 5081 transmissa.
2044 5027 2123 5081 De

479 5108 859 5164 translatione
874 5108 1208 5180 Reliquiaru
1221 5128 1275 5165 m
1300 5112 1357 5165 in
1373 5113 1621 5167 Galliam
1645 5119 1849 5185 prmter
1866 5114 2122 5170 Thesau-

477 5214 609 5252 rum
642 5198 891 5267 Velium,
933 5200 1305 5265 Locatellum,
1329 5201 1679 5257 Franchium
1709 5203 1970 5274 aliosque
1991 5204 2121 5259 Val-

478 5285 911 5359 lumbrosanos,
937 5288 1179 5344 Michael
1197 5288 1561 5345 Pocciantius
1577 5291 1808 5346 Ordinis
1824 5309 2118 5348 servorum

480 5374 540 5426 B.
578 5375 767 5431 Mariae
800 5378 1059 5449 Virginis
1082 5378 1139 5432 in
1167 5378 1433 5449 Catalogo
1462 5379 2121 5450 sci-iptoruan’lorenti-

479 5477 686 5516 norum
717 5481 847 5536 pag.
880 5470 969 5531 20,
1004 5484 1182 5538 agens
1214 5468 1283 5521 de
1336 5468 1591 5538 Benigno
1624 5468 1827 5523 abbate
1864 5470 2121 5525 Vallum-

478 5550 749 5618 brosano,
786 5554 903 5608 haec
934 5557 1170 5627 scribit:
1220 5579 1247 5606 ‹‹
1282 5557 1383 5629 Hic
1434 5556 1600 5629 Pater
1629 5557 1913 5613 Ludovico
1947 5561 2120 5615 Fran-

476 5657 677 5695 corum
694 5642 812 5712 regi
835 5632 1137 5713 brachium
1163 5628 1789 5700 S.Joannis‘Gualberti
1812 5648 2117 5717 concessit,

474 5730 628 5801 quod
657 5731 1035 5802 postmodum
1091 5718 1339 5789 Parisiis.
1374 5732 1626 5791 delatum
1661 5752 1672 5803 ;
1715 5735 1814 5805 [et]
1846 5735 2030 5793 eidem
2061 5743 2116 5793 S.

2236 4758 2517 4813 miracula
2548 4775 2672 4829 quae
2722 4758 2793 4811 ad
2829 4760 3091 4811 nostram
3141 4756 3411 4812 notitiam
3459 4774 3574 4812 non
3605 4768 3853 4830 pervene-

2234 4852 2390 4902 runt.
2416 4847 2555 4913 Quis
2577 4848 2732 4902 enim
2758 4845 3124 4902 salutiferam
3149 4845 3424 4902 virtutem
3447 4847 3625 4902 sacris
3644 4844 3854 4901 ossibus

2234 4936 2497 5008 deneget,
2532 4936 2581 4990 si
2629 4952 2780 5008 aqua
2825 4935 2947 4990 solo
2998 4934 3183 4991 sancti
3231 4934 3352 4988 Viri
3402 4940 3621 4991 attactu
3654 4936 3853 4990 saerata

2232 5030 2457 5081 tantam
2472 5025 2808 5080 habeatvim
2827 5025 2899 5079 ad
2919 5023 3296 5095 appellandos
3310 5025 3568 5093 morbos,
3585 5029 3645 5080 ut
3660 5023 3728 5080 ad
3739 5034 3849 5077 eam

2232 5114 2616 5170 hauriendam
2642 5114 3037 5169 febricitantes
3054 5113 3319 5169 certatim
3338 5114 3853 5181 conﬂuant,etssp6

2234 5202 2566 5275 sanitatem,
2585 5203 2684 5258 diu
2710 5204 2926 5259 frustra
2943 5207 3223 5275 optatam,
3238 5202 3560 5260 obtineant.
3595 5205 3653 5259 Id
3667 5204 3853 5258 testam

2235 5298 2329 5347 tur
2359 5294 2543 5348 fontes
2574 5296 2630 5347 et
2661 5292 2817 5363 putei
2851 5292 3140 5360 Bononiae,
3194 5291 3499 5348 Florentiae
3532 5298 3588 5349 et
3629 5290 3772 5355 alibi,
3798 5288 3848 5338 S-

2230 5382 2474 5438 Joannis
2498 5382 2846 5437 memoriaet
2872 5380 3170 5437 miraculis
3193 5381 3726 5455 celebres,quorum
3746 5374 3818 5432 eiﬁ
3834 5401 3853 5413 ο

2232 5472 2448 5529 caciam
2464 5471 2813 5544 prodigiosis
2827 5472 3181 5542 quibusdam
3197 5472 3477 5544 exemplis
3493 5470 3849 5545 probatLoca-

2230 5561 2403 5617 tellus
2434 5561 2532 5617 lib.
2570 5580 2605 5627 ι,
2640 5578 2765 5632 cap.
2798 5562 2920 5615 112.
2961 5560 3147 5616 Nimis
3182 5560 3421 5633 longum
3453 5562 3597 5618 foret
3627 5550 3848 5630 singulis

2229 5649 2387 5706 hisce
2400 5650 2593 5722 gloriae
2606 5650 2933 5723 posthumae
2950 5649 3344 5707 monumentis
3362 5650 3684 5718 immorari;
3700 5640 3843 5704 sufﬁ-

2231 5740 2341 5797 ciet
2372 5742 2441 5797 de
2472 5740 2778 5813 praecipuis
2810 5756 2995 5812 pauca
3034 5739 3269 5797 dixisse.
