4002 6170
166 199 288 260 769

1761 202 1961 264 ACTA
1979 247 1992 261 .

3462 215 3584 276 ’ΠΟ

164 333 469 403 sensisset,
507 337 572 388 ut
603 350 730 389 mos
759 336 846 389 est
875 334 1186 390 obstinatis
1225 336 1421 390 animo
1475 335 1817 392 hominibus
1847 337 1902 404 Α
1934 353 2061 393 meo
2087 337 2274 406 valde,
2307 342 2363 393 et
2393 339 2644 410 qualiter
2672 339 2729 397 id
2761 341 3047 398 declinem
3078 343 3314 416 penitus
3351 346 3582 420 ignoro.

165 439 384 494 magna
414 421 646 489 minari,
682 439 814 477 cum
849 423 1164 495 aliquando
1197 441 1299 479 nec
1352 430 1600 496 possunt
1632 426 1822 481 facere

164 529 366 584 parva,
391 511 563 584 cmpit
589 512 824 584 magnis
845 513 1084 568 vocibus
1107 514 1464 585 obstrepere,
1481 514 1823 570 terribiliter

164 601 382 656 minari
415 619 481 656 ac
515 601 704 657 dicere
739 620 751 656 :
785 601 908 657 Nisi
940 603 1204 674 protinus
1257 603 1523 659 redditus
1552 603 1723 658 fuerit
1754 604 1822 657 fi-

163 690 282 746 lius
315 707 504 761 meus,
530 690 588 745 in
621 690 836 762 quibus
867 691 1167 763 praevaleo,
1193 693 1416 747 fortiter
1445 693 1554 748 hoc
1583 710 1821 748 monas-

165 779 383 835 terium
414 781 784 835 adversabor.

237 870 292 923 7.
321 873 484 924 Tunc
505 867 899 941 magnanimis
921 869 1016 924 ille
1036 870 1336 926 Johannes
1359 871 1544 927 sancti
1568 871 1823 943 Spiritus

167 960 302 1030 igne
346 959 618 1024 adustus,
649 975 782 1013 cum
833 962 1058 1030 patrem
1095 959 1354 1014 audisset
1406 960 1546 1016 talia
1579 966 1825 1032 perstre-

167 1051 433 1119 pentem,
453 1065 519 1103 ex
551 1038 819 1102 Fratrum
841 1049 1203 1104 vestimentis
1226 1067 1410 1104 unum
1444 1066 1642 1104 secum
1665 1067 1826 1104 assu-

168 1138 301 1203 mit,
331 1136 712 1208 concitusque
750 1136 1058 1194 ecclesiam
1108 1138 1330 1210 petivit,
1365 1155 1618 1210 eumque
1650 1156 1828 1211 super

166 1227 368 1282 Altare
413 1226 630 1299 posuit,
689 1231 744 1281 et
794 1244 1022 1283 comam
1083 1228 1290 1299 capitis
1348 1227 1458 1284 sibi
1515 1229 1827 1301 semetipse

167 1315 446 1382 totondit,
477 1315 959 1388 apprehensoque
1005 1334 1036 1372 e
1067 1316 1300 1388 regione
1349 1321 1598 1390 utraque
1649 1335 1827 1373 manu

164 1405 542 1472 vestimento,
575 1421 636 1461 se
667 1405 892 1472 induit,
912 1410 968 1460 et
998 1405 1057 1460 in
1090 1405 1411 1462 claustrum
1448 1422 1712 1462 reversus
1737 1424 1827 1462 ar-

172 1499 342 1567 repto
375 1493 524 1550 libro
557 1494 745 1567 legere
795 1494 986 1566 coepit.
1020 1494 1416 1550 Nihilominus
1447 1496 1643 1551 Abbas
1693 1513 1828 1552 cum

169 1583 318 1649 haec,
344 1599 473 1653 qua:
505 1587 671 1637 erant
699 1586 882 1654 gesta,
916 1583 1344 1654 perpendisset,
1379 1583 1670 1639 blanditer
1692 1583 1832 1640 leni-

1929 426 2030 481 Cui
2047 428 2341 500 respondit
2361 445 2537 485 senex
2560 447 2572 484 :
2598 431 2760 495 Quod
2785 432 2929 488 dicis
2952 438 3182 505 gratum
3205 435 3348 490 satis
3369 436 3579 507 habeo,

1931 517 2032 572 sed
2065 518 2218 588 quod
2249 517 2560 574 consilium
2592 519 2696 574 tibi
2729 521 2885 589 dem,
2908 522 3139 593 penitus
3172 524 3396 596 ignoro.
3427 526 3574 583 Nam

1931 609 1997 660 ut
2029 605 2138 660 sub
2161 606 2395 661 Simone
2412 608 2576 678 Mago
2610 608 2846 677 milites,
2867 627 2901 665 a
2931 627 3022 666 me
3053 611 3212 668 nullo
3247 615 3420 670 modo
3442 633 3580 671 con-

1932 693 2130 750 silium
2162 695 2429 766 accipies.
2454 697 2528 750 Ad
2564 695 2721 751 aliud
2751 699 2796 753 si
2831 702 2886 754 te
2918 698 2975 753 in
3007 699 3099 755 his
3131 703 3398 773 partibus
3420 709 3580 759 tran-

1933 784 2116 839 sferas
2166 785 2612 853 monasterium,
2645 803 2778 842 cum
2819 791 2873 842 te
2926 793 3097 860 putas
3146 791 3348 848 dentes
3380 793 3580 866 fugere

1931 873 2139 940 leonis,
2172 891 2436 930 morsum
2486 892 2601 930 non
2637 876 2840 931 evades
2871 879 3178 950 serpentis.
3212 881 3314 936 Cui
3355 883 3580 938 Johan-

1935 979 2038 1018 nes
2072 982 2083 1018 :
2116 963 2251 1033 Nec,
2285 963 2900 1037 Pater,omittas,quin
2937 967 3246 1024 consilium
3279 973 3578 1042 praebeas;

1933 1070 2072 1108 nam
2104 1058 2340 1123 paratus
2368 1070 2498 1108 sum
2545 1070 2647 1125 pro
2679 1055 2978 1126 sequenda
3011 1057 3251 1114 veritate
3295 1059 3580 1132 quidquid

1927 1142 2178 1212 jusseris
2211 1142 2416 1198 facere.

2009 1232 2093 1286 10,
2128 1232 2382 1286 Cernens
2425 1231 2602 1303 igitur
2651 1250 2825 1288 senex
2855 1233 2962 1288 viri
2994 1233 3170 1291 ﬁdem
3203 1240 3259 1292 et
3305 1244 3579 1296 constan-

1937 1319 2098 1386 tiam,
2122 1320 2424 1392 gratulans
2447 1320 2590 1375 dixit
2611 1322 2681 1376 ad
2705 1338 2838 1377 eum
2865 1339 2876 1378 :
2910 1323 3085 1396 Perge
3105 1324 3304 1398 itaque
3325 1345 3458 1384 cum
3486 1335 3583 1386 tuo

1939 1409 2157 1473 sodale,
2181 1413 2236 1463 et
2272 1409 2327 1463 in
2373 1409 2495 1464 foro
2525 1409 2758 1480 publico
2791 1411 3064 1479 civitatis,
3087 1429 3282 1471 coram
3309 1418 3585 1475 omnibus

1937 1498 2289 1569 Episcopum
2318 1501 2373 1552 et
2391 1499 2672 1554 Abbatem
2695 1499 2953 1556 exclama
2973 1519 3100 1558 esse
3121 1503 3508 1576 Simoniacos,
3530 1512 3588 1564 et

1937 1590 2077 1642 tunc
2091 1588 2328 1643 demum
2354 1588 2490 1642 cede
2514 1587 2726 1643 locum.
2744 1589 2994 1661 Quiejus
3021 1593 3242 1649 monita
3260 1597 3586 1668 complens,

169 1677 382 1742 terque
409 1671 696 1727 sciscitari
725 1671 898 1742 ccepit
925 1671 1126 1727 dicens
1159 1689 1171 1726 :
1211 1671 1392 1728 Filius
1433 1677 1570 1728 tuus
1605 1689 1720 1729 non
1757 1674 1826 1728 ad
1862 1720 1910 1783 B
1941 1677 2010 1731 ad
2045 1677 2236 1732 forum
2267 1675 2383 1744 die,
2415 1693 2527 1746 quo
2568 1677 2789 1733 sciebat
2819 1695 3022 1736 omnes
3053 1682 3277 1754 adesse,
3322 1685 3585 1752 veniens,

177 1766 228 1783 Α-
264 1759 462 1783 --Α-2..-
491 1759 610 1783 ----1ι
638 1779 648 1783 -
683 1764 741 1783 1--
780 1764 966 1783 ---ι-...
1029 1760 1073 1783 -3
1113 1760 1250 1783 I11_-L
1307 1761 1436 1783 __-“2
1476 1763 1539 1783 -.1
1583 1779 1700 1783 ______
1766 1764 1826 1783 τπι
1940 1765 1978 1783 π
2032 1765 2068 1783 ',
2095 1781 2106 1783 4
2129 1782 2138 1783 κ
2173 1782 2180 1783 ,
2371 1768 2412 1783 ,ι
2487 1765 2536 1783 ιι
2563 1765 2576 1783 ι
2645 1769 2654 1783 ι
2677 1782 2682 1783 ,
2984 1768 3019 1783 11
3104 1771 3135 1783 ο.
3201 1771 3255 1783 η..
3410 1774 3420 1783 .

177 1766 234 1816 te
264 1759 464 1816 venire
491 1759 650 1828 vult;
683 1764 746 1814 tu
779 1764 994 1830 autem,
1028 1760 1077 1815 si
1112 1760 1275 1829 libet,
1307 1761 1439 1816 veni
1471 1763 1542 1816 ad
1575 1779 1730 1818 eum.
1766 1764 1832 1818 Et
1863 1759 1910 1783 ”
1940 1765 2296 1836 Episcopum
2363 1768 2420 1819 et
2471 1765 2757 1821 Abbatem
2833 1768 3145 1840 appellavit
3199 1771 3583 1831 Simoniacos.

173 1867 309 1905 cum
347 1850 417 1905 ad
450 1867 584 1906 eum
617 1850 870 1905 venisset
889 1849 1249 1918 Walbertus,
1272 1855 1329 1905 et
1355 1855 1418 1906 ut
1439 1855 1563 1906 erat
1593 1868 1829 1924 compo-

171 1940 351 2006 situs,
385 1939 646 2004 vidisset,
685 1943 803 1994 tam
834 1937 932 1994 ille
980 1955 1158 2010 quam
1191 1955 1415 2007 omnes,
1451 1941 1548 2012 qui
1600 1957 1731 1996 cum
1764 1957 1830 1996 eo

95 2031 102 2037 ’
168 2032 476 2101 venerant,
493 2032 791 2100 cceperunt
825 2032 1024 2100 pectus
1049 2029 1312 2096 tundere,
1336 2029 1578 2102 capillos
1597 2030 1828 2098 vellere,

167 2118 522 2174 vestimenta
553 2117 839 2185 scindere,
869 2121 925 2173 et
977 2118 1034 2172 in
1067 2121 1286 2174 terram
1321 2119 1667 2190 semetipsos
1701 2137 1828 2192 per-

167 2212 394 2274 cutere,
444 2206 794 2279 magnisque
835 2206 1075 2262 vocibus
1124 2207 1362 2278 ejulare,
1399 2225 1465 2263 ac
1517 2208 1707 2265 dicere
1740 2225 1753 2263 :
1787 2209 1830 2263 O

168 2296 540 2367 dulcissime,
599 2301 774 2368 atque
818 2296 1246 2364 amantissime,
1306 2314 1488 2368 quare
1530 2299 1698 2354 nobis
1749 2298 1831 2353 sic

168 2385 364 2442 fecisti
397 2390 463 2440 ut
492 2385 663 2452 clam,
688 2387 856 2441 nobis
887 2385 1174 2450 dimissis,
1197 2387 1280 2442 sic
1303 2387 1493 2442 abires
1514 2388 1542 2442 ?
1573 2390 1833 2458 Cumque

176 2477 303 2532 haec
326 2479 385 2532 et
406 2475 541 2542 alia,
559 2480 732 2546 atque
759 2475 857 2530 diu
887 2465 1260 2547 multumque
1282 2475 1683 2548 replicassent,
1710 2482 1835 2532 tan-

179 2566 318 2620 dem
344 2566 511 2621 Pater
535 2564 605 2619 ad
639 2564 1022 2637 semetipsum
1047 2582 1334 2634 reversus,
1361 2582 1494 2621 eum
1517 2565 1831 2635 benedixit,

174 2659 232 2710 et
265 2655 339 2710 ad
375 2653 607 2726 propria
636 2654 896 2709 recessit.

250 2745 306 2798 8.
332 2743 474 2798 Post
494 2742 614 2797 haec
636 2741 815 2815 igitur
843 2741 941 2798 ille
963 2743 1078 2798 Deo
1103 2743 1484 2799 fidelissimus
1514 2744 1834 2811 Johannes,

175 2832 377 2906 gratia
390 2831 489 2886 Dei
509 2821 768 2904 undique
787 2831 1528 2904 circumfusus,permansit
1550 2833 1609 2888 in
1632 2835 1834 2889 eodem

179 2921 546 2978 monasterio
575 2920 634 2975 in
664 2921 823 2976 omni
854 2922 1204 2989 obedientia,
1236 2925 1292 2976 et
1313 2928 1513 2978 sancta
1537 2940 1840 2980 conversa-

179 3012 368 3078 tione,
400 3025 587 3082 usque
617 3011 688 3065 ad
721 3009 945 3065 obitum
979 3010 1246 3078 Abhatis,
1279 3011 1378 3082 qui
1410 3028 1474 3066 eo
1498 3015 1757 3084 tempore
1777 3011 1837 3067 in

1939 1853 2100 1917 Quod
2134 1854 2375 1920 factum,
2411 1870 2690 1926 magnum
2723 1856 2998 1912 omnibus
3029 1857 3228 1914 intulit
3258 1863 3587 1932 pavendum

1939 1958 2192 1997 errorem
2243 1942 2379 2014 [leg.
2414 1945 2744 2015 terrorem],
2789 1945 3290 2016 proclamantibus
3339 1949 3587 2008 multis:

1940 2031 2286 2086 Nullatenus
2335 2033 2561 2103 evadat,
2594 2035 2707 2089 'sed
2759 2035 3074 2091 occidatur.
3127 2039 3292 2094 Tunc
3350 2040 3590 2112 quidam

1942 2121 2407 2207 propinquorum
2457 2121 2617 2176 illius
2660 2129 2926 2180 eruentes
2957 2142 3114 2192 eum,
3147 2127 3297 2184 clam
3349 2130 3592 2188 dimise-

1943 2215 2098 2264 runt.
2141 2210 2248 2273 Qui
2299 2211 2368 2264 ad
2425 2227 2703 2282 magnum
2752 2230 2952 2268 senem
3004 2215 3216 2271 reversi
3266 2219 3594 2275 retulerunt

1942 2300 2081 2370 quid
2121 2299 2406 2354 evenisset
2457 2299 2591 2355 sibi.
2628 2301 2693 2355 Et
2723 2300 2822 2356 ille
2871 2304 3289 2374 congratularis
3321 2308 3594 2381 praecepit

1941 2387 2000 2441 in
2035 2387 2329 2442 Romaniae
2353 2387 2466 2458 (26)
2500 2387 2763 2459 partibus
2780 2405 3038 2466 pergere,
3068 2395 3126 2446 et
3152 2395 3356 2463 aptum
3389 2411 3592 2451 mona-

1944 2477 2191 2532 sterium
2224 2475 2539 2548 inquirere,
2574 2476 2671 2531 ubi
2703 2482 2942 2549 possent
2966 2478 3199 2535 Christo
3231 2483 3466 2538 servire.

2018 2569 2104 2620 11.
2136 2565 2522 2637 Pergentibus
2571 2565 2768 2636 itaque
2820 2582 2923 2638 per
2962 2567 3192 2624 diversa
3240 2573 3596 2629 monasteria

1947 2673 2049 2728 per
2079 2654 2411 2726 aliquantos
2443 2655 2590 2719 dies,
2623 2655 2863 2726 quidam
2913 2674 3136 2729 pauper
3166 2657 3224 2713 in
3261 2676 3379 2716 una
3407 2661 3500 2717 die
3533 2680 3595 2718 se

1947 2744 2066 2800 illis
2099 2743 2333 2798 obvium
2366 2743 2520 2809 tulit,
2555 2744 2873 2816 deprecans
2898 2750 2959 2800 ut
2988 2747 3100 2802 sibi
3132 2747 3596 2807 misericordiam

1948 2833 2292 2888 tribuerent.
2327 2832 2490 2887 Tunc
2521 2831 2623 2886 Vir
2651 2832 2751 2888 Dei
2783 2831 3079 2890 Johannes
3109 2837 3181 2892 ad
3215 2854 3390 2894 suum
3421 2839 3599 2895 comi-

1947 2927 2065 2978 tem
2093 2941 2104 2977 :
2131 2922 2290 2977 Mitte
2314 2937 2581 2990 manum,
2611 2921 2822 2994 inquit,
2852 2924 2911 2978 in
2935 2940 3155 2995 peram,
3181 2926 3398 2994 Frater,
3417 2933 3473 2984 et
3495 2946 3598 3001 pa-

1949 3027 2287 3082 nem,quem
2313 3009 3336 3088 habemus,divide,medietatemque
3358 3019 3600 3091 pauperi

183 3101 399 3156 eodem
431 3099 783 3155 monasterio
831 3100 1094 3171 degebat.
1129 3100 1292 3155 Tunc
1321 3100 1516 3172 itaque
1548 3102 1605 3157 in
1637 3103 1838 3158 eodem
1871 3091 1914 3157 C
1952 3102 2162 3156 tribue.
2199 3101 2497 3154 Renuente
2544 3099 2642 3155 illo
2693 3104 2868 3171 atque
2911 3102 3134 3160 dicente
3169 3122 3181 3161 :
3218 3105 3323 3161 Per
3370 3107 3601 3164 diversa

187 3189 552 3246 monasterio
567 3189 942 3260 eratquidam
955 3187 1202 3244 callidus
1219 3190 1626 3261 etingeniosus
1644 3208 1844 3247 mona-

186 3280 367 3350 chus,
400 3278 636 3334 nomine
675 3278 926 3334 Ubertus
956 3279 1092 3350 ('33),
1126 3277 1227 3350 qui
1275 3278 1460 3352 gloria
1507 3279 1843 3352 cupiditatis

187 3372 407 3441 captus
437 3371 492 3423 et
531 3367 783 3435 illectus,
819 3384 922 3440 per
968 3368 1277 3439 pecuniam
1327 3368 1585 3440 regimen
1616 3369 1687 3424 ab
1717 3369 1844 3440 epi-

182 3475 370 3530 scopo
387 3457 730 3514 Florentium
744 3457 848 3512 civi
860 3456 1121 3528 tatis,qui
1136 3455 1219 3510 illi
1234 3457 1588 3513 monasterio
1603 3463 1847 3530 prazerat

183 3547 440 3620 accepit.
463 3547 625 3612 Quod
648 3548 853 3602 beatus
873 3545 1129 3602 Joannes
1161 3547 1550 3618 comperiens,
1574 3564 1708 3602 cum
1733 3548 1844 3603 alio

183 3638 298 3694 sibi
332 3638 557 3692 favente
589 3636 736 3692 clam
769 3636 976 3692 exinde
1016 3635 1307 3704 discessit,
1340 3640 1396 3690 et
1425 3636 1714 3692 civitatem
1756 3637 1847 3692 in-

183 3727 401 3800 gressi,
428 3726 499 3780 ad
525 3726 838 3798 quemdam
864 3741 1166 3797 magnum,
1191 3729 1248 3780 et
1270 3725 1732 3781 famosissimum
1757 3743 1847 3782 se-

190 3833 356 3886 nem,
395 3811 633 3870 nomine
663 3816 989 3870 Teuzonem
1040 3815 1176 3884 (24),
1216 3819 1523 3883 venerunt,
1557 3814 1656 3886 qui
1685 3832 1851 3872 vene-

187 3905 401 3961 rabilis
433 3904 562 3959 vitze
595 3909 734 3959 tunc
766 3904 923 3958 intra
973 3903 1318 3959 Florentium
1350 3904 1512 3959 urbis
1545 3905 1759 3960 mmnia
1787 3905 1851 3962 in

191 3995 456 4068 quadam
511 4011 690 4066 parva
735 3991 945 4048 cellula
987 3993 1157 4063 juxta
1210 3994 1630 4050 monasterium
1663 3994 1849 4050 Beata:

195 4083 396 4140 Marias
419 4099 651 4154 semper
674 4081 930 4153 Virginis
955 4081 1068 4153 (25)
1092 4081 1334 4152 praefatis
1363 4082 1612 4138 civitatis
1632 4100 1693 4139 se
1715 4100 1844 4138 con-

194 4172 552 4240 cluserat,de
576 4188 688 4243 qua
711 4169 936 4225 cunctis
959 4169 1222 4225 salubria
1242 4170 1418 4226 dabat
1440 4171 1746 4239 monita,et
1767 4189 1855 4227 sa-

198 4262 442 4317 lutifera
472 4259 692 4316 nemini
723 4259 974 4331 negabat
1006 4258 1266 4314 consilia.

267 4352 324 4408 9.
349 4349 457 4404 Hic
478 4348 707 4421 publice
747 4348 1136 4404 Simoniacam
1166 4339 1477 4419 [hmresim]
1513 4349 1853 4418 damnabat,

199 4457 329 4513 qua:
365 4442 556 4494 totum
581 4437 1055 4494 Ecclesiasticum
1087 4437 1361 4492 Ordinem
1392 4441 1651 4509 tempore
1674 4438 1856 4494 multo

199 4529 440 4602 penitus
463 4528 771 4583 invaserat.
797 4527 877 4582 Ad
904 4542 1078 4599 quem
1110 4526 1211 4580 Vir
1242 4525 1342 4580 Dei
1375 4526 1672 4582 Johannes
1693 4544 1858 4584 acce-

201 4620 375 4682 dens,
399 4617 494 4672 his
517 4617 708 4672 verbis
753 4615 1056 4688 alloquens
1093 4633 1104 4671 :
1130 4616 1400 4685 Obsecro,
1431 4615 1530 4682 ait,
1558 4617 1635 4670 mi
1667 4621 1858 4686 Pater,

205 4712 268 4762 ut
292 4705 446 4760 mihi
467 4706 524 4760 in
540 4705 903 4760 haesitatione
926 4705 1114 4776 posito
1137 4721 1251 4759 non
1269 4704 1736 4771 modica,sancta
1760 4711 1863 4762 tua

208 4813 280 4852 ne
311 4795 575 4867 deneges
607 4793 868 4850 consilia.
893 4795 1010 4849 Sub
1042 4793 1359 4849 simoniaco
1381 4793 1548 4848 Patre
1571 4793 1760 4850 vivere
1789 4794 1861 4849 ti-

301 4976 396 5043 23)
422 4974 589 5028 Forte
618 4972 667 5028 is
692 4973 917 5030 Ubertus
938 4971 1092 5045 idem
1115 4975 1224 5038 est,
1247 4971 1344 5044 qui
1367 4973 1524 5045 apud
1553 4972 1863 5045 Ughellum

205 5051 262 5102 et
289 5044 706 5100 Mabillonium
757 5049 997 5099 vocatur
1027 5044 1274 5114 Ubertus,
1309 5044 1377 5098 ad
1413 5061 1584 5115 quem
1611 5044 1860 5101 Benedi-

205 5124 340 5173 ctus
374 5117 714 5193 l_X_s_cri_psit
744 5115 1075 5193 epistolam,
1109 5131 1284 5186 quam
1318 5115 1552 5171 exhibet
1585 5117 1863 5189 Ughellus

209 5195 357 5244 tom.
393 5187 470 5243 III
502 5187 654 5247 Ital..
687 5187 793 5243 col;
829 5189 917 5240 8'2.

267 5261 398 5386 ($24)
449 5260 554 5323 Qui
606 5261 675 5341 de
723 5260 988 5315 Teuzone
1035 5256 1375 5340 distinctius
1425 5258 1636 5347 instrui
1681 5261 1862 5341 cupit,

308 5337 403 5386 eat
437 5335 748 5386 Baronium
782 5331 853 5386 ad
887 5345 1107 5385 annum
1139 5329 1348 5383 Christi
1384 5329 1539 5386 106.3.
1572 5335 1630 5384 et
1658 5333 1862 5386 Guido-

207 5328 403 5387 videat
437 5331 748 5386 Baronium
782 5331 853 5386 ad
887 5345 1107 5385 annum
1139 5328 1348 5383 Christi
1384 5329 1539 5395 1063,
1572 5335 1630 5384 et
1658 5328 1868 5386 Guido-

213 5421 346 5458 nem
383 5402 687 5458 Grandum
729 5403 968 5458 Dissert.
1000 5402 1054 5467 2,
1090 5417 1215 5469 cap.
1252 5401 1303 5465 4,
1334 5417 1495 5454 num.
1531 5402 1614 5455 13.

284 5474 397 5546 (25)
447 5476 623 5529 Juxta
670 5474 1070 5530 Mabillonium
1122 5472 1181 5526 in
1232 5472 1386 5526 notis
1433 5472 1518 5546 a_d_
1555 5473 1748 5528 Vitam
1807 5474 1863 5531 S.

209 5542 453 5606 Joannis
504 5547 784 5605 Gualberti
831 5563 960 5604 sae.
1013 5562 1091 5616 v1,
1142 5547 1290 5618 part.
1339 5546 1395 5610 2,
1445 5542 1544 5600 fol.
1603 5547 1732 5618 270,
1780 5550 1869 5603 est

1951 3189 2100 3245 ostia
2131 3188 2300 3242 hodie
2332 3188 2442 3242 iste
2471 3188 2789 3258 gradietur,
2813 3193 2870 3244 et
2899 3191 3267 3248 abundanter
3296 3196 3345 3250 ei
3378 3196 3600 3252 tribue-

1953 3283 2086 3346 tur;
2114 3294 2221 3333 nos
2243 3277 2570 3348 autem,qui
2588 3294 2701 3332 non
2722 3277 2834 3332 nisi
2854 3296 3038 3334 unum
3055 3297 3266 3351 panem
3289 3282 3598 3355 habemus,

1954 3367 2110 3422 unde
2139 3365 2652 3421 sustentabimur?
2673 3367 2742 3420 Et
2763 3365 2862 3421 ille
2885 3383 2898 3422 :
2925 3367 3006 3421 Ne
3045 3370 3356 3437 cuncteris,
3384 3373 3600 3440 Frater,

1954 3457 2231 3511 tribuere.
2247 3457 2496 3526 Accepto
2517 3453 2716 3525 itaque
2737 3471 2885 3526 pane
2907 3472 3127 3527 pauper
3137 3457 3357 3528 gratias
3371 3459 3601 3531 agebat;

1955 3550 2010 3602 et
2042 3561 2275 3600 rursum
2300 3543 2550 3614 imperat
2580 3543 2766 3598 sodali
2798 3543 2971 3599 aliam
2997 3546 3366 3602 medietatem
3399 3547 3601 3603 tribui.

1956 3638 2078 3700 Quo
2112 3637 2362 3706 peracto,
2396 3632 2648 3704 imperat
2669 3637 2927 3688 castrum
2959 3633 3206 3707 ingredi,
3240 3641 3296 3691 et
3325 3641 3602 3710 sumptus

1955 3724 2068 3780 sibi
2093 3721 2451 3778 necessarios
2473 3738 2574 3794 per
2594 3722 2799 3777 domos
2821 3722 3060 3795 inquiri.
3078 3723 3471 3781 Perlustrante
3493 3725 3602 3783 ita-

1959 3830 2072 3886 que
2101 3830 2166 3868 eo
2199 3829 2301 3884 per
2331 3811 2590 3866 diversas
2622 3813 2849 3882 domos,
2885 3813 2956 3868 ad
2988 3812 3264 3870 ultimum
3298 3831 3604 3872 reversus:

1925 3915 1930 3920 '
1958 3904 2064 3971 En,
2098 3901 2308 3973 inquit,
2340 3901 2440 3973 qui
2472 3917 2681 3972 panem
2705 3902 2940 3972 jussisti
2970 3901 3244 3970 tribuere,
3279 3921 3382 3976 per
3417 3908 3608 3960 totum

1961 3997 2219 4048 castrum
2235 3989 2586 4046 circumiens
2609 4007 2722 4046 non
2746 3989 2857 4046 nisi
2872 3991 3099 4048 triaova
3127 3992 3428 4064 acquisivi.
3446 3995 3610 4049 Tunc

1963 4081 2202 4154 quidam
2244 4083 2546 4151 pastorum
2564 4078 2684 4133 haec
2701 4078 3099 4151 inspicientes,
3120 4082 3190 4137 ad
3206 4087 3465 4138 castrum
3489 4099 3613 4156 per-

1962 4173 2183 4244 gentes,
2205 4184 2588 4240 quaecumque
2602 4167 2867 4224 viderant
2894 4169 3047 4225 intro
3078 4171 3518 4228 nuntiaverunt.
3546 4173 3615 4227 Et

1963 4259 2204 4332 quidam
2237 4257 2639 4312 misericordia
2669 4261 2885 4327 motus,
2917 4257 3036 4314 illis
3067 4276 3402 4329 occurrens,
3426 4277 3614 4316 unum

1967 4364 2175 4420 panem
2201 4346 2474 4418 porrexit,
2508 4362 2734 4402 necnon
2766 4352 2824 4402 et
2854 4349 3121 4418 quaedam
3155 4349 3374 4405 femina
3403 4349 3614 4406 nitenti

1965 4438 2142 4492 linteo
2164 4435 2399 4491 aliunde
2420 4434 2576 4502 tulit,
2607 4436 2843 4490 tertium
2876 4453 3107 4508 quoque
3139 4437 3289 4492 alius
3321 4439 3616 4494 condona-

1968 4525 2065 4581 vit.
2091 4526 2254 4580 Tunc
2275 4523 2572 4579 Johannes
2598 4541 2610 4577 :
2636 4523 2718 4577 En
2741 4525 2959 4593 Frater,
2983 4526 3176 4596 accipe
3201 4525 3354 4596 quod
3377 4526 3615 4582 dedisti.

2044 4617 2129 4670 12.
2163 4614 2544 4684 Peragrantes
2587 4613 2782 4683 itaque
2814 4613 3042 4668 diversa
3089 4615 3467 4684 monasteria,
3501 4631 3617 4669 non

1972 4705 2291 4760 admodum
2308 4702 2419 4756 sibi
2443 4706 2577 4772 apta
2593 4701 2969 4756 inveniebant
2986 4718 2998 4755 :
3015 4702 3087 4756 ad
3107 4701 3479 4758 Camaldulas
3504 4703 3617 4774 (27)

1971 4793 2165 4848 venire
2195 4791 2470 4859 decrevit,
2501 4790 2598 4844 ubi
2634 4805 2736 4861 per
2764 4789 2982 4845 multos
3014 4790 3137 4846 dies
3169 4790 3408 4863 degens,
3432 4791 3620 4847 absti-

1972 4971 2197 5028 celebre
2238 4967 2522 5023 hactenus
2571 4965 2804 5022 Ordinis
2853 4967 3149 5025 Benedicti
3199 4970 3524 5026 emnobium
3558 4969 3618 5026 in

1973 5045 2100 5115 ipsa
2131 5041 2272 5115 ur_be
2308 5038 2654 5115 Florentina.

2045 5115 2156 5185 (26)
2185 5113 2334 5185 Puto
2370 5109 2465 5164 hic
2496 5110 2741 5185 indicari
2793 5113 3213 5168 Romandz’olam
3243 5113 3622 5185 Florentinam

1974 5183 2145 5256 vulgo
2175 5184 2230 5237 la
2261 5183 2536 5256 Romagna
2557 5184 2895 5256 Fiorentz'na,
2917 5201 3044 5255 quae
3064 5200 3268 5256 versus
3288 5183 3620 5254 Apennium

1975 5254 2233 5328 montem
2252 5254 2466 5328 subest
2496 5271 2708 5328 magno
2757 5254 2891 5328 duci
2925 5254 3220 5325 Hetruriae,
3254 5262 3460 5328 estque
3486 5273 3620 5328 pars

1976 5325 2376 5385 Romandiolm
2406 5327 2647 5396 majoris
2673 5344 2686 5394 ;
2719 5327 2889 5395 cujus
2920 5327 3095 5381 urbes
3136 5331 3194 5381 et
3223 5325 3504 5383 terminos
3532 5344 3620 5384 re-

1975 5404 2174 5456 censet
2201 5397 2511 5471 Baudrand
2544 5402 2685 5452 tom.
2721 5397 2769 5451 ll
2798 5397 3195 5471 Geographiaa,
3229 5415 3386 5471 pag.,
3417 5401 3536 5454 177.

2046 5473 2159 5542 (27)
2195 5470 2255 5524 Id
2289 5473 2376 5524 est
2404 5469 2475 5524 ad
2507 5483 2770 5544 eremum
2800 5469 3333 5544 Camaldulensem;
3366 5488 3491 5544 quas
3521 5471 3622 5527 tri-

1977 5539 2150 5619 ginta
2196 5557 2481 5615 passuum
2530 5539 2794 5599 millibus
2844 5539 3022 5600 distat
3070 5539 3620 5605 Florentia'versus
