4022 6160
396 141 508 201 771

1454 131 1516 190 S.
1563 127 1888 190 JOANNIS
1935 125 2381 190 GUALBERTI
2424 127 2758 189 ABBATIS

3690 129 3816 190 "1'12

398 271 678 328 mentiam
696 265 1258 323 etconversationem
1284 260 1515 317 illorum
1541 259 2042 332 inspexit,necnon
2076 262 2128 326 A
2159 276 2338 331 supra
2359 259 2748 332 quadraginta
2769 275 2954 316 annos
2986 259 3249 330 ejusdem
3283 256 3528 312 cmnobii
3559 257 3812 315 Cellara-

401 365 457 417 et
488 353 764 431 injuriam
798 354 1057 428 pertulit.
1091 354 1255 408 Tunc
1302 349 1482 416 Prior,
1516 349 1617 420 qui
1658 347 1758 403 illo
1788 352 2048 420 tempore

403 452 624 516 aderat,
659 448 728 502 ad
761 459 992 500 sacrum
1017 440 1291 496 Ordinem
1317 455 1448 494 eum
1469 454 1804 510 promovere
1827 436 2045 508 volens,

401 544 459 594 et
490 541 553 602 ut
601 533 978 590 stabilitatem
1026 531 1211 596 daret,
1242 528 1452 598 renuit,
1499 527 1638 598 quia
1685 527 1811 595 ejus
1863 527 2049 582 fervor

404 623 638 682 nonnisi
668 624 726 677 in
782 619 1112 676 coenobitali
1138 618 1255 674 vita
1284 622 1427 684 erat,
1462 622 1525 672 ut
1571 616 1724 671 beati
1755 614 2048 671 Benedicti

404 711 625 785 Regula
645 710 882 766 indicat.
901 709 1154 780 Imperat
1174 706 1273 763 ille
1295 706 1611 773 discedere,
1638 720 1929 776 suumque
1947 705 2046 759 de-

403 801 686 858 siderium
736 797 1074 870 adimplere.
1109 797 1312 852 Fertur
1342 811 1614 865 namque,
1647 793 1840 849 divino
1889 809 2046 848 reve-

403 891 564 946 lante
616 887 858 960 Spiritu,
892 887 1108 943 dixisse
1141 903 1153 940 :
1189 887 1368 953 Vade,
1403 889 1459 940 et
1509 889 1679 938 tuum
1711 883 2045 937 institutum

400 979 613 1050 incipe.
647 978 753 1044 Qui
800 978 936 1031 inde
984 975 1351 1048 progediens,
1383 975 1454 1029 ad
1505 971 1687 1028 Vallis
1735 972 2046 1027 Umbrosa-

400 1085 543 1124 num
577 1068 690 1140 (28)
714 1067 962 1139 perrexit
998 1065 1190 1121 videre
1220 1063 1434 1119 locum.
1456 1062 1563 1118 Ubi
1594 1078 1726 1117 cum
1752 1060 2046 1133 pervenis-

398 1163 508 1224 set,
543 1161 851 1228 susceptus
873 1159 960 1210 est
980 1157 1277 1226 gratanter
1300 1170 1332 1207 a
1357 1152 1587 1208 duobus
1615 1150 1914 1205 Fratribus
1945 1148 2049 1202 ibi-

399 1249 532 1302 dem
555 1243 944 1308 morantibus,
965 1243 1100 1298 licet
1122 1241 1424 1311 sejunctis.
1441 1241 1540 1296 Cui
1577 1256 1709 1293 cum
1733 1238 2048 1310 placuisset

399 1337 582 1402 locus,
619 1335 849 1389 firmare
880 1332 1221 1388 deliberavit
1250 1347 1538 1402 gressum.

1069 1455 1276 1510 IAPUT
1315 1455 1386 1510 Il.

1069 1459 1134 1510 ‘X
1232 1456 1276 1510 T
1315 1455 1386 1510 Il.

407 1551 463 1605 S.
496 1548 768 1605 Johan-nes
799 1459 1119 1602 Gualberttfs
1143 1455 1320 1600 Syrios
1350 1544 1650 1615 discipulos
1669 1543 1868 1615 pietate
1888 1542 2046 1615 illius-

471 1625 578 1698 tres
605 1619 1018 1698 sibiadsciscit,
1042 1614 1523 1698 novosquerigﬁitte
1543 1619 1771 1680 exercet,
1795 1614 2044 1698 aquibus
2074 1634 2120 1698 Β

465 1693 528 1747 ob
557 1693 823 1747 eximiam
854 1692 1114 1745 virtutem
1135 1689 1347 1742 abbatis
1377 1689 1621 1758 ofﬁcium
1649 1689 1926 1755 acceptare
1955 1700 2040 1739 ro-

466 1767 640 1832 gitur.

463 1871 549 1922 13.
585 1870 707 1932 Quo
738 1868 815 1922 ibi
852 1871 1133 1932 morante,
1167 1869 1223 1920 et
1270 1864 1331 1918 in
1364 1869 1566 1920 sancta
1600 1861 2035 1919 conversatione

392 1957 748 2028 proﬁciente,
783 1972 899 2010 non
932 1959 1018 2009 est
1055 1959 1202 2009 Deus
1235 1970 1445 2025 passus
1495 1953 1594 2007 diu
1627 1951 1925 2006 lucernam
1956 1950 2040 2005 la-

392 2051 533 2114 tere,
553 2063 728 2117 quam
751 2045 1120 2116 disposuerat
1146 2044 1217 2098 ad
1241 2043 1558 2097 multorum
1579 2041 1806 2095 animas
1832 2039 2043 2094 illumi-

392 2135 618 2190 nandas
667 2151 842 2206 super
893 2132 1158 2188 Ecclesiae
1213 2147 1425 2203 ponere
1474 2129 1910 2186 candelabrum.
1957 2129 2041 2182 Ad

390 2224 888 2296 comprobandam
942 2239 1196 2294 namque
1243 2223 1369 2292 ejus
1399 2220 1574 2275 vitam
1623 2218 2035 2285 venerabilem,

390 2316 626 2370 Creator
655 2312 920 2368 omnium
944 2327 1139 2366 rerum
1166 2316 1315 2366 Deus
1348 2309 1698 2365 miraculum
1728 2308 1943 2362 ibidem
1967 2308 2040 2362 ab

389 2402 515 2474 ipso
535 2401 920 2458 suiadventus
943 2406 1223 2472 tempore,
1251 2416 1438 2470 usque
1455 2415 1611 2454 nunc
1636 2398 2040 2452 demonstrare

389 2491 684 2564 dignatur.
710 2491 856 2545 Nam
891 2490 1060 2544 arbor
1081 2489 1370 2559 quaedam,
1392 2505 1520 2559 quae
1551 2486 1724 2558 vulgo
1753 2487 1920 2558 fagus
1940 2503 2038 2540 vo-

389 2585 574 2645 catur,
596 2596 774 2652 supra
796 2596 911 2634 non
938 2577 1108 2649 longe
1139 2593 1172 2631 a
1191 2576 1314 2631 loco
1335 2576 1623 2640 eminens,
1652 2592 1753 2646 per
1773 2574 2038 2646 singulos

387 2685 571 2724 annos
593 2673 726 2724 ante
749 2682 951 2721 omnes
969 2666 1139 2721 ﬂores
1163 2665 1451 2736 producit,
1478 2663 1749 2734 foliisque
1769 2662 2033 2718 vestitur.

463 2758 548 2811 14.
585 2757 730 2811 Nam
755 2755 895 2809 dum
913 2755 1040 2825 ejus
1063 2753 1345 2825 paulatim
1377 2753 1532 2808 fama
1559 2768 1661 2824 per
1681 2752 2036 2807 vicinitatem

389 2845 637 2900 diffundi
669 2844 960 2915 cmpisset,
985 2846 1281 2913 cmperunt
1310 2843 1381 2898 ad
1413 2858 1545 2897 eum
1578 2841 1773 2896 venire
1805 2840 1956 2911 laici,
1982 2846 2038 2897 et

389 2933 583 2988 clerici
605 2933 793 3004 gratia
821 2930 1173 2986 visitationis
1197 2934 1252 2985 et
1281 2929 1696 2985 conversionis.
1717 2931 1869 2985 Inter
1890 2947 2035 3000 quos

2157 348 2280 403 rius
2314 348 2419 403 fuit
2453 353 2509 403 et
2542 366 2802 420 coquus;
2839 366 2943 404 nec
2967 364 3249 420 umquam
3282 364 3384 419 pro
3417 346 3610 403 labore
3643 347 3814 414 cella;

2157 438 2414 493 deseruit
2444 438 2700 492 cilicium
2729 437 3009 509 coquinaa,
3039 454 3143 492 nec
3165 453 3264 508 pro
3296 435 3492 492 labore
3519 437 3808 508 coquinae,

2158 544 2358 582 curam
2391 527 2589 582 omisit
2619 527 2794 582 cellae.
2827 531 2988 581 Tunc
3010 526 3106 582 ille
3147 527 3335 582 Teuzo
3367 526 3478 598 (31)
3503 527 3813 598 magnani-

2159 616 2272 671 mis
2297 617 2473 684 venit,
2498 617 2595 689 qui
2628 619 2709 671 ita
2740 633 2926 688 usque
2956 616 3025 670 ad
3059 619 3349 671 senectam
3381 614 3664 670 charitate
3698 616 3811 671 fer-

2155 722 2297 761 vens
2325 706 2563 771 exstitit,
2596 710 2660 760 ut
2690 722 2803 761 non
2838 705 3027 761 solum
3050 704 3300 770 animas,
3333 705 3432 759 sed
3467 705 3645 760 etiam
3683 723 3809 761 om-

2158 795 2256 850 nia
2284 795 2458 850 vellet
2486 795 2703 850 mederi
2737 811 3000 866 corpora.

2231 886 2316 938 15.
2349 885 2620 940 Exierant
2651 885 2720 939 de
2746 884 2982 956 praefato
3006 883 3266 938 coenobio
3290 883 3522 939 Fratres
3544 883 3812 955 plerique

2157 973 2418 1046 exemplo
2451 977 2506 1028 et
2531 975 2746 1044 (amore
2793 974 3060 1039 Joannis,
3093 976 3147 1028 et
3179 972 3249 1027 ad
3303 987 3440 1027 eum
3486 971 3809 1038 venientes,

2158 1079 2364 1118 novam
2399 1079 2534 1118 cum
2583 1080 2648 1118 eo
2680 1062 3192 1135 apprehenderunt
3242 1060 3710 1118 conversionem.
3743 1061 3809 1116 Hi

2157 1151 2418 1224 Magistri
2450 1152 2712 1224 exemplo
2764 1157 2820 1207 et
2867 1150 3288 1217 exhortatione,
3319 1151 3462 1206 dum
3513 1151 3575 1205 in
3605 1155 3816 1206 sancta

2159 1241 2373 1296 fervere
2414 1241 2726 1313 cmpissent
2773 1241 3166 1308 conversione,
3199 1243 3498 1295 tantorum
3547 1239 3812 1294 virorum

2156 1329 2330 1401 coepit
2353 1331 2507 1385 fama
2528 1329 2721 1402 spargi
2744 1330 3024 1401 undique.
3052 1330 3167 1384 [loc
3193 1328 3440 1384 audiens
3455 1328 3584 1395 Itta,
3621 1329 3811 1385 sancti

2155 1418 2346 1474 Ylaris
2377 1419 2487 1490 (32)
2530 1419 2860 1488 Abbatissa,
2895 1419 3066 1489 cujus
3087 1418 3211 1489 juri
3243 1417 3422 1473 locus
3454 1417 3811 1489 pertinebat,

2155 1508 2351 1579 gavisa
2404 1506 2602 1575 nimis,
2627 1508 2788 1563 misit
2811 1508 2894 1563 eis
2925 1507 3210 1563 librorum
3240 1511 3296 1562 et
3323 1507 3584 1562 victuum
3613 1524 3814 1579 quan-

2154 1597 2580 1667 tulumcunque
2629 1597 2980 1652 subsidium.
3016 1597 3151 1659 Sed,
3198 1600 3263 1650 ut
3310 1594 3391 1650 ait
3440 1595 3808 1667 Apostolus:

2153 1685 2366 1740 Omnes
2397 1685 2496 1756 qui
2516 1685 2606 1757 pie
2635 1684 2838 1740 volunt
2857 1685 3046 1740 vivere
3068 1685 3126 1738 in
3157 1684 3386 1740 Christo
3415 1684 3580 1751 Jesu,
3604 1700 3810 1757 perse-

2153 1773 2446 1828 cutionem
2486 1774 2830 1844 patiuntur;
2863 1778 2985 1829 tam
3035 1790 3269 1846 gravem
3299 1773 3749 1829 infestationem
3779 1792 3813 1829 a

2153 1863 2508 1934 quibusdam
2557 1863 2696 1918 viris
2749 1863 2993 1934 iniquis,
3018 1863 3438 1936 instigantibus
3495 1863 3810 1934 spiritibus

2156 1951 2450 2024 malignis,
2474 1956 2612 2007 tunc
2637 1956 2776 2007 sunt
2804 1953 2982 2024 passi,
3007 1953 3076 2008 de
3107 1952 3230 2008 loco
3255 1952 3589 2008 volentibus
3609 1951 3810 2025 expel-

2153 2042 2168 2094 l
2194 2057 2269 2096 ire
2299 2058 2416 2109 eos,
2450 2044 2515 2095 ut
2544 2057 2642 2096 eos
2672 2042 2848 2096 etiam
2881 2042 3119 2097 tzederet
3151 2041 3356 2096 vivere.
3383 2042 3488 2107 Qui
3524 2041 3814 2098 innocen-

2150 2131 2292 2184 tiam
2327 2134 2382 2184 et
2411 2129 2754 2201 patientiam
2788 2130 3230 2202 amplectentes,
3255 2131 3382 2200 ejus
3411 2130 3604 2186 verbis
3638 2136 3703 2185 et
3730 2148 3813 2186 ac-

2150 2219 2310 2274 tibus
2342 2220 2493 2274 liona
2521 2236 2625 2290 pro
2659 2219 2828 2274 malis
2876 2219 3202 2287 reddentes,
3237 2221 3370 2292 post
3399 2217 3589 2275 multa
3619 2224 3810 2276 certa-

2151 2308 2312 2363 mina
2341 2310 2537 2381 adepti
2568 2314 2706 2364 sunt
2733 2308 2983 2382 gratiam
3015 2313 3069 2364 et
3098 2309 3422 2365 victoriam.

2221 2399 2306 2452 16.
2342 2398 2684 2453 Manserunt
2718 2403 2976 2469 tempore
3009 2398 3212 2461 multo,
3242 2397 3500 2470 ligneum
3533 2403 3810 2454 tantum-

2149 2487 2324 2541 modo
2374 2485 2656 2543 habentes
2706 2487 3059 2542 Oratorium.
3093 2487 3483 2559 Indigentiam
3529 2487 3810 2544 victuum

2145 2578 2368 2630 tantam
2403 2575 2661 2646 perpessi
2691 2580 2850 2643 sunt,
2885 2584 2951 2631 ut
2981 2558 3328 2648 plerumque
3359 2581 3478 2632 tres
3503 2594 3610 2649 per
3645 2579 3806 2636 diem

2147 2681 2332 2718 unum
2360 2664 2683 2720 dividerent
2730 2681 2962 2737 panem.
2993 2667 3363 2738 Quaecunque
3409 2671 3573 2722 erant
3603 2683 3805 2724 came-

2146 2753 2286 2808 rulae
2317 2758 2376 2807 et
2403 2753 2660 2808 vestiarii
2710 2755 2886 2809 unius
2937 2754 3230 2826 capacitas
3277 2755 3614 2811 continebat
3646 2757 3805 2813 sacci

2147 2843 2278 2914 (33).
2314 2842 2376 2897 In
2408 2859 2522 2912 qua
2543 2842 2642 2897 diu
2667 2843 2908 2915 penuria
2934 2843 3016 2898 ita
3036 2848 3202 2899 erant
3219 2844 3544 2900 exultantes
3569 2849 3627 2901 et
3657 2863 3804 2919 gau-

2145 2931 2368 2999 dentes,
2401 2930 2557 3005 velut
2599 2930 2791 2986 solent
2837 2931 3015 2987 laetari
3047 2931 3315 2988 homines
3347 2933 3520 2988 ceteri
3571 2933 3806 2990 deliciis

389 3020 484 3074 ille
517 3025 656 3074 tunc
685 3019 1034 3074 venerabilis
1066 3019 1388 3090 qualitatis,
1419 3024 1474 3074 et
1504 3019 1562 3073 in
1598 3019 1893 3090 Religione
1925 3019 2035 3075 fer-
2067 3003 2108 3069 (ἶ
2149 3003 2574 3090 multiplicibus
2599 3019 2882 3087 ferculati,
2905 3025 2961 3076 et
2983 3021 3192 3092 opibus
3219 3021 3420 3076 nimiis
3451 3022 3648 3078 ditati.
3681 3025 3806 3080 (ἰω-

388 3107 769 3164 ventissimus
795 3099 990 3163 llerizo
1009 3109 1141 3180 (29),
1163 3109 1257 3179 qui
1289 3114 1484 3164 custos
1510 3109 1770 3163 Fratrum
1798 3114 1853 3164 et
1876 3109 2037 3164 Prior

386 3197 662 3263 existens,
697 3213 876 3268 supra
904 3197 1144 3268 triginta
1174 3214 1358 3252 annos
1405 3197 1462 3251 in
1496 3199 1695 3253 eodem
1729 3202 1925 3253 monte
1956 3199 2036 3253 ita

387 3286 615 3342 stabilis
635 3302 1030 3357 perseverans,
1046 3291 1111 3341 ut
1131 3286 1188 3340 in
1210 3286 1301 3341 his
1321 3303 1424 3341 nec
1444 3285 1620 3342 semel
1648 3287 2037 3354 [descenderit

387 3374 479 3446 de]
514 3381 712 3430 monte
743 3376 811 3430 ad
846 3375 1032 3431 villas.
1058 3377 1223 3430 Tunc
1252 3374 1349 3430 ille
1382 3392 1626 3430 summae
1657 3377 1956 3447 gravitatis
1979 3382 2036 3432 et

385 3463 690 3536 praecipuae
722 3463 1088 3520 discretionis
1108 3464 1457 3520 venerabilis
1481 3464 1751 3520 Albertus
1771 3467 1904 3536 (30),
1933 3466 2032 3537 qui

387 3605 684 3660 Orientem
716 3607 999 3662 aestivum.
1033 3608 1237 3662 Exacto
1285 3606 1449 3661 locus
1483 3606 1811 3677 descriptus
1840 3613 1930 3662 est
1959 3609 2032 3662 ab

385 3678 714 3750 Augustino
735 3679 1066 3734 Florentino
1085 3679 1143 3732 in
1165 3677 1419 3732 Historia
1449 3677 1902 3749 Camaldulensi,
1927 3679 2028 3735 lib.

393 3749 1093 3901 f_’(_c2gl)):i’ggllis-Umbrosa
1145 3820 1322 3900 etiam
1370 3819 1697 3901 antiquitus
1744 3821 2032 3901 Δεςεειιῃηιυι.

394 3892 559 3962 Vallis
587 3892 863 3952 [ml/rosa;
895 3908 1008 3962 qua
1038 3891 1107 3945 de
1156 3908 1214 3946 re
1246 3891 1329 3962 sic
1363 3890 1564 3945 scribit
1610 3891 1824 3945 Xantes
1855 3893 2030 3947 Peru-

387 3961 552 4017 sinus
607 3961 666 4016 in
713 3961 844 4015 Vita
894 3961 950 4017 S.
984 3964 1211 4018 Joannis
1243 3961 1519 4016 Guatberti
1547 3979 1565 4014 :
1616 3962 1692 4015 Ab
1742 3965 2026 4032 imbribus,

383 4048 512 4102 quos
553 4033 715 4088 Vallis
743 4033 954 4087 crebros
984 4035 1182 4101 gignit,
1214 4036 1340 4087 sunt
1371 4035 1466 4102 qui
1494 4032 1792 4087 Imbrosam
1819 4041 2027 4093 vocant.

383 4102 520 4174 Mitti
549 4106 723 4173 magis
750 4103 990 4174 placent,
1020 4106 1114 4173 qui
1145 4105 1209 4158 ab
1239 4105 1436 4158 umbra
1470 4105 1786 4160 Umbrosam
1816 4108 2031 4163 dictam

385 4173 702 4317 υοξέδῖᾞὶρ
745 4246 959 4317 μενέω,
990 4245 1204 4311 Erimo,
1224 4245 1459 4311 Ericius,
1486 4247 1678 4301 Erz‘cus
1706 4249 1889 4317 (varia
1909 4249 2028 4304 haec

385 4314 641 4396 nominis
671 4313 1230 4396 inﬂexioneﬂamdem
1267 4333 1577 4396 personam
1624 4313 1936 4396 significat)
1968 4322 2026 4396 in

380 4384 650 4448 Catalogo
681 4385 951 4442 Venantii
982 4387 1146 4442 Simii
1175 4376 1389 4442 dicitur
1419 4389 1632 4444 obiisse
1663 4376 2026 4448 QJFebruarii
2059 4376 2105 4439 D

383 4473 532 4530 anno
583 4456 740 4530 1098,
774 4474 1026 4530 eumque
1072 4458 1415 4529 Locatellus,
1466 4460 1658 4528 Wion,
1693 4463 2026 4530 Menardus,

383 4528 1312 4604 Dorgani_us,_Ferrarius,aliique
1345 4528 1498 4586 Beati
1519 4532 1687 4587 titulo
1709 4540 1989 4590 exornant
2013 4528 2026 4604 ζ

386 4601 486 4674 sed
518 4601 839 4674 Bollandus
872 4607 1069 4656 noster
1120 4618 1185 4656 eo
1214 4601 1308 4674 die
1342 4609 1482 4657 tom.
1518 4604 1563 4657 Il
1600 4605 1893 4660 Februarii
1926 4601 2023 4662 fol.

385 4672 491 4747 276
520 4671 688 4728 illum
736 4672 888 4747 inter
915 4673 1358 4747 praetermissos
1410 4674 1726 4747 collocavit,
1757 4694 1821 4732 eo
1872 4679 2025 4747 quod

388 4742 681 4798 decretam
731 4745 780 4799 ei
831 4742 1126 4815 publicam
1175 4746 1246 4800 ab
1300 4745 1557 4801 Ecclesia
1597 4742 2025 4804 venerationem

384 4815 645 4886 nondum
678 4819 1075 4886 comperisset.
1812 4854 1815 4857 -

454 4884 762 4962 (30)“llunc
785 4884 1097 4962 Albertum
1122 4889 1297 4942 etiam
1321 4891 1476 4962 Beati
1499 4889 1732 4962 nomine
1772 4892 2025 4962 compel-

383 4951 506 5008 lant
543 4955 888 5037 ξῗιιξῃθὶῃὶυε⁸
923 4957 1024 5037 lib.
1161 4975 1291 5030 pag.
1328 4959 1810 5037 117,ALoca_tellus
1851 4951 1958 5037 lib.
1992 4965 2027 5015 2

381 5040 506 5096 cap.
540 5026 595 5094 5,
613 5026 848 5108 'Simius
876 5027 932 5082 in
965 5026 1266 5152 (ἐξωλιοίοῙ
1291 5026 1477 5110 pagj2
1507 5048 1519 5097 ;
1555 5031 1650 5102 qui
1683 5032 1863 5113 videri
1898 5050 2026 5105 pos-

382 5101 540 5177 sunt,
577 5114 622 5151 81
675 5115 808 5177 quis
857 5099 1153 5177 plura-dc,
1216 5116 1282 5177 oc
1323 5117 1444 5177 v1_ro
1493 5119 1666 5177 nosse
1714 5103 2022 5177 desideret.

380 5167 658 5245 Diversus
689 5167 778 5225 est
808 5167 932 5225 a'B.
966 5171 1198 5245 Alb_e_rt_o
1231 5171 1495 5240 ejusdem
1528 5173 1760 5229 Ordinis
1791 5176 2022 5245 abbate,

383 5239 600 5316 demque
626 5245 935 5316 actum‘est
961 5244 1031 5296 20
1060 5242 1219 5316 Maii,
1250 5239 1388 5296 tom.
1412 5246 1470 5316 _V
1503 5260 1631 5316 pag.
1668 5248 1793 5302 25-1.

452 5311 563 5391 (31)
580 5311 741 5391 Alius
761 5313 987 5391 videtur
1006 5314 1077 5368 ad
1101 5314 1464 5391 Teuzone,de
1481 5311 1798 5388 quocapite
1818 5337 2024 5391 praece-

381 5378 774 5472 (‘l‘en't‘iéact'umj
788 5388 912 5472 estn:
938 5389 1084 5472 Nam
1116 5385 1261 5441 alter
1285 5378 1406 5472 jam
1420 5378 1607 5467 senex
1626 5378 2022 5472 erat,q‘uando

381 5449 436 5508 S.
467 5451 692 5509 Joannis
737 5453 1018 5516 Guatberti
1062 5473 1196 5516 eum
1227 5449 1456 5514 consilii
1506 5474 1681 5517 causa
1711 5449 1892 5536 adiit;
1926 5464 2020 5521 hic

2146 3112 2357 3180 perunt
2387 3108 2677 3163 confluere
2701 3108 2771 3163 ad
2795 3125 2928 3164 eum
2961 3111 3032 3164 de
3064 3110 3309 3166 diversis
3331 3110 3601 3182 partibus
3620 3112 3803 3168 etiam

2145 3196 2482 3270 longinquis
2513 3197 2729 3265 clerici,
2760 3202 2816 3252 et
2847 3197 2977 3253 laici
2998 3199 3190 3270 gratia
3208 3199 3805 3257 conversionis.Tunc

2143 3287 2299 3340 venit
2316 3285 2409 3340 ille
2431 3302 2685 3357 magnus
2709 3286 3147 3360 Rodult‘us(31),
3174 3289 3296 3360 [qui
3321 3293 3583 3361 tempore
3607 3291 3804 3346 multo

2145 3376 2200 3430 in
2236 3376 2440 3432 eodem
2471 3375 2596 3429 loco
2627 3391 2829 3430 curam
2873 3374 3288 3447 hospitalitatis
3320 3377 3543 3449 habuit,
3578 3383 3637 3434 et
3674 3384 3807 3453 post

2144 3463 2482 3520 monasterii
2519 3464 2840 3520 Muscetani
2872 3465 2983 3536 (35)
3015 3481 3215 3520 curam
3259 3467 3441 3538 gessit
3470 3467 3529 3523 in
3563 3468 3804 3526 abbatis

2141 3631 2273 3671 vero
2306 3620 2574 3690 mortuus
2597 3615 2812 3690 dicitur
2841 3617 3174 3690 annoA1095,
3208 3619 3242 3671 6
3273 3618 3531 3690 Augusti,
3559 3635 3690 3690 quo
3715 3620 3803 3675 die

2142 3687 2525 3759 annuntiatur
2555 3705 2590 3742 a
2642 3687 3050 3759 Martyrologio
3100 3687 3491 3745 Benedictino.
3526 3687 3647 3746 Nos
3689 3691 3802 3747 isto

2141 3758 2233 3813 die
2265 3759 2486 3831 cultum
2519 3760 2647 3831 ejus
2678 3758 3165 3831 examinabimus.
3203 3761 3343 3816 Vide
3374 3761 3501 3831 ejus
3530 3761 3798 3831 elogium

2142 3829 2296 3901 apud
2316 3829 2681 3906 hocatellum
2713 3830 2814 3885 lib.
2842 3832 2876 3883 2
2911 3847 3037 3902 cap.
3069 3833 3124 3901 8,
3149 3835 3205 3886 et
3232 3831 3291 3887 in
3318 3829 3587 3906 Gatalogo
3621 3829 3797 3889 Simii

2143 3917 2272 3973 pag.
2307 3901 2414 3973 287
2429 3905 2498 3973 et
2524 3902 2649 3954 288.

2211 3970 2333 4044 (32)
2354 3970 2502 4044 Alibi
2550 3972 2830 4044 scribitur
2874 3973 3096 4044 llittarz‘,
3129 3972 3238 4028 etsi
3287 3973 3346 4028 in
3397 3975 3798 4033 instrumento

2141 4041 2473 4121 donationis
2488 4044 2611 4121 lttae
2629 4043 2938 4121 abbatissa}
2960 4041 3164 4121 Hilarii
3185 4045 3432 4121 legatur,
3448 4051 3617 4104 utest
3638 4048 3797 4121 apud

2141 4061 2473 4098 donationis
2489 4061 2611 4098 litae
2629 4061 2938 4099 abbatissae
2960 4061 3162 4100 mtarzz
3185 4061 3236 4100 ie
3281 4063 3304 4100 a

2139 4113 2451 4186 Ughellum
2483 4118 2623 4186 tom.
2646 4119 2682 4186 VI
2715 4114 2840 4169 Ital.
2877 4115 3003 4172 Sac.
3038 4116 3146 4171 col.
3178 4061 3304 4172 29%.

2209 4185 2320 4256 (33)
2352 4185 2572 4264 Sensus
2597 4185 2692 4264 hic
2723 4186 2989 4264 nonnihil
3018 4189 3304 4264 obscurus
3331 4192 3437 4244 est.
3453 4187 3594 4264 Vult
3617 4193 3799 4264 signi-

2139 4256 2330 4333 ﬁcare,
2365 4257 2507 4333 adeo
2539 4263 2764 4333 curtam
2799 4258 2978 4333 fuisse
3010 4259 3312 4333 monachis
3339 4256 3792 4333 supellectiIEm,

2139 4331 2204 4400 ut
2232 4327 2446 4393 omnia,
2483 4345 2607 4400 quae
2639 4329 2711 4384 ad
2751 4328 2957 4384 cellam
2989 4346 3092 4385 seu
3125 4327 3459 4387 cubiculum
3490 4337 3547 4387 et
3575 4327 3794 4391 vestis?

2138 4399 2689 4475 riumspectabant,
2720 4400 2822 4475 uni
2853 4417 3019 4456 sacco
3051 4408 3290 4473 possent
3321 4404 3563 4475 imponi.

2210 4471 2320 4541 (34)
2349 4471 2634 4526 Roduli‘us
2677 4471 2769 4526 hic
2821 4476 2953 4542 post
2981 4471 3228 4529 mortem
3259 4479 3313 4529 S.
3363 4471 3595 4532 Joannis
3630 4477 3792 4534 Guel-

2140 4541 2280 4613 berti
2356 4542 2466 4597 fuit
2549 4543 2729 4598 totius
2783 4541 3017 4599 Ordinis
3120 4545 3436 4613 Generalis,
3515 4552 3574 4602 et
3647 4548 3792 4604 obiit

2135 4613 2206 4666 2'2
2235 4612 2593 4681 Novembris,
2627 4630 2778 4668 anno
2834 4615 2990 4683 1076,
3024 4620 3088 4669 ut
3138 4615 3355 4673 habent
3384 4612 3623 4674 Tabulae
3656 4619 3788 4674 Val-

2136 4683 2547 4762 lumbrosanm.
2581 4686 2748 4762 Inter
2780 4686 2984 4762 Beatos
3007 4687 3324 4762 referturia
3368 4689 3788 4762 Martyrologio

2137 4755 2509 4828 Benedictino
2539 4761 2595 4811 et
2621 4756 3006 4828 scriptoribus
3037 4755 3554 4816 Vallumbrosanis.
3589 4762 3650 4816 In
3682 4755 3792 4816 Kc-

2137 4827 2210 4880 tis
2241 4828 2456 4899 nostris
2489 4845 2595 4884 suo
2623 4827 2886 4899 tempore
2917 4829 3107 4884 locum
3148 4831 3408 4899 habebit,
3439 4833 3486 4887 si
3520 4833 3592 4887 de
3623 4833 3785 4888 cultu

2137 4898 2492 4976 constiterit.
2536 4898 2774 4976 Interim
2823 4901 2951 4954 vide
2976 4902 3109 4976 ejus
3161 4898 3416 4976 elogium
3469 4905 3624 4975 apud
3674 4909 3784 4960 Ve-

2137 4969 2402 5054 nantiu‘r‘n
2438 4971 2687 5054 Simiam
2722 4971 2781 5025 in
2835 4969 3104 5054 catalogo
3135 4969 3284 5046 pag.‘
3299 4975 3424 5042 258,
3457 4969 3782 5032 Eudoxium

2134 5041 2614 5116 Locgatellumlib.
2645 5044 2700 5109 2-,
2733 5059 2858 5114 cap.
2895 5046 2944 5108 1,
2979 5041 3262 5116 aliosque.

2207 5112 2319 5183 (35)
2353 5112 2432 5166 De
2481 5111 2662 5183 hujus
2712 5111 3049 5170 monasterii
3099 5111 3215 5171 situ
3247 5122 3303 5172 et
3347 5119 3782 5174 constructione

2132 5182 2261 5271 vide
2291 5181 2575 5271 Didacum
2596 5185 3069 5271 Franchium'lib.
3101 5189 3154 5258 8,
3175 5190 3465 5271 puga
3497 5190 3780 5271 Detitulo

2134 5257 2331 5344 autem
2358 5255 2606 5344 abbatis
2638 5262 2694 5339 et
2726 5257 3097 5344 immunitate
3139 5255 3345 5344 videri
3357 5265 3549 5344 potest
3576 5267 3778 5344 {tugu-

2133 5326 2619 5454 gtiigugillzubinus
2651 5329 2709 5384 in
2736 5329 2897 5385 Brevi
2917 5330 3134 5386 Notitia
3161 5326 3546 5419 Abbatiarum
3580 5326 3776 5402 Italiae,

2132 5413 2435 5471 pag.zaa.
3405 5417 3410 5419 λ
