4002 6170
159 193 271 255 ’773

1750 172 1995 241 ACTA-

3439 179 3559 240 774

156 319 657 380 ofﬁcium.Petrus
679 316 791 389 (36)
813 312 1183 388 quoque,qui
1204 310 1302 369 diu
1328 311 1668 381 procurator
1689 306 1799 362 asi-
1826 306 1884 372 Α
1910 305 2067 361 tione
2097 322 2227 361 vere
2256 307 2609 377 venientem,
2640 324 2819 380 quam
2850 307 3090 364 divitem
3122 324 3255 366 cum
3285 312 3409 364 tota
3450 327 3560 366 sua

156 428 385 479 norum,
404 413 538 483 post
555 421 863 462 vaccarum
885 405 1012 470 fuit,
1026 402 1233 458 deinde
1254 400 1314 455 in
1329 397 1670 454 Passiniano
1687 395 1798 466 (37)

155 500 370 558 Prioris
391 496 574 571 gessit
598 494 884 562 ofﬁcium,
906 492 1112 549 exhinc
1132 490 1329 545 Abbas
1352 488 1411 542 in
1431 486 1638 542 Piciclo
1666 485 1798 556 (38),

153 586 206 647 et
252 591 315 646 in
360 586 569 643 ultimo
599 585 876 641 Romanae
907 580 1172 637 Ecclesiae
1202 576 1548 643 Cardinalis,
1582 578 1641 630 et
1670 573 1800 645 Epi-

154 695 369 752 scopus
389 673 741 732 Albanensis
773 669 1010 728 exstitit.
1036 671 1201 725 Tunc
1230 665 1397 722 lmtus
1419 666 1529 736 (39)
1562 662 1725 719 vultu
1747 666 1805 718 et

152 768 389 826 nomine
417 764 601 832 venit,
623 762 724 835 qui
753 761 867 817 fuit
898 760 1094 815 Abbas
1125 758 1195 813 de
1224 754 1589 820 Passiniano,
1616 756 1673 808 et
1696 756 1806 807 Ru-

1911 393 2262 449 substantia.
2298 396 2576 467 Magnum
2609 396 2799 452 aiebat
2828 396 2988 452 diviti
3019 414 3146 453 esse
3177 397 3560 469 impedimen-

1910 488 2037 537 tum
2070 483 2141 537 ad
2173 500 2268 539 cor
2297 482 2755 557 humiliandum,
2790 486 2978 557 ipsam
3011 502 3190 558 quam
3219 486 3405 542 defert
3460 503 3558 559 pe-

1911 572 2145 627 cuniam
2179 573 2250 627 ad
2293 574 2740 629 monasterium.
3238 598 3243 601 -

1987 659 2070 715 19.
2114 660 2332 716 Videas
2390 661 2642 733 denique
2699 662 2808 717 Itta
2838 662 3150 719 Abbatissa
3198 662 3309 734 (41)
3363 663 3558 719 locum

1915 765 2175 805 crescere
2220 749 2279 804 in
2328 751 2563 806 nomine
2600 754 2657 806 et
2688 749 2987 822 religione,
3018 751 3245 807 caelitus
3276 751 3565 825 inspirata

153 859 340 915 sticus
372 855 489 929 (40)
542 852 663 925 qui,
697 852 881 907 donec
924 850 1181 905 Joannes
1212 847 1379 902 Pater
1407 842 1568 909 vixit,
1602 857 1805 897 curam
1914 839 2159 893 tradidit
2179 838 2368 894 eidem
2394 838 2519 894 loco
2546 855 2649 910 per
2668 838 2951 910 scriptum
2975 838 3258 895 difﬁnitas
3280 841 3562 896 termina-

151 946 498 1004 exteriorem
527 940 731 1014 gessit,
764 943 821 995 et
866 939 1077 995 tertius
1117 938 1189 993 ob
1221 934 1445 991 obitum
1482 930 1667 988 sancti
1700 928 1807 984 viri
1915 927 2106 982 tiones
2136 926 2196 982 in
2228 928 2357 999 ejus
2384 927 2649 983 circuitu.
2675 927 2945 982 Tradidit
2963 926 3138 983 etiam
3168 930 3308 983 tunc
3333 929 3563 985 vineam

151 1034 398 1093 Joannis
428 1030 616 1088 multo
646 1034 907 1100 tempore
951 1026 1130 1082 totius
1177 1019 1655 1097 Congregationis
1708 1035 1807 1073 cu-

156 1142 282 1182 ram
314 1123 479 1179 Prior
506 1119 780 1177 obtinuit.

230 1216 320 1269 17.
352 1216 605 1267 Cernens
652 1206 835 1280 igitur
866 1207 1036 1262 Pater
1061 1203 1361 1261 Johannes
1412 1204 1498 1257 tot
1547 1198 1811 1270 talesque

155 1305 316 1360 viros
336 1300 448 1358 sibi
471 1298 700 1355 coelitus
722 1296 781 1351 in
806 1293 1089 1351 auxilium
1115 1288 1657 1361 missos,disposuit
1677 1303 1811 1342 cum

157 1393 386 1449 eisdem
414 1387 571 1445 beati
596 1384 891 1442 Benedicti
915 1382 1199 1456 Regulam
1228 1381 1289 1435 in
1314 1378 1589 1435 omnibus
1620 1377 1814 1433 obser-

155 1498 317 1554 vare,
373 1478 658 1551 coepitque
713 1473 937 1529 noviter
991 1472 1290 1529 venientes
1349 1486 1416 1525 ea
1473 1465 1815 1539 probatione

158 1570 485 1643 suscipere,
531 1581 711 1645 quam
761 1561 1025 1618 insinuat
1068 1558 1307 1632 Regula.
1361 1554 1816 1613 Advenientibus

160 1659 459 1733 siquidem
482 1672 662 1712 causa
681 1642 1080 1708 Conversionis
1105 1647 1464 1721 hospitibus,
1489 1662 1607 1701 non
1628 1642 1815 1699 facilis
1848 1678 1895 1742 Β

160 1751 421 1806 dabatur
443 1742 795 1817 receptionis
825 1739 1150 1813 responsio,
1176 1737 1411 1794 illorum
1445 1749 1817 1807 perseveran-

159 1840 311 1895 tiam
333 1836 535 1892 volcns
558 1840 928 1906 cognoscere,
952 1846 1025 1884 an
1047 1826 1316 1883 videlicet
1344 1825 1405 1879 in
1430 1840 1497 1879 ea
1523 1822 1821 1878 devotione

164 1946 233 1985 ac
275 1923 708 1999 supplicatione
737 1919 1135 1993 persisterent,
1169 1915 1317 1970 dura
1364 1911 1587 1969 scilicet
1634 1910 1717 1966 eis
1767 1913 1824 1965 et

165 2033 384 2091 aspera
412 1992 797 2087 praedicendo,
829 2012 885 2064 et
924 2006 1249 2063 secundum
1281 1992 1563 2075 Regulam
1611 2015 1710 2055 eos
1761 1998 1822 2053 in

164 2086 455 2163 omnibus
472 2098 928 2174 comprobando.
945 2096 1012 2151 Hi
1036 2095 1192 2151 enim
1214 2092 1361 2148 tales
1382 2092 1427 2146 si
1449 2091 1549 2145 diu
1572 2086 1824 2144 recusati

163 2194 582 2270 persisterent,
616 2205 797 2260 seque
826 2203 943 2243 non
974 2185 1144 2241 corde
1175 2184 1308 2237 ﬁcto
1336 2178 1617 2236 saeculum
1650 2177 1823 2233 relin-

164 2268 374 2359 quere,
412 2298 478 2339 ac
524 2278 913 2336 monasticam
951 2274 1132 2331 vitam
1162 2270 1322 2328 velle’
1338 2268 1594 2342 proﬁteri
1626 2278 1828 2323 osten-

164 2356 404 2440 derent,
441 2383 750 2443 porcorum
803 2364 888 2420 eis
932 2360 1209 2435 primitus
1254 2356 1618 2430 jungehatur
1664 2370 1826 2423 cura,

164 2461 365 2519 multa
391 2458 806 2514 inserebantur
833 2448 1166 2525 opprobria,
1201 2448 1352 2503 fame
1391 2450 1449 2502 et
1492 2444 1610 2511 siti,
1643 2443 1831 2499 calore

165 2557 232 2610 et
261 2550 480 2622 frigore
508 2544 940 2618 afﬂigebantur,
973 2540 1171 2596 labore
1200 2541 1257 2593 et
1296 2534 1578 2602 nuditate,
1609 2533 1832 2588 vilitate

166 2644 233 2699 et
260 2635 649 2702 extremitate,
674 2631 902 2705 jejunio
944 2643 1177 2701 quoque
1226 2642 1293 2681 ac
1342 2623 1574 2680 silentio
1605 2638 1832 2679 exerce-

170 2732 421 2786 bantur.

254 2820 348 2874 18.
383 2815 484 2872 His
516 2817 688 2886 atque
718 2809 849 2866 aliis
881 2807 1073 2864 modis
1102 2804 1352 2862 sollicite
1377 2802 1554 2859 aforis
1576 2818 1837 2874 compro-

176 2908 333 2978 bati,
361 2912 420 2961 et
441 2903 503 2960 in
526 2901 802 2959 omnibus
819 2895 1161 2954 voluntariae
1183 2892 1477 2966 patientiae
1496 2895 1553 2947 et
1572 2891 1840 2947 obedien-

176 2996 277 3054 tize
316 3012 385 3051 ac
415 2989 772 3049 humilitatis
793 2985 1030 3058 cogniti,
1054 2984 1417 3040 ducebantur
1446 2981 1655 3035 iterum
1681 2995 1838 3035 com-

1919 1016 2267 1089 Pitigianam
2290 1017 2424 1087 (42),
2447 1034 2575 1089 quae
2598 1019 2764 1089 grata
2784 1020 2944 1083 tunc,
2971 1020 3028 1071 et
3055 1020 3145 1071 est
3171 1033 3327 1072 nunc
3355 1018 3565 1073 usibus

1923 1107 2207 1161 Fratrum.
2240 1104 2526 1191 Similiter
2556 1104 2616 1160 in
2648 1103 2896 1160 diversis
2927 1102 3069 1160 locis
3102 1104 3362 1160 diversas
3394 1121 3567 1160 man-

1920 1212 2017 1250 sas
2049 1195 2180 1267 (43).
2235 1195 2344 1250 Per
2390 1193 2545 1249 idem
2598 1198 2831 1266 tempus
2882 1194 3023 1248 dum
3071 1193 3326 1249 Joannes
3357 1192 3570 1249 Christi

1923 1283 2200 1351 famulus,
2220 1300 2431 1338 nomen
2455 1288 2511 1338 et
2531 1283 2790 1338 ofﬁcium
2814 1299 3021 1355 gerens
3045 1281 3275 1349 Prioris,
3298 1285 3567 1337 Fratrum

1922 1372 2153 1427 animas
2172 1377 2227 1428 et
2243 1388 2485 1444 corpora
2504 1371 2750 1427 sollicite
2775 1375 3130 1443 procuraret,
3150 1370 3572 1442 permaximam

1924 1460 2341 1516 abstinentiam
2363 1465 2418 1516 et
2439 1459 2817 1533 praevalidum
2845 1458 3106 1516 laborem
3133 1459 3245 1515 sibi
3268 1459 3570 1532 imposuit.

1924 1550 2071 1605 Nam
2091 1549 2327 1622 quando
2350 1552 2583 1620 tempus
2606 1547 2898 1604 reﬁciendi
2921 1553 3064 1615 erat,
3082 1547 3428 1620 parvissimo
3446 1549 3574 1604 cibo

1923 1638 2012 1693 vel
2045 1642 2184 1710 potu
2216 1654 2333 1693 sua:
2366 1637 2699 1693 necessitati
2748 1636 3165 1704 subveniebat;
3215 1636 3299 1691 ita
3346 1641 3411 1691 ut
3460 1653 3576 1691 non

1928 1727 2223 1782 videretur
2251 1742 2313 1782 se
2345 1742 2623 1792 recreare,
2645 1720 2748 1780 sed
2781 1728 3099 1797 utcumque
3131 1723 3459 1796 periculum
3489 1724 3574 1780 fa-

1931 1816 2044 1871 mis
2095 1819 2153 1870 et
2200 1814 2329 1870 sitis
2379 1819 2723 1886 temperare.
2754 1817 2896 1867 Cum
2925 1829 3058 1868 vero
3105 1818 3237 1868 ante
3285 1813 3580 1869 reﬁciendi

1932 1910 2188 1977 tempus,
2221 1908 2422 1976 utpote
2471 1902 2630 1975 operi
2682 1918 2965 1956 manuum
3025 1900 3191 1956 anxie
3251 1901 3582 1972 frequenter

1932 1991 2569 2061 insudans,sitiebat,in
2586 1991 2855 2063 frigidam
2872 2007 3085 2063 aquam
3106 2006 3319 2046 manus
3335 1994 3390 2046 et
3403 1992 3582 2062 pedes

1936 2084 2221 2149 mittebat,
2249 2086 2313 2137 ut
2341 2099 2410 2137 ex
2440 2080 2619 2135 nimio
2644 2096 2808 2150 aqum
2840 2079 3073 2151 frigore,
3104 2078 3233 2135 sitis
3264 2083 3584 2151 utcumque

1934 2172 2260 2245 periculum
2288 2169 2675 2250 effugeretzln
2699 2168 2976 2222 omnibus
2998 2167 3177 2235 enim,
3202 2171 3375 2239 prout
3392 2167 3584 2239 possi-

1936 2261 2131 2316 bilitas
2189 2264 2330 2327 erat,
2393 2258 2710 2314 observans
2773 2254 3004 2328 Regulae
3065 2258 3361 2323 mandata,
3421 2255 3584 2312 nullo

1938 2351 2112 2405 modo
2131 2352 2292 2404 extra
2312 2346 2693 2403 constitutam
2724 2344 2930 2400 horam
2953 2344 3254 2399 comedere
3274 2345 3362 2400 vel
3388 2344 3586 2401 bibere

1939 2438 2189 2495 volebat.

2008 2530 2098 2583 20.
2130 2528 2241 2582 Sed
2273 2525 2543 2581 debilitas
2574 2522 2835 2595 corporis
2863 2522 2921 2576 id
2953 2522 3098 2577 ferre
3130 2539 3245 2578 non
3274 2522 3497 2591 valens,
3521 2524 3584 2580 in

1940 2618 2103 2673 illam
2125 2630 2436 2689 syncOpem
2461 2614 2640 2668 fracto
2669 2611 2975 2668 stomacho
2997 2611 3224 2682 cecidit,
3248 2629 3426 2682 quam
3456 2631 3587 2685 per-

1942 2705 2150 2761 tulisse
2178 2703 2429 2776 legimus
2458 2701 2694 2757 beatum
2717 2699 3083 2773 Gregorium.
3106 2700 3230 2756 Nisi
3260 2701 3416 2757 enim
3449 2719 3585 2761 eum

1945 2797 2281 2866 frequenter
2328 2788 2647 2857 reﬁcerent,
2681 2788 2944 2845 emittere
2991 2788 3264 2861 spiritum
3321 2790 3589 2851 funditus

1946 2884 2261 2939 videretur.
2294 2882 2479 2946 Quam
2510 2894 2698 2949 usque
2729 2877 2801 2931 ad
2841 2881 3155 2945 senectam,
3188 2876 3371 2935 immo
3402 2870 3592 2954 usque

1950 2974 2024 3028 ad
2054 2972 2281 3027 obitum
2314 2967 2628 3042 pertulisse
2666 2966 2916 3033 cunctis,
2948 2965 3048 3038 qui
3099 2982 3234 3022 eum
3284 2976 3592 3037 noverunt,

177 3046 896 3161 probandi—regulariter,
944 3046 1027 3130 in,
1065 3072 1398 3128 interiorem
1456 3068 1683 3135 cellam,
1740 3068 1839 3124 ubi
1871 3046 1913 3112 Ο
1952 3059 2324 3117 claret.Unde
2341 3074 2540 3114 secum
2560 3055 2780 3113 solebat
2799 3072 3030 3127 semper
3050 3061 3282 3128 portare
3300 3060 3455 3131 quod
3478 3061 3598 3118 ine-

179 3157 493 3233 multoties
512 3169 596 3226 eis
612 3166 834 3241 Regula
849 3164 1150 3238 legebatur
1168 3186 1182 3229 ;
1206 3166 1262 3217 et
1282 3159 1367 3216 sic
1382 3176 1533 3215 anno
1551 3157 1839 3229 completo

174 3260 525 3327 examinati,
540 3256 900 3329 recipiebant
914 3251 1267 3309 monasticae
1285 3252 1496 3317 vestes,
1510 3246 1838 3319 regularem

174 3354 331 3409 inde
359 3347 779 3423 professionem
811 3341 1044 3416 publice
1074 3338 1352 3397 facientes
1389 3336 1449 3391 in
1480 3335 1755 3390 manibus
1786 3338 1842 3389 et

177 3439 502 3517 praesentia
547 3435 813 3508 ejusdem
862 3430 1051 3487 Patris
1099 3426 1402 3484 Johannis.
1450 3423 1673 3490 Quibus
1723 3440 1841 3477 non

180 3512 409 3588 licebat
437 3525 643 3583 exinde
676 3520 896 3594 aliquid
930 3532 1182 3584 sumere,
1214 3514 1302 3571 vel
1349 3529 1626 3587 quaerere,
1659 3512 1759 3567 sed
1809 3529 1843 3567 a

181 3625 364 3695 patre
390 3614 613 3685 Priora]
660 3612 745 3668 eis
775 3610 1068 3666 dabantur
1096 3604 1314 3671 omnia,
1347 3607 1413 3658 ut
1440 3601 1703 3675 praecipit
1734 3601 1843 3655 Re-

180 3689 354 3783 gula.
390 3704 653 3761 Habebat
689 3699 845 3757 enim
896 3702 953 3754 et
1005 3696 1155 3751 hanc
1205 3692 1453 3766 gratiam
1484 3689 1844 3763 singularem

179 3779 458 3855 joannes
488 3798 678 3861 Pater,
712 3792 775 3844 ut
816 3788 876 3842 in
928 3784 1120 3859 prima
1158 3800 1292 3839 cum
1347 3797 1414 3837 eo
1466 3779 1761 3836 locutione
1792 3783 1849 3833 et

180 3886 424 3943 visione
455 3882 741 3945 nosceret,
770 3877 820 3932 si
845 3875 1014 3931 corde
1038 3871 1261 3928 veniret
1286 3868 1535 3942 quilibet
1562 3871 1740 3936 recto,
1772 3884 1844 3922 an

186 3979 355 4034 ﬁcto.
378 3972 450 4027 Et
478 3971 587 4026 hoc
618 3967 671 4023 ei
693 3967 913 4022 donum
944 3981 979 4019 a
1005 3962 1147 4017 Jesu
1168 3959 1397 4017 Christo
1428 3957 1704 4014 collatum
1737 3960 1849 4027 est,

186 4072 257 4121 ut
282 4075 607 4137 personam
621 4053 876 4130 potentis
901 4052 990 4137 vel
1014 4050 1206 4106 divitis
1234 4066 1349 4104 non
1379 4048 1635 4103 libentus
1661 4060 1851 4101 sume-

184 4130 306 4226 ret;
339 4167 451 4207 nec
482 4147 649 4204 aliter
679 4130 980 4209 tractaret,
1010 4156 1188 4212 quam
1222 4137 1412 4193 intimi
1455 4140 1512 4192 et
1553 4134 1848 4207 pauperis.

182 4246 260 4301 Et
283 4224 616 4300 amabilius
647 4232 966 4306 recipiebat
997 4244 1312 4303 pauperem
1353 4242 1487 4281 cum
1536 4224 1853 4279 mortiﬁca-

264 4384 388 4457 (36)
419 4380 526 4436 Hic
570 4382 661 4434 est
699 4377 963 4457 famosus
994 4370 1091 4427 ille
1121 4372 1183 4452 8ἶ
1218 4370 1439 4457 Petrus,
1472 4369 1855 4457 cognomento

180 4438 422 4527 ιῃιὶὲιιίς,
455 4468 522 4527 eo
569 4449 726 4527 quod
776 4446 998 4527 illaes‘us
1037 4459 1140 4527 per
1168 4442 1365 4527 ignem
1394 4438 1737 4527 transierit;
1785 4438 1857 4493 de

350 4509 545 4580 multa
572 4509 755 4603 habes
781 4516 935 4612 aLpud
968 4509 1281 4586 scriptores
1306 4509 1854 4574 Vallumbrosanos,

184 4591 473 4668 aliosque
505 4592 727 4666 passim
758 4591 978 4645 obvios.

267 4671 395 4741 (37)
424 4664 840 4741 Passinianum
864 4654 1286 4741 monasterium
1313 4652 1611 4741 situm‘est
1632 4650 1857 4741 injdiml-

186 4722 322 4800 cesi
350 4722 640 4794 Ii‘esulana
662 4732 815 4806 apud
838 4730 1011 4806 viam,
1026 4743 1152 4806 quis
1172 4724 1655 4806 Florentiasena-s
1678 4722 1857 4789 ducit,

189 4794 518 4881 distatque
530 4825 594 4881 ua
638 4794 965 4881 Florentina
996 4794 1698 4881 Civitate‘quatuordecim
1730 4808 1879 4881 pas-‘

189 4865 387 4942 suum
415 4865 705 4936 inillibus.
740 4876 819 4930 De
847 4874 976 4944 ejus
1009 4865 1355 4944 antiquitate
1385 4871 1438 4921 et
1479 4865 1863 4944 praerogativa

190 4938 389 5031 plura
414 4951 678 5031 invenies
709 4938 1191 5031 apudvbubinum.
1216 4938 1455 5031 citatum.
1498 4954 1630 5010 pag.

275 5006 398 5098 (es)
420 5006 600 5098 "Teste
636 5006 886 5098 Lubinq
909 5015 969 5070 in
1017 5012 1235 5098 notitia
1264 5006 1631 5098 abbatiargm
1667 5006 1860 5098 Italiae,

191 5078 504 5173 pagi—@571,
537 5094 662 5148 haec
693 5085 1395 5173 abbatiavulgonvocatur
1423 5082 1495 5136 de
1524 5078 1863 5173 Fucecphio,

193 5149 342 5173 ιν*οή
384 5149 426 5151 έν
494 5149 504 5161 ι
942 5158 953 5170 .
1059 5149 1090 5157 υ
1379 5154 1389 5164 .
1524 5154 1534 5163 .

192 5186 345 5243 quae
375 5169 520 5243 forte
550 5180 765 5243 nomen
805 5159 987 5243 trahit
1032 5174 1068 5243 ξιτ
1116 5149 1862 5243 Ρυςθοᾳῂμρέχιξείῌίξίὶλξι-

190 5220 348 5298 εἶυῶ
376 5220 672 5309 “ejusdem
717 5231 971 5309 nominis
1001 5230 1145 5309 aito,
1167 5220 1696 5309 et.viginti‘trilbus
1728 5238 1864 5309 pas-

190 5292 390 5372 £63m
413 5292 688 5366 millibus
720 5303 1010 5363 Florentia
1038 5292 1293 5356 distante
1331 5292 1694 5353 occidentem
1730 5292 1864 5347 bie-

190 5385 435 5444 malem
465 5397 691 5438 versus.

284 5458 403 5528 (39)
440 5455 515 5528 De
545 5453 654 5508 hoc
678 5451 837 5528 Laeto

955 5445 1131 5500 erunt
1182 5440 1435 5500 majores
1483 5435 1666 5491 nostri
1720 5434 1870 5488 inter

196 5507 649 5606 prietermissos
669 5526 812 5579 tom.
829 5518 877 5575 Il
896 5507 1092 5575 Martii
1113 5528 1245 5588 pag.
1262 5507 1387 5582 416,
1406 5512 1463 5566 et
1484 5507 1687 5566 eodem
1709 5509 1868 5563 tomo

1946 3149 2168 3206 vitabili
2197 3147 2539 3203 necessitate
2560 3148 2800 3218 cogente
2827 3149 3023 3217 posset
3042 3160 3193 3216 saepe
3216 3148 3589 3208 manducare.

1949 3239 2189 3306 Quando
2212 3241 2408 3292 autem
2432 3235 2603 3289 famis
2620 3233 2962 3289 violentiam
2984 3234 3315 3305 frequenter
3334 3252 3395 3292 se
3417 3236 3495 3307 [id
3512 3246 3593 3297 est

1946 3329 2165 3402 ipsum]
2195 3322 2578 3397 deprimentis
2611 3322 2921 3378 indiscrete
2966 3339 3242 3394 superare
3288 3324 3589 3396 voluisset,

1949 3423 2048 3475 aut
2095 3415 2475 3472 refectionum
2508 3412 2737 3466 differre
2768 3411 3107 3477 conabatur,
3141 3427 3257 3481 prze
3294 3410 3591 3468 nimietate

1949 3504 2310 3563 inﬁrmitatis
2365 3503 2507 3558 adeo
2564 3501 2767 3555 dentes
2831 3499 2960 3570 ejus
3018 3498 3592 3571 constringebantur,

1952 3596 2128 3670 quod,
2154 3593 2267 3649 nisi
2299 3609 2399 3648 eos
2420 3589 2634 3661 aliquis
2654 3586 2958 3644 cultellum
2988 3588 3427 3645 intromittendo
3450 3588 3596 3645 divi-

1953 3687 2133 3749 deret,
2166 3687 2222 3738 et
2250 3680 2506 3753 aliquem
2537 3678 2823 3751 liquorem
2855 3676 2914 3732 in
2948 3694 3011 3733 os
3042 3682 3301 3757 poneret,
3334 3678 3599 3750 expirare

1955 3773 2231 3832 continuo
2261 3769 2614 3824 crederetur.

2032 3864 2121 3918 21.
2152 3861 2570 3916 Verumtamen
2602 3855 2685 3912 sic
2715 3855 3042 3911 incredibili
3072 3854 3351 3928 languore
3378 3855 3600 3929 jngiter

1958 3952 2253 4009 cruciatus
2273 3947 2611 4003 nullatenus
2632 3946 3061 4012 murmurabat,
3076 3945 3178 4000 sed
3201 3932 3327 4001 suis
3345 3945 3456 4001 hoc
3476 3961 3604 4016 pec-

1959 4042 2103 4098 catis
2120 4034 2735 4111 deputans,continuis
2751 4034 3025 4090 laudibus
3043 4033 3297 4090 divinam
3310 4033 3607 4104 justitiam

1960 4126 2427 4187 commendabat.
2461 4123 2568 4188 Qui
2600 4122 2947 4196 priusquam
2977 4123 3390 4178 inﬁrmabatur
3434 4125 3611 4178 tantae

1960 4215 2325 4277 fortitudinis
2365 4212 2479 4270 sibi
2531 4217 2588 4269 et
2638 4212 2882 4283 caeteris,
2912 4215 3207 4284 tantaeque
3237 4209 3613 4267 abstinentia

1966 4362 2362 4438 antegActanB.
2385 4355 2627 4438 _Tomlli,
2655 4371 2793 4438 pag.
2823 4356 2949 4410 500.

2037 4433 2150 4502 (40)
2180 4431 2235 4486 Is
2257 4428 2550 4493 Rusticus,
2571 4423 2680 4502 qui
2696 4423 3612 4502 etiam;a_scriptorib_us-Yallu1n-

1963 4495 2233 4560 brosanis
2267 4503 2464 4556 Beatus
2495 4495 2841 4570 appellatur.
2858 4497 2974 4570 fuit
3003 4495 3213 4570 tertius
3243 4495 3477 4570 Ordinis
3508 4495 3613 4549 Ge-

1966 4573 2204 4631 neralis.
2218 4571 2360 4626 Vitae
2382 4565 2551 4624 illius
2561 4565 2974 4640 compendium
2997 4568 3251 4640 reperies
3268 4565 3423 4640 apud
3442 4566 3615 4620 Loca-

1966 4645 2173 4703 tellum
2223 4643 2326 4697 lib.
2371 4644 2426 4707 2,
2470 4657 2596 4711 cap.
2642 4636 2774 4702 1,—et
2803 4636 3145 4693 Simium'in
3176 4636 3446 4709 Catalogo
3477 4651 3612 4708 pag.

1967 4719 2073 4772 264
2104 4721 2161 4772 et
2189 4730 2353 4772 seqq.

1967 4721 2073 4773 264
2104 4721 2161 4772 et
2189 4730 2353 4773 seqq.

2041 4730 2161 4859 (ll/1‘13;
2183 4730 2471 4859 ﬁzqgujus
2499 4779 2821 4859 Abbatissae
2854 4777 3164 4859 donatione
3196 4781 3389 4834 actum
3420 4780 3509 4833 est,
3555 4775 3616 4831 in

1971 4851 2402 4915 Commentario
2435 4851 2643 4924 praevio
2674 4867 2839 4924 num.
2864 4852 2942 4924 445
2966 4855 3035 4924 et
3066 4851 3152 4904 49.

2044 4930 2155 5002 (42)
2187 4917 2664 5002 In_i_ns_trumento
2680 4921 3206 5002 donationis,un
3226 4920 3400 5002 habet
3411 4917 3620 5002 Ughel-

1973 4990 2067 5057 lus
2087 4990 2228 5056 tom.
2256 4998 2329 5052 Ill
2362 4994 2486 5051 Ital.
2515 4998 2640 5050 Sac.
2664 4993 2772 5049 col.
2795 4995 2922 5058 300,
2945 4990 3085 5065 puto
3107 4992 3201 5063 agi
3224 4992 3293 5046 de
3319 4990 3427 5045 hac
3451 4992 3622 5046 vinea

1973 5073 2260 5144 Pitigiana
2308 5068 2402 5144 his
2446 5065 2684 5144 verbis;
2740 5065 2975 5144 Concedo
3015 5067 3075 5144 ξζι
3104 5065 3324 5144 Bitiam
3364 5078 3621 5117 mansum

1974 5135 2167 5211 αηιιῖη,
2201 5141 2341 5212 quod
2369 5138 2573 5194 detinet
2604 5137 2909 5193 Gherardus
2936 5145 2987 5193 et
3016 5135 3304 5201 Martinus,
3326 5142 3375 5189 et
3402 5136 3623 5189 vineam

1974 5233 2167 5272 unam.

2047 5287 2161 5360 (43)
2192 5286 2401 5354 Mensa,
2457 5297 2678 5360 mensus
2732 5280 2828 5360 vel.
2881 5276 3491 5360 mansumﬁirtpondo
3539 5278 3629 5360 est.

1976 5346 2189 5434 fundas
2212 5373 2338 5434 cum
2367 5346 2513 5411 certo
2555 5354 2677 5423 agri
2703 5352 2908 5434 madet:
2959 5356 3016 5434 et
3048 5349 3434 5434 scriptoribus
3466 5346 3626 5403 Italis

1975 5420 2255 5504 'quantitas
2302 5432 2488 5495 terrae,
2521 5420 2647 5498 quae
2689 5424 2895 5497 sufﬁcit
2940 5423 3148 5478 duobus
3169 5420 3343 5478 ’bobus
3382 5421 3443 5477 in
3482 5434 3626 5477 anno

1977 5501 2057 5561 ad
2086 5497 2472 5559 laborandum.
3328 5496 3341 5503 “
