4002 6170
420 174 537 233 ’775

1475 164 1539 225 S.
1586 160 1912 225 JOANNIS
1958 158 2405 222 GUALBERTI
2449 157 2786 221 ABBATIS
3653 166 3743 231 776

425 304 638 371 fuerat,
670 305 735 359 ut
765 300 878 358 nisi
908 300 1025 372 ille,
1060 299 1153 355 cui
1187 300 1533 355 cantamus:
1571 296 1832 363 Domine,
1858 294 2075 351 inclina
2101 295 2155 361 Α
2186 293 2353 350 stitos
2384 292 2653 361 cucullis,
2687 295 2789 347 aut
2820 286 3249 361 scapularibus,
3279 292 3333 344 et
3360 289 3559 349 cinctos
3586 312 3746 356 omnes

428 394 602 451 ccelos
640 398 794 458 tuos,
827 391 937 447 sub
968 387 1329 445 inﬁrmitatis
1358 387 1540 459 hujus
1570 386 1872 442 occasione
1905 402 2071 439 men-

426 489 544 540 tem
566 484 693 555 eius
718 479 1108 545 humiliasset,
1131 477 1299 533 valde
1323 494 1489 533 rarus
1512 476 1799 547 existeret,
1825 474 1923 547 qui
1946 490 2073 547 pos-

425 578 517 630 set
546 574 672 643 ejus
702 569 974 625 instituta
1002 584 1252 624 servare.
1285 566 1527 639 Cognita
1555 582 1689 621 vero
1733 569 1789 621 et
1837 566 2073 636 experta

423 660 659 733 propria
690 656 1057 725 inﬁrmitate,
1090 661 1264 712 tantae
1315 655 1727 712 misericordiae
1780 657 2071 724 tantisque

422 746 788 805 discretionis
817 748 1056 803 effectus
1086 749 1196 816 est,
1231 750 1295 800 ut
1339 761 1509 801 nemo
1543 742 1975 799 misericordior
2003 758 2069 797 eo

418 838 769 893 crederetur.
791 836 899 902 Qui
922 835 1056 891 licet
1076 851 1317 906 corpore
1342 835 1487 889 foret
1508 833 1803 898 inﬁrmus,
1827 833 1887 887 in
1909 831 2069 888 omni

417 932 615 984 tamen
637 925 908 983 custodia
932 930 989 981 et
1010 923 1403 981 sollicitudine
1426 929 1621 979 mente
1650 921 1893 995 pervigil
1923 925 2066 976 erat.

484 1017 576 1071 22.
609 1016 769 1080 Quod
797 1014 1062 1070 videntes
1088 1014 1317 1069 Fratres
1347 1014 1614 1083 ejusdem
1644 1012 1775 1079 loci,
1800 1012 2067 1067 decreve-

418 1109 560 1161 runt
580 1105 775 1176 ipsum
797 1103 1009 1176 eligere
1030 1103 1336 1168 Abbatem,
1355 1118 1531 1173 quem
1555 1105 1835 1156 noverant
1855 1116 2066 1155 sanum

418 1199 476 1249 et
494 1193 821 1263 inﬁrmum,
843 1191 1183 1265 pervigilem
1198 1190 1455 1246 Priorem
1474 1194 1530 1245 et
1550 1189 1864 1246 sollicitum
1886 1190 2069 1244 fuisse

419 1284 741 1339 custodem.
773 1282 973 1353 Itaque
1002 1280 1318 1337 Florentini
1344 1280 1628 1336 Teuzonis
1661 1278 1903 1335 consilio
1936 1295 2068 1334 con-

416 1376 702 1428 venerunt
730 1371 802 1426 de
832 1370 996 1438 urbe,
1019 1374 1075 1425 et
1104 1371 1174 1425 de
1203 1367 1459 1426 castellis
1491 1368 1745 1441 religiosi
1769 1368 1970 1423 Clerici
2001 1384 2066 1422 ac

417 1460 617 1518 ﬁdeles
666 1459 844 1531 Laici,
879 1458 1065 1516 sancti
1119 1458 1298 1514 Hilari
1345 1458 1658 1514 Abbatissa
1709 1458 1765 1512 id
1816 1457 2069 1512 maxime

417 1549 706 1621 cupiente,
738 1552 795 1604 et
843 1564 978 1604 cum
1030 1547 1329 1603 Fratribus
1380 1547 1644 1617 ejusdem
1694 1546 1829 1614 loci,
1870 1545 2066 1617 ipsum

416 1637 757 1736 praedictum
788 1641 1021 1694 Patrem
1055 1637 1356 1736 elegerunt
1391 1635 1463 1736 .i‘n
1506 1635 1749 1734 Abbatis
1783 1634 2063 1736 ofﬁcium.
2101 1672 2147 1736 B

416 1728 598 1791 Quem
648 1726 962 1795 nolentem,
1004 1729 1062 1781 et
1109 1725 1249 1780 totis
1297 1723 1521 1779 viribus
1574 1723 1965 1791 resistentem,
1998 1724 2070 1777 de

415 1814 565 1871 lecto
594 1818 918 1883 traxerunt,
950 1816 1006 1868 et
1044 1813 1263 1885 ipsum,
1297 1811 1433 1867 licet
1463 1812 1732 1878 invitum,
1768 1812 1825 1865 in
1861 1810 2068 1882 majori

417 1904 553 1959 sede
584 1901 1032 1957 constituerunt.
1067 1901 1195 1972 Qui,
1219 1902 1361 1956 dum
1396 1902 1465 1955 ad
1500 1902 1555 1955 id
1589 1900 1873 1955 violenter
1902 1916 2069 1971 coge-

418 1996 597 2060 retur,
623 1990 840 2046 dixisse
872 1990 1055 2045 fertur
1086 1990 1417 2045 astantibus
1443 2007 1456 2045 :
1490 1990 1635 2057 Quid
1670 1990 1985 2045 insanitis?
2010 1990 2069 2045 Si

418 2079 679 2153 pelicano
728 2096 939 2135 nomen
984 2078 1275 2150 accipitris
1310 2078 1729 2150 imposueritis,
1764 2094 2067 2149 nunquam

417 2169 527 2225 erit
556 2168 667 2225 nisi
709 2166 1012 2239 pelicanus
1046 2168 1178 2239 (44).

1026 2266 1031 2275 “
1061 2273 1289 2329 CAPUT
1333 2274 1429 2329 ΙΙΙ.

419 2365 476 2421 S.
498 2366 735 2421 Joannes
763 2366 937 2435 [actus
957 2364 1122 2419 abbas
1142 2371 1330 2419 exacte
1348 2365 1569 2435 regulas
1594 2364 1873 2419 observari
1892 2364 2067 2435 jubet,

491 2441 543 2492 et
588 2435 991 2503 discipulorum
1037 2451 1266 2490 numero
1323 2440 1480 2490 aucto
1531 2437 1690 2490 varia
1736 2438 2071 2492 monasteria

491 2506 725 2577 aediﬁcat
754 2514 805 2561 et
826 2508 926 2577 pia
954 2521 1126 2576 opera
1161 2514 1389 2561 exercet.

490 2611 902 2682 23.1taqueVir
915 2610 1033 2677 Dei,
1049 2614 1286 2682 sumpto
1305 2611 1751 2679 ofﬁcio,nullum
1767 2612 2071 2669 Monacho-

424 2716 556 2755 rum
587 2698 965 2770 permittebat
987 2699 1059 2754 ad
1094 2704 1371 2767 mercata,
1394 2699 1481 2755 vel
1514 2700 1585 2753 ad
1616 2699 1741 2755 loca
1770 2701 2071 2757 szscularia

423 2788 529 2855 ire,
548 2787 816 2844 inﬁrmos
839 2792 1000 2844 extra
1020 2788 1443 2844 monasterium
1465 2788 1719 2856 visitare,
1741 2807 1807 2845 ac
1830 2806 2068 2846 sensum

427 2876 663 2949 Regulae
684 2875 994 2949 diligenter
1015 2876 1357 2949 inspiciens,
1381 2878 1510 2949 ejus
1533 2879 1920 2934 observationi
1943 2896 2073 2951 ope-

2181 384 2436 439 dormire
2460 382 2765 455 praecepit;
2794 380 2954 435 hunc
2975 394 3104 434 esse
3125 382 3341 433 rectum
3364 396 3577 438 sensum
3598 384 3745 458 Regu-

2180 473 2268 539 lae,
2294 476 2627 529 constanter
2657 469 3009 527 afﬁrmabat.
3033 471 3146 523 Nec
3178 468 3487 539 patiebatur
3514 488 3625 529 esse
3644 479 3747 532 Dor-

2180 562 2481 617 mitorium
2521 565 2689 617 nocte
2741 559 2867 615 sine
2918 558 3073 613 claro
3124 555 3360 613 lumine.
3392 557 3605 617 Dicebat
3629 564 3746 621 enim

2177 651 2362 707 levius
2394 651 2698 705 ferendum
2751 648 2875 704 sine
2925 646 3149 702 lumine
3180 663 3303 703 esse
3338 647 3395 702 in
3424 654 3576 706 nocte
3599 651 3747 709 Crato-

2178 740 2354 807 rium,
2380 757 2557 811 quam
2580 737 3019 803 Dormitorium,
3046 735 3095 791 si
3124 740 3347 807 egestas
3376 736 3431 792 id
3459 736 3512 792 in
3540 738 3643 796 loco
3660 742 3747 799 fore

2179 834 2429 902 utroque
2462 846 2573 884 non
2608 828 2767 884 sinit.
2798 828 3028 882 Fratres
3058 841 3212 894 vero,
3240 824 3453 897 absque
3482 829 3621 883 omni
3646 846 3749 886 con-

2177 920 2459 975 troversia
2506 919 2594 974 vel
2646 916 3017 974 contentione
3070 913 3284 986 aliqua,
3319 921 3566 988 prompto
3601 919 3748 975 animo

2178 1010 2564 1065 observabant
2614 1022 2993 1081 quascumque
3040 1009 3212 1060 Pater
3260 1004 3617 1076 prmcipiebat.
3642 1011 3749 1064 Nam

2176 1095 2305 1169 ejus
2337 1097 2756 1163 admonitione,
2790 1095 3125 1168 pariterque
3172 1092 3428 1165 exemplo
3476 1094 3528 1149 in
3574 1100 3750 1152 tantum

2176 1205 2438 1244 amorem
2469 1187 2846 1243 observanda:
2880 1184 3117 1257 Regula:
3148 1188 3443 1251 venerunt,
3474 1188 3644 1240 utnec
3666 1202 3755 1241 ma-

2176 1294 2360 1332 nuum
2381 1293 2575 1347 opera,
2592 1293 2696 1331 nec
2713 1275 2848 1346 alia,
2866 1291 2992 1347 qua:
3013 1272 3250 1329 videtur
3264 1270 3476 1344 Regula
3490 1273 3753 1345 praecipere,

2176 1363 2375 1437 gravia
2396 1364 2751 1434 omitterent,
2776 1362 2917 1435 quin
2941 1365 3157 1418 cuncta
3186 1359 3318 1417 laeto
3349 1361 3531 1415 animo
3556 1360 3753 1433 comple-

2177 1458 2326 1509 rent.
2343 1452 2632 1509 Vilitatem
2654 1456 2711 1508 et
2728 1451 3155 1508 extremitatem
3180 1449 3494 1506 secundum
3509 1450 3755 1506 consilium

2178 1542 2408 1615 Regulae
2452 1541 2533 1597 ita
2564 1540 3097 1613 apprehenderunt,
3132 1543 3198 1595 ut
3248 1555 3352 1595 nec
3398 1539 3548 1611 ipsas
3588 1554 3754 1612 panum

2177 1631 2516 1698 incisiones,
2549 1647 2682 1686 cum
2716 1630 3111 1697 comederent,
3143 1645 3323 1701 super
3352 1627 3597 1683 mantilia
3620 1644 3755 1700 pone-

2181 1724 2328 1789 rent,
2363 1720 2496 1776 licet
2538 1738 2605 1776 ea
2662 1736 2858 1776 coram
2892 1718 3191 1789 baberent,
3225 1719 3325 1773 sed
3358 1734 3522 1790 super
3547 1734 3755 1773 mensam

2180 1810 2421 1864 nudam.
2454 1809 2696 1865 Cilicina
2726 1825 2857 1865 vero
2904 1812 3044 1864 tunc
3095 1811 3256 1863 veste
3285 1807 3365 1863 ita
3392 1807 3473 1863 uti
3502 1812 3755 1879 cmperunt,

2179 1902 2243 1951 ut
2274 1915 2377 1953 nec
2409 1899 2480 1952 ad
2514 1899 2870 1970 portandum
2904 1896 3059 1968 quis,
3093 1912 3226 1952 eam
3262 1897 3408 1951 ferre
3448 1912 3554 1951 non
3588 1895 3756 1959 valens,

2179 1992 2499 2059 cogeretur,
2534 2002 2639 2043 nec
2691 1988 2763 2042 ad
2816 1987 3122 2042 ferendum
3153 1985 3355 2041 volens
3404 1984 3757 2057 prohiberetur.

2246 2078 2337 2131 25.
2369 2076 2827 2132 Procuraverant
2856 2076 3084 2130 Fratres
3126 2092 3233 2147 pro
3286 2073 3668 2130 sustentatione
3689 2088 3757 2127 ve-

2179 2166 2360 2221 stium
2392 2166 2606 2221 habere
2638 2181 2873 2238 gregem
2906 2163 3101 2220 ovium
3131 2182 3144 2232 ;
3180 2180 3331 2236 quas
3377 2179 3503 2219 cum
3543 2162 3758 2235 providus

2178 2255 2349 2311 Pater
2366 2255 2579 2311 diversi
2597 2255 2808 2310 coloris
2825 2271 2951 2310 esse
2969 2257 3259 2322 cerneret,
3275 2252 3578 2327 nigredinis
3593 2250 3760 2308 scilicet

2178 2348 2235 2399 et
2265 2344 2573 2415 albedinis,
2597 2344 2817 2410 timuit,
2844 2348 2933 2399 ne‘
2952 2343 3001 2399 si
3035 2360 3308 2400 seorsum
3338 2343 3538 2399 faceret
3563 2342 3757 2414 nigram,

2180 2437 2235 2489 et
2265 2450 2530 2489 seorsum
2579 2433 2793 2501 albam,
2828 2432 2977 2489 alter
3015 2432 3335 2504 aliquando
3365 2447 3603 2504 pannum
3628 2427 3761 2484 vellet

2180 2522 2436 2594 nigrum,
2466 2522 2613 2577 alter
2642 2522 2863 2589 album,
2887 2526 2942 2578 et
2970 2522 3081 2578 hac
3113 2526 3183 2577 de
3216 2539 3393 2578 causa
3420 2520 3558 2576 inter
3584 2519 3759 2575 Fratres

2178 2611 2429 2667 oriretur
2446 2612 2752 2667 diversitas
2780 2612 3088 2681 mentium,
3116 2612 3274 2668 sicut
3294 2609 3531 2668 exterius
3553 2612 3681 2665 esset
3701 2607 3761 2661 di-

2177 2700 2421 2755 versitas
2435 2700 2618 2755 vestiu
2629 2717 2683 2753 m
2701 2717 2713 2755 :
2731 2717 2848 2771 qua
2860 2702 2932 2756 de
2949 2717 3129 2756 causa
3142 2700 3270 2756 ﬁeri
3286 2698 3541 2772 praecepit
3553 2709 3759 2769 pannum

2180 2789 2580 2861 promiscuum
2597 2790 2729 2861 (48).
2749 2790 2910 2852 Quod
2934 2790 3029 2845 Dei
3054 2794 3255 2845 actum
3274 2793 3361 2845 est
3380 2784 3761 2861 providentia,ut

2179 2878 2454 2948 deinceps
2470 2882 2802 2933 nosceretur
2818 2878 2997 2950 hujus
3011 2874 3604 2951 designatione,omnis
3614 2888 3760 2929 mona-

426 2982 548 3020 ram
580 2966 776 3022 dabat.
811 2967 1008 3022 Vetuit
1055 2967 1330 3022 defuncta
1359 2966 1471 3038 (45)
1520 2968 1593 3022 ad
1649 2968 2069 3024 monasterium
2180 2966 2326 3022 stica
2349 2983 2617 3039 persona,
2637 2984 2753 3039 qua
2774 2968 2846 3022 de
2864 2966 3011 3022 tanti
3028 2966 3217 3023 Patris
3239 2972 3393 3024 esset
3414 2965 3610 3023 schola.
3628 2961 3759 3025 Licet,

427 3054 773 3123 deferenda;
802 3054 1103 3127 prohibuit
1127 3055 1387 3129 accipere
1410 3056 1670 3128 Capellae
1695 3057 1805 3130 (46)
1836 3059 1908 3113 ad
1942 3058 2071 3125 hoc,
2104 3040 2145 3107 C
2186 3056 2331 3127 proh
2360 3055 2559 3111 dolor!
2596 3061 2854 3128 tempore
2877 3057 3157 3112 moderno
3184 3059 3515 3129 appareant,
3541 3052 3627 3125 qui
3646 3066 3694 3106 se
3711 3048 3760 3103 de

426 3144 582 3215 quod
614 3143 932 3215 aliquando
977 3162 1011 3200 a
1053 3145 1355 3201 monachis
1387 3146 1505 3218 regi
1540 3146 1852 3214 deberent;
1886 3148 2073 3203 Cano-

426 3232 714 3301 nicorum,
740 3250 854 3288 non
888 3233 1309 3290 monachorum
1343 3234 1452 3290 hoc
1475 3252 1602 3290 esse
1634 3235 1891 3291 ofﬁcium
1921 3237 2073 3292 dice-

425 3322 544 3377 bat.
578 3321 811 3378 Viderat
839 3322 1019 3388 enim,
1053 3323 1161 3378 sub
1215 3322 1430 3379 talibus
1479 3324 1885 3381 occasionibus
1916 3325 2074 3381 falsae

427 3410 793 3477 obedientiae,
818 3410 1037 3467 multos
1060 3412 1484 3468 monachorum
1508 3413 1589 3469 ire
1611 3430 1714 3485 per
1734 3414 2001 3487 abrupta,
2021 3419 2077 3471 et

427 3500 891 3572 inrecuperanda
912 3500 1244 3557 animarum
1268 3501 1521 3558 incidere
1542 3503 1912 3558 detrimenta.
1927 3504 2073 3559 Nam

426 3588 510 3655 id,
541 3589 695 3659 quod
750 3588 866 3644 duo
920 3589 1007 3644 vel
1057 3592 1177 3645 tres
1216 3590 1487 3646 monachi
1522 3590 1780 3662 quolibet
1810 3592 1933 3648 loco
1964 3594 2074 3648 sub

428 3675 734 3732 occasione
798 3676 1174 3746 obedientiae,
1236 3679 1458 3749 absque
1514 3680 1784 3750 praesenti
1844 3686 2075 3751 pastore

427 3768 752 3837 morantur,
784 3765 1205 3835 detestabatur,
1238 3770 1296 3822 et
1342 3767 1465 3822 suis
1514 3767 1572 3821 id
1625 3768 1808 3823 facere
1838 3770 2075 3826 omnino

427 3854 831 3910 interdicebat.

496 3943 585 3997 24.
622 3943 685 3996 In
730 3943 1064 3999 animarum
1094 3945 1252 4000 enim
1285 3945 1511 4001 fervens
1541 3946 1827 4018 custodia,
1861 3948 2075 4003 consti-

427 4030 541 4085 tuit
588 4034 653 4085 ut
700 4029 899 4086 nullus
940 4033 1361 4089 monachorum
1395 4036 1597 4104 [extra]
1629 4034 1875 4091 limitem
1908 4036 2073 4091 Clau-

428 4122 562 4173 stra:
592 4118 705 4189 (47)
737 4121 1005 4191 progredi
1038 4127 1438 4193 praesumeret,
1474 4140 1577 4178 nec
1606 4125 1781 4179 etiam
1828 4125 1899 4180 ad
1948 4126 2077 4198 ipsa

428 4205 586 4262 olera
607 4204 956 4278 colligenda,
980 4209 1095 4266 nisi
1118 4214 1236 4267 tres
1259 4228 1376 4267 una
1402 4212 1905 4284 progrederentur,
1921 4231 2077 4272 exce-

429 4293 547 4367 ptis
568 4293 917 4366 his,quibus
939 4299 1450 4371 suscipiendorum
1474 4300 1771 4373 hospitum
1794 4319 1933 4359 cura
1953 4310 2077 4361 erat

2185 3144 2292 3200 hac
2323 3144 2523 3200 schola
2567 3162 2695 3201 esse
2740 3146 3019 3217 vestibus,
3053 3162 3168 3200 non
3204 3145 3464 3202 moribus
3492 3139 3757 3199 ostendant.

2253 3235 2342 3289 26.
2378 3237 2414 3289 A
2462 3235 2687 3301 diebus,
2720 3235 2935 3307 quibus
2966 3233 3243 3290 monachi
3276 3236 3551 3306 cceperant
3576 3230 3635 3286 ad
3660 3241 3759 3283 eum

2182 3324 2399 3393 venire,
2428 3324 2583 3379 Deus
2605 3324 2704 3396 qui
2735 3328 2823 3379 est
2854 3324 3147 3395 inspector
3176 3324 3312 3395 puri
3343 3323 3540 3392 cordis,
3562 3323 3611 3375 et
3634 3317 3761 3386 cujus

2184 3411 2490 3467 dilectione
2511 3414 2638 3484 ejus
2655 3412 2810 3467 ﬁlius
2832 3413 3074 3468 curabat
3096 3413 3417 3469 monachos
3434 3408 3761 3478 constringere

2184 3502 2292 3556 sub
2326 3500 2687 3557 districtione
2717 3501 2968 3573 Regulae,
3006 3501 3169 3557 misit
3199 3503 3254 3558 ei
3286 3501 3480 3558 ﬁdeles
3506 3499 3658 3554 laicos
3682 3492 3761 3563 (49)

2185 3589 2394 3645 diversi
2421 3590 2665 3656 ordinis,
2692 3595 2811 3646 tam
2840 3607 3049 3662 puram
3072 3591 3503 3647 conversionem
3524 3582 3763 3643 ostenden-

2183 3682 2271 3733 tes
2290 3679 2346 3733 in
2367 3680 2644 3734 omnibus
2662 3680 2853 3735 modis
2877 3678 3283 3735 exhortatione
3300 3679 3377 3752 pii
3393 3676 3645 3742 Patris,ut
3660 3682 3765 3742 pene

2185 3766 2330 3821 nihil
2363 3768 2664 3823 differrent
2708 3786 2740 3822 a
2782 3768 3109 3824 monachis.
3142 3768 3369 3832 Quibus
3398 3782 3498 3824 nec
3526 3760 3762 3837 proprium

2185 3856 2419 3922 habere,
2466 3874 2569 3912 nec
2630 3874 2865 3913 carnem
2916 3858 3243 3926 comedere,
3278 3873 3382 3914 nec
3433 3855 3502 3912 ad
3555 3859 3761 3908 mensam

2183 3944 2364 4016 loqui,
2399 3962 2501 4001 nec
2552 3964 2585 4001 a
2630 3946 2991 4017 parentibus,
3022 3945 3113 4002 vel
3144 3946 3352 4002 amicis
3383 3943 3669 4017 quidquam
3692 3950 3761 3989 su-

2188 4048 2341 4089 mere
2366 4033 2595 4090 liccbat.
2614 4035 2680 4088 Et
2702 4034 2847 4089 nihil
2872 4034 3109 4091 omnino
3134 4052 3167 4091 a
3190 4033 3491 4092 monachis
3511 4024 3764 4086 distabant.

2185 4126 2390 4194 praeter
2419 4123 2574 4194 quod
2606 4123 3095 4195 permittebantur
3141 4125 3229 4180 uti
3283 4123 3450 4179 lineis
3476 4117 3696 4177 vestibus
3720 4109 3761 4163 in

2185 4211 2366 4267 nimio
2398 4212 2616 4268 fervore
2646 4213 2887 4282 aestatis,
2914 4217 2971 4268 et
3000 4217 3208 4285 praeter
3238 4212 3549 4275 silentium,
3569 4201 3693 4279 quod
3721 4197 3762 4251 in

2185 4298 2569 4358 exterioribus
2601 4302 2867 4374 occupati
2898 4302 3206 4359 observare
3239 4300 3569 4375 nequibant.

429 4384 715 4455 injuncta,
738 4389 797 4440 et
828 4385 1155 4444 obedientia
1175 4390 1526 4445 exteriorum
1558 4393 1942 4462 procuranda.
1965 4394 2074 4451 Ve-
2108 4409 2154 4473 D
2255 4393 2345 4445 27.
2378 4391 2525 4473 Nam
2558 4406 2625 4447 ea
2656 4392 2996 4463 probatione
3027 4391 3457 4463 recipiebantur
3484 4384 3675 4444 noviter
3696 4389 3761 4431 ve‘

500 4491 984 4574 ‘Fruncbius
1016 4494 1117 4551 lib.
1171 4499 1236 4564 7,
1294 4512 1423 4574 pag.
1479 4498 1625 4574 157,Δ
1654 4497 1853 4574 varios
1892 4500 2078 4558 citans

430 4563 871 4646 prnithblogo-s,
911 4566 1167 4646 ait,_per
1222 4563 1552 4646 pelicanum
1588 4563 1857 4646 intelligi
1918 4589 2081 4646 avem

431 4637 705 4707 ignavam
754 4640 811 4692 et
853 4637 1187 4711 ingratam;
1222 4637 1402 4711 quam
1449 4640 1627 4695 Grmci
1682 4637 2081 4700 onocrotalum

427 4711 657 4788 vocant,
683 4708 1009 4835 asseritq‘ue
1028 4708 1277 4783 pelicani
1309 4727 1522 4767 nomen
1545 4712 1850 4769 Germanis
1882 4713 1940 4770 in
1971 4733 2082 4772 usu

430 4777 615 4833 fuisse
637 4778 708 4833 ad
741 4778 894 4835 signi
922 4783 1199 4835 icandum
1230 4782 1531 4835 hominem
1564 4789 1857 4835 amentem
1890 4791 1947 4835 et
1977 4789 2082 4835 im-

430 4777 615 4903 fuisse
637 4777 708 4904 ap
741 4777 1199 4851 signiﬁcandum
1230 4782 1531 4839 hominem
1564 4789 1857 4840 amentem
1890 4791 1947 4842 et
1976 4789 2082 4844 im-

432 4864 538 4904 Dru
587 4865 659 4904 en
692 4864 806 4904 em.

430 4864 806 4920 prudentem.

502 4919 615 4991 (45)
649 4921 925 5001 Suspicor
972 4924 1028 5001 S_.
1058 4928 1339 5001 (cannea;
1388 4925 1644 4982 noluisse
1695 4932 1761 4981 ut
1808 4928 2084 4986 defuncta

430 5004 675 5073 corppra
700 4996 759 5046 in
782 4996 1138 5073 monasterio
1160 4996 1565 5073 sepelirentur,
1586 5015 1657 5053 ne
1680 5014 1782 5069 per
1806 5017 2079 5073 pompam

431 5060 737 5117 funebrem
758 5065 1178 5141 monachorum
1196 5060 1359 5141 q'uies
1376 5060 1893 5141 turbaretuhquod
1906 5060 2080 5129 etiam

430 5134 1138 5210 exsequentibusaliquo
1171 5134 1354 5210 modo
1372 5137 1566 5210 colligi
1597 5134 1846 5197 videtur.

502 5203 627 5276 (46)
650 5210 759 5262 Per
780 5203 1156 5287 capellasjbic
1177 5203 1584 5287 intelliguntur
1606 5212 2081 5287 sacella,rquibus

430 5279 871 5359 ann-exansunt;
886 5280 1142 5359 publica,
1172 5279 1286 5350 vel,
1318 5279 1390 5337 ut
1410 5280 1581 5353 vulgo
1616 5300 1773 5340 nunc
1806 5279 2077 5358 dicimus,

430 5347 747 5417 pastoralia
778 5347 991 5408 ofﬁcia.

501 5415 627 5500 (47)_
647 5416 1036 5500 Claustrgepro
1065 5426 1301 5500 claustri
1320 5443 1339 5481 :
1368 5440 1507 5500 nam
1530 5423 1783 5500 clgustra
1813 5429 2077 5488 feminini

429 5494 663 5568 generis
694 5494 952 5567 reperiri
965 5498 1173 5571 probat
1200 5497 1458 5574 Cangius
1487 5496 1548 5556 in
1580 5496 1898 5560 Glossario.

2266 4499 2376 4569 (48)
2410 4498 2515 4553 Per
2552 4516 2801 4571 pannum
2826 4501 3204 4571 promiscuum
3234 4495 3567 4569 intelligitur
3591 4496 3763 4571 penny?

2193 4558 2506 4643 ferruginei
2552 4558 2792 4643 'coloris,
2826 4558 3002 4643 quem
3058 4570 3230 4643 vulgo
3287 4558 3520 4643 grise‘im}
3572 4558 3761 4643 ιῖρςειξῖεε

2194 4624 3255 4714 undeUS.iAntoninus‘Historiarﬁm
3287 4624 3446 4714 parte
3487 4639 3539 4705 2,
3586 4633 3659 4689 tit.

2192 4729 2317 4796 cap.
2374 4714 2468 4796 23.Ξ
2590 4696 2645 4780 2,
2696 4696 3757 4796 Yallumbrosanosafppellatﬂ'mgn‘afﬁf:

2229 4779 2413 4839 riseos.
2440 4785 2494 4838 5.
2518 4779 2896 4841 Franciscum
2913 4786 3255 4842 Assisiatem
3277 4779 3474 4841 eodem
3499 4779 3653 4834 ferme
3668 4779 3764 4824 cum

2190 4802 2700 4908 {’allumbrosanis
2759 4857 2949 4908 colore
2998 4875 3171 4908 usum
3211 4857 3389 4908 fuisse
3420 4851 3609 4908 probat
3630 4843 3761 4899 an‘

2243 4855 2700 4911 allumbrosanis
2759 4857 2949 4913 colore
2998 4875 3171 4914 usum
3211 4857 3389 4912 fuisse
3420 4851 3609 4925 probat
3630 4843 3761 4925 Frau-

2191 4927 2361 5000 chius
2394 4927 2494 5000 lib.
2527 4930 2580 4998 7,
2617 4944 2748 5000 pag.
2787 4929 2907 4995 189,
2941 4945 3009 4984 ex
3056 4928 3366 4985 traditione
3404 4920 3762 5000 quadam,‘flﬁf

2191 4946 2361 4983 cuius
2394 4946 2494 4982 uo.
2539 4946 2580 4998 ι,
2657 4946 2748 5000 ag.
2787 4946 2907 4995 ws,
2941 4946 3009 4984 ex
3056 4946 3366 4985 traditione
3445 4946 3762 4994 nauatuqu

2191 4999 2375 5054 fertur
2403 4999 2583 5054 abbas
2616 4946 2911 5063 Benignus
2942 5001 3095 5057 circa
3144 5015 3362 5056 annum
3404 4946 3544 5050 ί1224
3588 4984 3764 5063 dettl?“

2192 5051 2365 5125 satis
2407 5051 3517 5128 Euganeas:manisestenim...
3561 5051 3759 5115 madido.

2192 5148 2269 5197 De
2299 5141 2478 5267 hui};
2525 5142 2733 5198 coloris
2778 5144 3103 5201 mutatione
3132 5144 3258 5199 vide
3289 5138 3594 5197 Comment.
3622 5133 3759 5183 Prev.

2192 5230 2351 5267 num.
2396 5232 2431 5266 ι)
2474 5255 2485 5267 .
3700 5261 3739 5267 __

2191 5230 2351 5269 num.
2396 5230 2485 5267 DD.

2400 5261 2485 5340 De
2502 5284 2593 5340 his
2622 5285 2789 5341 laicis
2810 5287 2941 5342 vide
2964 5286 3311 5343 Franchium
3342 5280 3526 5357 “1117;
3538 5261 3758 5357 PES'

2189 5360 2247 5431 et
2266 5339 2470 5431 saga,”
2491 5363 2561 5431 et
2577 5339 3383 5431 tantamne—laetae,
3404 5351 3468 5431 γ.
3491 5339 3561 5405 ne
3579 5339 3759 5400 0⁷τάἱηὶ-

2190 5374 2247 5411 et
2276 5374 2334 5412 se
2421 5396 2463 5423 .,
2491 5374 2549 5411 et
2577 5374 2952 5431 anonymum
2983 5374 3214 5414 uanum
3242 5374 3383 5411 tom.
3416 5374 3442 5404 ν

2190 5428 2300 5493 bus
2332 5374 2683 5489 laicilitaribus
2713 5437 2770 5493 et
2800 5429 3127 5504 Religiosis,
3159 5443 3289 5504 pag.
3322 5426 3442 5481 304.
