4002 6170
189 405 305 470 ’785

1773 408 2000 473 ACTA.

3473 405 3592 472 786

192 539 441 612 sepulto,
475 529 633 598 ﬁlius
663 537 792 614 ejus
843 556 1056 614 equum
1107 540 1276 598 beato
1305 540 1515 598 Joanni
1568 540 1836 608 minavit,
1867 545 1920 610 Α
1950 547 2015 599 ut
2046 542 2328 600 redeundi
2358 543 2409 601 ei
2431 546 2501 602 ad
2534 543 2812 603 smculum
2841 539 3139 602 licentiam
3171 540 3354 614 daret,
3369 543 3586 616 illeque

185 637 361 702 atque
396 635 459 685 ut
488 630 682 702 ipsum
712 631 1013 704 reciperet,
1046 637 1102 687 et
1132 649 1234 704 pro
1266 637 1427 704 patre
1461 631 1839 687 intercederet

186 721 432 791 rogavit.
450 719 561 775 Sed
577 725 817 775 sanctus
845 723 1096 776 Joannes
1122 721 1456 776 transitoria
1486 721 1834 792 despiciens,

187 812 594 880 paupertatem
609 808 880 881 diligens,
896 809 1153 882 coelestia
1167 810 1603 882 concupiscens,
1620 826 1836 880 equum

187 897 416 953 homini
452 898 724 965 reddidit,
775 903 831 952 et
863 903 926 952 ut
956 914 1089 953 cum
1121 915 1186 954 eo
1224 900 1294 953 ad
1329 898 1563 970 propria
1601 897 1834 964 rediret,

187 985 484 1059 pracepit.
546 986 808 1057 Cumque
865 987 1241 1042 vehementer
1297 987 1624 1057 obsisteret,
1673 992 1728 1042 et
1776 1004 1838 1043 se

189 1092 412 1147 equum
443 1091 556 1130 non
580 1076 962 1130 reducturum
985 1080 1287 1142 assereret,
1335 1081 1570 1130 coactus
1599 1075 1834 1129 tandem

188 1169 480 1236 praecepto
511 1163 697 1218 sancti
728 1164 994 1233 Joannis,
1024 1181 1155 1220 cum
1185 1181 1334 1235 equo
1366 1165 1436 1218 ad
1486 1162 1719 1235 pr0pria
1749 1181 1836 1219 re-

187 1253 295 1325 ped
305 1253 424 1307 avit
453 1254 588 1323 (76).

257 1343 348 1395 51.
384 1341 446 1396 In
478 1341 678 1396 eodem
713 1345 909 1397 autem
942 1343 1278 1397 Muscetano
1311 1343 1572 1397 coenobio
1605 1341 1835 1396 cuidam

184 1431 351 1486 fratri
381 1430 748 1486 venerabilis.
792 1435 962 1486 Pater
993 1431 1354 1487 medicamen
1407 1431 1700 1502 quoddam
1733 1447 1836 1501 pro

183 1521 443 1591 quadam
476 1537 583 1574 sua
613 1520 952 1574 infirmitate
985 1537 1161 1576 manu
1213 1537 1320 1575 sua
1351 1520 1614 1589 tradidit,
1647 1525 1704 1574 et
1735 1535 1836 1574 ex-

181 1608 428 1680 templo,
462 1615 706 1681 urgente
748 1626 927 1664 causa
957 1609 1346 1675 necessitatis,
1397 1609 1467 1663 ad
1517 1609 1674 1664 aliud
1711 1625 1837 1662 mo-

182 1698 511 1752 nasterium
562 1696 822 1753 secessit.
878 1697 986 1762 Qui
1041 1697 1426 1753 nihilominus
1476 1714 1590 1752 non
1651 1714 1732 1762 se,
1774 1701 1838 1751 ut

182 1787 405 1856 decuit,
432 1785 660 1842 cautius
691 1786 914 1852 habuit,
943 1790 999 1841 et
1028 1787 1181 1841 intra
1212 1803 1428 1858 paucos
1459 1787 1582 1841 dies
1613 1785 1836 1856 expira-

180 1875 287 1929 vit.
347 1875 434 1929 Λᾶ
485 1875 827 1930 memoriam
879 1875 1048 1944 cujus
1108 1875 1470 1930 retinendam
1521 1875 1646 1944 jam
1696 1873 1835 1928 dicti

183 1963 531 2019 monasterii
557 1963 723 2019 Pater
740 1981 842 2035 per
860 1963 1389 2018 Vallimbrosanam
1412 1967 1680 2018 cunctam
1707 1979 1838 2018 con-

181 2052 607 2126 gregationem,
641 2053 793 2107 sicut
822 2069 890 2107 ex
915 2069 1116 2107 eorum
1140 2051 1385 2106 mortuis
1420 2068 1546 2106 mos
1569 2056 1676 2119 est,
1712 2052 1839 2121 ejus

183 2141 415 2198 obitum
449 2159 551 2213 per
576 2142 769 2213 apices
792 2143 906 2211 (77)
928 2141 1274 2212 designavit.
1301 2141 1366 2194 Et
1386 2145 1526 2195 tunc
1549 2157 1661 2195 non
1688 2139 1838 2194 mul-

178 2235 312 2286 tum
343 2235 474 2302 post
504 2230 819 2302 praedictus
851 2229 1035 2296 Pater,
1069 2229 1340 2284 abbatem
1369 2229 1658 2284 Joannem
1702 2227 1837 2283 visi-

179 2320 348 2374 tandi
379 2318 570 2391 gratia
601 2318 766 2389 adiit,
799 2335 832 2372 a
857 2335 971 2389 quo
995 2317 1272 2373 continuo
1297 2317 1618 2389 requisitus
1639 2317 1709 2371 de
1738 2316 1837 2372 illo

176 2410 363 2464 fratre
391 2406 644 2478 qualiter
673 2406 1006 2473 defecisset,
1059 2410 1115 2461 et
1154 2405 1248 2462 ille
1277 2406 1326 2461 ei
1359 2411 1569 2460 cuncta
1599 2406 1837 2460 ordina-

175 2497 292 2552 tim
326 2495 644 2565 retulisset,
677 2494 1088 2565 inquiensilli:
1115 2496 1273 2549 Vade
1305 2495 1674 2566 quantocius,
1694 2500 1751 2550 et
1769 2511 1837 2550 ex

176 2590 399 2641 cuncta
455 2584 902 2656 congregatione
957 2584 1086 2654 ejus
1117 2583 1460 2639 memoriam
1492 2583 1636 2638 dele.
1673 2584 1835 2650 Quod

174 2682 239 2734 et
270 2679 491 2733 factum
525 2681 631 2732 est.

248 2769 346 2823 52.
381 2767 546 2821 Tunc
575 2766 814 2821 demum
845 2763 1072 2820 evoluto
1124 2763 1497 2825 aliquantum
1531 2761 1831 2834 temporis,

175 2857 422 2912 cuidam
473 2855 757 2910 monacho
797 2871 865 2909 ex
893 2854 1096 2909 eodem
1147 2853 1498 2908 monasterio
1531 2853 1684 2907 circa
1716 2868 1834 2906 me-

174 2945 352 3001 dium
383 2944 539 2999 diem
565 2943 854 3015 apparuit.
880 2943 964 2997 Ad
997 2958 1170 3014 quem
1200 2941 1502 3012 inquiens:
1535 2940 1836 3012 Numquid

176 3040 247 3090 tu
282 3051 401 3088 non
427 3049 489 3089 es
522 3032 846 3088 monachus
869 3029 1431 3101 talis?Sum,inquit
1463 3029 1831 3102 prorsusilli:

173 3123 448 3190 Qualiter
477 3121 602 3194 agis
633 3121 826 3176 nunc?
854 3119 1002 3174 Tum
1035 3119 1131 3175 ille
1157 3137 1170 3174 :
1197 3120 1341 3174 Sum
1373 3118 1836 3174 excommunica-

174 3219 304 3280 tus,
339 3217 398 3267 et
446 3229 479 3266 a
525 3210 815 3266 consortio
860 3213 1194 3264 sanctorum
1228 3215 1550 3280 separatus.
1595 3208 1661 3261 Et
1690 3206 1786 3262 ille
1819 3225 1831 3262 :

176 3301 412 3369 Quare?
443 3301 590 3364 Quia
638 3299 819 3354 abbas
846 3299 1103 3353 Joannes
1146 3296 1478 3352 dissociavit
1510 3313 1601 3352 me
1631 3313 1665 3350 a
1695 3311 1832 3350 con-
1866 3277 1909 3343 (ἶ

174 3390 595 3465 gregationum
619 3393 790 3443 coetu.
821 3387 1098 3459 Inquiens
1116 3386 1197 3440 illi
1219 3404 1230 3441 :
1253 3386 1767 3455 Quomodojuvare
1784 3389 1839 3440 te

170 3495 505 3554 possumus
518 3478 546 3532 ?
560 3478 682 3532 Ait:
704 3477 763 3531 Si
778 3477 1031 3531 domnus
1048 3474 1462 3542 Joannesvult,
1476 3473 1836 3542 reconciliari

167 3585 449 3643 possum.
483 3568 590 3633 Qui
621 3567 821 3623 statim
854 3566 926 3621 ad
959 3566 1228 3620 abbatem
1257 3568 1545 3643 Joannem
1581 3563 1744 3630 adiit,
1780 3567 1837 3617 et

167 3640 397 3714 cuncta
427 3658 476 3713 ei
513 3655 774 3713 seriatim
807 3671 910 3727 per
958 3654 1225 3709 ordinem
1258 3640 1474 3708 retulit.
1526 3653 1688 3706 Tunc
1719 3650 1835 3720 ille,

171 3752 378 3804 mente
401 3745 710 3818 piissimus
731 3749 802 3799 ut
823 3747 966 3812 erat,
985 3741 1325 3814 praedictum
1343 3741 1617 3796 abbatem
1649 3756 1836 3795 accer-

169 3838 277 3894 siri
313 3834 592 3908 praecepit
621 3837 677 3888 et
707 3850 810 3904 pro
859 3829 1348 3887 excommunicati
1398 3829 1597 3884 fratris
1639 3827 1839 3884 anima

169 3925 447 3981 officium
471 3928 527 3978 et
555 3922 1010 3993 eleemosynam,
1033 3936 1138 3974 nec
1166 3935 1280 3974 non
1312 3923 1369 3973 et
1397 3935 1499 3990 per
1528 3933 1841 3990 congrega-

169 4017 405 4070 tionem
436 4015 646 4077 totam,
680 4009 849 4082 quasi
900 4008 1103 4064 eodem
1137 4008 1229 4062 die
1261 4007 1500 4075 obisset,
1552 4006 1839 4061 instanter

171 4117 359 4176 agere
388 4099 683 4172 praecepit.
717 4097 824 4164 Qui
866 4096 1064 4152 omnia
1093 4095 1343 4150 fideliter
1373 4095 1732 4167 adimplevit.
1768 4095 1838 4150 Et

165 4198 321 4247 tunc
353 4191 592 4255 iterum,
627 4187 940 4243 defunctus
982 4189 1113 4257 post
1151 4185 1276 4240 dies
1305 4202 1414 4238 xxx
1439 4184 1674 4239 cuidam
1707 4201 1836 4239 mo-

166 4281 373 4337 nacho
426 4276 695 4334 similiter
754 4274 1051 4348 apparuit,
1112 4273 1280 4345 eique
1340 4273 1522 4327 dixit:
1576 4273 1749 4342 Vade,
1782 4277 1838 4327 et

163 4371 402 4426 domno
432 4365 644 4424 Joannl
678 4383 782 4439 pro
831 4381 923 4420 me
953 4363 1174 4436 gratias
1206 4379 1330 4435 age,
1365 4366 1422 4416 et
1454 4361 1708 4416 inferens
1759 4361 1840 4429 [id

161 4464 250 4515 est
283 4462 342 4513 et
376 4456 548 4528 refer]
584 4454 724 4527 quia
774 4469 881 4527 ego
913 4470 1044 4509 sum
1079 4449 1492 4508 reconciliatus
1533 4450 1590 4504 in
1623 4449 1837 4504 electo-

160 4564 310 4604 rum
345 4549 519 4601 cmtu.

1948 635 2312 706 praedicando
2343 635 2616 703 coelestia,
2651 636 3051 691 denuntiando
3071 632 3401 704 infernalia,
3427 649 3500 689 ne
3529 633 3590 691 id

1948 724 2179 790 faceret,
2231 725 2588 794 admoneret,
2636 724 2854 796 illoque
2903 723 2961 778 in
3012 740 3120 779 sua
3167 721 3583 789 obstinatione,

1947 812 2176 868 diabolo
2198 813 2553 886 inobligante
2573 815 2704 884 (78),
2727 814 3090 885 persistente,
3110 813 3318 868 beatus
3333 811 3588 868 Joannes

1948 902 2220 973 praecepit
2277 903 2327 956 ci
2385 901 2621 957 tandem
2680 901 2826 957 irato
2875 902 3092 970 animo,
3152 905 3215 955 ut
3269 901 3593 957 discederet

1947 1006 2198 1062 cumque
2231 989 2468 1062 paulum
2488 1008 2520 1045 a
2551 988 2903 1045 monasterio
2920 988 3387 1044 Vallimbrosano
3410 994 3584 1056 esset,

1947 1079 2176 1135 diabolo
2198 1079 2877 1151 deducente,digressus,
2893 1079 2963 1133 de
2985 1077 3103 1133 alta
3125 1094 3269 1149 rupe
3289 1094 3390 1148 per
3410 1093 3590 1147 quam

1947 1169 2090 1236 ibat,
2108 1170 2180 1223 ab
2211 1169 2436 1235 eodem;
2460 1185 2635 1240 quem
2651 1169 3024 1240 sequebatur,
3048 1165 3442 1238 praecipitatus
3469 1165 3592 1220 ani-

1949 1273 2104 1312 mam
2137 1257 2412 1312 continuo
2438 1257 2735 1326 exhalans,
2765 1255 3148 1328 praesentibus
3180 1259 3269 1311 est
3298 1255 3596 1310 substrac-

1946 1352 2062 1402 tus.
2098 1347 2259 1402 Unde
2308 1350 2572 1418 patenter
2602 1345 2928 1401 ostenditur
2957 1362 3134 1416 quam
3193 1343 3588 1416 periculosum

1948 1435 2121 1490 fuerit
2149 1433 2234 1488 vel
2293 1435 2531 1488 beatum
2572 1434 2860 1489 Joannem
2919 1432 3271 1503 relinquere,
3325 1435 3426 1488 aut
3455 1431 3586 1502 ejus

1945 1523 2092 1578 iram
2127 1524 2442 1578 incurrere.

2017 1615 2105 1668 5’1.
2141 1613 2401 1676 Quodam
2433 1616 2628 1667 autem
2669 1618 2928 1683 tempore
2959 1609 3069 1666 fuit
3097 1609 3184 1665 vir
3211 1609 3476 1681 quidam,
3507 1609 3590 1664 vi-

1948 1701 2156 1756 delicet
2187 1701 2511 1756 Florentius
2543 1702 2655 1772 (79)
2691 1699 2925 1756 nomine
2944 1700 3180 1754 urbanae
3201 1699 3438 1770 quidem
3469 1697 3588 1754 elo-

1948 1790 2218 1861 quentiae,
2232 1807 2434 1845 verum
2447 1790 2620 1845 etiam
2635 1795 2692 1845 et
2710 1787 2852 1844 civis
2866 1789 2977 1859 (80)
2995 1787 3354 1852 omnimodo,
3367 1791 3586 1842 tamem

1949 1880 2286 1936 Limoniaca
2316 1879 2561 1951 perfidia
2602 1878 2912 1948 cujusdam
2963 1876 3221 1948 episcOpi
3253 1875 3590 1932 defensione

1949 1974 2073 2024 erat
2097 1968 2262 2024 valde
2283 1967 2633 2023 maculatus.
2651 1967 2757 2033 Qui
2775 1983 2910 2022 cum
2932 1966 3185 2036 quadam
3209 1964 3302 2020 die
3321 1963 3593 2037 gravissi-

1949 2076 2106 2114 mam
2138 2057 2442 2113 incidisset
2471 2057 2529 2112 in
2561 2055 2986 2128 aegritudinem,
3020 2055 3168 2110 mori
3220 2070 3282 2109 se
3325 2052 3592 2110 funditus

1948 2148 2292 2220 desperavit.
2324 2147 2431 2202 Sed
2462 2145 2613 2200 inter
2630 2143 3009 2218 gravissimos
3039 2159 3282 2198 suorum
3310 2142 3594 2214 lacryma-

1949 2255 2080 2292 rum
2108 2237 2324 2302 luctus,
2354 2235 2705 2304 crebrosque
2735 2231 3051 2304 singultus,
3075 2246 3105 2285 e
3136 2231 3261 2286 suis
3290 2229 3588 2284 nobilibus

1950 2327 2152 2382 amicis
2173 2325 2508 2396 aliquantos
2539 2324 2610 2378 ad
2634 2337 2696 2378 se
2727 2319 2997 2376 accersiri
3027 2320 3182 2385 fecit,
3215 2335 3362 2390 quos
3392 2318 3464 2374 ad
3492 2334 3590 2374 ve-

1948 2415 2264 2472 nerabilem
2279 2415 2564 2470 Joannem
2583 2410 2932 2482 quantocius
2955 2409 3036 2464 ire
3049 2406 3591 2480 rogavit,quatenus

1946 2523 2148 2562 eorum
2182 2501 2710 2576 supplicationibus
2732 2499 2790 2553 in
2815 2498 3156 2554 monachico
3176 2495 3382 2551 habitu
3403 2495 3454 2551 ei
3477 2513 3594 2568 pm-

1947 2594 2202 2651 nitentiae
2233 2593 2427 2648 locum
2458 2589 2818 2646 concederet.
2845 2586 2952 2651 Qui
2975 2590 3182 2642 euntes
3203 2585 3275 2640 ad
3298 2583 3594 2640 venerabi-

1946 2685 2060 2740 lem
2091 2684 2378 2738 Joannem
2410 2696 2478 2736 ex
2505 2679 2654 2735 votis
2685 2676 2880 2743 amici,
2913 2692 3018 2731 ceu
3040 2677 3362 2746 rogaverat,
3379 2672 3590 2730 retule-

1945 2778 2101 2829 runt.
2134 2771 2242 2828 Sed
2275 2768 2488 2825 nobilis
2517 2769 2767 2823 Joannes
2806 2781 3010 2821 eorum
3042 2763 3316 2836 precibus
3345 2761 3590 2818 minime

1946 2863 2159 2927 renuit,
2174 2878 2278 2916 nec
2295 2859 2493 2915 statim
2511 2855 2844 2912 omnimodo
2862 2853 3171 2910 concessit.
3197 2849 3591 2923 Pr0pterillud

1947 2953 2100 3026 quod
2132 2951 2380 3006 dicitur:
2412 2947 2655 3003 Probate
2685 2944 2950 3016 spiritus,
2973 2941 3022 2997 si
3045 2958 3112 2997 ex
3142 2945 3254 2996 Deo
3282 2944 3443 2995 sunt.
3467 2938 3589 3004 Quo

1946 3059 2079 3098 cum
2111 3040 2388 3110 dilatione
2438 3039 2727 3107 suscepto,
2777 3031 3190 3089 monachicum
3238 3028 3588 3086 habitumei

1945 3130 2208 3195 tradidit,
2243 3132 2299 3182 et
2323 3142 2539 3198 paucos
2567 3124 2690 3179 dies
2721 3123 2806 3178 sic
2837 3122 3023 3176 factus
3049 3123 3139 3176 est
3158 3118 3589 3183 convalescens,

1946 3219 2028 3275 ita
2057 3233 2198 3273 sane
2230 3221 2294 3270 ut
2323 3214 2581 3269 claustra
2623 3209 2986 3278 monasterii,
3017 3207 3228 3263 bacillo
3261 3223 3322 3263 se
3353 3211 3590 3263 susten-

1950 3311 2127 3376 tante,
2153 3306 2611 3373 circumquaque
2641 3299 2942 3355 lustraret.

2019 3398 2107 3450 55.
2143 3395 2252 3450 Sed
2284 3409 2400 3447 non
2449 3389 2703 3445 multum
2754 3391 2905 3458 post,
2951 3401 3086 3440 cum
3116 3384 3236 3439 1]ch
3265 3383 3468 3438 eadem
3497 3383 3592 3437 in-

1950 3484 2196 3540 firmitas
2226 3497 2360 3536 eum
2383 3481 2684 3550 repeteret,
2709 3477 2780 3531 ad
2797 3479 3056 3531 extrema
3076 3473 3362 3528 deductus
3384 3473 3492 3526 est.
3512 3470 3594 3526 De

1949 3591 2062 3646 quo
2081 3589 2214 3628 cum
2233 3569 2479 3625 relatum
2506 3567 2712 3621 fuisset
2727 3564 2923 3620 abbati
2937 3563 3084 3620 Joan
3095 3561 3174 3628 ni,
3207 3559 3488 3618 adhibitis
3509 3576 3596 3615 se-

1949 3680 2083 3718 cum
2117 3660 2438 3727 Fratribus,
2472 3655 2687 3711 lectum
2719 3651 2916 3725 aegroti
2963 3652 3211 3707 festinus
3242 3648 3461 3722 petivit.
3495 3649 3590 3704 In-

1947 3753 2117 3808 terim
2148 3751 2399 3815 Fratres,
2448 3745 2663 3818 quibus
2693 3744 2961 3815 poterant
3008 3739 3280 3812 precibus
3309 3738 3424 3794 Deo
3454 3753 3589 3794 eum

1947 3837 2414 3897 commendando
2436 3833 2744 3906 juvabant,
2769 3831 2869 3902 qui
2894 3831 2951 3884 in
2969 3829 3234 3901 proximo
3265 3831 3389 3884 erat
3419 3825 3593 3883 mori-

1947 3936 2135 3986 turus.
2159 3927 2268 3984 Sed
2295 3925 2390 3980 ille
2409 3941 2475 3979 ex
2498 3921 2694 3994 pallio,
2710 3920 2863 3976 unde
2885 3923 3008 3974 erat
3031 3922 3359 3989 coopertus,
3377 3914 3593 3987 saepius

1947 4018 2280 4090 replicando
2312 4013 2484 4085 cmpit
2515 4027 2649 4067 cum
2680 4009 2859 4065 torvis
2878 4007 3063 4064 oculis
3096 4005 3324 4062 vultum
3347 4003 3590 4076 operire.

1945 4110 2030 4164 Ad
2064 4122 2240 4179 quem
2273 4103 2723 4159 abbasJoannes
2745 4115 2758 4155 :
2781 4097 2929 4162 Quid
2960 4095 3203 4165 esthoc,
3236 4094 3391 4165 quod
3423 4091 3594 4162 agis?

1947 4199 2099 4252 Tum
2131 4195 2227 4250 ille
2258 4193 2483 4264 pallens
2512 4195 2569 4246 et
2617 4193 2874 4245 tremens
2933 4185 3162 4256 inquit:
3213 4179 3596 4238 Terribilibus

1948 4285 2134 4341 oculis
2167 4281 2464 4339 diabolum
2506 4295 2684 4352 prope
2713 4277 3054 4333 asistentem
3105 4272 3293 4337 video,
3325 4287 3394 4326 ex
3425 4269 3596 4340 cujus

1948 4391 2044 4430 ore
2074 4373 2233 4427 mirae
2267 4367 2696 4442 magnitudinis
2727 4367 2988 4431 ﬂamma,
3020 4367 3077 4418 et
3101 4377 3170 4416 ex
3198 4359 3440 4416 naribus
3471 4357 3593 4412 sul-

1948 4463 2210 4535 phurcus
2237 4465 2294 4516 et
2323 4460 2650 4514 immensus
2673 4453 2848 4508 nimis
2872 4453 3070 4507 fumus
3099 4448 3408 4522 egreditur.
3433 4450 3595 4500 Pror-

1949 4569 2052 4608 sus
2083 4551 2194 4605 illi:
2220 4549 2324 4605 Ubi
2348 4554 2457 4612 est,
2490 4543 2722 4616 inquis?
2742 4543 2886 4596 Ecce
2907 4539 2986 4594 ibi
3013 4543 3120 4606 est,
3140 4536 3380 4592 Domine
3401 4537 3590 4588 Pater.

241 4637 346 4691 53o
378 4633 506 4689 ΑῙίο
538 4648 772 4704 quoque
801 4636 1082 4703 tempore,
1107 4629 1346 4701 qnidam
1366 4629 1495 4698 eius
1527 4643 1840 4682 εοηνθτευε
1870 4646 1916 4709 1)
1949 4643 2112 4696 Tunc
2143 4640 2350 4694 beatus
2381 4637 2636 4691 Joannes
2665 4631 2878 4702 raptim
2907 4644 2977 4685 ex
3006 4627 3135 4697 ejus
3164 4624 3460 4690 manibus,
3491 4620 3592 4692 qui

163 4725 466 4783 suasione
498 4721 736 4790 diaboli,
771 4719 1052 4777 saeculum
1083 4717 1490 4789 dereliquisse,
1525 4720 1581 4771 et
1614 4716 1680 4769 ad
1718 4731 1838 4770 mo-

175 4812 524 4871 nasterium
557 4827 620 4866 se
647 4810 876 4866 venisse
905 4808 1194 4881 paenituit.
1247 4807 1409 4862 Unde
1439 4822 1572 4860 (.um
1605 4805 1842 4859 beatum

159 4905 476 4961 Joannem
509 4899 864 4972 importunis
906 4897 1182 4971 precibus
1230 4897 1563 4967 frequenter
1593 4897 1844 4965 rogaret,

158 5062 514 5123 concedere;
548 5065 725 5132 atque
764 5060 884 5132 hoc,
922 5073 1163 5132 sensum
1199 5056 1466 5132 verbum
1518 5054 1663 5132 illud
1691 5069 1843 5132 saepe

156 5146 266 5220 est
300 5124 657 5206 usurpatum
689 5133 748 5186 in
779 5131 1007 5203 legibus
1038 5128 1301 5183 Gothicis
1324 5134 1389 5182 'et
1445 5124 1839 5198 Longobardi-

158 5226 373 5350 “im
407 5276 726 5350 Βερειὲςιυίζ,
755 5273 815 5350 id
847 5276 934 5350 est
957 5272 1131 5350 redi“
1151 5286 1330 5350 Aqui”
1364 5268 1591 5338 νδνδδίδ
1622 5267 1682 5350 Ψ
1715 5282 1845 5322 ³¹¹⁰’

156 5341 422 5408 toribus
456 5341 659 5402 mediae
694 5341 1025 5399 Latinitatis
1058 5341 1382 5412 saepissime
1411 5341 1681 5394 occurrit.

249 5420 378 5494 (77)
409 5421 518 5494 Per
547 5415 750 5494 apices,
781 5415 837 5494 id
867 5419 955 5494 est
989 5431 1089 5494 per
1118 5415 1332 5494 litteras
1353 5429 1372 5472 ;
1405 5428 1519 5482 qua
1549 5425 1686 5463 voce
1719 5424 1844 5462 cre-

157 5485 297 5550 brb
330 5485 422 5546 usi
459 5485 599 5545 sunt
629 5486 919 5543 inferioris
953 5485 1051 5540 aévi
1083 5485 1415 5555 scriptores.

220 5564 385 5647 .(78)
415 5563 477 5617 1d
509 5566 597 5616 est
620 5561 938 5628 instigante,
971 5558 1118 5612 sicut
1151 5549 1219 5609 ei
1264 5570 1437 5608 sensu
1491 5552 1634 5604 satis
1681 5549 1850 5603 colli-

161 5642 390 5778 mitia.)
441 5703 773 5762 Florentius
832 5701 946 5767 ille,
999 5702 1170 5772 juxta
1216 5693 1598 5762 Locatellum,
1657 5691 1758 5748 lib.
1811 5709 1850 5763 ι,

1950 4746 2076 4785 eam
2108 4727 2367 4791 tenebat,
2415 4737 2645 4779 crucem
2701 4717 2962 4787 adstulit,
3009 4719 3067 4770 et
3096 4711 3399 4768 diabolum
3430 4727 3497 4766 ex
3527 4724 3596 4764 ea

1954 4817 2181 4873 fortiter
2201 4812 2508 4887 percussit,
2534 4810 2633 4882 qui
2649 4808 2848 4864 statim
2867 4821 2934 4860 ex
2954 4802 3141 4859 oculis
3163 4799 3430 4856 mirantis
3441 4797 3600 4854 velut

1953 4903 2154 4962 fumus
2186 4901 2440 4959 evanuit.
2473 4901 2546 4954 At
2576 4897 2673 4952 ille
2702 4912 2859 4963 voce,
2907 4911 3024 4966 qua
3063 4893 3310 4964 poterat,
3343 4889 3600 4945 clamare

1954 5065 2080 5118 cap.
2114 5040 2696 5118 59,,etFranchium,
2721 5038 2823 5118 lib.
2852 5055 2906 5103 x,
2941 5032 3430 5118 pl358,aliosque
3453 5029 3596 5118 seriis

1954 5101 2150 5192 ptores
2186 5101 2726 5192 Vallumbrosanos,
2743 5101 3144 5192 faveratPetro
3159 5101 3600 5192 Simopiaco,de

1955 5174 2067 5262 quo
2102 5193 2303 5260 postea
2336 5174 2856 5262 pluribusagetur,
2876 5181 3031 5259 unde
3053 5181 3210 5262 patet
3239 5175 3298 5229 in
3331 5174 3422 5262 his
3448 5174 3598 5262 actis

1956 5245 2182 5316 nullum
2214 5245 2494 5329 temporis
2525 5245 2787 5329 ordinem
2819 5245 3191 5329 s’ervari,_s‘ed
3225 5245 3490 5318 quaedam
3521 5245 3600 5299 ci-

1955 5334 2071 5388 tius
2105 5323 2357 5396 narrari,
2384 5345 2508 5399 qua:
2539 5325 2727 5381 serius
2758 5323 3148 5399 contigerunt.

2028 5385 2138 5472 (80)
2175 5403 2313 5456 Puto
2338 5385 2499 5470 quod
2553 5402 2752 5452 auctor
2784 5385 3206 5472 significatum
3234 5387 3396 5472 velit,
3427 5385 3597 5470 illum

1959 5461 2309 5530 Florentium
2347 5461 2456 5525 non
2493 5475 2721 5523 tantum
2755 5461 3075 5542 rhetoricae,
3109 5461 3219 5542 sed.
3243 5461 3419 5515 etiam
3434 5461 3600 5542 .ju'ris

1958 5545 2140 5602 civilis
2189 5543 2369 5598 fuisse
2418 5541 2703 5613 peritum;
2739 5538 2821 5613 sic
2851 5531 3602 5613 enimreperimuscivilis-

1960 5623 2073 5671 tam
2104 5633 2205 5688 pro
2229 5603 2796 5687 jurisconsulta,'vel
2825 5625 2890 5662 eo
2916 5606 3013 5680 qui
3039 5603 3159 5679 ju’ri
3179 5603 3330 5660 civili
3350 5603 3450 5659 dat
3470 5614 3605 5674 epe-

1963 5706 2084 5745 ram
2096 5731 2106 5743 .
