4002 6170
176 397 298 468 789

1771 399 1991 468 ACTA.

3479 402 3600 466 790

179 552 294 594 non
325 532 523 594 solum
551 529 675 600 illa,
702 533 802 592 sed
835 533 1038 605 etiam,
1057 552 1186 608 quas
1220 533 1465 592 inferius
1498 536 1818 610 subjunge-
1847 540 1904 608 Α
1938 541 2159 594 secreta
2187 536 2274 594 tui
2305 537 2498 594 cordis
2529 535 2713 595 mihi?
2741 534 2952 610 Utique
2981 533 3144 595 dixit.
3167 535 3238 594 Et
3261 534 3360 595 ille
3392 553 3408 595 :
3438 538 3510 596 Et
3538 553 3596 607 si

178 643 338 682 mus.

244 715 337 770 63.
372 717 517 770 Item
550 715 862 787 praedictus
888 717 1058 772 Pater
1106 716 1283 772 boum
1307 717 1650 772 custodibus
1699 734 1835 772 con-

174 808 266 864 tra
298 821 522 860 morem
544 803 638 860 die
670 808 792 860 tota
822 803 1186 860 necessitatis
1216 805 1458 861 obtentu
1491 823 1657 861 arare
1687 823 1834 878 prae-

172 895 352 966 cepit,
384 898 440 949 et
467 893 530 949 in
561 899 729 950 nocte
757 910 993 965 carpere
1027 894 1260 966 pabula.
1292 898 1554 966 Cumque
1588 895 1674 950 illi
1704 911 1830 951 res-

173 983 505 1057 ponderent
526 999 540 1039 :
560 984 880 1054 Quomodo,
897 984 1193 1055 inquiunt,
1211 985 1400 1052 Pater,
1424 984 1532 1040 hoc
1565 985 1842 1056 perficere

172 1089 518 1145 possumus,
560 1089 692 1128 cum
743 1090 914 1128 ursos
956 1089 1021 1128 ac
1049 1072 1240 1144 lupos,
1291 1078 1729 1146 nocturnosque
1767 1073 1838 1128 ti-

170 1178 445 1218 meamus
465 1160 767 1218 latrones?
789 1162 1140 1233 Respondit:
1162 1164 1367 1230 Sinite,
1393 1163 1607 1235 inquit,
1631 1163 1834 1220 sinite;

169 1251 334 1307 Deus
356 1250 539 1316 enim,
567 1251 813 1322 ejusque
843 1250 1062 1306 Paulus
1095 1251 1402 1323 apostolus
1441 1253 1511 1307 de
1541 1251 1658 1307 illis
1702 1269 1840 1322 pos-

171 1344 318 1397 sunt
345 1339 560 1394 habere
590 1340 950 1410 custodiam,
975 1357 1190 1412 eosque
1221 1356 1566 1396 conservare
1598 1340 1836 1396 illaesos.

169 1433 608 1489 Bemanserunt
638 1429 839 1500 itaque
891 1435 1058 1485 nocte
1088 1429 1188 1485 illa
1219 1435 1425 1486 contra
1454 1447 1678 1486 morem
1712 1429 1839 1487 sine

172 1517 448 1573 custodia
487 1519 682 1574 boves.
716 1519 882 1574 Tunc
913 1519 1027 1574 duo
1057 1518 1314 1574 latrones
1345 1524 1833 1591 supervenerunt,

177 1607 279 1678 qui
309 1623 499 1663 unum
523 1621 592 1662 ex
624 1607 814 1662 bobus
839 1605 1101 1662 funiculo
1120 1607 1447 1680 ligaverunt
1473 1624 1574 1678 per
1593 1625 1832 1674 cornua,

176 1710 436 1766 eumque
465 1711 689 1766 rapere,
719 1711 1037 1767 secumque
1072 1712 1261 1768 usque
1293 1713 1464 1752 mane
1495 1696 1834 1753 nitebantur

172 1784 519 1856 perducere.
553 1784 664 1840 Sed
712 1784 817 1839 bos
847 1785 1176 1840 immobilis
1203 1801 1573 1856 permanens
1603 1785 1674 1840 de
1704 1784 1830 1840 loco

171 1873 292 1929 ulla
322 1873 551 1929 ratione
581 1873 801 1930 moveri
833 1891 950 1929 non
982 1873 1192 1945 potuit.
1226 1874 1337 1930 Sed
1369 1890 1543 1929 mane
1573 1891 1604 1929 a
1636 1878 1829 1929 custo-

170 1962 348 2018 dibus
379 1961 651 2018 inventus
681 1963 809 2028 bos,
841 1961 1058 2034 ligatus
1103 1962 1511 2033 lacrymasque
1542 1978 1703 2018 more
1733 1962 1834 2018 ho-

170 2051 402 2107 minum
441 2049 664 2106 fudisse
676 2055 942 2123 repertus
958 2051 1190 2107 est.Hoc
1219 2067 1354 2106 cum
1377 2050 1650 2122 praedicto
1676 2051 1830 2107 Patri

165 2139 512 2196 nuntiatum
543 2139 774 2207 fuisset,
805 2140 1075 2206 accessit,
1099 2140 1379 2211 bovisque
1409 2145 1586 2212 caput
1614 2139 1830 2196 leniter

167 2227 537 2293 demulcens,
568 2227 712 2282 dixit
742 2245 754 2282 :
789 2229 834 2283 Ο
864 2229 991 2301 bos,
1023 2230 1129 2285 bos
1167 2229 1332 2296 vade,
1370 2233 1653 2300 tuumque
1699 2231 1828 2284 ofﬁo

165 2316 330 2372 cium
361 2317 574 2389 imple;
605 2334 722 2373 non
747 2317 902 2373 enim
927 2323 982 2373 te
1011 2318 1218 2374 beatus
1240 2316 1456 2374 Paulus
1477 2319 1667 2374 adhuc
1699 2335 1826 2390 per-

166 2407 309 2466 dere
339 2405 544 2463 voluit.

815 2495 1046 2552 CAPUT
1088 2496 1180 2550 VI.

197 2583 399 2640 Cordi:
429 2601 648 2641 arcana
675 2587 980 2657 cognoscit,
1010 2585 1232 2655 aliaque
1255 2585 1462 2656 μνᾶ·ὺεί
1485 2585 1790 2640 sanctitatis

822 2661 1171 2728 argumenta.

247 2763 347 2818 6-i.
377 2761 627 2826 Quidam
658 2762 748 2818 vir
776 2779 845 2819 ex
868 2763 1140 2818 Poniensi
1187 2761 1499 2828 territorio,
1531 2761 1824 2818 Gerardus

166 2851 399 2907 scilicet
419 2851 674 2919 nomine,
700 2853 1045 2908 renuntians
1071 2850 1372 2918 saeculum,
1395 2849 1739 2907 Passiniano
1763 2867 1826 2904 se

163 2941 240 2998 ad
273 2940 626 3012 praedictum
649 2941 878 2996 Patrem
901 2940 1168 2996 contulit.
1196 2941 1301 3006 Qui
1325 2941 1492 3011 quasi
1517 2955 1822 3011 respuens,

158 3035 240 3097 et,
267 3035 338 3086 ut
358 3029 565 3096 abiret,
589 3030 905 3102 indignans
929 3030 1131 3101 jussit.
1155 3031 1263 3085 Sed
1297 3029 1414 3099 ille,
1441 3033 1506 3084 ut
1525 3029 1616 3085 sui
1648 3029 1822 3084 mise-

159 3125 396 3178 reretur
413 3118 777 3192 supplicans,
793 3123 1082 3191 quatenus
1103 3120 1153 3174 ei
1177 3135 1279 3191 pro
1298 3135 1539 3174 suorum
1558 3117 1821 3173 omnium

166 3208 548 3278 delictorum,
575 3225 700 3280 qua:
739 3208 826 3264 illi
873 3225 942 3264 ex
983 3209 1207 3280 integro
1239 3208 1540 3280 professus
1588 3213 1675 3262 est
1721 3223 1824 3277 per

1949 627 2030 683 ita
2059 626 2279 699 dixisti,
2302 643 2484 699 quare
2515 632 2634 684 tam
2665 627 3138 684 crudelissimum
3165 625 3411 694 facinus,
3435 628 3595 699 quod

1949 717 2009 772 in
2040 717 2133 772 die
2162 721 2377 772 sanctae
2397 716 2793 788 Apparitionis
2822 715 3074 787 Domini,
3097 719 3154 771 et
3180 716 3446 786 ejusdem
3477 715 3597 771 diei

1947 804 2164 877 Vigilia
2194 822 2328 860 cum
2360 822 2534 860 uxore
2580 804 2739 860 illius
2769 804 2905 860 talis
2935 803 3191 861 hominis
3221 805 3598 870 commisisti,

1951 893 2095 950 mihi
2127 894 2451 965 patefacere
2481 892 2760 950 noluisti?
2803 894 2872 948 Et
2900 893 3122 948 addens
3155 910 3168 948 :
3202 895 3448 965 Insuper
3478 910 3599 950 non

1951 982 2282 1040 sufficiebat
2311 983 2418 1038 tibi
2450 987 2570 1039 tam
2615 981 2873 1038 terribile
2912 982 3157 1049 malum,
3191 981 3304 1037 nisi
3335 999 3491 1038 nunc
3521 983 3595 1038 ad

1951 1072 2356 1128 confusionem
2395 1072 2479 1127 tui
2525 1071 2737 1128 iterum
2767 1070 3032 1143 disponis
3079 1069 3139 1126 in
3188 1074 3402 1141 mente,
3427 1075 3493 1126 ut
3523 1072 3597 1127 ad

1949 1167 2070 1219 tam
2097 1164 2317 1235 grande
2347 1162 2645 1234 piaculum
2681 1161 2987 1218 revertaris
3013 1165 3036 1216 ἓν
3079 1161 3241 1217 Tunc
3270 1160 3370 1216 ille
3401 1165 3600 1217 mente

1950 1252 2250 1319 confusus,
2274 1252 2478 1307 videns
2525 1268 2587 1307 se
2626 1251 2686 1306 in
2717 1250 3004 1323 captionis
3033 1250 3240 1322 laqueo
3273 1250 3595 1322 deprehen-

1949 1357 2106 1410 sum,
2138 1340 2444 1396 confestim
2476 1341 2547 1395 ad
2580 1343 2798 1396 terram
2838 1341 3075 1409 corruit,
3108 1343 3166 1394 et
3195 1339 3598 1411 paenitentiam

1948 1428 2041 1483 sui
2074 1429 2340 1484 criminis
2370 1429 2654 1501 quaesivit,
2677 1433 2736 1485 et
2766 1429 2847 1484 ita
2875 1428 3072 1485 omnia
3091 1444 3239 1498 esse,
3264 1432 3329 1484 ut
3353 1431 3598 1484 sanctus

1947 1521 2114 1589 pater
2140 1518 2522 1586 indicaverat,
2552 1517 2715 1573 dixit.

2014 1608 2105 1661 66.
2137 1608 2400 1671 Quodam
2426 1606 2626 1678 itaque
2649 1611 2910 1678 tempore
2939 1605 3181 1678 quidam
3202 1605 3288 1661 vir
3307 1606 3461 1662 inter
3486 1619 3593 1662 saa-

1946 1695 2174 1751 culares
2204 1696 2373 1751 valde
2417 1696 2652 1763 nobilis,
2688 1695 2946 1752 Ubaldus
2997 1695 3254 1763 nomine,
3277 1696 3377 1767 qui
3407 1695 3467 1751 in
3498 1695 3590 1751 Fi~

1944 1785 2194 1857 glinensi
2225 1785 2338 1856 (86)
2368 1789 2578 1852 castro,
2613 1789 2671 1840 et
2701 1784 2760 1839 in
2792 1784 2922 1840 aliis
2955 1799 3134 1856 quam
3168 1783 3439 1856 pluribus
3468 1785 3594 1840 fue-

1949 1879 2039 1928 rat
2068 1874 2246 1929 nimis
2293 1873 2582 1945 gloriosus
2615 1889 2628 1927 :
2662 1873 2766 1928 Hic
2795 1877 2920 1929 erat
2964 1873 3143 1929 beataa
3172 1873 3594 1931 recordationi

1941 1963 2155 2018 Joanni
2185 1963 2385 2019 abbati
2409 1962 2571 2019 valde
2602 1962 2974 2030 notissimus,
2994 1966 3052 2017 et
3080 1961 3231 2018 inter
3260 1961 3594 2019 mundiales

1942 2051 2161 2108 amicos
2193 2051 2718 2108 familiarissimus.
2740 2052 2847 2117 Qui
2877 2068 3012 2107 cum
3035 2052 3292 2124 quodam
3324 2056 3589 2124 tempore

1938 2139 1999 2195 in
2040 2140 2446 2212 aegritudinem
2496 2140 2820 2208 incidisset,
2853 2141 2926 2195 ad
2976 2144 3238 2195 extrema
3281 2139 3593 2196 videbatur

1939 2230 2179 2297 deduci;
2223 2229 2670 2300 convocatisque
2719 2229 2844 2284 suis
2901 2227 3213 2295 militibus,
3258 2232 3318 2283 et
3364 2227 3590 2284 familia

1939 2323 2150 2373 cuncta
2179 2319 2250 2373 de
2279 2319 2450 2373 domo
2498 2317 2734 2389 propria
2780 2317 3089 2389 disponere
3141 2315 3384 2373 curavit.
3419 2317 3585 2372 Tunc

1938 2423 2084 2463 uxor
2111 2408 2238 2479 ejus
2268 2423 2454 2462 unum
2487 2423 2554 2462 ex
2583 2405 2710 2462 suis
2758 2404 3074 2473 nobilibus,
3108 2406 3428 2462 Benzonem
3478 2422 3588 2462 no-

1937 2495 2118 2561 mine,
2151 2495 2362 2551 marito
2384 2497 2512 2567 jam
2544 2495 2602 2549 in
2628 2511 2815 2567 agone
2835 2494 3178 2563 constituto,
3204 2495 3276 2550 ad
3306 2510 3370 2549 se
3396 2510 3585 2550 accer-

1937 2584 2154 2652 sivit,et
2173 2585 2246 2640 ad
2265 2584 2712 2640 Passinianense
2734 2583 3080 2652 coenobium,
3096 2585 3253 2639 unde
3273 2582 3589 2654 praedictus

1934 2678 2059 2728 erat
2105 2679 2542 2745 compatronus,
2575 2671 2847 2728 nuntiare
2876 2673 2968 2728 sui
3002 2672 3225 2728 funeris
3269 2673 3584 2730 adventum

1935 2763 2286 2834 quantocius
2307 2763 2389 2819 ire
2408 2762 2703 2835 praecepit.
2725 2766 2802 2817 At
2825 2761 2922 2817 ille
2943 2765 3190 2817 mcestus
3211 2765 3276 2816 ut
3295 2765 3439 2830 erat,
3454 2762 3582 2818 sine

1933 2852 2321 2921 cunctatione,
2357 2851 2700 2908 festinanter
2727 2866 2967 2924 pergere
3001 2851 3292 2924 praecepit:

2001 2943 2090 2996 67.
2123 2941 2253 2997 Jam
2287 2958 2352 2997 eo
2373 2940 2434 2996 in
2462 2940 2653 2996 medio
2673 2940 2880 2996 itinere
2909 2941 3438 3013 appropinquante,
3459 2941 3587 3012 qui-

1932 3030 2067 3084 dam
2099 3029 2340 3086 curialis
2372 3032 2484 3100 (87)
2515 3030 2565 3085 ei
2608 3045 2938 3100 occurrens,
2971 3028 3275 3102 requisivit
3305 3046 3421 3101 quo
3452 3035 3578 3085 ten-

1931 3119 2114 3174 deret.
2147 3117 2302 3172 Dixit
2348 3123 2618 3173 eventum
2652 3118 2755 3174 rei.
2790 3119 2899 3173 Sed
2946 3134 3284 3190 quanquam
3336 3121 3580 3174 moestus

1932 3205 2202 3261 similiter
2229 3205 2398 3261 illum
2424 3206 2686 3278 requirit.
2705 3207 2855 3262 Tum
2875 3206 2974 3261 ille
2997 3224 3010 3262 :
3036 3211 3082 3260 Α
3104 3207 3367 3263 ccenobio
3389 3207 3579 3263 sancti

161 3297 372 3353 omnia
398 3279 663 3354 confiteri
686 3298 821 3370 (85),
846 3297 906 3352 in
956 3279 1292 3352 monasticae
1341 3297 1467 3350 vitae
1498 3296 1699 3367 regula
1728 3295 1817 3350 lo-
1849 3279 1891 3346 C
1930 3293 2191 3350 Cassiani
2215 3295 2326 3364 (88)
2347 3294 2651 3363 venio,ubi
2673 3294 2958 3349 domuum
2991 3294 3260 3349 abbatem
3288 3295 3578 3351 Joannem

164 3403 312 3441 cum
344 3386 692 3458 poenitentiae
735 3387 1036 3443 tribueret.
1068 3387 1182 3443 Nec
1227 3384 1522 3441 immerito
1555 3384 1650 3439 ille
1680 3400 1821 3439 sane

159 3475 448 3532 omnibus
477 3477 550 3532 ad
582 3476 767 3532 Deum
799 3475 1293 3548 confugientibus,
1323 3478 1385 3529 ut
1413 3478 1538 3530 erat
1568 3473 1819 3529 mitissi-

155 3581 321 3631 mus,
347 3567 416 3619 ut
460 3563 574 3619 sibi
623 3565 816 3620 visum
848 3564 979 3632 fuit,
1003 3563 1274 3636 precibus
1306 3562 1398 3634 pie
1437 3562 1654 3634 petenti
1703 3578 1818 3617 non

158 3651 388 3721 renuit,
419 3653 523 3708 sed
551 3654 710 3724 quod
754 3638 978 3725 rogavit
1007 3652 1315 3721 concessit,
1349 3656 1407 3707 et
1437 3652 1565 3722 ejus
1609 3650 1820 3706 animas

160 3741 380 3798 salutis
410 3757 614 3797 curam
643 3742 868 3798 habuit.
893 3741 1000 3808 Qui
1031 3758 1147 3797 non
1180 3743 1482 3796 assecutor
1508 3739 1817 3811 voti,quod

159 3831 466 3904 promisit,
487 3836 714 3887 reatum
745 3847 920 3886 suum
952 3848 1020 3886 ex
1062 3835 1225 3903 parte
1270 3829 1546 3902 prodidit,
1578 3833 1653 3897 et,
1685 3844 1816 3883 eru—

155 3921 440 3976 bescente
461 3919 836 3987 conscientia,
857 3921 1083 3990 majora
1102 3919 1255 3974 infra
1272 3919 1532 3991 seipsum
1557 3916 1814 3973 retinuit.

156 4009 356 4065 Pauco
386 4013 527 4065 tunc
556 4008 754 4081 itaque
798 4009 1104 4080 interjecto
1156 4012 1436 4081 tempore,
1471 4008 1544 4062 ad
1575 4023 1816 4078 suscep-

155 4099 386 4154 tionem
436 4097 758 4170 hospitum,
805 4101 861 4153 et
910 4096 1302 4153 ministerium
1352 4097 1812 4168 peregrinorum,

161 4189 236 4244 ob
270 4188 528 4244 salutem
561 4204 677 4243 suae
709 4189 940 4256 animis,
973 4203 1109 4244 eum
1140 4187 1394 4243 exterius
1421 4186 1652 4241 locavit.

233 4279 327 4332 65.
361 4277 432 4332 Et
462 4293 595 4332 cum
629 4277 884 4348 quadam
920 4276 1012 4332 die
1053 4276 1208 4332 idem
1237 4275 1549 4343 Gerardus,
1573 4273 1815 4346 quibus~

157 4367 299 4422 dam
352 4365 899 4438 supervenientibus
947 4366 1298 4438 hospitibus,
1331 4365 1485 4420 victu
1540 4363 1818 4419 alimenta

157 4457 564 4525 ministraret,
623 4455 803 4510 abbas
858 4454 1113 4511 Joannes
1183 4459 1307 4509 tum
1379 4453 1812 4525 superveniens,

157 4561 418 4618 eumque
449 4561 519 4602 ex
548 4544 784 4600 nomine
810 4561 1045 4612 vocans,
1088 4544 1169 4599 ait
1199 4560 1210 4597 :
1247 4543 1518 4613 Gerarde,
1543 4542 1810 4610 Gerarde,

1929 3382 2443 3438 Valimbrosauum
2476 3381 2753 3438 visitandi
2785 3382 2974 3453 gratia
3000 3382 3248 3453 perrexi.
3270 3385 3344 3436 At
3367 3382 3485 3450 ille,
3512 3387 3579 3438 ut

1930 3471 2039 3527 hoc
2060 3470 2304 3541 audivit,
2327 3471 2398 3526 ad
2423 3471 2730 3542 praefatum
2754 3470 3082 3526 ccenobium
3113 3469 3270 3526 illico
3292 3471 3575 3542 pervenit.

1929 3561 2112 3624 Quem
2137 3559 2332 3616 nescio
2354 3561 2424 3616 de
2448 3557 2712 3632 psalmis,
2737 3565 2837 3616 aut
2857 3559 2997 3631 quid
3021 3558 3181 3615 aliud
3205 3576 3577 3617 murmuran-

1927 3653 2046 3705 tem
2078 3652 2211 3705 ante
2243 3649 2396 3705 fores
2437 3649 2775 3705 monasterii
2825 3648 3066 3706 invenit.
3098 3648 3207 3712 Qui
3256 3664 3391 3704 cum
3437 3665 3574 3706 eum

1928 3737 2358 3793 officiosissime
2381 3735 2721 3805 salutasset,
2750 3741 2807 3792 et
2832 3737 2976 3793 satis
2997 3737 3070 3793 ab
3100 3753 3167 3792 eo
3197 3736 3463 3794 hilariter
3491 3755 3575 3796 re-

1927 3827 2217 3882 salutatus
2250 3825 2554 3897 requisivit
2583 3825 2834 3896 qualiter
2879 3824 2964 3880 illi
2995 3828 3168 3881 esset.
3202 3825 3526 3898 Respondit
3556 3843 3570 3882 :

1927 3914 2137 3970 Tristis
2167 3919 2223 3970 et
2252 3931 2505 3970 mmrens
2536 3914 2713 3970 nimis
2746 3931 2838 3969 me
2870 3929 2998 3970 esse
3028 3914 3306 3970 confiteor
3334 3931 3438 3986 pro
3469 3931 3572 3971 no-

1927 4003 2031 4059 bili
2060 4004 2204 4073 viro,
2237 4008 2294 4060 et
2324 4008 2516 4060 vestro
2549 4002 2706 4059 fideli
2737 4002 2944 4071 amico,
2972 4003 3071 4074 qui
3103 4019 3260 4058 nunc
3287 4003 3516 4059 videtur
3542 4020 3574 4060 e

1927 4095 2138 4150 smculo
2168 4094 2340 4149 exire.
2373 4094 2457 4149 Ad
2498 4109 2671 4164 quem
2720 4091 2913 4164 inquit
2945 4108 2956 4145 :
2993 4091 3133 4158 Quis
3188 4091 3286 4148 ille
3339 4091 3475 4148 est?
3504 4093 3575 4149 Et

1926 4182 2070 4239 ille:
2114 4183 2366 4239 lllustris
2413 4181 2674 4239 Ubaldus
2721 4185 2912 4238 vester
2955 4179 3123 4236 valde
3167 4180 3570 4238 ﬁdelissimus.

1924 4273 2129 4328 Statim
2159 4271 2508 4328 venerabilis
2544 4272 2799 4327 Joannes
2829 4269 3012 4326 versis
3051 4270 3122 4325 ad
3169 4269 3450 4326 orientem
3481 4270 3570 4325 lu-

1927 4360 2209 4426 minibus,
2242 4376 2557 4434 parumper
2594 4359 2870 4415 subsistit
2901 4363 2959 4414 et
2988 4357 3248 4414 oratione
3284 4358 3574 4430 completa

1924 4450 2248 4506 Benzonem
2281 4449 2552 4522 respexit,
2585 4465 2718 4505 eum
2750 4447 2833 4502 ire
2865 4447 3156 4519 praecepit,
3181 4447 3352 4518 eique
3382 4447 3526 4501 dixit
3555 4463 3568 4502 :

1927 4540 2284 4606 Quantocius
2314 4541 2384 4595 ad
2415 4539 2650 4610 propria
2669 4539 2972 4604 revertere,
2998 4535 3136 4608 quia
3158 4535 3432 4589 infirmus
3451 4533 3568 4599 ille,

160 4651 349 4707 quare
380 4633 526 4689 mihi
557 4635 640 4690 sic
671 4633 868 4689 fallere
901 4631 1180 4689 voluisti?
1207 4636 1332 4697 Qua
1359 4633 1431 4687 de
1461 4648 1544 4698 re,
1578 4630 1812 4686 domine
1839 4652 1888 4716 D
1923 4647 2097 4703 super
2128 4647 2244 4702 quo
2276 4633 2522 4684 moestus
2553 4643 2702 4683 cras.
2726 4625 3081 4680 incolumem
3111 4622 3568 4686 invenies.Quod

155 4724 261 4793 mi,
289 4723 526 4797 inquit?
558 4724 624 4779 Et
650 4722 789 4778 ille:
825 4722 970 4778 Cum
999 4721 1316 4789 vacaveris,
1357 4737 1594 4777 occurre
1623 4737 1808 4791 quan-

149 4814 372 4882 tocius,
397 4817 455 4869 et
478 4812 653 4869 dicito
675 4811 820 4867 mihi
844 4811 999 4883 quod
1024 4811 1320 4883 professus
1345 4813 1509 4866 es.At
1537 4809 1635 4864 ille
1663 4825 1812 4881 prae-

160 4909 405 4976 ceptum
452 4901 641 4958 Patris
689 4899 939 4956 ﬁdeliter
968 4900 1316 4972 adimplens,
1355 4916 1489 4955 cum
1537 4901 1814 4971 opportu-

155 5009 312 5048 num
339 4998 575 5064 tempus
593 4989 833 5056 invenit,
857 4989 1000 5045 adiit
1019 4990 1089 5045 ad
1113 4989 1365 5044 Patrem.
1389 4987 1668 5059 lnquiens
1689 4986 1774 5041 illi
1800 5003 1811 5042 :

155 5080 450 5154 Nunquid
499 5096 615 5136 non
667 5077 866 5134 dixisti
898 5077 1037 5150 quia
1074 5095 1142 5133 ex
1185 5078 1408 5150 integro
1463 5077 1817 5148 patefaceres

227 5207 343 5277 (85)
372 5202 833 5277 Confessioheac
883 5218 998 5257 non
1043 5200 1694 5277 erat_saeramentalis,_
1712 5201 1811 5256 sed

137 5271 511 5344 monastica,
536 5291 662 5347 qua
685 5274 746 5329 in
769 5291 880 5328 usu
907 5279 1031 5329 erat
1052 5274 1205 5347 apud
1228 5271 1810 5347 veteresmonachos,

134 5350 258 5424 qui
290 5349 511 5416 abbati,
539 5344 714 5403 etiam
747 5347 862 5401 non
889 5344 1198 5414 sacerdoti,
1221 5363 1328 5401 sua
1357 5344 1569 5400 delicta
1600 5344 1808 5415 pande-

129 5424 566 5565 baFSttiUmcus
597 5487 917 5565 ille,_vulgo
947 5489 1182 5565 Figltne,
1211 5488 1480 5565 situs‘est
1510 5484 1812 5565 inter‘plu-

127 5557 262 5643 res
283 5557 482 5643 colles,
517 5578 664 5643 quos
697 5561 769 5643 ab
800 5557 1051 5643 utroque
1081 5560 1258 5643 latere
1290 5558 1481 5625 habet,
1515 5557 1811 5643 distatque

124 5656 174 5695 ι
219 5635 383 5692 Valle
414 5627 704 5690 Umbrosa
733 5627 1041 5689 duodecim
1083 5633 1202 5688 fere
1232 5645 1515 5703 passuum
1549 5627 1810 5685 millibus

119 5725 362 5769 versus
395 5705 722 5764 meridiem.

1919 4723 1984 4774 ut
2009 4719 2172 4786 dixit,
2205 4720 2287 4774 ita
2317 4722 2511 4772 actum
2541 4720 2649 4772 est.

1995 4809 2084 4862 68.
2111 4808 2247 4879 Cap.
2271 4807 2341 4862 de
2362 4807 2578 4861 domno
2609 4801 2883 4874 Gregorio
2902 4800 3023 4872 Vll,
3049 4798 3377 4873 apostolica:
3409 4799 3568 4856 sedis

1924 4896 2216 4969 pontifice,
2245 4895 2366 4967 qui,
2389 4910 2521 4949 cum
2544 4891 3053 4949 archidiaconatus
3083 4889 3139 4944 in
3163 4889 3365 4945 eadem
3397 4905 3568 4960 apos-

1923 4985 2094 5042 tolica
2119 4985 2253 5041 sede
2271 4983 2526 5040 officium
2547 4985 2771 5054 gereret
2783 4980 2855 5036 ob
2878 4978 3038 5035 illius
3053 4978 3396 5051 patientiam
3413 4994 3569 5034 com-

1923 5075 2286 5146 probandam
2320 5089 2453 5128 eum
2505 5071 2649 5127 dure
2679 5071 2977 5142 increpare
3024 5067 3283 5124 curabat.
3312 5067 3446 5123 Mox
3493 5067 3565 5124 ad

1997 5201 2107 5270 (87)
2141 5199 2270 5253 Haec
2300 5213 2406 5252 vox
2446 5195 2762 5270 aliquando
2814 5193 3107 5270 significat
3152 5190 3430 5258 aulicum,
3464 5191 3565 5262 qui

1923 5265 2146 5326 curiam
2177 5265 2561 5339 frequentat;‘
2585 5267 2901 5339 aliquando
2931 5265 3229 5339 curionem
3261 5279 3364 5318 seu
3395 5277 3564 5333 paro-

1923 5343 2133 5409 chum;
2171 5337 2370 5394 utrum
2394 5356 2460 5394 ex
2491 5337 2720 5393 duobus
2741 5337 2836 5392 hic
2858 5337 3094 5403 indicet,
3112 5351 3226 5390 non
3248 5339 3338 5390 est
3368 5350 3563 5406 prom-

1921 5419 2086 5485 ptum
2120 5412 2399 5485 divinare.

1993 5486 2105 5556 (88)
2140 5484 2360 5556 [ndicat
2386 5480 2808 5556 monasterium
2854 5477 3067 5556 Montis
3111 5473 3381 5556 Scalarii,
3407 5477 3564 5556 quod

1919 5547 2291 5611 S.‘Ca'ssiano
2321 5553 2652 5608 dedicatum
2702 5550 2832 5619 fuit,
2867 5551 3034 5621 cujus
3074 5549 3256 5605 situm
3287 5547 3565 5603 describit

1922 5627 2265 5698 Franchius,
2299 5625 2399 5682 lib.
2434 5641 2556 5690 VIII,
2590 5637 2720 5696 pag.
2752 5621 2876 5676 237.
