4002 6170
473 396 585 459 ’791

1527 394 1592 457 S.
1638 393 1963 457 JOANNIS
2011 393 2457 458 GUALBER'I‘I
2500 393 2835 456 ABBATIS
3691 404 3778 467 792

476 534 603 605 ejus
625 530 902 587 intuitum
927 528 1172 583 mutavit
1194 528 1470 595 mentem,
1494 544 1559 582 ac
1580 527 2116 599 praeordinata,qu:e
2148 530 2201 596 Α
2233 527 2565 594 miserante,
2600 530 2655 582 et
2702 527 2829 598 ipso
2875 524 3288 598 patrocinante,
3332 522 3626 588 acciderant
3664 552 3779 592 nun-

478 640 539 678 se
568 622 810 692 putabat
830 618 1040 685 dicere,
1067 616 1281 673 oblitus
1307 620 1395 673 est
1416 617 1607 671 verba:
1635 619 1757 681 Qua
1778 617 1906 687 ejus
1932 617 2121 688 perfe—

479 712 666 765 ctione
697 709 765 762 ab
809 724 874 762 eo
924 707 1004 762 ita
1049 710 1366 778 comperta,
1400 709 1598 761 tantus
1643 705 1915 777 deinceps
1975 706 2125 760 inter

476 803 793 868 utrumque
819 798 1086 851 firmatus
1109 800 1195 850 est
1216 798 1656 864 amor,quantus
1678 795 1828 849 inter
1849 794 2124 849 charissi-

478 904 626 958 mos,
658 891 832 957 atque
855 885 1113 940 uterinos
1139 884 1283 940 solet
1304 901 1432 939 esse
1453 901 1782 956 germanos.
1806 884 1934 938 Haec
1958 900 2121 938 nam-

479 993 589 1046 que
620 994 653 1030 a
681 975 999 1030 venerabili
1025 974 1147 1028 viro
1181 974 1386 1028 abbate
1425 972 1672 1027 Rodulfo
1712 972 2126 1028 Passinianen-

481 1066 565 1120 sis
594 1064 860 1131 coenobii,
886 1063 987 1135 qui
1017 1066 1157 1117 tunc
1178 1063 1258 1117 ibi
1282 1063 1500 1129 aderat,
1525 1062 1738 1133 smpius
1770 1062 2123 1129 audivimus,

483 1157 657 1223 atque
688 1154 757 1207 de
786 1151 889 1207 tali
920 1156 1067 1206 teste
1099 1152 1365 1205 dubitare
1396 1150 1540 1205 nihil
1572 1150 1853 1205 debemus
1882 1150 2013 1221 (89).

552 1244 641 1295 69.
674 1242 781 1304 Qui
827 1242 965 1295 dum
1018 1241 1269 1310 quodam
1325 1244 1583 1310 tempore
1640 1238 1816 1293 nimis
1877 1242 2127 1310 aegrotus

482 1332 873 1403 pulmentum,
899 1331 1053 1401 quod
1081 1333 1292 1401 aegroto
1324 1327 1612 1395 convenit,
1638 1332 1770 1382 ante
1804 1344 1864 1382 se
1896 1333 2126 1382 coctum

483 1424 706 1475 teneret
734 1420 973 1489 quidam
1010 1418 1321 1489 religiosus
1341 1417 1843 1487 frater,Gerardus
1870 1417 2126 1486 nomine,

480 1508 835 1563 visitationis
858 1507 1047 1579 gratia
1068 1509 1135 1562 ad
1147 1506 1319 1574 venit,
1345 1512 1519 1578 atque
1542 1511 1673 1562 ante
1693 1505 1861 1561 illum
1885 1522 2130 1576 praesen-

480 1602 639 1653 tatus
671 1602 779 1652 est.
813 1597 917 1653 Cui
967 1614 1102 1652 mox
1132 1596 1394 1668 praedicti
1444 1595 1731 1667 pulmenti
1780 1594 2129 1666 particulam

484 1688 800 1757 quamdam
825 1687 1098 1758 porrexit,
1118 1686 1217 1756 qui
1242 1702 1345 1740 nec
1367 1701 1655 1752 recusare,
1681 1700 1786 1739 nec
1810 1687 1953 1737 nutu
1980 1699 2128 1754 quo-

481 1775 621 1831 libet
654 1775 924 1830 resistere
954 1776 1202 1845 [ausus],
1228 1790 1353 1828 eam
1389 1774 1630 1845 accepit,
1658 1772 2012 1842 silenterque
2043 1788 2130 1825 co-

483 1865 686 1928 medit,
711 1868 765 1918 et
788 1863 936 1917 inter
962 1863 1205 1931 edendo,
1231 1879 1293 1917 se
1317 1879 1500 1927 reum,
1526 1879 1588 1917 se
1611 1859 2127 1932 reprehensibilem

487 1952 881 2023 atquelupum
904 1967 1175 2006 accusare
1193 1950 1385 2022 coepit,
1411 1955 1584 2022 atque
1606 1968 1707 2021 per
1723 1949 2131 2021 cogitationem

486 2040 726 2095 rixando
759 2040 943 2094 multa
963 2040 1153 2095 dicere
1173 2040 1366 2107 verba,
1384 2040 1537 2109 quod
1563 2039 1649 2094 vel
1681 2038 1859 2093 semel
1885 2038 1993 2093 hoc
2015 2055 2130 2093 non

484 2129 817 2193 refutasset,
838 2128 991 2200 quod
1027 2127 1219 2183 almus
1250 2132 1414 2199 pater
1444 2132 1791 2199 perrexerat.
1825 2130 2004 2192 Quem
2038 2124 2133 2181 ille

485 2234 588 2289 per
608 2217 880 2289 spiritum
904 2233 1347 2288 recognoscens,
1371 2220 1426 2270 et
1447 2216 1717 2283 audiens,
1740 2216 1906 2287 quasi
1932 2214 2134 2286 lingua

484 2307 786 2378 proferret,
820 2305 1046 2376 expleta
1078 2305 1407 2371 refectione,
1433 2304 1611 2359 dixit:
1645 2305 1702 2358 Si
1734 2304 1866 2375 plus
1896 2302 1987 2358 vel
2021 2302 2133 2356 mi-

486 2412 597 2449 nus
630 2412 698 2449 ex
727 2395 857 2461 hoc,
883 2395 1037 2466 quod
1086 2411 1188 2464 per
1215 2393 1627 2465 cogitationem
1677 2393 1875 2447 dixisti
1930 2407 2133 2446 narra-

484 2498 639 2552 vero,
662 2486 717 2536 te
749 2483 943 2553 ipsum
966 2482 1094 2536 volo
1126 2482 1338 2536 habere
1359 2485 1586 2537 testem.
1611 2483 1679 2536 Et
1702 2498 1834 2536 mox
1854 2496 2134 2535 arcanum

488 2570 579 2624 sui
612 2570 862 2641 pectoris
896 2570 1274 2640 patefaciens,
1298 2587 1544 2640 quaeque
1595 2570 2133 2641 cogitaverat,quae-

488 2674 601 2729 que
634 2675 736 2729 per
766 2658 1177 2730 cogitationem
1212 2659 1458 2725 dixerat,
1489 2657 1680 2713 lucide
1709 2657 2024 2713 enarravit.

558 2748 647 2801 70.
681 2746 784 2801 Cui
836 2747 1189 2813 discessuro,
1224 2748 1499 2801 insanum
1533 2748 1847 2818 quemdam
1901 2746 2135 2799 fratrem

490 2836 930 2903 commendans,
951 2835 1300 2907 segregatim
1327 2835 1653 2891 nocturnali
1677 2834 1901 2906 expleto
1924 2833 2135 2903 officio,

491 2930 555 2979 ut
586 2942 785 2980 secum
814 2926 1051 2979 duceret
1083 2925 1404 2994 imperavit.
1431 2924 1611 2994 Cujus
1637 2924 1964 2994 jussionem
1990 2929 2046 2977 et
2074 2921 2140 2975 1i-

492 3015 697 3070 benter
746 3012 985 3082 audivit,
1011 3019 1068 3068 et
1120 3012 1366 3067 dulciter
1392 3030 1453 3067 se
1483 3012 1802 3084 adimplere
1850 3012 2135 3084 promisit.

492 3103 669 3156 Nocte
689 3118 821 3155 vero
847 3117 1114 3173 surgens,
1130 3100 1459 3155 nocturnali
1484 3100 1707 3171 expleto
1730 3100 1937 3169 ofﬁcio,
1954 3100 2137 3170 [dum]

493 3207 623 3245 cum
653 3191 807 3245 socio
832 3189 987 3244 abire
1012 3189 1365 3261 disponeret,
1392 3190 1488 3245 siti
1510 3190 1856 3261 gravissima
1876 3189 2137 3244 laborare

2232 617 2408 681 tians,
2431 615 2786 671 salutaribus
2820 617 2891 671 ab
2925 633 2989 671 eo
3019 615 3210 672 verbis
3240 616 3557 687 instructus,
3577 625 3777 693 gaudens

2233 710 2290 761 et
2321 705 2583 761 exultans
2615 722 2880 761 reversus
2912 712 3000 760 est
3029 706 3097 761 ad
3134 705 3377 777 propria.

2301 797 2391 848 72.
2427 794 2551 850 Alio
2584 811 2816 865 quoque
2844 799 3103 865 tempore
3142 811 3275 849 cum
3312 795 3482 851 nimia
3510 798 3594 853 nix
3618 804 3777 860 terram

2233 887 2469 957 tegeret,
2487 884 2725 954 quidam
2746 884 2912 956 lepus
2937 900 3005 940 ex
3022 884 3150 940 nive
3169 900 3446 956 egressus,
3463 889 3781 958 tugurium,in

2236 990 2349 1044 quo
2380 974 2583 1029 beatus
2606 973 2863 1028 Joannes
2886 977 3022 1027 tunc
3046 989 3179 1027 cum
3207 973 3543 1040 quibusdam
3573 977 3781 1036 fratribus

2236 1062 2446 1129 stabat,
2462 1066 2551 1116 est
2568 1062 2887 1134 ingressus.
2907 1063 3087 1125 Quem
3108 1062 3346 1133 quidam
3365 1063 3585 1119 fratrum
3604 1084 3706 1122 mox
3719 1086 3785 1140 ap-

2236 1150 2564 1220 prehendit,
2588 1155 2643 1204 et
2670 1151 2727 1204 in
2752 1150 2972 1222 gremio
2998 1151 3253 1206 brachiis
3275 1151 3702 1225 circumplectens
3721 1158 3787 1211 ab-

2236 1239 2484 1308 scondit,
2509 1240 2794 1311 cmpitque
2830 1240 3106 1294 fratribus
3130 1240 3318 1296 dicere
3348 1243 3491 1311 quod
3525 1242 3718 1300 licenter
3739 1245 3784 1299 il-

2235 1327 2379 1394 lum,
2397 1331 2594 1398 utpote
2615 1326 2895 1381 divinitus
2918 1327 3143 1395 datum,
3168 1332 3401 1397 possent
3428 1328 3791 1393 ederc,maxime

2238 1432 2371 1471 eum
2394 1414 2537 1470 nihil
2565 1416 2682 1471 fere
2712 1421 2919 1487 praeter
2944 1418 3140 1487 ipsum
3165 1416 3236 1471 ad
3267 1416 3538 1471 edendum
3560 1418 3788 1474 haberent.

2238 1509 2449 1560 Beatus
2478 1521 2612 1560 vero
2641 1504 2917 1569 Joannes,
2940 1506 3095 1575 quod
3136 1505 3440 1571 acciderat,
3462 1506 3599 1577 quod
3630 1506 3791 1562 dictum

2241 1596 2446 1659 fuerat,
2478 1593 2592 1648 Deo
2625 1592 2932 1658 revelante,
2980 1609 3359 1663 cognoscens,
3382 1594 3596 1649 fratrem
3622 1595 3730 1665 quid
3751 1596 3791 1650 in

2240 1680 2460 1752 gremio
2494 1682 2899 1736 absconditum
2932 1686 3156 1737 teneret
3185 1682 3502 1754 requirens,
3529 1682 3796 1739 manifesta-

2182 1818 2193 1819 ,
2240 1775 2365 1825 tum
2389 1769 2647 1841 leporem
2667 1770 2775 1825 sibi
2796 1770 2921 1826 dari
2942 1770 3449 1843 imperavit,quem
3467 1771 3654 1826 blanda
3670 1787 3797 1825 manu

2242 1859 2341 1913 diu
2374 1859 2714 1913 attrectavit.
2755 1859 3009 1915 Dicendo
3042 1859 3153 1914 sibi
3189 1876 3202 1913 ε
3239 1859 3432 1926 Follis,
3458 1859 3594 1915 follis
3619 1861 3710 1927 (90)
3731 1876 3803 1914 cur

2240 1949 2355 2003 huc
2386 1947 2640 2004 venisti?
2687 1949 2893 2003 Postea
2939 1965 3070 2004 vero
3120 1949 3378 2020 leporem
3409 1949 3514 2019 (91)
3543 1949 3801 2016 miseratus,

2244 2042 2440 2108 portas
2472 2036 2715 2092 coenobii
2749 2053 3042 2109 egressus,
3071 2037 3242 2093 illum
3274 2041 3436 2093 terra:
3467 2035 3804 2108 supposuit,ac

2246 2127 2493 2182 liberum
2519 2126 2677 2181 abire
2707 2125 2990 2197 permisit.
3012 2128 3293 2198 Sequenti
3317 2131 3503 2182 autem
3525 2126 3606 2181 die
3624 2124 3803 2195 quidam

2244 2215 2503 2271 rusticus
2525 2215 2756 2270 asinum
2776 2215 3027 2286 panibus
3048 2216 3329 2281 oneravit,
3345 2219 3635 2287 sanctoque
3651 2209 3805 2268 Joanni

2244 2305 2303 2358 in
2336 2320 2549 2375 magna
2580 2303 2772 2359 inedia
2802 2320 2935 2359 cum
2969 2304 3093 2359 suis
3126 2304 3406 2359 fratribus
3438 2303 3676 2375 portavit.

2312 2395 2403 2449 73.
2440 2400 2515 2449 De
2548 2394 2774 2460 clerico,
2803 2394 2901 2465 qui
2935 2394 3091 2449 fama
3123 2394 3420 2449 reverendi
3449 2393 3619 2449 Patris
3645 2389 3809 2456 audita,

2245 2488 2301 2539 et
2332 2500 2461 2539 cum
2496 2482 2612 2537 vita
2643 2482 2835 2553 qualis
2866 2488 3021 2538 esset
3043 2484 3170 2553 ejus
3204 2483 3488 2549 doctrina,
3510 2485 3809 2549 cuncta,qua

2246 2572 2581 2643 possidebat
2609 2572 2667 2626 in
2713 2570 2944 2642 saeculo,
2974 2571 3265 2638 vendidit,
3296 2577 3352 2626 et
3381 2570 3615 2643 plurima
3640 2566 3807 2623 numis-

2246 2666 2405 2714 mata
2434 2659 2639 2714 exinde
2661 2676 2923 2726 sumens,
2949 2677 3132 2731 eaque
3162 2676 3445 2715 crumena
3469 2658 3744 2722 includens,
3761 2654 3810 2708 ad

2248 2747 2557 2803 conobium
2590 2748 2853 2820 praedicti
2881 2749 3069 2804 Patris
3088 2750 3268 2805 venit.
3298 2751 3549 2820 Cumque
3568 2747 3684 2801 inde
3702 2740 3813 2799 Patri

2248 2853 2309 2892 se
2333 2836 2557 2908 placere
2580 2838 2855 2907 crederet,
2876 2838 3032 2893 unde
3055 2838 3312 2909 amplius
3338 2842 3457 2895 erat
3478 2833 3815 2900 odibilisﬁdu-

2249 2924 2471 2980 cialiter
2501 2925 2570 2979 ad
2606 2925 2798 2980 locum
2847 2927 3148 2992 accedens,
3204 2944 3269 2982 se
3316 2928 3532 2982 venisse
3575 2921 3815 2996 signiﬁcat.

2248 3016 2430 3079 Quem
2477 3029 2610 3068 cum
2662 3013 2781 3083 ille,
2824 3015 3184 3085 paupertatis
3236 3016 3484 3080 amicus,
3525 3015 3819 3068 nummatum

2248 3103 2369 3157 fore
2400 3107 2772 3173 cognosceret
2812 3106 2987 3173 atque
3030 3104 3283 3173 audiret,
3316 3122 3434 3176 qua
3462 3120 3557 3175 pro
3586 3116 3729 3156 causa
3751 3096 3817 3150 ad-

2246 3196 2502 3257 venerat,
2520 3190 2603 3247 sic
2626 3208 2761 3245 eum
2784 3190 3136 3262 alloquitur:
3163 3193 3462 3257 Quandiu,
3483 3190 3671 3261 inquit,
3690 3200 3819 3240 unum

491 3278 681 3349 coepit.
712 3279 829 3333 Hoc
854 3279 1109 3333 Joannes
1131 3279 1302 3333 Pater
1333 3296 1433 3349 per
1454 3279 1646 3333 cordis
1678 3278 2133 3334 illuminatorem
2167 3255 2208 3322 C
2248 3298 2315 3336 ex
2346 3280 2437 3335 his
2469 3296 2645 3351 super
2673 3285 2727 3336 te
2751 3297 3060 3335 nummum
3092 3280 3375 3338 habueris
3398 3284 3495 3336 aut
3516 3271 3818 3334 reservaveris

489 3384 931 3439 recognoscens,
955 3366 1295 3422 ministrum
1318 3383 1515 3436 suum,
1542 3368 1639 3438 qui
1667 3369 1715 3423 ei
1738 3367 1960 3423 solebat
1988 3368 2134 3423 assi-

489 3461 659 3524 stere,
696 3462 842 3511 nutu
878 3457 1187 3526 advocans,
1223 3473 1336 3511 non
1385 3474 1628 3528 parvum
1684 3457 1970 3528 scyphum
2001 3457 2135 3511 vino

490 3562 643 3615 aqua
673 3545 852 3599 mixto
876 3545 1217 3600 summatim
1242 3544 1485 3616 implere
1524 3546 1676 3600 fecit.
1706 3545 1989 3617 Deinceps
2012 3544 2135 3599 dis-

491 3650 793 3688 cessurum
822 3634 1076 3703 fratrem,
1102 3633 1151 3689 si
1183 3635 1432 3701 adesset,
1459 3635 1529 3688 ad
1563 3651 1623 3689 se
1645 3634 1838 3689 venire
1861 3634 2131 3706 signavit.

490 3721 593 3777 Cui
628 3723 697 3777 ad
732 3739 793 3777 sc
835 3722 1131 3777 accedenti
1182 3727 1514 3794 porrectum
1547 3722 1831 3795 scyphum
1883 3739 2134 3795 sumere,

490 3811 811 3883 vinumque
840 3811 975 3867 fecit
1002 3812 1221 3867 bibere.

563 3902 651 3954 71.
677 3901 780 3954 Vir
810 3900 1051 3977 quidam
1084 3902 1142 3954 in
1174 3900 1471 3956 vicinitate
1504 3899 1877 3956 Valimbrosze
1909 3916 2137 3971 perma-

492 4007 658 4054 nens,
682 3991 852 4043 beato
868 3990 1079 4043 Joanni
1101 3989 1269 4044 valde
1303 3988 1489 4045 fidelis
1511 3995 1564 4043 et
1590 3990 1832 4044 devotus
1862 3990 2134 4057 existens,

492 4078 745 4148 quodam
769 4076 862 4130 die
886 4078 955 4130 ad
981 4094 1113 4131 eum
1139 4094 1269 4131 cum
1294 4078 1539 4132 canibus
1561 4077 1737 4145 venit,
1764 4094 1942 4148 seque
1966 4079 2021 4131 in
2044 4094 2135 4133 ve-

492 4169 628 4219 natu
646 4165 743 4218 diu
761 4165 976 4219 frustra
988 4164 1533 4232 laborasse,nullam
1549 4167 1875 4221 venandam
1889 4167 2135 4223 bestiam

488 4254 713 4317 videns,
740 4252 1010 4307 asseruit.
1038 4254 1245 4308 Beatus
1269 4271 1401 4309 vero
1423 4253 1676 4309 Joannes
1704 4272 1837 4310 mox
1859 4255 1968 4310 sibi
1994 4273 2136 4327 prae-

490 4342 645 4413 cepit
676 4345 739 4396 ut
770 4342 1116 4410 comederet,
1149 4358 1313 4397 esum
1358 4342 1530 4398 lassis
1561 4344 1805 4399 canibus
1835 4345 2137 4413 tribueret,

491 4435 548 4486 et
575 4435 775 4503 postea
808 4431 877 4484 ad
910 4432 1242 4486 venandum
1291 4432 1523 4501 rediret,
1550 4432 1686 4503 quia
1731 4439 1991 4504 captura,
2024 4434 2138 4488 Deo

497 4525 829 4593 praestante,
854 4521 1050 4575 statim
1089 4520 1426 4592 perveniret.
1463 4521 1583 4584 Quo
1616 4521 1787 4589 facto,
1821 4522 1878 4576 in
1912 4539 2135 4593 agrum,

2247 3370 2401 3441 apud
2447 3373 2525 3435 te,
2550 3385 2655 3424 nec
2705 3385 2935 3423 meeum
2987 3368 3342 3441 participare
3393 3367 3613 3441 poteris,
3639 3379 3723 3420 nec
3760 3374 3821 3414 me

2245 3457 2489 3513 habebis
2519 3456 2795 3512 amicum.
2828 3458 2960 3514 Haec
2990 3458 3188 3529 itaque
3241 3458 3485 3514 clericus
3532 3453 3737 3511 audiens
3759 3463 3818 3502 re‘

2245 3546 2441 3611 cessit,
2476 3545 2726 3617 pretium
2760 3545 2851 3600 sui
2905 3546 3248 3617 patrimonii
3283 3546 3439 3618 quod
3482 3540 3680 3599 deicola
3705 3552 3820 3610 spre~

2244 3638 2422 3701 verat,
2456 3633 2573 3689 illis
2623 3639 2813 3689 totum
2854 3634 3155 3690 distribuit
3185 3636 3287 3706 qui
3323 3633 3670 3707 possessione
3709 3641 3820 3681 care-

2246 3725 2406 3794 bant,
2440 3723 2803 3795 libenterque
2861 3740 3100 3778 manum
3150 3724 3532 3797 porrigebant
3577 3714 3820 3776 muniﬁcis.

2248 3811 2460 3866 Deinde
2492 3813 2769 3867 remeavit
2797 3811 2867 3865 ad
2901 3811 3089 3879 illum,
3114 3812 3217 3883 qui
3255 3814 3436 3869 Deum
3468 3825 3619 3879 auro,
3641 3811 3688 3861 et
3703 3800 3822 3859 semi-

2248 3901 2435 3955 nudos
2496 3901 2867 3972 praeponebat
2918 3900 3222 3957 divitibus.
3252 3902 3373 3957 Hoc
3430 3905 3666 3956 Joannes
3711 3896 3823 3965 pater

2247 3989 2513 4059 audiens,
2534 3993 2590 4044 et
2622 3990 2762 4060 quid
2790 3988 3027 4061 egisset,
3060 3989 3436 4046 discutienda
3460 3986 3736 4060 reperiens,
3755 3976 3822 4049 (illi

2245 4083 2378 4134 ante
2408 4077 2755 4148 locupletem
2782 4084 3097 4149 spreverat,
3123 4079 3349 4135 factum
3382 4095 3483 4151 pro
3504 4074 3706 4134 Christo
3725 4082 3819 4141 pall-

2246 4184 2465 4238 perem,
2498 4165 2776 4222 dilectum
2809 4168 3068 4238 suscepit
3094 4167 3154 4222 in
3186 4168 3403 4223 filium.

2877 4274 3106 4330 CAPUT
3144 4275 3269 4330 VII.

2246 4362 2301 4418 S.
2336 4366 2568 4419 Joannes
2603 4364 2922 4419 Gualbertus
2969 4364 3114 4419 alios
3143 4368 3357 4420 excitat
3385 4364 3455 4419 ad
3489 4351 3825 4430 exslirpandam

2726 4436 3109 4491 Sz'mom'acam
3138 4436 3420 4491 lueresz'm.

2316 4523 2405 4575 74.
2439 4523 2651 4577 Contra
2677 4523 3069 4579 Simoniacam
3096 4529 3296 4579 autem
3330 4522 3595 4579 haeresim
3626 4520 3691 4573 ita
3707 4515 3828 4569 Pater

492 4610 591 4681 qui
624 4619 709 4664 est
734 4609 1088 4664 monasterio
1130 4612 1459 4681 contiguus,
1502 4609 1655 4665 illico
1678 4611 1871 4680 exivit,
1913 4627 2146 4682 quoque
2176 4614 2220 4677 D
2254 4616 2491 4666 sanctus
2523 4610 2643 4666 zelo
2668 4610 2844 4665 divini
2877 4613 3094 4669 amoris
3116 4613 3551 4679 exardeseebat,
3574 4602 3753 4664 uttotis
3769 4596 3827 4652 ni-

495 4716 627 4754 mox
657 4698 883 4770 lepores
918 4700 975 4753 in
1028 4698 1175 4766 nive,
1200 4716 1315 4770 qua
1344 4704 1467 4753 tota
1496 4704 1635 4754 tunc
1685 4704 1838 4754 terra
1889 4704 2011 4754 erat
2041 4716 2139 4755 co—

491 4792 710 4858 operta,
742 4787 910 4854 vidit;
946 4792 1075 4858 post
1104 4805 1251 4857 quos
1293 4788 1536 4842 canibus
1570 4789 1897 4859 concitatis,
1933 4789 2137 4844 ambos

493 4892 624 4929 cum
650 4875 807 4930 omni
832 4876 1199 4931 festinatione
1222 4877 1680 4948 comprehendit.
1708 4878 1842 4931 Post
1863 4878 1984 4932 hec
2004 4896 2136 4933 vero

494 4964 564 5017 ad
598 4968 866 5017 sanctum
896 4965 1179 5018 Joannem
1210 4976 1478 5020 remeans
1508 4970 1565 5019 et
1596 4965 1668 5036 ei,
1703 4982 1828 5036 qua:
1860 4966 1992 5034 sibi,
2023 4967 2136 5022 Deo

563 5087 675 5157 (89)
705 5090 824 5141 Hoc
857 5085 1206 5141 miraculum
1239 5087 1365 5142 fuse
1386 5088 1848 5145 examinavimus
1878 5089 1935 5144 in
1967 5090 2138 5146 Com-

494 5162 670 5212 ment.
704 5158 940 5225 Przevio,
976 5162 1003 5225 ξ
1033 5158 1085 5209 8.

564 5230 673 5298 (90)
704 5229 875 5285 Follis
906 5245 1007 5300 pro
1054 5229 1224 5282 stulto
1252 5227 1341 5281 vel
1371 5231 1542 5293 fatuo.
1577 5231 1669 5284 Sic
1708 5230 1960 5287 Joannes
2010 5234 2132 5287 Dia-

495 5314 695 5375 conus,
746 5301 845 5354 lib.
882 5318 937 5375 1v
966 5300 1105 5353 Vitze
1146 5303 1197 5355 S.
1226 5300 1482 5368 Gregorii
1537 5318 1716 5372 papae,
1768 5322 1892 5375 cap.
1926 5306 1995 5357 6‘.)
2029 5322 2040 5359 :
2072 5308 2135 5359 Al

494 5370 590 5447 ille
631 5388 777 5447 more
798 5374 1023 5447 _(.'allz'co
1050 5377 1297 5447 suizrlum
1326 5388 1509 5425 senem
1540 5370 1875 5444 increpita-rio~
1918 5377 2130 5447 follem,

494 5440 559 5492 (ιΙ)
591 5444 893 5513 cognitioni
928 5447 1083 5511 virga
1115 5445 1301 5498 leviter
1324 5459 1615 5513 percussus
1643 5440 1741 5499 est.

565 5512 641 5581 (ill
664 5512 675 5549 κ
697 5514 753 5587 β’
780 5517 909 5587 nscio
942 5532 1044 5567 cur
1078 5512 1423 5587 Breviarium
1460 5513 2045 5587 (Vallumbrosanum,
2078 5522 2134 5572 et

495 5585 841 5657 recentimos
879 5585 1056 5657 hujus
1088 5586 1309 5657 ordinis
1358 5586 1670 5657 scriptores
1717 5597 1981 5643 asserunt
2014 5592 2132 5644 dae-

494 5671 723 5710 monem
758 5656 866 5709 sub
900 5655 1073 5721 hujus
1116 5655 1326 5725 leporis
1375 5655 1561 5712 forma
1609 5658 1869 5727 latuisse,
1905 5676 2039 5715 cum
2072 5662 2129 5715 in

2252 4699 2435 4769 sibus,
2458 4699 2517 4753 in
2552 4700 2766 4770 quibus
2788 4701 3033 4770 valebat,
3059 4702 3527 4774 circumquaque
3546 4687 3829 4754 exhortando

2247 4791 2303 4843 et
2347 4789 2714 4844 admonendo
2747 4790 3038 4846 videretur
3089 4807 3443 4863 repugnare.
3492 4787 3719 4857 Denique
3742 4773 3828 4847 (ἐφ’

2248 4892 2423 4947 scopo
2464 4875 2869 4934 Voluternensi
2905 4881 3015 4950 (9‘2)
3046 4880 3331 4935 mellillua
3379 4885 3556 4951 atque
3600 4866 3833 4931 salutifera

2248 4966 2465 5037 scripta
2496 4966 2722 5034 direxit,
2757 4985 2884 5038 quae
2934 4968 3027 5023 hic
3060 4986 3162 5040 pro
3194 4985 3418 5041 magna
3467 4965 3697 5022 utilitate
3734 4968 3831 5010 003'

2248 5092 2309 5164 B.
2342 5092 2572 5164 Andrea
2604 5090 2763 5164 nulla
2793 5092 2879 5164 sit,
2916 5110 3021 5147 vox
3062 5110 3188 5164 quae
3239 5094 3356 5148 hoc
3408 5092 3617 5147 indicet
3654 5084 3835 5164 Fry???

2246 5163 2445 5237 itaque
2480 5163 2815 5237 Franehius,
2870 5163 2968 5237 lib.
3004 5156 3367 5237 x,‘pag.7355
3388 5169 3446 5218 et
3477 5177 3651 5233 seqq.,
3678 5156 3835 5237 nititur

2248 5229 2367 5287 hoc'
2410 5234 2675 5305 probare,
2708 5240 2765 5289 et
2809 5229 3111 5291 rationem-
3150 5229 3419 5299 reddere,
3449 5229 3621 5305 qua—re
3663 5229 3834 5281 damon

2246 5306 2421 5372 hujus
2455 5305 2729 5359 animalis
2764 5308 3007 5361 formam
3044 5308 3459 5377 assumpserit.

2316 5359 2427 5445 ("9?)
2464 5377 2518 5429 ld
2548 5382 2635 5431 est
2663 5359 3380 5433 Volatcrrltizio.tvolaterive
3404 5359 3612 5445 autem
3640 5359 3835 5445 esturb§

2244 5434 2487 5522 antiqua
2535 5448 2836 5522 Hetruriae,
2870 5450 2985 5504 sita
3019 5465 3209 5522 prope
3266 5451 3441 5504 Eram
3487 5434 3835 5522 ﬂuviqluﬂhff

2243 5504 2574 5593 Cecinam,_
2607 5504 2903 5593 distatque
2959 5504 3195 5593 triginta
3235 5526 3492 5591 quatuor
3547 5504 3832 5570 militaribus

2243 5590 2530 5645 Florentia
2562 5591 2619 5645 in
2651 5590 2974 5648 meridiem.
