4022 6160
354 349 472 413 795

1409 352 1474 415 s.
1517 353 1842 416 JOANNIS
1888 352 2332 417 GUALBERTI
2374 308 2705 417 ABtiATIS

3647 350 3758 414 796

357 485 771 559 prehendenda
814 486 924 541 sub
954 501 1021 542 eo
1050 485 1251 543 audita
1294 486 1578 545 laudabili
1625 489 1999 545 conversione
2026 492 2080 559 Α
2109 504 2215 545 nec
2239 488 2538 545 silentium
2571 490 2995 564 frangentibus,
3030 487 3292 565 ipsisque
3315 488 3639 558 nudatis,et
3663 503 3751 544 se-

359 577 523 648 [forte
552 575 1045 649 conversatione];
1079 576 1175 632 alii
1205 593 1338 633 vero
1368 583 1433 633 ut
1483 596 1515 632 a
1557 583 1722 633 tanto
1756 577 2006 633 instrue-

363 669 565 720 rentur
615 669 785 719 Patre
816 664 1068 737 qualiter
1103 668 1494 723 Simoniacam
1529 667 1793 723 haeresim
1843 667 2010 723 debe-

361 758 493 808 rent
522 753 723 808 vitare.
746 754 1067 811 Audierant
1096 756 1251 811 enim
1281 757 1565 812 Joannem
1599 757 1825 812 Patrem
1858 755 2009 811 hanc

360 858 493 896 cum
527 842 651 896 suis
682 842 956 898 fratribus
989 844 1222 916 publice
1245 846 1608 914 damnare,et
1625 850 1831 901 contra
1860 846 2010 901 hanc

361 932 737 989 exardescere
771 949 824 988 m
837 932 986 989 ultos
1020 935 1314 991 mortales.

431 1020 666 1086 80.Quis
686 1021 883 1094 itaque
903 1024 973 1077 ad
993 1039 1127 1079 eum
1151 1042 1433 1096 umquam
1448 1027 2007 1098 venerit,postquam

359 1110 569 1165 viderit
596 1109 762 1165 illum
796 1116 852 1166 et
880 1114 1149 1179 audierit,
1179 1132 1240 1169 se
1270 1114 1640 1186 dispendium
1676 1114 2007 1186 pertulisse,

360 1198 451 1252 vel
498 1198 755 1255 laborem
787 1200 945 1273 longi
976 1200 1200 1257 itineris
1249 1204 1579 1275 sumpsisse
1626 1203 2012 1275 pmnituerit?

361 1287 508 1342 Nam
541 1288 589 1342 si
621 1305 717 1343 cor
748 1290 1014 1360 dubium,
1045 1292 1132 1345 vel
1164 1292 1409 1347 fortasse
1439 1292 1726 1363 tepidum,
1759 1292 1847 1348 vel
1879 1308 2008 1347 eva-

365 1381 605 1431 cuatum
639 1378 1003 1450 marsupium
1029 1379 1244 1450 aliquis
1262 1381 1500 1436 veniens
1521 1379 2013 1451 detulerit,alacer

366 1466 703 1537 repedabat,
738 1470 793 1522 et
841 1484 939 1523 cor
985 1468 1044 1523 in
1096 1470 1208 1525 ﬁde
1235 1472 1647 1526 confirmatum
1684 1476 2010 1541 reportans,

362 1558 419 1609 et
441 1555 807 1626 marsupium
832 1558 1084 1629 profecto
1108 1575 1221 1614 non
1244 1563 1838 1631 vacuum.Acceperat
1854 1558 2011 1613 enim

361 1660 394 1697 a
421 1647 560 1700 Jesu
583 1644 811 1702 Christo
832 1648 985 1703 dono
1018 1652 1076 1702 et
1105 1648 1335 1703 vultum
1363 1648 1639 1703 omnibus
1662 1652 1919 1720 gratum,
1956 1651 2013 1701 et

363 1749 693 1789 sermonem
725 1736 951 1791 cunctis
980 1735 1360 1807 placidum,et
1392 1737 1463 1791 ad
1495 1736 1863 1809 largiendum
1888 1753 2010 1791 am-

364 1820 693 1893 plissimam
724 1839 985 1879 manum.
1017 1825 1148 1880 Jam
1181 1842 1358 1881 causa
1388 1825 1604 1897 expetit
1634 1829 1697 1880 ut
1740 1825 2008 1894 referam,
2038 1846 2090 1923 Β

365 1924 541 1977 quam
570 1910 827 1967 Joannes
860 1912 1026 1968 Pater
1055 1930 1185 1968 cum
1218 1914 1343 1969 suis
1373 1919 1575 1969 contra
1618 1913 2011 1969 Simoniacam

364 2001 484 2053 toto
516 2015 711 2055 coram
744 2003 963 2057 mundo
997 2002 1319 2075 sumpserit
1349 2020 1625 2076 pugnam.

432 2088 521 2142 81.
540 2092 649 2143 Per
681 2089 834 2145 idem
860 2095 1094 2162 tempus
1117 2091 1357 2164 quidam
1380 2092 2012 2164 Papiensis(95)Petrus

359 2177 559 2231 sedem
583 2177 921 2234 Florentinis
938 2180 1191 2236 ecclesia:
1213 2180 1505 2236 invaserat
1521 2182 1669 2236 clam
1684 2181 2013 2236 interventu

360 2264 641 2337 pecuniae,
658 2268 812 2339 quod
833 2270 1121 2325 Joannem
1145 2270 1375 2326 Patrem
1398 2271 1446 2341 ej
1459 2287 1642 2341 usque
1666 2271 1874 2325 fratres
1905 2269 2013 2323 mi-

363 2354 521 2411 nime
541 2356 1047 2430 latuit.Elegerunl
1068 2360 1265 2432 itaque
1288 2361 1465 2415 vitam
1489 2359 1795 2415 mortalem
1820 2358 2014 2429 potius

366 2444 607 2515 perdere
636 2462 815 2517 quam
843 2448 1142 2504 veritatem
1175 2448 1649 2520 celare.Ideoque
1672 2447 2012 2519 Papiensem

367 2532 604 2587 Petrum
652 2550 782 2590 esse
830 2534 1060 2606 publice
1110 2535 1507 2591 Simoniacum
1564 2541 1620 2592 et
1677 2535 2013 2591 haereticum

370 2626 672 2691 coeperunt
702 2623 912 2679 dicere.
938 2624 1110 2680 Facta
1140 2628 1228 2679 est
1257 2625 1507 2697 denique
1536 2625 1687 2680 inter
1716 2624 1935 2679 clerum
1960 2628 2017 2679 et

368 2709 653 2782 populum
682 2713 977 2769 contentio
1010 2713 1324 2785 pervalida.
1355 2714 1465 2769 Alii
1499 2714 1736 2785 quidem
1790 2718 2012 2784 tempo-

368 2796 515 2852 ralia
546 2797 840 2856 intuentes
870 2803 1199 2869 commoda,
1234 2803 1430 2873 ipsum
1462 2802 1868 2857 defendebant.
1901 2800 2014 2855 Alii

369 2903 501 2941 cum
535 2888 839 2942 monachis
860 2890 987 2960 jam
1021 2888 1257 2946 illorum
1289 2891 1445 2946 credi
1478 2891 1669 2946 verbis
1712 2890 2016 2947 vehemen-

373 2980 461 3031 ter
491 2976 938 3049 impugnabant.

442 3065 529 3118 82.
564 3068 707 3120 Cum
746 3066 929 3138 igitur
975 3069 1266 3124 contentio
1315 3068 1436 3125 haec
1490 3070 1642 3124 inter
1689 3069 1912 3125 clerum
1960 3077 2016 3124 et

370 3153 522 3208 inter
569 3152 853 3226 populum
903 3173 1006 3228 per
1054 3156 1179 3213 dies
1229 3157 1540 3214 haberetur
1570 3157 1808 3226 multos,
1843 3162 1899 3213 et
1930 3174 2015 3213 se-

2118 577 2347 633 mivivis
2377 577 2614 644 relictis,
2648 579 2934 635 abierunt.

2187 668 2277 722 84.
2310 667 2453 722 Nam
2487 668 2751 738 ejusdem
2780 667 3116 724 monasterii
3166 667 3473 732 Abbatem,
3530 665 3761 721 nomine

2120 756 2483 811 Dominicum
2540 750 2675 828 (97'),
2734 761 2898 813 aatatc
2950 762 3267 827 vetustum,
3327 756 3762 811 conversatione

2118 846 2747 911 sanctissimum,omni
2770 847 3137 902 nudaverunt
3153 844 3507 910 amictu.Qui
3531 847 3758 898 tantum

2119 935 2201 990 sic
2228 935 2423 989 nudus
2454 935 2629 1005 coepit
2656 933 2902 991 sollicite
2932 951 3207 1006 quaerere,
3242 933 3290 989 si
3323 933 3464 1004 quid
3504 931 3757 987 invenire

2119 1029 2316 1095 posset
2346 1024 2500 1095 quod
2535 1040 2597 1078 se
2627 1024 2911 1079 indueret.
2946 1025 3203 1080 Tandem
3237 1021 3545 1095 pelliceum
3588 1021 3760 1075 indu-

2122 1118 2408 1182 mentum,
2429 1114 2580 1184 quod
2605 1112 2675 1168 ob
2699 1114 2987 1169 incuriam
3010 1114 3162 1167 inter
3185 1112 3428 1166 fratrum
3460 1110 3642 1166 lectos
3674 1124 3763 1164 cs-

2122 1202 2606 1272 ciderat,invenit,
2624 1219 2800 1273 seque
2823 1201 2966 1256 illud
2993 1203 3373 1268 dissutum,et
3401 1200 3765 1255 conscissum

2122 1306 2186 1345 ac
2217 1294 2503 1345 vetustate
2530 1290 2825 1361 dilapsum
2869 1291 3079 1345 induit.
3130 1289 3235 1344 Sed
3286 1289 3442 1343 unde
3489 1286 3764 1342 inimicus

2121 1379 2423 1451 acquirere
2454 1380 2677 1451 putavit
2703 1379 3000 1434 victoriam
3048 1383 3105 1433 et
3154 1377 3583 1448 exaltationem,
3635 1375 3771 1430 inde

2122 1467 2343 1524 invenit
2374 1467 2789 1523 detrimentum
2820 1474 2877 1523 et
2906 1467 3310 1524 confusionem
3357 1483 3370 1521 :
3421 1483 3556 1521 nam
3598 1464 3769 1520 multi

2123 1558 2193 1613 de
2220 1556 2433 1629 populo
2464 1562 2520 1613 et
2549 1557 2717 1623 clero,
2766 1557 2866 1627 qui
2921 1557 3204 1612 hactenus
3246 1555 3374 1627 ejus
3421 1555 3774 1609 videbantur

2123 1647 2398 1716 fautores,
2450 1646 2638 1718 ipsius
2680 1646 2975 1701 intuentes
3024 1645 3405 1718 impietatem,
3447 1643 3583 1699 facti
3633 1646 3775 1699 sunt

2121 1734 2233 1806 ipsi
2266 1735 2539 1806 deinceps
2563 1734 2919 1790 omnimodis
2946 1734 3196 1790 adversi.

2192 1822 2482 1878 85.Altera
2499 1840 2729 1895 quoque
2744 1824 2835 1879 die
2855 1829 2975 1879 tam
2998 1823 3472 1893 homines,quam
3495 1821 3779 1876 mulieres

2123 1911 2422 1968 Florentiae
2436 1912 2506 1966 ad
2521 1910 2922 1983 supradictum
2939 1912 3357 1967 monasterium
3374 1913 3778 1981 perrexerunt,

2122 2006 2179 2056 et
2209 2016 2592 2072 quascumque
2623 2005 2908 2072 poterant,
2930 2000 3381 2056 necessitatibus
3413 1999 3658 2054 fratrum
3685 2013 3785 2052 ne-

2124 2091 2379 2146 cessaria
2404 2088 3285 2146 fideliterdetulerunt.Felicem
3308 2104 3371 2144 se
3392 2087 3643 2160 quisque
3667 2101 3788 2141 cre-

2124 2179 2295 2236 debat
2325 2180 2373 2234 si
2408 2178 2664 2251 aliquem
2696 2179 3122 2234 monachorum
3160 2178 3354 2233 videre
3404 2175 3663 2240 valebat,
3692 2175 3785 2230 vel

2125 2286 2192 2323 ex
2223 2284 2424 2323 eorum
2458 2284 2623 2323 sacro
2657 2268 2965 2340 sanguine,
3016 2282 3085 2322 ex
3132 2270 3307 2333 terra,
3358 2264 3682 2337 lapidibus,
3732 2268 3791 2319 et

2124 2356 2321 2430 lignis,
2350 2358 2475 2413 suis
2504 2356 2717 2428 pannis
2749 2361 2992 2429 possent
3016 2355 3594 2427 extergere,volentes
3616 2352 3788 2408 illum

2125 2463 2229 2518 pro
2260 2447 2491 2517 magnis
2524 2445 2786 2517 reliquiis
2817 2446 3052 2501 habere.

2196 2536 2503 2591 86.Beatus
2535 2539 2733 2590 autem
2762 2532 3425 2602 Joannes,Valimbrosae
3454 2535 3597 2586 tunc
3626 2532 3787 2603 posi-

2125 2628 2243 2690 tus,
2277 2624 2385 2679 hoc
2417 2625 2573 2696 quod
2604 2624 2895 2679 acciderat
2926 2624 3196 2689 audiens,
3228 2620 3491 2693 martyrii
3531 2620 3795 2691 ﬂagrans

2125 2730 2342 2783 amore,
2378 2714 2450 2768 ad
2480 2714 2764 2768 Sanctum
2796 2711 3056 2768 Salvium
3089 2711 3362 2767 festinato
3391 2709 3659 2775 veniens,
3697 2710 3795 2764 ab-

2126 2803 2318 2858 batem
2350 2807 2704 2873 caatercsque
2737 2801 3061 2874 ﬂagellatos
3093 2802 3323 2867 fratres,
3354 2814 3556 2869 caecos,
3590 2798 3787 2853 nuda-

2123 2895 2333 2963 tosque
2366 2892 2767 2961 considerans,
2800 2890 2945 2945 dixit
2977 2909 2990 2947 :
3023 2891 3189 2947 Nunc
3216 2906 3349 2945 vere
3379 2887 3657 2943 monachi
3692 2903 3785 2942 es-

2123 2980 2200 3035 tis
2233 2999 2244 3035 :
2283 2981 2383 3036 sed
2416 2997 2520 3035 cur
2548 2980 2673 3035 sine
2706 2997 2797 3035 me
2828 2980 2949 3036 haec
2980 2981 3233 3052 perferre
3254 2976 3560 3034 voluistis?
3588 2975 3781 3031 Valde

2126 3070 2281 3125 enim
2331 3069 2517 3124 doluit
2548 3070 2703 3140 quod
2735 3070 2985 3140 praefatae
3017 3067 3408 3141 persecutioni
3458 3065 3673 3134 defuit,
3728 3064 3789 3119 in

2126 3174 2244 3230 qua
2274 3162 2468 3214 tamen
2497 3159 2622 3230 ipse
2655 3158 2916 3230 martyrii
2950 3158 3205 3213 obtinuit
3235 3156 3520 3221 bravium,
3577 3154 3683 3224 qui
3716 3153 3787 3207 ad

370 3241 511 3297 ditio
562 3242 697 3298 inde
755 3227 1088 3317 frequenter
1151 3246 1419 3315 oriretur,
1479 3246 1786 3303 mstimavit
1836 3247 2015 3303 heare-
2050 3227 2092 3293 C
2128 3227 2499 3303 tolerandum
2521 3227 2879 3319 martyrium
2910 3264 3049 3303 suos
3082 3251 3203 3303 tam
3253 3249 3490 3301 strenue
3526 3242 3795 3298 instituit

334 3384 335 3387 η
366 3330 520 3386 ticus
552 3334 757 3389 Petrus
787 3333 1068 3406 populum
1101 3340 1316 3392 terrere
1346 3340 1402 3391 et
1430 3335 1676 3405 clerum,
1711 3335 1760 3391 si
1806 3337 2021 3392 faceret

373 3436 579 3476 necare
610 3422 991 3492 monachos,a
1007 3423 1224 3495 quibus
1250 3426 1423 3480 verba
1452 3425 1563 3480 sibi
1597 3425 1839 3480 adversa
1858 3441 2019 3479 sum-

373 3526 540 3581 psere
572 3510 875 3582 principia.
906 3512 1028 3577 Qua
1059 3513 1129 3569 de
1162 3530 1221 3568 re
1252 3515 1434 3569 missa
1464 3513 1835 3569 multitudine
1856 3513 2019 3585 equi-

375 3602 503 3652 tum
551 3604 607 3653 et
663 3601 928 3671 peditum
977 3607 1261 3658 nocturno
1292 3607 1576 3675 tempore,
1612 3601 1797 3674 jussit
1835 3603 2020 3658 sancti

374 3686 548 3742 Salvii
577 3689 905 3744 cmnobium
948 3690 1081 3762 igne
1111 3692 1395 3761 comburi,
1431 3694 1488 3746 et
1520 3690 1838 3747 monachos
1870 3707 2019 3760 quos

372 3777 726 3848 reperissent
756 3778 1317 3837 interfici.Joannem
1348 3797 1480 3835 vero
1512 3785 1741 3835 Patrem
1773 3780 1853 3834 ibi
1882 3784 2019 3833 tunc

372 3865 726 3922 existimavit
754 3868 1019 3924 inveniri.
1053 3868 1182 3942 Ipse
1212 3869 1448 3942 quidem
1483 3869 1574 3924 die
1606 3869 1785 3925 altero
1830 3885 2017 3924 reces-

373 3957 548 4009 serat.

439 4042 818 4116 83.1ngressi
865 4044 1047 4117 igitur
1097 4045 1419 4119 ecclesiam,
1477 4064 1608 4102 cum
1661 4049 2015 4102 nocturnum

372 4132 579 4187 fratres
628 4131 991 4189 celebrarent
1058 4134 1338 4204 ofﬁcium,
1398 4136 1719 4208 evaginatis
1775 4134 2016 4190 ensibus

372 4224 672 4292 coeperunt
698 4220 909 4277 Christi
943 4228 1199 4280 mactare
1229 4239 1382 4292 oves,
1416 4228 1481 4279 ut
1524 4224 1781 4280 immites
1827 4223 2014 4280 carni-

372 4309 531 4366 ﬁces.
563 4308 673 4365 Alii
707 4310 997 4382 siquidem
1030 4312 1088 4367 in
1122 4313 1307 4369 fronte
1336 4318 1455 4369 tam
1497 4330 1669 4386 grave
1699 4314 2018 4369 inﬁxerunt

371 4396 677 4469 vulnus,ut
697 4400 1022 4470 perveniret
1046 4402 1199 4458 acies
1218 4402 1352 4457 ferri
1367 4419 1554 4476 usque
1571 4404 1641 4459 ad
1658 4402 2013 4459 testudinem

370 4487 999 4560 cercbri(96).Alterum
1021 4506 1154 4547 vero
1184 4496 1305 4547 tam
1327 4492 1507 4565 impie
1522 4492 1888 4565 graviterque
1905 4491 2013 4546 sub

2130 3335 2473 3408 discipulos.
2506 3336 2594 3390 Ad
2624 3336 2733 3392 hoc
2775 3335 2929 3391 enim
2962 3334 3138 3402 venit,
3193 3334 3350 3406 quod
3400 3349 3462 3387 se
3509 3330 3796 3385 credebat

2129 3425 2334 3491 teneri,
2366 3423 2669 3497 ﬂagellari,
2704 3423 3058 3492 detruncari,
3092 3423 3245 3495 quod
3278 3422 3452 3477 etiam
3484 3436 3589 3491 pro
3620 3434 3793 3473 amco

2131 3530 2190 3569 re
2232 3513 2353 3581 Dei,
2387 3518 2443 3569 et
2490 3512 2829 3568 defensione
2873 3510 3172 3568 catholica:
3222 3509 3356 3565 fidei
3406 3508 3707 3581 cupiebat,
3743 3507 3792 3562 si

2132 3606 2329 3673 posset
2359 3601 2597 3670 millies,
2632 3601 2837 3657 occidi.

2198 3692 2289 3745 87.
2309 3690 2575 3746 Monachi
2595 3707 2728 3746 vero
2758 3692 2922 3745 tanto
2945 3688 3210 3744 fortiores
3238 3687 3448 3743 deinde
3476 3689 3620 3741 sunt
3654 3684 3795 3740 etre-

2128 3779 2224 3851 cti,
2258 3784 2475 3853 quanto
2502 3779 2825 3836 securiores
2853 3779 2924 3833 de
2955 3794 3189 3844 corona,
3223 3793 3400 3848 quam
3424 3777 3550 3847 jam
3584 3784 3795 3848 gusta-

2125 3869 2794 3940 verant,martyrii.Nam
2825 3871 3031 3924 euntes
3052 3867 3296 3922 Romam
3319 3871 3583 3936 tempore
3603 3884 3787 3940 syno-

2127 3957 2208 4029 di,
2267 3962 2608 4013 constanter
2645 3962 2702 4013 et
2744 3955 2975 4028 publice
3005 3955 3509 4028 proclamaverunt
3530 3956 3787 4013 Petrum

2126 4046 2524 4102 Simoniacum
2558 4048 2614 4099 et
2639 4044 2997 4113 haereticum,
3033 4061 3094 4100 se
3124 4045 3257 4116 igne
3294 4044 3661 4116 proferentes
3694 4047 3791 4102 in-

2125 4138 2381 4190 traturos
2409 4134 2481 4189 ad
2513 4134 2571 4188 id
2594 4132 3455 4206 comprobandum.Alexander
3471 4149 3607 4190 vero
3629 4150 3790 4207 papa

2127 4224 2227 4295 qui
2282 4227 2423 4278 tunc
2479 4224 2611 4279 Sedi
2661 4222 3004 4295 Apostolicse
3057 4222 3423 4294 praesidebat,
3477 4239 3583 4279 nee
3638 4230 3787 4280 tunc

2125 4315 2463 4368 accusatum
2494 4311 2679 4367 voluit
2710 4313 3017 4383 deponere,
3044 4327 3148 4366 nec
3174 4312 3406 4383 igneam
3434 4310 3785 4369 declaratio-

2126 4416 2260 4455 nem
2292 4417 2523 4456 sumere
2552 4417 2564 4454 :
2592 4401 2819 4456 favebat
2838 4399 2994 4456 enim
3028 4400 3283 4456 maxima
3314 4416 3450 4473 pars
3479 4400 3789 4474 episcopo-

2124 4506 2255 4546 rum
2290 4490 2440 4561 parti
2471 4489 2644 4557 Petri,
2669 4493 2724 4545 et
2744 4504 2948 4544 omnes
2971 4505 3117 4561 pene
3138 4493 3307 4545 erant
3338 4489 3645 4545 monachis
3674 4492 3786 4547 ad-

368 4575 553 4631 oculis
576 4584 1012 4649 percusserunt,
1046 4586 1111 4636 ut
1136 4582 1321 4638 nasus
1350 4586 1408 4637 et
1438 4582 1640 4637 dentes
1685 4580 2015 4653 superiores
2047 4596 2094 4661 D
2123 4578 2295 4635 versi.
2319 4580 2428 4633 Sed
2461 4578 2925 4634 Archidiaconus
2953 4578 3784 4652 Ildeprandus(98)monachc-

374 4680 509 4720 cum
541 4683 794 4739 superno
824 4667 978 4725 labio
1010 4687 1044 4724 a
1073 4686 1179 4726 sua
1209 4670 1605 4725 dividerentur
1651 4668 2016 4741 compagine,

376 4758 433 4808 et
464 4761 673 4811 cuncta
700 4756 1095 4828 dependerent
1122 4776 1301 4830 super
1328 4758 1593 4815 barbam.
1627 4756 1741 4812 Alii
1782 4757 2020 4830 quidem

373 4841 683 4915 inﬁgentes
715 4844 897 4901 aciem
928 4846 1108 4918 gladii
1138 4847 1469 4919 vulnusque
1491 4848 1561 4903 ad
1586 4846 1863 4902 interiora
1892 4861 2022 4917 per-

374 4932 687 4987 duxerunt.
727 4934 1139 5005 Hujuscemcdi
1171 4936 1351 5007 igitur
1379 4936 1568 5009 plagis
1602 4935 1803 4992 multis
1837 4935 1895 4989 in
1937 4933 2023 5009 di:

370 5021 552 5078 versis
601 5021 859 5095 perlatis,
914 5005 1244 5079 everterunt
1293 5005 1519 5096 altaria,
1573 5029 1630 5081 et
1685 5005 2027 5097 depraedatii

371 5115 528 5176 sunt,
560 5128 688 5183 quea
718 5111 1065 5167 invenerunt
1097 5112 1315 5179 omnia,
1358 5119 1414 5166 et
1459 5113 1594 5184 igne
1640 5113 1696 5167 in
1749 5112 2021 5168 domibus

373 5200 972 5270 apposito,monachis
993 5204 1134 5255 tunc
1156 5199 1214 5254 in
1238 5199 1483 5255 ecclesia
1511 5204 1733 5272 septem
1759 5201 2021 5257 Psalmos

371 5302 504 5340 cum
533 5289 797 5344 Lmtaniis
815 5289 1282 5357 decantantibus,
1302 5288 1361 5342 in
1387 5288 1547 5345 nullo
1570 5290 2017 5360 reluctantibus,

451 5428 563 5505 (95)
595 5431 787 5486 Petrus
816 5432 1167 5488 Simoniacus
1195 5435 1434 5487 vocatur
1459 5433 1748 5505 Papiemis
1784 5434 1871 5489 vel
1904 5435 2017 5490 Tri-

374 5502 559 5575 nenais
583 5518 622 5575 ρ
647 5505 829 5571 patria
858 5520 956 5557 sua
988 5505 1198 5573 Papiae,
1232 5520 1357 5575 quae
1390 5508 1445 5559 et
1476 5502 1721 5559 Ticinum
1749 5506 1981 5562 dicitur.

443 5572 551 5650 (96)
583 5572 688 5628 Per
718 5572 1307 5650 testudinem'cereb'ri
1353 5578 1554 5634 auctor
1600 5576 1693 5633 hic
1748 5577 2018 5650 intelligit

368 5646 637 5716 omnium,
668 5649 733 5701 ut
761 5646 987 5718 opinor.

2127 4684 2257 4725 rum
2288 4668 2349 4722 in
2380 4668 2654 4724 omnibus
2683 4670 2774 4723 est
2803 4667 2994 4723 factus
3026 4668 3261 4737 adiutor
3288 4672 3347 4723 et
3374 4667 3671 4725 defensor.

2199 4757 2289 4811 88.
2326 4756 2447 4813 Lite
2476 4757 2673 4828 itaque
2700 4760 2838 4811 tunc
2868 4761 3265 4829 permanente,
3296 4757 3479 4813 immo
3499 4757 3788 4831 deinceps

2134 4846 2313 4902 minis
2334 4846 2805 4913 crescente,facta
2833 4850 2922 4901 est
2950 4845 3277 4918 persecutio
3308 4850 3473 4902 tanta
3494 4847 3789 4903 adversus

2134 4935 2355 4991 clerum
2386 4934 2785 4991 Florentinum
2816 4934 3185 5007 catholicum,
3220 4940 3284 4990 ut
3311 4951 3439 4991 eam
3471 4935 3624 4991 ferre
3667 4952 3791 4992 non

2132 5024 2393 5079 valentes
2422 5023 2905 5097 Archipresbyter
2934 5024 3238 5096 caeterique
3275 5040 3454 5097 quam
3477 5024 3684 5097 plures
3716 5026 3789 5080 de

2132 5112 2362 5168 civitate
2388 5113 2775 5180 exeuntes,ad
2805 5113 3163 5185 Septimense
3193 5113 3575 5186 confugerent
3594 5130 3792 5169 emnc—

2131 5201 2477 5266 bium.Quos
2498 5202 2754 5257 Joannes
2775 5206 2945 5258 Pater
2963 5202 3215 5275 benigne
3232 5202 3583 5275 suscipiens,
3617 5203 3787 5260 omni

2130 5290 2485 5363 benignitate
2502 5294 2557 5346 et
2576 5291 2860 5347 charitate
2888 5292 3181 5363 praebebat
3212 5293 3295 5349 eis
3323 5308 3429 5365 pro
3444 5308 3622 5365 posse
3646 5292 3789 5349 sub-

2200 5434 2311 5507 (9’7)
2342 5432 2529 5507 Hujus
2558 5433 2843 5507 Dominici
2870 5433 3124 5506 elogium
3162 5434 3294 5491 vide
3334 5435 3489 5507 apud
3522 5435 3783 5491 Simiam

2127 5504 2186 5559 in
2219 5504 2489 5577 Catalcgo
2522 5520 2651 5577 pag.
2675 5506 2741 5559 91
2774 5509 2831 5577 et
2859 5504 3021 5577 seqq.

2219 5522 2489 5575 uataicgo
2522 5522 2594 5576 p8.
2641 5546 2651 5559 .
2675 5522 2741 5559 91
2774 5522 2831 5559 θι
2859 5522 2921 5560 88

2198 5576 2307 5657 (98)
2338 5522 2695 5657 ι-ιέςρναηῧαδ
2714 5522 3236 5657 νθΙᾌΗὶιὲρρνακάασ
3257 5578 3368 5636 fuit
3396 5582 3598 5652 postea
3628 5576 3783 5635 Gre-

2125 5646 2325 5720 gorius
2356 5646 2476 5718 VII,
2509 5664 2779 5707 summus
2809 5648 3089 5707 Pontifer
