4022 6160
230 272 335 332 801

1820 273 2048 334 ACTA.

3513 287 3632 347 802

238 403 390 477 legit.
423 401 910 459 Callaudantibus
955 407 1148 458 autem
1198 402 1424 458 cunctis
1456 404 1872 474 conditionem,
1904 407 1959 471 Α
1988 405 2058 460 ad
2083 403 2396 460 Salvatoris
2417 405 2914 476 miraculum,non
2931 411 3000 465 ad
3026 413 3626 474 ardorisincendium.

238 498 373 549 tunc
403 494 616 548 iterum
649 491 802 556 alius
862 492 1138 548 abbatum
1188 491 1488 548 silentium
1547 493 1707 564 petit,
1763 494 1877 550 ele-

233 599 490 654 vansque
549 581 794 654 [vocem]
854 581 1170 652 alloquitur
1227 597 1429 636 omnes
1487 581 1722 637 dicens:
1756 583 1876 637 Viri

233 671 444 727 fratres
466 675 524 726 et
555 687 806 738 sorores,
834 688 936 742 pro
963 670 1148 726 salute
1173 671 1503 726 animarum
1528 675 1874 741 vestrarum,

229 765 380 816 teste
417 767 548 830 Deo,
576 760 686 815 hoc
739 760 1004 829 facimus,
1038 765 1104 814 ut
1153 759 1426 831 deinceps
1484 777 1517 814 a
1545 761 1879 816 Simoniaca

228 849 414 922 lepra,
441 867 567 921 quae
593 850 847 919 ferejam
875 853 1064 903 totum
1090 849 1378 904 mundum
1403 849 1644 921 [infecit]
1677 866 1875 905 cavea-

227 939 526 1012 tis.Hujus
548 943 743 994 autem
764 938 934 1010 lepraa
953 938 1289 1010 contagium
1314 944 1428 992 tam
1447 955 1724 1011 magnum
1751 955 1877 994 esse

226 1028 611 1099 sciatis,quod
637 1027 825 1099 ipsius
845 1025 1197 1096 immanitati
1221 1031 1427 1084 caetera
1451 1028 1614 1083 crimi
1625 1046 1699 1083 na
1719 1045 1876 1084 com-

224 1122 459 1190 parata,
481 1120 621 1173 sunt
639 1115 811 1188 quasi
831 1115 994 1170 nihil.

298 1209 427 1263 101.
460 1206 563 1262 His
595 1222 728 1279 ergo
759 1205 1024 1278 expletis,
1083 1223 1216 1261 cum
1249 1207 1479 1277 utrique
1510 1208 1633 1279 rogi
1656 1208 1782 1278 jam
1816 1222 1877 1262 se

224 1314 287 1352 ex
308 1297 524 1369 majori
548 1300 711 1368 parte
727 1295 786 1349 in
806 1295 1232 1350 ﬂammivomos
1249 1296 1556 1352 vertissent
1573 1297 1874 1362 carbones,

224 1393 276 1442 et
294 1403 438 1441 cum
464 1386 654 1442 media
676 1384 886 1440 semita
905 1384 1333 1456 ignivomarum
1359 1385 1528 1457 cOpia
1551 1401 1874 1456 prunarum

225 1479 398 1532 tanta
426 1478 717 1541 aestuaret,
743 1477 808 1528 ut
828 1489 1016 1546 usque
1039 1473 1110 1528 ad
1131 1473 1277 1529 talos
1309 1474 1473 1545 pedis
1495 1473 1742 1541 cunctis,
1765 1473 1876 1528 sic-

224 1570 284 1620 ut
317 1569 461 1638 post
489 1565 546 1619 in
579 1563 979 1636 probationem
1011 1563 1204 1634 patuit
1233 1563 1288 1617 in
1323 1581 1544 1635 prunas
1566 1563 1729 1634 inﬁgi
1751 1580 1879 1636 pos-

223 1659 382 1721 sent,
417 1653 691 1708 sacerdos
720 1656 777 1706 et
832 1651 1158 1707 monachus
1208 1653 1382 1722 jussu
1443 1653 1670 1708 abbatis
1727 1651 1878 1708 hanc

221 1743 556 1798 orationem
579 1757 712 1797 cum
738 1756 951 1812 magna
968 1740 1505 1806 voce,audientibus
1528 1745 1584 1796 et
1605 1741 1879 1796 flentibus

221 1833 340 1887 fere
375 1831 569 1887 tribus
611 1829 896 1894 millibus,
943 1830 1092 1884 fudit
1131 1830 1201 1884 ad
1247 1830 1602 1886 Dominum:
1635 1830 1879 1886 Domine

218 1922 362 1977 Jesu
397 1919 648 1986 Christe,
681 1935 816 1973 vera
841 1918 939 1973 lux
968 1918 1229 1973 omnium
1291 1918 1351 1973 in
1385 1924 1440 1974 te
1494 1919 1877 1988 credentium,

222 2013 391 2064 tuam
425 2006 890 2062 misericordiam
923 2009 1078 2076 peto,
1107 2008 1267 2059 tuam
1289 2003 1656 2060 clementiam
1685 2021 1876 2072 exoro,

222 2102 282 2152 ut
309 2097 368 2152 si
391 2096 599 2151 Petrus
621 2095 924 2166 Papiensis
942 2094 1043 2165 qui
1067 2091 1436 2148 Florentinus
1457 2094 1766 2166 episcopus
1786 2095 1879 2148 di-

222 2187 402 2252 citur,
434 2185 764 2240 interventu
797 2182 1078 2255 pecuniae,
1113 2183 1170 2237 id
1203 2187 1290 2238 est
1320 2199 1562 2239 munere
1611 2202 1643 2238 a
1677 2201 1878 2254 manu,

223 2276 385 2348 quod
419 2279 512 2330 est
542 2273 875 2329 Simoniaca
905 2272 1163 2338 haeresis,
1206 2271 1602 2328 Florentinam
1635 2273 1883 2345 arripuit

222 2366 429 2421 sedem
458 2383 473 2432 ;
510 2379 664 2418 nunc
693 2367 756 2418 tu
791 2362 917 2417 Filii
947 2361 1146 2417 aeterni
1176 2362 1384 2429 Patris,
1447 2361 1607 2418 salus
1640 2379 1789 2434 mea,
1820 2362 1881 2416 in

222 2454 329 2510 hoc
367 2451 914 2524 tremendojudicio
947 2453 1018 2507 ad
1042 2451 1441 2521 adjuvandum
1464 2468 1555 2506 me
1577 2452 1804 2519 festina,
1829 2455 1885 2506 et

227 2560 314 2598 me
352 2543 610 2598 illaisum
643 2541 768 2596 sine
799 2539 1223 2596 combustionis
1273 2540 1504 2595 macula
1544 2539 1885 2595 mirabiliter

226 2631 700 2699 conserva,sicut
719 2630 1015 2701 quondam
1036 2628 1249 2684 illaesos
1271 2628 1509 2685 salvasti
1534 2634 1651 2684 tres
1672 2645 1883 2700 pueros

224 2721 280 2776 in
313 2720 560 2776 camino
593 2719 746 2791 ignis
772 2719 1048 2773 ardentis.
1083 2718 1191 2782 Qui
1222 2734 1354 2772 cum
1403 2722 1685 2772 coaeterno
1716 2718 1884 2774 Patre

223 2815 345 2876 tuo,
369 2813 432 2864 et
463 2808 680 2880 Spiritu
712 2811 911 2863 sancto
943 2806 1141 2862 omnia
1169 2807 1517 2878 cooperaris,
1551 2812 1606 2862 et
1630 2806 1795 2875 vivis,
1829 2811 1885 2862 et

224 2916 446 2972 regnas
479 2898 540 2952 in
574 2896 787 2953 saacula
817 2895 1186 2952 saeculorum.

294 2990 430 3042 102.
465 2987 732 3058 Cumque
786 3002 1010 3055 omnes,
1068 2985 1168 3056 qui
1223 2985 1484 3056 aderant,
1546 2985 1881 3057 respondis-

224 3082 380 3148 sent,
408 3083 600 3132 Amen
625 3092 638 3131 :
659 3075 820 3147 pacis
845 3073 1114 3130 osculum
1140 3074 1419 3129 fratribus
1449 3075 1608 3129 dedit
1629 3080 1685 3130 et
1714 3090 1879 3130 acce-

1990 494 2270 549 Ardorem
2305 493 2608 550 Catholica:
2641 497 2771 552 ﬁdei
2833 499 3180 570 sentiebant,
3233 504 3476 578 ideoque
3516 526 3630 564 non

1987 583 2287 638 ardebant.
2322 583 2474 638 Deus
2507 585 2761 655 profecto
2828 593 3027 644 noster
3094 591 3248 662 ignis
3279 610 3632 653 consumens

1988 673 2208 738 aderat,
2230 672 2496 742 ideoque,
2521 673 2646 744 ipso
2669 673 2921 746 nolente,
2955 694 3268 751 corporeus
3299 682 3451 755 ignis
3483 685 3630 741 nihil

1989 776 2194 815 nocere
2226 764 2469 831 poterat.
2503 761 2705 817 Procul
2741 765 2917 820 dubio
2973 784 3173 823 verum
3234 777 3377 840 erat,
3411 775 3564 845 quod
3600 792 3634 829 a

1987 849 2169 905 servis
2200 848 2299 902 Dci
2357 849 2679 917 dicebatur,
2727 853 2866 922 quia
2899 853 3130 910 illorum
3168 861 3352 928 testis,
3388 863 3631 918 veritate

1980 938 2243 1008 juvante,
2271 938 2342 992 ab
2366 937 2498 1009 igne
2517 938 2861 996 miraculose
2883 941 3186 999 liberatur.
3215 947 3441 1006 Veritas
3469 951 3629 1006 enim

1988 1043 2220 1099 semper
2248 1027 2457 1082 liberat
2510 1044 2659 1099 quos
2719 1029 2990 1087 falsitatis
3048 1034 3275 1091 macula
3323 1054 3438 1092 non
3472 1039 3629 1094 coin-

1989 1117 2214 1188 quinat.

2061 1206 2181 1259 101.
2219 1206 2534 1277 Postquam
2567 1211 2760 1262 autem
2795 1225 3067 1280 egressus
3098 1216 3187 1266 est
3217 1213 3286 1268 de
3316 1213 3468 1287 igne,
3491 1217 3631 1272 dum

1986 1295 2200 1350 iterum
2220 1293 2395 1349 vellet
2418 1296 2608 1350 focum
2633 1298 2926 1368 repedare,
2959 1301 3186 1372 capitur
3208 1319 3241 1356 a
3260 1303 3475 1374 populo
3501 1323 3514 1371 ;
3540 1305 3635 1361 de—

1987 1383 2329 1440 osculantur
2348 1384 2524 1456 pedes
2557 1402 2670 1456 prae
2693 1386 3000 1442 desiderio.
3027 1388 3144 1443 Prae
3163 1391 3375 1461 gaudio
3394 1393 3632 1463 quidem

1987 1473 2222 1527 beatum
2256 1489 2317 1527 sc
2376 1474 2624 1544 quisque
2685 1476 2946 1546 putabat,
3007 1478 3106 1548 qui
3149 1480 3630 1538 vestimentorum

1988 1577 2401 1633 quamcunque
2431 1561 2780 1633 particulam
2815 1565 3140 1621 deosculari
3170 1567 3418 1624 valebat.
3461 1571 3630 1626 Gravi

1989 1665 2242 1720 namque
2272 1650 2650 1720 premebatur
2676 1653 2950 1723 angustia
2980 1655 3348 1726 populorum,
3373 1660 3472 1714 sed
3497 1676 3630 1715 cum

1989 1754 2203 1809 magna
2219 1737 2562 1795 difficultate
2575 1738 2857 1796 liberatur
2871 1742 3631 1804 viribusclericorum.Laus

1995 1831 2103 1882 Deo
2134 1827 2206 1882 ab
2239 1828 2512 1882 omnibus
2548 1845 2664 1883 una
2691 1846 2810 1901 prae
2839 1831 3254 1902 gaudio,etiam
3281 1835 3472 1891 flendo
3493 1854 3630 1892 can-

1989 1920 2165 1983 tatur,
2199 1916 2476 1987 certijam
2510 1917 2648 1988 quia
2676 1919 2916 1974 verbum
2944 1920 3044 1976 Dei
3076 1938 3381 1993 nunquam
3433 1929 3632 1980 muta-

1989 2005 2312 2060 tur.Simon
2336 2005 2540 2061 Petrus
2557 2006 2788 2079 magnis
2819 2006 3094 2084 laudibus
3127 2010 3506 2084 sublimatur,
3537 2013 3633 2069 Si—

1990 2094 2261 2148 mondeni
2283 2110 2395 2165 que
2412 2097 2612 2166 Magus
2639 2101 2699 2150 ut
2719 2101 2944 2152 stercus
2964 2098 3211 2169 pedibus
3233 2100 3629 2159 conculcatur.

1990 2182 2211 2237 Nomen
2243 2183 2393 2238 Petri
2425 2183 2670 2254 apostoli
2701 2184 2760 2239 in
2793 2203 2890 2240 ore
2919 2187 3182 2242 omnium
3225 2206 3402 2261 super
3431 2191 3544 2246 mel
3575 2196 3634 2248 et

1991 2271 2185 2326 favum
2218 2288 2350 2327 cum
2380 2271 2652 2328 laudibus
2672 2274 2860 2346 magis
2883 2276 3188 2347 magisque
3211 2278 3518 2335 dulcescit:
3537 2297 3634 2335 no-

1991 2377 2124 2416 men
2181 2360 2345 2430 impii
2376 2361 2632 2417 Simonis
2663 2379 2839 2434 super
2869 2363 2942 2418 fel
2974 2369 3031 2419 et
3052 2364 3453 2436 sulphureum
3478 2371 3630 2424 vitu-

1991 2449 2387 2521 perationibus
2418 2451 2608 2522 magis
2640 2451 2944 2524 magisque
3004 2455 3305 2524 putrescit.
3339 2456 3630 2527 Magnitu-

1993 2539 2184 2594 dinem
2220 2539 2434 2610 quippe
2463 2539 2673 2594 horum
2705 2541 2913 2595 Christi
2947 2541 3634 2617 signorum,copiamque

1990 2627 2188 2699 gaudii
2221 2628 2499 2694 nostri,ac
2532 2628 2934 2698 quotidianam
2964 2631 3286 2702 gratiarum
3320 2633 3632 2704 actionem,

1992 2733 2097 2772 nec
2121 2716 2310 2772 cordis
2335 2733 2546 2772 sensus
2568 2716 2841 2789 cogitare,
2866 2735 2970 2774 nec
2989 2719 3199 2792 linguae
3222 2720 3508 2793 plectrum
3539 2740 3633 2778 ex-

1991 2805 2262 2877 primere,
2297 2821 2402 2860 nec
2434 2822 2662 2874 manus,
2698 2807 2850 2862 sicut
2877 2812 2985 2874 est,
3020 2826 3282 2881 unquam
3341 2811 3635 2867 sufﬁcient

1994 2894 2268 2949 scribere.

2064 2983 2184 3036 105.
2212 2983 2323 3038 Sed
2347 2982 2484 3055 quia
2504 2984 2751 3056 sapienti
2783 2986 2852 3042 de
2882 2986 3084 3042 multis
3104 3003 3291 3059 pauca
3311 2989 3630 3044 sufﬁciunt.

1991 3071 2229 3126 demum
2255 3072 2326 3126 ad
2386 3072 2798 3130 Paternitatem
2855 3074 3123 3132 Vestram
3180 3077 3634 3150 supplicandum

225 3167 328 3239 pit,
361 3168 807 3235 Interrogamur
837 3179 1041 3219 omnes
1066 3179 1077 3217 :
1106 3163 1373 3227 Quandiu
1407 3162 1581 3218 vultis
1602 3163 1797 3234 ipsum
1819 3163 1879 3218 in
1912 3152 1954 3218 C
1995 3161 2536 3216 concurrimus.Per
2559 3162 2750 3232 ipsum
2768 3179 2901 3218 vero
2920 3164 3344 3222 Beatitudinem
3365 3167 3635 3222 Vestram

227 3256 359 3327 igne
400 3269 641 3309 manere
662 3252 690 3306 ‘?
720 3253 1089 3324 Responsum
1120 3256 1208 3306 est
1239 3253 1310 3307 ab
1343 3252 1654 3307 omnibus:
1689 3255 1782 3319 At,
1806 3257 1881 3322 at,

228 3344 371 3416 quid
403 3341 651 3398 dicitis?
679 3340 922 3412 Sufﬁcit,
955 3340 1218 3410 Domine,
1253 3340 1418 3410 satis,
1470 3356 1604 3394 cum
1637 3339 1882 3396 solemni

225 3433 523 3505 gravitate
553 3430 904 3503 pedetentim
936 3430 1132 3502 ignem
1164 3430 1548 3500 ﬂammasque
1600 3429 1880 3485 transire:

220 3523 476 3592 jubetur
507 3520 742 3592 quidem
775 3518 1060 3574 sacerdoti
1093 3523 1150 3573 et
1172 3518 1457 3573 monacho
1477 3518 1760 3574 voluntati
1785 3536 1885 3574 no-

225 3617 353 3666 strae
397 3609 758 3666 satisfacere.
794 3610 957 3663 Tunc
990 3609 1114 3679 ipse
1172 3608 1443 3662 sacerdos
1501 3612 1705 3662 contra
1735 3607 1888 3678 ignis

226 3701 509 3756 ardorem
541 3697 796 3754 salutare
818 3697 1050 3769 signum
1078 3697 1318 3764 faciens,
1344 3699 1702 3767 Crucemque
1723 3696 1888 3750 Chri-

225 3789 294 3843 sti
329 3786 640 3856 bajulans,
666 3786 996 3858 ipsamque,
1024 3803 1138 3841 non
1164 3785 1534 3840 flammarum
1560 3784 1886 3840 multitudi-

221 3893 356 3933 nem
386 3875 724 3945 attendens,
751 3874 1081 3946 intrepidus
1107 3879 1321 3940 mente,
1343 3873 1545 3929 hilaris
1567 3873 1730 3928 vultu
1753 3890 1886 3928 cum

223 3967 494 4037 quadam
529 3963 863 4020 celebritate
895 3963 1218 4036 gravitatis,
1249 3962 1470 4018 illaasus
1517 3963 1576 4017 in
1629 3980 1890 4035 corpore,

226 4054 463 4110 illasus
493 4058 549 4110 et
574 4053 633 4108 in
667 4054 967 4120 omnibus,
999 4070 1125 4123 quae
1153 4069 1352 4107 secum
1384 4053 1670 4124 portabat,
1702 4051 1761 4107 in
1783 4053 1890 4108 vir-

226 4149 349 4199 tute
372 4144 520 4198 Jcsu
545 4141 761 4197 Christi
788 4139 1131 4196 mirabiliter
1152 4141 1345 4212 ignem
1369 4141 1726 4212 pertransiit.

301 4233 438 4286 103.
467 4231 614 4286 Nam
650 4230 898 4285 ﬂammae
933 4229 1190 4301 undique
1223 4234 1655 4299 concurrentes,
1681 4233 1736 4285 et
1775 4228 1889 4284 cir-

227 4338 415 4394 cumq
426 4337 615 4391 uaque
629 4324 1006 4391 exsurgentes
1029 4318 1229 4374 Albam
1244 4319 1410 4391 quasi
1425 4318 1723 4391 byssinam
1743 4319 1889 4390 (103)

223 4411 560 4480 intrabant,
595 4414 652 4464 et
682 4408 979 4481 implendo
1008 4408 1475 4472 inﬁammabant,
1536 4408 1636 4463 sed
1670 4413 1889 4463 naturae

1996 3265 2256 3315 oramus,
2291 3250 2459 3319 cujus
2489 3250 2807 3321 Vicarium,
2871 3256 2989 3307 tam
3049 3253 3109 3307 in
3177 3254 3336 3308 coelis
3366 3271 3544 3324 quam
3574 3255 3634 3308 in

1994 3337 2165 3392 terris
2190 3339 2366 3392 etiam
2389 3354 2490 3392 vos
2511 3353 2638 3392 esse
2660 3337 3089 3395 desideramus:
3116 3341 3440 3412 dignemini
3457 3341 3635 3412 plebi,

1996 3425 2170 3497 longa
2202 3430 2362 3497 peste
2395 3425 2703 3492 demolitae,
2738 3426 3050 3481 consilium
3083 3427 3316 3498 pariter,
3351 3433 3408 3483 et
3439 3429 3637 3484 defen-

1995 3514 2178 3570 sionis
2208 3513 2488 3568 auxilium
2515 3514 2848 3586 impendere
2873 3532 2885 3569 :
2922 3515 3240 3586 dignemini
3267 3533 3372 3572 nos
3394 3518 3640 3574 miseros

1997 3604 2068 3658 ab
2100 3604 2458 3675 importunis
2492 3601 2762 3675 luporum
2798 3603 3084 3670 faucibus,
3121 3605 3513 3662 abstrahendo
3533 3606 3642 3661 eri-

1997 3708 2170 3762 pere:
2205 3692 2551 3763 dignemini.
2585 3708 2912 3764 precamur,
2975 3710 3138 3748 arma
3195 3699 3396 3750 contra
3442 3695 3640 3750 hostes

1997 3782 2148 3838 Petri
2181 3783 2425 3854 apostoli
2461 3799 2715 3848 movere,
2749 3783 2904 3839 acies
2964 3787 3207 3851 struere,
3261 3789 3463 3839 sancta
3494 3783 3645 3840 bella

1998 3872 2386 3939 committere,
2419 3878 2476 3927 et
2508 3889 2612 3927 nos
2643 3887 2776 3926 oves
2807 3871 3046 3938 Christi,
3081 3873 3248 3942 beato
3305 3872 3474 3927 Petro
3508 3872 3644 3927 tibi-

2000 3977 2112 4032 que
2141 3962 2262 4015 vice
2292 3961 2419 4031 ejus
2454 3959 2822 4027 commissas,
2859 3964 3062 4014 contra
3103 3959 3468 4016 Simoniacos
3498 3977 3643 4032 prae-

1997 4049 2193 4105 liando
2225 4051 2295 4104 de
2325 4049 2656 4121 captivitate
2687 4048 2953 4104 liberare.
2981 4048 3272 4121 Plerisque
3301 4048 3516 4105 etenim
3548 4066 3646 4104 no-

2000 4145 2188 4194 strum
2224 4140 2431 4194 beatus
2461 4139 2587 4211 ipse
2616 4138 2952 4211 Apostolus,
2987 4144 3051 4194 ut
3080 4138 3220 4194 olim
3253 4157 3288 4194 a
3331 4138 3556 4194 Nerone
3585 4139 3645 4192 in

1999 4244 2169 4284 cruce
2199 4229 2484 4293 conﬁxus,
2519 4228 2576 4283 in
2602 4228 2729 4283 visu
2754 4229 2943 4284 noctis
2967 4232 3291 4300 apparet,et
3311 4228 3648 4301 passionem

1983 4325 2169 4372 ‘suam
2202 4317 2582 4383 ostendendo,
2614 4321 2734 4371 uta
2762 4317 3229 4375 Simoniacorum
3256 4317 3530 4374 societate
3550 4317 3648 4372 de-

2002 4405 2312 4471 clinemus,
2345 4405 2436 4476 pie
2469 4405 2696 4460 suadet.
2729 4405 2912 4477 Sicut,
2973 4406 3246 4478 inquiens
3305 4423 3396 4461 me
3426 4405 3649 4460 Simoni

226 4517 344 4556 sua:
373 4501 788 4564 immemores,
809 4497 952 4552 nihil
983 4497 1585 4553 sibiustionisinferre
1603 4502 1889 4568 poterant.
1924 4523 1969 4586 D
2004 4494 2177 4566 Mago
2208 4510 2510 4564 nunquam
2543 4493 2931 4562 conjunxi,sic
2961 4510 3194 4564 quoque
3225 4493 3403 4563 vos,si
3433 4491 3649 4547 Christi

226 4587 608 4661 Manipulum
641 4587 893 4659 denique
926 4593 983 4642 et
1013 4587 1246 4654 stolam,
1282 4602 1602 4656 eorumque
1633 4587 1895 4642 ﬁmbrias

230 4695 397 4734 more
427 4687 733 4733 ventorum
758 4676 1122 4732 sustollendo
1145 4676 1259 4731 huc
1284 4675 1540 4746 illucque
1571 4676 1725 4730 varie
1747 4677 1896 4732 fcre-

230 4769 396 4839 bant,
437 4767 536 4822 sed
567 4767 760 4823 calore
792 4766 1037 4839 perdito,
1062 4767 1219 4838 ipsas
1250 4765 1308 4820 in
1364 4764 1524 4820 nullo
1557 4765 1896 4822 comburere

233 4857 539 4913 valebant.
574 4855 683 4910 Pili
717 4871 949 4928 quoque
982 4854 1195 4927 pedum
1229 4855 1357 4924 ejus
1386 4853 1540 4909 inter
1560 4854 1898 4910 ﬁammosos

235 4947 530 5001 carbones
563 4945 974 5012 mittebantur,
1007 4944 1104 4999 sed
1127 4960 1158 4998 ο
1182 4943 1330 4998 mira
1351 4943 1576 4999 Domini
1600 4943 1860 5016 potentia
1885 4943 1895 4998 Ι

237 5053 268 5090 o
301 5033 527 5090 Christi
560 5034 859 5089 laudanda
889 5033 1235 5090 clementia!
1299 5049 1498 5087 eorum
1535 5033 1679 5087 nulli
1726 5034 1900 5088 odore

237 5121 402 5195 ignis
431 5123 816 5178 tradebantur.
845 5124 1000 5177 Inter
1023 5122 1264 5192 capillos
1283 5139 1491 5194 nempe
1522 5122 1771 5178 flammae
1796 5123 1900 5177 cir-

238 5217 702 5284 cumsurgentes
734 5212 1054 5281 intrabant,
1091 5227 1304 5282 eosque
1331 5212 1523 5266 ﬂando
1548 5212 1818 5267 levabant
1846 5216 1902 5266 et

238 5301 604 5370 relevabant,
631 5302 732 5357 sed
753 5318 855 5356 nec
887 5300 1286 5355 summitatem
1320 5300 1570 5370 alicujus
1591 5317 1792 5356 eorum
1816 5299 1902 5356 vi-

241 5405 340 5444 res
365 5407 508 5446 suas
529 5389 1048 5460 oblitze,adurendo
1072 5389 1702 5460 retorquerevalebant.
1726 5391 1902 5445 Erant

244 5478 474 5552 quippe
505 5479 753 5535 flamma:
786 5496 853 5534 ex
884 5478 1224 5550 omniparte
1248 5478 1442 5548 ipsum
1463 5477 1896 5550 concludentes,

322 5567 479 5649 (103)
511 5569 570 5625 ld
603 5573 691 5627 est
721 5585 790 5626 ex
818 5567 982 5628 tenui
1013 5566 1134 5625 lino
1166 5567 1508 5626 confectam.

2005 4599 2132 4639 csse
2159 4583 2356 4649 vultis,
2391 4582 2440 4637 si
2471 4599 2603 4636 oves
2630 4599 2856 4652 pascua:
2879 4582 3007 4652 ejus
3030 4581 3191 4648 estis,
3218 4581 3264 4636 si
3291 4597 3381 4635 mc
3403 4579 3650 4651 clavige-

2008 4689 2135 4727 rum
2158 4672 2318 4745 regni
2337 4671 2584 4726 ccclestis
2604 4671 2861 4740 creditis,
2886 4670 2935 4725 si
2969 4686 3061 4724 me
3089 4668 3251 4723 vobis
3268 4673 3465 4741 portas
3486 4668 3650 4740 regni

2008 4761 2282 4816 caelorum
2315 4761 2537 4831 aperire
2557 4759 2793 4831 cupitis,
2824 4758 3175 4812 Simoniacis
3208 4757 3385 4812 nolite
3418 4757 3650 4822 sociari,

2009 4850 2188 4905 nolite
2213 4848 2510 4920 conjnngi,
2547 4847 2724 4902 nolite
2755 4846 3200 4903 communicari.

2082 4942 2202 4994 106.
2239 4940 2404 4996 Nunc
2437 4938 2650 5010 itaque,
2685 4937 2930 4993 Domine
2988 4942 3208 5005 sancte,
3269 4936 3406 5008 quia
3437 4935 3651 4992 ﬁducia

2011 5028 2465 5101 recuperationis
2496 5032 2706 5083 nostra:
2738 5028 3060 5083 secundum
3119 5026 3300 5081 Deum
3349 5026 3407 5080 in
3449 5031 3654 5081 sancta

2009 5121 2151 5173 Sede
2184 5120 2444 5173 Romana
2475 5121 2562 5172 est
2591 5118 2800 5188 posita,
2833 5133 2954 5183 vos,
3013 5115 3110 5186 qui
3173 5114 3282 5187 ipsi
3328 5114 3654 5185 praesidetis

2012 5224 2269 5275 oramus,
2304 5211 2367 5261 ut
2395 5207 2704 5277 rapacibus
2735 5205 2888 5276 lupis
2929 5223 2992 5260 ex
3026 5204 3264 5259 adverso
3297 5203 3652 5270 ascendatis,

2013 5304 2184 5367 atque
2206 5295 2612 5351 auctoritatem
2635 5288 3011 5351 sacerdotalis
3029 5292 3435 5364 culminis,pro
3449 5293 3656 5348 ovibus

2013 5387 2172 5441 vobis
2190 5385 2310 5439 vice
2329 5385 2480 5439 Petri
2512 5384 2770 5448 creditis,
2801 5383 3129 5454 opponatis.
3169 5382 3378 5438 lterum
3413 5383 3653 5437 iterum-

2011 5493 2124 5549 que
2145 5475 2340 5532 ccrnui
2365 5472 2819 5532 sollicitudinem
2842 5477 3092 5529 vestram
3116 5488 3353 5529 oramus
3377 5472 3562 5536 Pater.
3591 5476 3656 5529 ut
