4022 6160
368 272 485 333 803

1420 266 1485 325 S.
1529 261 1855 324 JOANNIS
1902 257 2344 321 GUALBERTI
2389 257 2721 319 ABBATIS

3648 249 3767 310 804

374 402 527 478 quod
554 400 810 458 Pastoris
840 402 949 469 est,
983 396 1151 453 nobis
1180 394 1480 451 dilaniatis
1510 394 1712 451 ovibus
1742 411 1814 449 ne
1836 394 2012 466 pigri-
2042 392 2097 458 Α
2127 391 2359 447 nionem
2392 392 2464 447 ab
2486 390 2684 459 aliqua
2714 388 3081 458 sumspserat
3116 398 3385 478 persona
3420 381 3681 478 mortali.
3714 386 3764 437 Α

371 492 575 549 temini
610 491 924 546 clementer
950 486 1309 558 impendere.
1349 485 1449 540 His
1471 485 1739 557 cognitis,
1767 488 2014 556 quanto-

372 583 499 639 cius
520 582 674 651 Papa
692 577 915 634 curavit
941 578 1011 632 de
1042 576 1201 631 omni
1233 574 1560 647 Episcopali
1590 573 1781 630 ol'ﬂcio
1813 574 2014 645 prazt'a-

367 674 496 726 tum
528 673 762 724 Petrum
793 668 1099 738 deponere.

1014 771 1232 827 CAPUT
1272 770 1363 826 IX.

367 864 525 920 Zelus
550 862 670 934 eius
692 878 792 934 pro
844 862 1131 934 Catholica
1168 859 1274 928 ﬁde
1318 874 1384 934 ac
1429 858 2010 934 fraternapharitate;

435 937 534 1007 pia
562 930 709 989 more
751 942 802 988 et
823 933 1134 1007 sepultura
1152 948 1173 995 ;
1202 933 1359 986 varia
1397 930 1738 984 monasteria
1761 938 1886 1000 post
1916 930 2013 984 ob—

439 1004 581 1061 itum
608 1007 723 1074 eius
748 1004 1035 1075 aediﬁcata.

438 1111 1153 1181 107.05tendimusitaque
1166 1125 1341 1181 quam
1358 1106 2017 1164 ferventissimamloan-

368 1218 472 1258 nes
503 1205 675 1256 Pater
703 1199 974 1256 habuerit
1006 1200 1201 1263 ﬁdem,
1234 1202 1289 1253 et
1312 1214 1489 1268 quam
1512 1195 1866 1252 indefessum
1883 1212 2015 1251 con-

364 1296 458 1347 tra
493 1289 884 1346 Simoniacam
908 1288 1176 1343 haeresim
1200 1286 1517 1359 sumpserit
1541 1284 2009 1357 pugnam,immo

362 1396 538 1451 quam
561 1379 919 1444 obedientes,
951 1382 1009 1432 et
1036 1377 1095 1431 in
1115 1376 1226 1431 fide
1245 1376 1527 1431 ferventes
1550 1373 2011 1430 educaveritdis-

364 1468 607 1541 cipulos.
643 1465 929 1538 Reliqua;
964 1482 1090 1537 qua
1122 1465 1180 1518 in
1215 1468 1509 1519 senectute
1540 1464 1741 1535 gessit,
1775 1466 1833 1518 et
1860 1479 2007 1534 qua-

352 1557 488 1613 liter
509 1557 579 1611 de
602 1553 811 1612 saeculo
831 1554 1119 1627 migravit,
1136 1570 1583 1625 prosequamur.
1605 1552 1820 1607 Vidcns
1838 1552 2002 1607 deni-

353 1662 467 1718 que
488 1644 863 1717 supradictus
880 1647 1083 1699 Comes
1100 1643 1351 1713 Budgar,
1382 1642 1481 1713 qui
1512 1639 1843 1697 Catholicus
1862 1640 2002 1695 exti-

346 1739 493 1790 terat
522 1735 773 1804 adjutor,
806 1732 985 1788 etiam
1016 1731 1075 1833 in
1111 1730 1388 1786 omnibus
1417 1731 1734 1833 defensor,‘
1771 1734 1996 1828 tantam
2043 1769 2087 1833 Β

348 1824 551 1889 ﬁdem,
585 1826 929 1891 tantamque
959 1819 1323 1892 religionem,
1355 1823 1475 1873 tam
1525 1819 1771 1873 Joannis
1813 1819 2001 1874 Patris

353 1929 531 1983 quam
550 1913 679 1982 ejus
704 1908 1499 1982 disoipulorum,deliberavit
1517 1925 1688 1964 suum
1708 1912 2000 1964 monaste-

355 2002 510 2055 rium
535 1997 848 2055 Ficiclense
870 1999 1020 2070 (104)
1038 1999 1146 2053 sub
1162 1999 1289 2068 ejus
1308 1998 1670 2053 committere
1690 1997 1999 2068 regimine;

359 2090 514 2161 quod
548 2088 749 2144 nimiis
779 2093 836 2143 et
864 2087 1114 2143 obnixiis
1148 2088 1417 2160 precibus
1456 2087 1691 2153 tandem
1729 2086 1999 2141 obtinuit.

352 2178 465 2234 Ubi
497 2195 675 2235 senex
705 2178 872 2233 Pater
903 2178 962 2232 in
996 2176 1279 2249 regimine
1312 2176 1555 2231 Abbatis
1588 2175 1754 2230 illum
1786 2176 2003 2231 censti-

352 2268 464 2323 tuit
493 2268 754 2323 Fratrem
786 2267 884 2338 qui
946 2267 1225 2322 obediens
1282 2266 1596 2321 transierat
1653 2281 1755 2337 per
1785 2263 2000 2335 ignem.

422 2358 549 2412 108.
583 2358 844 2421 Quodam
880 2356 973 2411 die
1002 2372 1135 2411 cum
1169 2356 1321 2426 apud
1355 2355 1663 2427 prmfatum
1711 2359 2002 2409 monaste-

360 2448 536 2517 rium,
569 2448 723 2516 quod
757 2450 846 2500 est
878 2444 937 2499 in
968 2446 1245 2515 Septimo,
1276 2450 1448 2514 esset,
1482 2449 1535 2499 et
1564 2448 1689 2499 octo
1712 2459 1779 2497 ex
1803 2460 2001 2497 mona-

356 2535 483 2589 chis
514 2550 649 2587 cum
682 2549 798 2587 uno
829 2537 1059 2587 tantum
1091 2531 1321 2586 sarculo
1356 2533 1508 2586 foras
1538 2533 1622 2586 ire
1644 2532 1882 2599 videret,
1911 2531 2002 2584 in-

355 2622 672 2694 terrogavit
702 2638 814 2693 quo
845 2622 1167 2687 tenderent,
1204 2625 1259 2675 et
1287 2638 1391 2676 cur
1412 2620 1646 2676 nonnisi
1668 2637 1853 2675 unum
1876 2637 1998 2675 sar-

357 2710 554 2767 culum
587 2710 897 2765 deferrent.
932 2708 1019 2764 llli
1049 2724 1181 2764 vero
1214 2726 1366 2776 mox,
1402 2726 1516 2780 quo
1548 2709 1734 2776 ibant,
1775 2714 1831 2764 et
1857 2708 1996 2779 quid

355 2799 544 2855 facere
570 2797 1050 2863 deliberaverant,
1078 2802 1395 2870 exponunt,
1430 2815 1607 2869 seque
1638 2799 1707 2853 ad
1732 2799 1809 2864 id,
1843 2798 1996 2869 quod

353 2888 788 2960 disposuerant,
822 2886 1263 2959 perﬁciendum,
1298 2904 1412 2943 non
1446 2887 1557 2942 nisi
1592 2904 1707 2942 uno
1738 2887 1997 2960 indigere

352 2977 584 3032 sarculo
620 2977 889 3032 aﬂ‘erunt.
924 2976 1013 3031 Ad
1044 2976 1163 3030 haec
1219 2975 1351 3031 ille:
1386 2976 1501 3031 Nec
1531 2975 1749 3047 ipsum,
1786 2976 1995 3047 inquit,

354 3082 539 3120 unum
573 3064 871 3120 sarculum
905 3064 1205 3119 vobiscum
1238 3064 1546 3132 reducetis,
1581 3064 1702 3133 sed,
1738 3064 1855 3120 illic
1886 3082 2002 3137 quo

2126 481 2341 553 quibus
2375 498 2433 535 se
2462 480 2881 551 profitebantur
2901 492 3029 532 esse
3052 474 3263 530 missos
3281 474 3351 528 ad
3378 473 3651 543 pietatem
3679 488 3768 528 se-

2129 570 2220 626 nis
2237 570 2443 636 Patris,
2464 574 2527 624 ut
2542 586 2644 640 pro
2662 568 2967 631 charitato,
2991 581 3107 636 qua
3131 563 3318 619 isdem
3338 563 3397 616 in
3420 563 3646 617 caeteris
3666 562 3767 617 ﬂa-

2125 661 2352 731 grabat,
2372 659 2682 714 animabus
2704 673 2901 712 eorum
2927 653 3206 710 auxilium
3231 669 3333 724 pro
3356 651 3768 723 posscimpen-

2126 750 2302 804 deret.
2328 748 2550 812 Quibus
2584 745 2982 802 misericordia
3011 749 3206 798 motus
3238 743 3350 797 ait:
3380 742 3447 796 Et
3479 742 3633 813 quod
3664 758 3767 796 vo-

2124 839 2215 893 bis
2246 838 2556 893 consilium
2590 852 2831 909 possum
2888 832 3262 905 impendere?
3313 835 3388 886 At
3418 831 3539 886 illi:
3574 832 3765 898 Pater,

2123 928 2415 998 inquiunt,
2450 931 2668 991 sancte,
2698 925 2745 981 si
2775 927 2861 979 tot
2892 921 3121 977 miseris
3163 921 3251 976 vis
3309 920 3639 991 subvenire,
3672 921 3765 975 fac

2122 1016 2385 1084 clericos,
2421 1017 2521 1087 qui
2571 1033 2639 1071 ex
2670 1018 2866 1070 nostra
2889 1018 3040 1067 terra
3069 1028 3169 1082 pro
3202 1011 3435 1067 vitando
3468 1009 3768 1065 hmretico-

2122 1123 2249 1161 rum
2275 1105 2561 1162 consortio
2585 1106 2656 1160 ad
2671 1109 2725 1159 te
2747 1103 3155 1173 confugerunt,
3170 1099 3452 1155 catholica
3472 1099 3769 1167 ordinari;

2120 1196 2252 1251 illos
2282 1194 2420 1251 illuc
2453 1194 2701 1260 remitte,
2733 1197 2791 1248 et
2820 1190 3482 1259 Christianitatem,jam
3506 1204 3651 1260 pene
3674 1189 3774 1244 de-

2118 1284 2318 1355 letam,
2352 1288 2625 1356 poterunt
2652 1299 2948 1339 renovare.

2192 1376 2311 1429 110.
2342 1374 2487 1438 Quid
2522 1372 2711 1428 multa
2733 1373 2761 1425 ?
2782 1371 2904 1426 Non
2930 1369 3119 1426 solum
3138 1367 3288 1439 illos,
3312 1367 3412 1440 qui
3446 1367 3505 1422 in
3537 1367 3777 1423 civitate

2117 1465 2515 1532 morabantur,
2548 1463 2730 1517 nimia
2759 1466 3085 1517 cammotus
3117 1458 3323 1530 pietate
3381 1456 3552 1513 solito
3583 1474 3775 1525 more,

2114 1555 2217 1610 sed
2247 1554 2424 1609 etiam
2455 1569 2601 1623 quos
2626 1552 2749 1621 jam
2779 1550 2835 1604 in
2896 1548 3172 1604 interiore
3228 1546 3373 1603 cella
3403 1545 3773 1603 Novitiorum

2114 1642 2390 1706 habebat,
2422 1646 2478 1697 et
2507 1642 2605 1714 qui
2639 1657 2741 1711 pro
2769 1638 3105 1711 accipienda
3131 1641 3289 1692 veste
3321 1638 3647 1692 monastica
3666 1652 3772 1691 νεα

2113 1735 2337 1799 nerant,
2372 1731 2508 1785 inde
2539 1729 2844 1796 abstraxit,
2878 1731 2935 1784 et
2964 1745 2997 1783 a
3030 1726 3278 1783 Rudolfo
3302 1725 3623 1782 Tudertino
3640 1726 3775 1798 epi-

2112 1837 2286 1892 scopo
2319 1820 2467 1891 (105)
2497 1819 2618 1875 viro
2651 1817 3026 1874 sanctissimo
3075 1821 3132 1871 et
3178 1814 3464 1871 catholico
3503 1816 3777 1871 ordinari

2112 1910 2401 1981 gradatim
2425 1909 2577 1978 fecit,
2598 1924 2811 1978 eosque
2833 1906 3163 1963 Mediolano
3194 1904 3422 1961 direxit.
3457 1904 3624 1959 Hunc
3645 1905 3777 1976 epi-

2112 2016 2352 2071 scopum
2370 2016 2517 2070 papa
2532 1998 2601 2053 ad
2620 1998 2936 2069 tegendum
2950 1994 3776 2067 episcopatumFlorentinum

2112 2088 2399 2143 direxerat
2460 2092 2589 2159 post
2635 2086 3063 2159 depositionem
3120 2083 3437 2141 Simoniaci
3497 2084 3679 2151 Petri,
3720 2088 3777 2139 et

2113 2176 2389 2249 quoniam
2424 2178 2616 2247 majus
2651 2175 2741 2231 his
2774 2175 2924 2241 fecit,
2961 2175 3152 2245 majus
3184 2173 3372 2229 dicam
3400 2172 3633 2245 ;ipsum
3657 2172 3782 2228 sci-

2113 2267 2249 2323 licet
2280 2267 2620 2339 episcopum
2652 2270 2853 2336 postea
2883 2282 3017 2319 cum
3049 2263 3189 2318 viris
3246 2263 3491 2319 eruditis
3523 2264 3779 2334 praefato

2114 2356 2439 2412 Mediolano
2463 2355 2645 2425 misit,
2674 2355 2889 2409 utviris
2910 2352 3210 2409 catholicis
3234 2352 3289 2407 id
3309 2352 3658 2408 omnimodo
3671 2370 3778 2425 op-

2113 2445 2377 2500 tantibus
2410 2449 2466 2499 et
2486 2444 2840 2516 petentibus,
2866 2443 3054 2498 ofﬁcio
3072 2441 3403 2497 subveniret
3420 2441 3775 2513 episcopali,

2114 2534 2213 2605 qui
2246 2534 2505 2589 fidelium
2540 2532 2940 2588 consolaretur
2996 2532 3172 2586 corda
3210 2530 3491 2587 catholico
3526 2534 3774 2602 pastore

2114 2623 2214 2676 diu
2246 2623 2545 2677 destituta.
2579 2621 2638 2676 Si
2694 2622 2849 2676 enim
2877 2621 3110 2675 voluero
3170 2623 3380 2675 cuncta
3418 2620 3611 2675 sancti
3648 2618 3775 2675 Viri

2115 2727 2352 2767 narrare
2383 2712 2556 2780 bona,
2591 2711 2753 2782 prius
2784 2710 3055 2765 deficient
3084 2709 3207 2765 dies
3264 2714 3320 2764 et
3368 2709 3547 2780 horae,
3579 2708 3776 2764 immo

2111 2805 2398 2872 tempora,
2430 2816 2605 2871 quam
2639 2799 2903 2855 dicenda.

2186 2891 2307 2945 111.
2342 2890 2479 2944 Post
2507 2889 2625 2943 haec
2656 2889 2835 2959 igitur
2862 2887 3020 2943 venit
3050 2887 3175 2943 dies
3208 2888 3279 2943 ab
3309 2904 3375 2943 eo
3408 2886 3504 2942 diu
3539 2887 3778 2944 deside-

2114 2977 2526 3047 ratus,scilicet
2556 2981 2619 3032 ut
2643 2976 3057 3032 dissolveretur
3078 2981 3134 3031 et
3163 2981 3317 3031 esset
3345 2992 3479 3031 cum
3509 2975 3776 3045 Christo,

2113 3068 2269 3138 quod
2302 3066 2675 3137 concupierat
2704 3066 3061 3121 omnimodo.
3095 3065 3535 3137 Ingravescente
3567 3065 3779 3138 itaque

353 3154 617 3226 pergitis,
652 3152 1013 3224 relinquetis.
1047 3153 1210 3219 Quod
1243 3158 1307 3207 ut
1357 3153 1504 3208 dixit
1560 3159 1861 3225 cmperunt
1891 3155 2003 3227 ipsi
2035 3141 2077 3207 C
2118 3156 2479 3223 infirmitate,
2514 3156 2666 3227 quod
2700 3155 2825 3209 vita:
2856 3155 3144 3209 terminus
3177 3153 3623 3226 propinquaret,
3655 3155 3778 3209 evi-

352 3241 519 3297 valde
550 3240 771 3309 mirari,
804 3247 862 3297 et
890 3242 1082 3299 dicere
1109 3285 1121 3297 .
1156 3246 1363 3313 Magna
1387 3258 1495 3297 nos
1547 3241 1903 3314 negligentia
1946 3249 2002 3300 et

352 3330 571 3386 oblivio
603 3330 911 3401 deprimet,
946 3330 1014 3397 si,
1045 3347 1180 3385 cum
1212 3335 1340 3385 octo
1371 3331 1580 3399 simus,
1612 3330 1771 3386 istud
1803 3350 2001 3388 sarcu-

349 3420 474 3474 lum
506 3437 622 3475 non
653 3420 1079 3475 reduxerimus.
1128 3420 1549 3491 Adhortatique
1607 3426 1745 3475 sunt
1777 3422 2002 3493 seipsos

348 3514 414 3564 ut
447 3526 547 3581 pro
582 3509 814 3564 sarculo
847 3509 1204 3564 unanimiter
1233 3509 1467 3565 solliciti
1498 3510 1834 3579 existerent,
1868 3516 1933 3565 ut
1952 3512 2000 3566 si

354 3602 599 3653 sanctus
622 3598 878 3653 Joannes
898 3598 1040 3653 illud
1070 3598 1311 3653 verbum
1341 3598 1622 3653 veraciter
1644 3599 2001 3670 protulisset,

354 3690 785 3759 cognoscerent.
821 3687 1085 3758 Cumque
1115 3687 1187 3741 ad
1214 3686 1428 3757 locum,
1463 3704 1576 3757 quo
1608 3688 1999 3756 decreverant,

355 3780 764 3847 pervenerunt,
793 3781 849 3831 et
881 3776 1019 3847 quid
1052 3776 1463 3847 disposuerant
1494 3777 1877 3847 perfecerunt,
1913 3794 2000 3832 re-

354 3864 506 3920 versi
540 3865 720 3936 (sunt)
754 3865 824 3919 ad
860 3864 1425 3929 monasterium,ubi
1448 3880 1511 3918 se
1534 3871 1833 3935 cmperunt
1856 3866 2004 3937 aspir

355 3968 483 4008 cere
511 3953 792 4019 vicissim,
826 3957 883 4008 et
911 3953 1069 4024 quis,
1100 3970 1300 4009 eorum
1333 3953 1629 4008 sarculum
1655 3954 2001 4023 reduxisset,

351 4041 667 4111 inquirere.
701 4041 809 4095 Sed
844 4058 978 4097 cum
1013 4041 1210 4096 nullus
1237 4041 1468 4096 illorum
1501 4042 1772 4098 inventus
1795 4048 1883 4097 est
1913 4044 1999 4115 ip-

353 4145 487 4183 sum
518 4133 847 4200 reportasse
903 4129 1224 4195 sarculum,
1284 4136 1679 4201 cognoverunt
1720 4131 1999 4187 nimirum

352 4220 628 4271 sanctum
659 4221 943 4273 Joannem
978 4218 1292 4290 prophetiae
1324 4219 1537 4275 habere
1569 4220 1863 4292 spiritum.

431 4305 552 4359 109.
587 4304 877 4361 Dilexerat
933 4306 1089 4362 enim
1142 4324 1169 4361 θ
1205 4308 1490 4380 principio
1523 4308 1706 4365 bonos
1736 4310 1997 4377 clericos,

354 4394 851 4466 quemadmodum
890 4396 1231 4452 monachos.
1267 4397 1334 4451 Et
1366 4398 1488 4470 ipse
1522 4399 1591 4453 ab
1609 4399 1692 4454 eis
1715 4399 1999 4471 diligeba-

2114 3247 2319 3301 denter
2338 3245 2735 3317 coepitdicere.
2760 3244 2939 3300 Missa
2960 3244 3141 3316 igitur
3161 3243 3471 3315 legatione,
3496 3243 3569 3298 ad
3594 3260 3665 3299 se
3689 3245 3775 3298 di-

2115 3334 2373 3406 scipulos
2402 3351 2547 3405 quos
2580 3334 2883 3388 Fratribus
2911 3336 3325 3404 praeposuerat,
3362 3332 3496 3387 t'ecit
3544 3333 3775 3388 venire.

2113 3424 2266 3487 Quos
2320 3423 2474 3479 visos
2521 3427 2577 3478 et
2622 3423 2979 3489 benedictos,
3008 3421 3105 3477 illo
3138 3422 3380 3494 cogebat
3411 3438 3680 3476 remeare
3705 3421 3777 3477 ad

2117 3512 2418 3567 commissi
2470 3512 2796 3567 custodiam
2830 3512 3043 3583 gregis.
3078 3511 3184 3574 Qui
3215 3510 3350 3565 licet
3370 3515 3700 3567 maerentes
3717 3516 3774 3566 et

2113 3602 2360 3656 nimium
2386 3601 2608 3665 ﬂentes,
2632 3599 3083 3671 Patrisjussioni
3106 3599 3500 3655 contradicere
3522 3616 3642 3654 non
3668 3618 3777 3655 au-

2112 3691 2337 3758 dentes,
2370 3690 2825 3745 revertebantur.
2862 3689 3293 3744 Remanscrunt
3343 3706 3475 3743 cum
3530 3705 3599 3743 eo
3633 3693 3777 3744 tan-

2111 3780 2415 3835 tummodo
2434 3780 2688 3834 domnus
2712 3778 3004 3842 Rusticus,
3038 3783 3095 3833 et
3113 3779 3325 3833 domus
3353 3780 3535 3833 Laetus
3559 3777 3774 3845 abbas,

2110 3873 2275 3947 pater
2294 3868 2539 3923 coenobii
2565 3867 3115 3932 Passinianensis,in
3143 3884 3257 3939 quo
3272 3858 3779 3923 decum'bebatPa-

2112 3961 2219 4012 ter.
2252 3958 2319 4011 Hi
2351 3957 2409 4011 in
2432 3957 2657 4023 eadem,
2682 3974 2796 4028 qua
2817 3957 2958 4012 obiit
2980 3957 3367 4028 hebdomade,
3401 3957 3471 4011 ad
3503 3973 3647 4011 eum
3685 3973 3777 4013 ac-

2110 4047 2378 4101 cedentes
2399 4045 2608 4099 humili
2638 4046 3101 4118 depoposcerunt
3122 4045 3659 4118 prece,utaliquam
3679 4064 3778 4101 ex-

2110 4132 2501 4190 hortationem
2516 4134 2815 4189 Fratribus
2828 4134 3264 4205 relinqueretde
3280 4134 3503 4189 unitate
3516 4134 3781 4189 Charita-

2107 4224 2203 4291 tis,
2238 4227 2294 4278 et
2324 4223 2394 4277 de
2424 4223 2735 4278 concordia
2764 4223 2947 4295 pacis.
2970 4224 3132 4279 Tunc
3156 4222 3310 4280 dicta
3339 4224 3462 4279 haec
3480 4222 3699 4279 dictari
3719 4228 3775 4279 et

2110 4312 2287 4369 scribi
2310 4312 2493 4383 jussit
2520 4331 2532 4368 :

2182 4404 2304 4457 112.
2336 4402 2591 4458 Joannes
2621 4402 2817 4457 Abbas
2850 4402 3125 4458 omnibus
3157 4402 3459 4457 Fratribus
3506 4401 3565 4457 in
3599 4417 3773 4457 amo-

352 4487 471 4551 tur,
498 4499 603 4539 ceu
636 4489 789 4540 esset
810 4502 1010 4541 eorum
1042 4490 1241 4557 pater:
1270 4503 1406 4541 nam
1440 4487 1777 4543 omnimodo
1802 4490 1999 4545 stude-
2029 4512 2076 4576 D
2110 4508 2231 4548 rem
2266 4490 2650 4547 fraternitatis
2678 4508 2874 4545 secum
2898 4492 3125 4562 junctis
3157 4490 3403 4546 salutem
3437 4494 3492 4545 et
3520 4489 3777 4545 benedi:

353 4572 453 4628 bat
484 4589 617 4628 cum
647 4575 816 4630 bonis
834 4574 1059 4630 clericis
1081 4575 1391 4631 canonicas
1414 4577 1682 4631 ordinare
1703 4576 1996 4647 ecclesias,

354 4661 507 4717 sicut
537 4679 672 4717 cum
706 4664 1011 4719 monachis
1044 4664 1415 4720 monasteria.
1447 4665 1532 4719 Ad
1565 4666 1718 4736 quod
1751 4667 2000 4737 proban-

357 4750 522 4818 dum,
554 4769 738 4806 unum
773 4753 978 4807 saltem
1009 4754 1080 4807 de
1136 4754 1339 4808 multis
1397 4770 1607 4825 ponam
1648 4756 2001 4826 exemplum.

356 4839 655 4896 Venerunt
685 4840 875 4896 clerici
908 4842 1177 4897 catholici
1211 4859 1312 4914 per
1343 4842 1495 4898 idem
1521 4836 1775 4915 tempus,
1800 4850 1855 4900 et
1877 4846 2010 4901 ﬁde-

358 4928 441 4983 les
460 4928 589 4983 laici
610 4930 679 4983 de
703 4930 936 4985 civitate
967 4931 1383 4986 Mediolanensi
1416 4934 1484 4987 ad
1527 4950 1724 4989 senem
1756 4934 2006 5001 Patrem,

356 5014 515 5073 illius
552 5021 716 5073 terra}
749 5020 1062 5075 referentes
1086 5020 1421 5089 miseriam;
1456 5021 1676 5077 scilicet
1720 5024 1874 5093 quod
1908 5041 2011 5095 per

358 5106 581 5163 multos
600 5112 751 5163 retro
773 5125 955 5164 annos
978 5108 1425 5163 innumerabilis
1449 5110 1764 5166 multitudo
1789 5117 1906 5168 tam
1930 5113 2009 5167 vi-

353 5211 554 5251 rorum
584 5213 761 5268 quam
792 5197 1103 5254 mulierum
1158 5196 1317 5271 illius
1360 5196 1628 5267 civitatis,
1663 5218 1765 5272 pro
1797 5203 2006 5257 timore

360 5283 704 5339 Simoniacaa
728 5286 986 5355 haeresis,
1016 5303 1119 5341 nec
1138 5286 1566 5353 Poenitentiam,
1598 5306 1702 5343 nec
1733 5294 2004 5345 Commu-

428 5406 657 5482 (104)](1
685 5412 1013 5467 secundum
1030 5410 1635 5482 monasterium,quod
1650 5416 1857 5471 Comes
1874 5416 2002 5473 bul-

357 5492 469 5551 gar
491 5480 779 5551 δειραηηὶ
803 5483 1088 5539 Gualberto
1120 5482 1380 5539 tradidit.

424 5546 575 5631 (105)
607 5549 688 5607 De
718 5550 826 5611 hoc
854 5554 1173 5613 Tudertino
1204 5554 1475 5630 episcopo
1528 5554 1658 5612 vide
1691 5556 1998 5635 Ughellum

2109 4580 2479 4636 ctionem.Me
2504 4580 2613 4637 sub
2629 4580 2787 4653 gravi
2803 4580 3142 4636 inﬁrmitate
3164 4579 3775 4635 diulaborante.Deus

2116 4675 2180 4725 ut
2211 4671 2468 4724 animam
2492 4670 2753 4740 recipiat,
2778 4668 3036 4741 corporis
3061 4669 3174 4724 mei
3199 4674 3354 4724 terra
3376 4672 3675 4740 quatenus
3700 4668 3775 4723 ad

2118 4759 2411 4829 pulverem
2445 4762 2785 4824 revertatur,
2822 4760 2974 4813 unde
3007 4758 3308 4813 materiam
3334 4758 3773 4829 sumpsit,quo-

2118 4846 2257 4902 tidie
2287 4852 2545 4918 expecto.
2581 4848 2647 4901 Et
2675 4846 2785 4902 hoc
2845 4848 3059 4902 mirum
3121 4864 3236 4901 non
3294 4850 3402 4915 est,
3438 4845 3574 4917 quia
3626 4852 3777 4900 mtas

2118 4937 2291 4990 etiam
2327 4936 2548 5007 absque
2568 4940 2740 4990 tantm
2764 4936 3121 4992 infirmitatis
3145 4936 3523 5007 Oppressione
3545 4935 3655 4989 hoc
3681 4950 3779 4990 me

2119 5026 2395 5079 admonet
2420 5024 2679 5095 quotidie
2703 5030 3056 5097 exspectare.
3084 5026 3147 5079 Et
3167 5025 3302 5078 hinc
3325 5024 3575 5079 transire
3598 5023 3778 5095 quasi

2118 5115 2227 5167 sub
2262 5113 2493 5167 silentio
2516 5114 2901 5183 zestimabam,
2925 5115 3022 5170 sed
3052 5114 3243 5169 locum
3271 5118 3326 5169 et
3351 5130 3587 5177 nomen,
3611 5112 3778 5183 quod

2117 5202 2175 5256 in
2200 5202 2307 5257 hac
2333 5206 2485 5256 terra
2512 5203 2895 5275 corruptibili,
2922 5204 3334 5276 quamvis,non
3359 5203 3512 5257 sicut
3550 5202 3772 5256 decuit.

2118 5291 2275 5346 tenui
2312 5308 2602 5362 pensans;
2639 5293 2781 5348 utile
2798 5294 2957 5361 duxi,
2988 5293 3152 5348 vobis
3181 5292 3401 5363 sliquid
3433 5292 3503 5346 de
3535 5290 3772 5346 vinculo

2114 5420 2255 5471 tom.
2279 5416 2357 5469 ΙΙΙ
2382 5416 2557 5489 Italiae
2582 5434 2759 5471 SélCI‘tB
2779 5418 2887 5489 col,
2924 5420 3061 5487 100;
3097 5423 3237 5474 tom.
3274 5418 3343 5489 ll,
3377 5416 3488 5474 col.
3517 5416 3674 5485 1881,
3716 5419 3776 5472 et

2113 5492 2254 5544 tom.
2288 5491 2357 5560 V,
2391 5486 2498 5543 col.
2538 5490 2692 5543 1544.
