4022 6160
230 262 342 326 805

3511 303 3633 368 806

232 395 528 452 charitatis
547 396 739 469 loqui;
763 397 820 454 in
842 399 954 457 hoc
971 418 1086 458 non
1109 421 1144 458 a
1165 404 1476 474 nobis,neo
1494 407 1736 477 noviter,
1751 410 1875 480 sed,
1905 414 1959 479 Α
1990 412 2171 469 abbas
2217 416 2288 469 de
2333 415 2694 488 Passiniano,
2728 420 2846 478 Deo
2884 425 3193 499 revelante,
3231 429 3395 486 dixit.
3429 433 3630 492 Nescis

205 513 218 531 ι
234 503 351 558 qua:
369 486 634 557 quotidie
652 488 892 560 auditis,
913 494 1366 550 transcurrendo
1387 495 1668 568 replicare
1693 499 1877 554 brevi-

229 579 328 631 ter.
363 579 525 631 Certe
555 575 676 632 haec
707 582 798 633 est
844 578 946 634 illa
983 581 1189 650 virtus,
1223 600 1352 655 quae
1383 586 1646 642 omnium
1679 605 1874 644 rerum

227 667 556 722 Creatorem
587 665 738 721 effici
771 669 1052 740 compulit
1081 676 1430 730 creaturam.
1464 675 1594 731 stc
1635 681 1724 732 est
1752 676 1875 745 illa,

224 771 404 826 quam
437 754 564 827 ipse
613 755 674 812 in
725 756 846 812 vice
890 775 1132 816 suorum
1163 763 1428 820 omnium
1462 767 1874 822 mandatorum

225 843 512 916 apostolis
565 847 986 905 commendans
1034 850 1161 907 ait:
1213 852 1331 909 Hoc
1377 857 1466 910 est
1519 861 1875 928 praeceptum

223 949 449 1002 meum,
480 937 545 989 ut
573 934 829 1007 diligatis
856 936 1124 994 invicem.

289 1050 377 1104 De
407 1050 521 1106 ista
546 1051 801 1108 Jacobus
832 1055 1132 1124 apostolus
1160 1055 1423 1130 loquitur
1463 1060 1664 1116 dicens
1700 1080 1713 1117 :
1765 1062 1874 1126 Qui

217 1141 408 1194 totam
440 1139 626 1211 legem
657 1141 1069 1212 observaverit,
1101 1145 1356 1202 offendat
1385 1152 1578 1205 autem
1623 1149 1683 1205 in
1734 1167 1872 1220 uno,

221 1226 414 1284 factus
465 1233 556 1284 est
602 1230 870 1285 omnium
920 1248 1076 1288 reus.
1110 1233 1228 1289 Ista
1276 1242 1383 1305 est,
1418 1238 1488 1292 de
1520 1255 1638 1309 qua
1667 1239 1876 1296 beatus

216 1316 443 1372 Paulus
471 1318 772 1390 apostolus
803 1318 980 1376 dicit:
1014 1321 1281 1380 Charitas
1312 1327 1572 1398 cooperit
1604 1327 1874 1384 multitu-

218 1404 424 1462 dinem
457 1411 849 1479 peccatorum.

286 1515 316 1567 1
331 1514 419 1570 13.
452 1513 598 1569 Hinc
617 1530 750 1569 vero
773 1515 1043 1588 colligere
1065 1534 1405 1588 possumus,
1425 1525 1674 1578 tenendo
1693 1524 1878 1579 chari-

216 1605 427 1670 tatem,
459 1602 657 1659 omnia
684 1609 922 1676 peccata
953 1607 1164 1678 operiri
1195 1625 1404 1679 posse;
1454 1615 1691 1668 caeteras
1741 1629 1874 1670 vero

211 1692 470 1747 virtutes
481 1691 913 1749 aestimantibus
932 1710 992 1750 se
1006 1695 1286 1766 obtinere,
1303 1698 1427 1754 sine
1439 1699 1546 1755 hac
1561 1700 1641 1755 nil
1659 1701 1871 1759 valere.

212 1781 324 1836 Sed
365 1781 490 1836 haec
521 1781 764 1837 audiens
796 1783 1048 1855 quisque
1079 1787 1372 1858 superbus
1409 1792 1467 1843 et
1513 1789 1876 1860 inobediens,
1910 1785 1956 1850 B

212 1870 371 1925 hanc
394 1870 458 1924 in
479 1870 720 1926 veritate
741 1872 958 1944 cogitat
979 1873 1213 1942 habere,
1239 1876 1289 1930 si
1316 1893 1378 1932 se
1408 1878 1787 1950 corporaliter
1817 1881 1874 1936 in

211 1959 640 2015 communione
669 1961 924 2016 fraterna
956 1962 1164 2018 viderit
1195 1965 1530 2036 perdurare.
1568 1975 1608 2021 A
1643 1986 1779 2040 qua,
1814 1973 1879 2026 ut

211 2047 289 2103 ita
307 2047 820 2120 dicam,opinione
840 2049 1004 2116 falsa,
1024 2067 1509 2126 unumquemque
1528 2056 1731 2112 beatus
1746 2058 1877 2114 Gre-

213 2137 448 2208 gorius,
471 2153 605 2192 vere
625 2136 930 2194 charitatis
953 2140 1128 2196 linem
1150 2141 1484 2210 indicando,
1513 2144 1768 2201 excludit
1789 2148 1874 2202 di-

212 2242 354 2282 cens
384 2242 399 2282 :
434 2226 538 2282 Ille
562 2227 815 2299 perfecte
838 2227 1025 2284 Deum
1048 2229 1259 2302 diligit,
1285 2233 1382 2302 qui
1407 2233 1518 2288 sibi
1541 2235 1611 2289 de
1644 2252 1705 2290 se
1733 2236 1876 2291 nihil

213 2315 525 2388 relinquit.
551 2316 698 2381 Quid
721 2333 854 2371 vero
877 2317 947 2372 de
969 2317 1252 2374 charitate
1275 2321 1654 2392 singulariter
1671 2323 1879 2397 loquar

210 2403 450 2477 ignoro,
485 2405 765 2476 quoniam
799 2406 1000 2462 omnia
1030 2408 1307 2463 mandata
1339 2409 1410 2463 ab
1443 2409 1549 2465 hac
1588 2411 1878 2483 pullulare

213 2495 417 2550 radice
445 2493 750 2558 scio.Quia
770 2494 818 2550 si
843 2494 1012 2550 multi
1035 2501 1175 2550 sunt
1196 2497 1343 2552 rami
1367 2498 1502 2554 boni
1526 2501 1736 2573 operis,
1764 2521 1879 2558 una

212 2588 297 2639 est
325 2588 542 2639 tamen
573 2583 738 2638 radix
768 2583 1086 2640 charitatis.
1127 2590 1190 2638 In
1223 2587 1393 2657 cujus
1426 2587 1614 2645 calore
1646 2592 1877 2663 reprobi

206 2689 365 2744 nequ
376 2687 595 2743 aquam
611 2677 861 2743 possunt
875 2672 974 2728 diu
990 2675 1878 2747 perdurare,DominoSalvatore

208 2759 448 2817 dicente
475 2777 490 2816 :
521 2759 876 2832 Refrigescet
895 2761 1149 2818 charitas
1175 2763 1517 2821 multorum.
1547 2769 1699 2833 Quos
1724 2769 1879 2843 frigi-

216 2851 319 2906 dos
357 2855 423 2905 et
455 2850 530 2905 ab
561 2850 784 2906 unitate
808 2850 1024 2906 divisos
1047 2851 1348 2924 apostolus
1366 2854 1624 2913 Joannes
1655 2858 1881 2933 plangit

215 2939 450 3005 dicens,
478 2945 536 2994 et
566 2939 783 3012 gemit:
815 2939 898 2994 Ex
926 2941 1095 2996 nobis
1127 2941 1411 3008 exierunt,
1436 2945 1536 3000 sed
1568 2962 1683 3002 non
1716 2953 1882 3004 erant

215 3045 281 3084 ex
310 3027 537 3084 nobis:
572 3044 707 3083 nam
739 3027 788 3083 si
822 3028 1072 3085 fuissent
1099 3046 1168 3085 ex
1198 3031 1387 3099 nobis,
1421 3037 1882 3104 permansissent

216 3117 432 3190 utique
465 3116 796 3173 nobiscum.

286 3225 425 3280 114.
458 3224 530 3278 Et
561 3223 610 3279 si
643 3223 726 3279 ita
750 3227 857 3292 est,
883 3225 1065 3281 immo
1097 3225 1236 3298 quia
1264 3227 1344 3283 ita
1375 3233 1482 3295 est,
1506 3229 1675 3286 debet
1704 3249 1882 3288 unus-

215 3314 484 3386 quisque
503 3312 690 3368 ﬁdelis
708 3329 939 3386 semper
955 3331 1224 3386 pensare,
1240 3316 1492 3388 qualiter
1507 3336 1568 3374 se
1587 3323 1704 3375 tam
1723 3339 1882 3376 sum-

217 3420 312 3459 mo
341 3404 514 3458 bono
555 3401 742 3475 possit
771 3401 1066 3475 copulare,
1099 3421 1439 3478 secumque,
1474 3424 1621 3479 quos
1670 3409 1884 3468 habeat

214 3493 271 3547 in
303 3492 411 3548 via
443 3491 547 3546 Dei
578 3491 788 3560 socios,
823 3492 990 3547 anxie
1031 3509 1307 3564 quaerere.
1342 3496 1412 3549 Et
1453 3497 1605 3552 sicut
1650 3501 1879 3571 reprobi

210 3579 366 3636 hanc
408 3579 814 3652 relinquendo,
848 3597 880 3634 a
909 3580 1127 3637 Christi
1158 3598 1397 3654 corpore
1429 3585 1878 3661 abscinduntur,

213 3669 295 3724 sic
325 3668 512 3726 electi
542 3685 672 3724 eam
705 3669 765 3722 in
794 3668 1046 3746 veritate
1067 3669 1493 3742 amplectando,
1532 3674 1718 3731 eidem
1751 3695 1881 3733 cor-

214 3758 340 3831 pori
377 3756 605 3812 Christi
638 3757 1079 3813 confirmantur.
1111 3760 1199 3813 Ad
1233 3759 1382 3815 hanc
1412 3778 1544 3818 vero
1577 3764 1880 3822 inviolabi-

207 3845 346 3903 liter
373 3845 834 3912 custodiendam
864 3845 1033 3902 valde
1064 3847 1225 3903 utilis
1256 3853 1344 3904 est
1375 3849 1629 3906 fraterna
1661 3853 1877 3923 unitas,

211 3953 341 4008 quae
399 3951 467 3990 se
508 3934 855 4007 constringit
885 3937 995 3990 sub
1028 3937 1204 3992 unius
1235 3953 1496 4008 personae
1528 3954 1689 3997 cura.
1724 3945 1881 4008 Quo-

213 4025 375 4080 niam
419 4023 573 4079 sicut
594 4022 812 4079 ﬂumen
848 4041 881 4079 a
911 4041 1019 4080 suo
1042 4025 1202 4081 alveo
1226 4027 1496 4099 siccatur,
1521 4028 1572 4084 si
1595 4029 1652 4084 in
1679 4032 1880 4088 multis

210 4112 436 4168 rivulis
457 4110 775 4180 dividatur,
805 4112 889 4168 sic
912 4113 1104 4169 unitas
1128 4114 1381 4170 fraterna
1411 4117 1605 4172 minus
1629 4119 1779 4175 valet
1809 4121 1879 4176 ad

209 4199 483 4275 singula,
509 4199 558 4255 si
590 4200 766 4256 fuerit
794 4218 1001 4274 sparsa
1033 4219 1136 4274 per
1164 4203 1415 4260 diversa.
1452 4206 1692 4276 Idcirco,
1728 4214 1792 4264 ut
1821 4210 1880 4264 in

211 4290 393 4364 longo
422 4289 537 4344 ista
552 4288 808 4345 charitas
830 4288 1184 4348 inviolabilis
1203 4300 1542 4364 permaneat
1558 4296 1879 4366 vobiscum,

211 4380 340 4437 volo
379 4383 458 4434 ut
487 4377 546 4433 in
579 4379 798 4434 domno
821 4379 1069 4436 Rodulfo
1101 4386 1292 4437 vestra
1322 4399 1464 4438 cura
1485 4388 1542 4439 et
1570 4385 1882 4443 consilium

211 4474 348 4542 post
380 4483 590 4524 meum
615 4468 839 4524 obitum
871 4470 1140 4541 pendeat,
1163 4470 1369 4526 saltem
1392 4472 1546 4528 sicut
1575 4473 1632 4528 in
1657 4490 1750 4530 me
1780 4491 1877 4548 pe-

211 4558 436 4632 pendit
464 4557 522 4612 in
555 4574 688 4614 mea
716 4557 853 4613 vita.
885 4557 1104 4615 Valete.

284 4675 426 4729 115.
464 4673 662 4729 Tertia
709 4673 963 4746 denique
1011 4679 1326 4748 antequam
1381 4675 1562 4733 obiret
1594 4678 1707 4748 die,
1741 4679 1886 4736 vidit

204 4761 502 4830 juvenem
521 4762 633 4817 sibi
652 4763 1051 4831 assistentem,
1069 4781 1242 4834 quem
1260 4764 1388 4835 ejus
1410 4765 1682 4838 angelum
1701 4768 1885 4825 fuisse

215 4851 617 4906 aestimamus.
642 4851 826 4914 Quem
857 4856 1065 4907 etcum
1099 4852 1254 4908 solus
1278 4859 1333 4908 et
1365 4853 1564 4910 nullus
1587 4855 1739 4912 alius
1761 4874 1881 4914 cer-

212 4943 408 5008 neret,
449 4938 527 4994 ait
567 4938 850 4994 fratribus
884 4956 897 4995 :
951 4941 1140 5006 Quare
1171 4942 1406 4997 fratrem
1439 4942 1606 4998 illum
1637 4961 1753 5000 non
1784 4964 1880 5003 vo-

211 5029 404 5085 castis
439 5029 761 5099 vobiscum,
794 5046 928 5084 cum
961 5030 1298 5087 comedistis
1319 5032 1347 5086 ‘?
1386 5032 1491 5088 Cui
1523 5033 1730 5090 fratres
1759 5053 1772 5092 :
1809 5042 1882 5092 De

213 5134 360 5190 quo,
397 5119 702 5189 inquiunt,
735 5118 911 5176 fratre
940 5120 1108 5187 dicis,
1141 5121 1356 5177 Pater?
1385 5122 1454 5176 Et
1482 5121 1578 5178 ille
1611 5140 1623 5178 :
1678 5126 1754 5180 De
1783 5125 1879 5182 illo

216 5206 502 5278 pulchro,
531 5207 747 5279 inquit,
767 5209 1002 5279 juvene,
1029 5209 1128 5280 qui
1160 5210 1229 5264 ad
1262 5227 1368 5265 nos
1395 5212 1572 5279 venit,
1596 5217 1653 5268 et
1682 5216 1880 5272 nobis-

214 5313 360 5352 cum
390 5301 654 5354 moratur
674 5297 1010 5370 ingrediens
1030 5302 1087 5354 et
1108 5299 1430 5370 egrediens.
1456 5303 1522 5355 Et
1542 5301 1875 5372 subjunxit:

215 5385 394 5441 Unde
418 5391 526 5456 est,
545 5391 740 5458 etquo
765 5389 997 5444 nomine
1017 5388 1296 5444 vocatur?
1317 5388 1420 5444 Cui
1446 5391 1651 5444 beatus
1666 5390 1875 5463 Laetus,

289 5491 456 5570 (196)
486 5494 541 5547 In
565 5495 871 5570 Breaicalo,
895 5496 952 5570 id
983 5500 1072 5552 est
1102 5495 1359 5570 indiculo
1388 5495 1474 5551 vel
1507 5499 1873 5570 compendio.

211 5563 346 5627 Vox
377 5564 506 5620 haec
534 5570 624 5624 est
653 5563 1001 5626 diminutiva
1032 5585 1065 5623 a
1107 5569 1282 5625 Brevi.

1989 503 2126 590 quia
2143 505 2213 558 de
2229 510 2424 562 monte
2439 507 2690 575 Domini,
2705 515 2762 566 et
2777 511 3070 587 Benignus
3089 517 3454 590 appellatur?
3469 524 3630 580 Tunc

1985 587 2102 659 ille,
2136 590 2357 662 Spiritu
2402 599 2604 651 sancto
2652 598 2915 668 docente,
2948 587 3221 676 angelum
3272 625 3400 665 esse
3454 612 3631 670 intel-

1986 676 2142 745 lexit,
2177 684 2234 734 et
2282 698 2414 738 vere
2461 685 2532 740 de
2580 691 2777 742 monte
2808 689 3061 760 Domini,
3097 694 3154 750 id
3203 701 3293 752 est
3342 699 3414 755 de
3459 701 3624 772 caelo,

1985 782 2134 860 esse,
2152 768 2369 841 talique
2387 773 2621 829 nomine
2638 775 2715 846 (id
2729 777 3137 855 estBenignus)
3157 783 3325 842 illum
3345 768 3626 860 appellari

1984 855 2147 911 dixit.

2060 946 2177 1000 116.
2211 947 2280 1001 Et
2329 953 2479 1004 recte
2522 950 2692 1007 beato
2734 953 2947 1010 Joanni
2993 959 3143 1015 Deus
3191 962 3328 1021 talis
3369 969 3623 1029 nominis

1985 1033 2255 1106 angelum
2279 1037 2680 1108 deputaverat,
2699 1043 2800 1113 qui
2821 1047 3046 1103 tantam
3071 1049 3180 1104 sibi
3203 1052 3620 1126 benignitatem

1986 1123 2439 1182 misericorditer
2458 1128 2591 1200 plus
2610 1147 2787 1201 quam
2807 1135 3024 1191 caeteris
3041 1136 3156 1194 fere
3176 1123 3520 1202 mortalibus
3542 1147 3626 1204 iu-

1987 1212 2237 1269 fuderat.
2263 1214 2384 1278 Quo
2408 1218 2606 1273 audito
2635 1218 2848 1287 ierunt,
2870 1228 2927 1278 et
2952 1241 3134 1298 supra
3165 1245 3426 1289 mensam
3452 1237 3626 1293 unius

1985 1300 2242 1358 hominis
2272 1303 2488 1361 victum
2521 1314 2860 1379 posuerunt,
2893 1329 3073 1384 supra
3102 1315 3378 1376 victualia
3407 1326 3626 1381 consti-

1982 1392 2113 1445 tuta
2143 1391 2410 1449 fratrum.
2435 1396 2558 1459 Quo
2589 1397 2904 1470 adimpleto
2934 1403 3170 1469 quievit.
3200 1407 3460 1482 Denique
3492 1430 3625 1472 cum

1985 1479 2056 1533 ad
2115 1481 2336 1537 exitum
2393 1485 2905 1561 appropinquaret,
2970 1492 3105 1548 fecit
3153 1495 3264 1552 sibi
3320 1479 3381 1554 in
3436 1502 3624 1560 brevi-

1983 1567 2115 1623 culo
2139 1570 2286 1639 (106)
2308 1572 2505 1642 scribi,
2529 1577 2585 1628 et
2609 1574 2667 1629 in
2691 1591 2867 1632 manu
2893 1581 3030 1650 poni
3053 1581 3208 1640 haec:
3235 1587 3352 1659 Ego
3367 1590 3624 1650 Joannes

1985 1659 2154 1713 credo
2187 1663 2242 1714 et
2261 1660 2541 1717 conﬁteor
2561 1663 2759 1732 fidem,
2787 1682 2964 1736 quam
2995 1673 3180 1727 sancti
3201 1676 3460 1746 Apostoli
3488 1698 3627 1752 prae-

1987 1746 2346 1818 dicaverunt,
2379 1753 2435 1804 et
2481 1750 2666 1805 sancti
2710 1752 2908 1810 Patres
2961 1756 3020 1812 in
3070 1765 3322 1829 quatuor
3366 1746 3628 1827 conciliis

1985 1834 2509 1904 conﬁrmaverunt;
2541 1843 2604 1894 ut
2619 1841 2952 1898 crederetur
2971 1843 3179 1904 intimo
3201 1866 3329 1907 eam
3351 1858 3522 1913 corde
3542 1863 3627 1916 te-

1987 1923 2207 1991 nuisse,
2233 1941 2408 1996 quam
2443 1926 2746 1984 videbatur
2775 1931 2965 1988 verbis
2995 1938 3052 1989 et
3080 1939 3355 2008 operibus
3387 1943 3629 2003 viriliter

1985 2013 2335 2070 defendisse.

2061 2103 2180 2156 117.
2215 2103 2351 2158 Post
2381 2103 2502 2160 haec
2533 2106 2762 2162 Christo
2798 2111 3037 2168 tradidit
3066 2116 3337 2186 spiritum
3369 2125 3627 2195 corporis

1986 2194 2043 2246 et
2072 2192 2377 2262 sanguinis
2421 2192 2609 2264 ipsius
2635 2199 3004 2268 perceptione
3027 2205 3344 2277 munitum,
3370 2210 3425 2264 in
3453 2192 3627 2284 quem

1986 2279 2212 2351 integra
2234 2282 2346 2336 fide
2367 2283 2709 2350 crediderat,
2735 2302 2911 2356 quem
2935 2306 3078 2361 pure
3101 2293 3396 2364 dilexerat,
3419 2279 3512 2355 cui
3534 2303 3631 2374 pia

1987 2368 2310 2425 intentione
2333 2371 2647 2440 servierat;
2678 2390 2877 2431 secum
2905 2378 3171 2436 videlicet
3199 2383 3484 2444 talentum
3519 2368 3630 2447 sibi

1987 2457 2275 2513 creditum
2308 2465 2613 2530 reportans
2638 2463 3113 2536 centuplicatum.
3144 2471 3299 2528 Obiit
3329 2473 3386 2530 in
3412 2477 3631 2534 ferven-

1990 2547 2217 2602 tissimo
2246 2548 2466 2604 aestatis
2499 2550 2726 2628 ardore,
2759 2559 2966 2623 quarto
3015 2557 3240 2615 scilicet
3278 2563 3416 2620 Idus
3467 2567 3628 2626 Julii.

1988 2635 2184 2691 Patres
2210 2637 2406 2707 itaque
2436 2644 2770 2710 praesentes,
2795 2643 2894 2712 qui
2917 2645 3178 2715 aderant,
3203 2666 3306 2721 spe
3327 2658 3481 2710 certa
3506 2672 3629 2715 cre-

1988 2725 2194 2779 dentes
2225 2742 2394 2796 posse
2425 2731 2606 2784 Deum
2638 2729 2765 2784 sine
2797 2731 2995 2788 foetore
3045 2733 3104 2790 in
3153 2740 3372 2797 astatis
3410 2743 3635 2803 fervore

1989 2830 2219 2870 servare
2253 2815 2626 2886 magistrum,
2660 2818 2761 2890 qui
2793 2820 2853 2875 in
2885 2821 3018 2893 igne
3057 2823 3182 2881 sine
3229 2830 3634 2892 combustione

1989 2904 3105 2976 servaveratdiscipulum,deliberaveru
3115 2919 3178 2969 nt
3189 2917 3434 2976 cadaver
3445 2924 3632 2980 Patris

1988 2991 2350 3062 insepultum
2373 2993 2639 3063 retinere,
2665 2997 2848 3053 donec
2871 2998 3112 3059 abbates
3140 3020 3209 3060 ex
3231 3011 3475 3080 utraque
3495 3028 3631 3068 con-

1989 3084 2370 3151 gregarentur
2401 3086 2583 3152 parte.
3261 3141 3265 3145 .

2066 3169 2183 3222 118.
2217 3171 2334 3224 Hac
2368 3170 2562 3241 itaque
2585 3172 2656 3228 de
2681 3190 2860 3230 causa
2889 3175 3248 3250 insepultum
3282 3189 3500 3243 mansit
3530 3207 3634 3261 per

1988 3255 2272 3311 triduum.
2299 3257 2362 3311 In
2393 3258 2606 3329 quibus
2637 3277 2768 3317 vero
2791 3265 2864 3318 ad
2895 3266 3270 3326 celebrandas
3301 3255 3632 3333 communis

1990 3346 2180 3400 Patris
2209 3347 2506 3416 exequias,
2540 3347 2882 3407 clericorum
2937 3357 2992 3409 et
3046 3358 3466 3417 monachorum
3497 3381 3634 3420 con-

1991 3435 2146 3489 venit
2169 3433 2482 3490 multitudo
2504 3452 2649 3508 pene
2671 3437 3116 3499 innumerabilis
3160 3445 3268 3500 Per
3286 3447 3394 3504 hos
3415 3453 3633 3524 quippe

1991 3523 2115 3579 dies
2163 3527 2219 3578 et
2265 3528 2464 3580 noctes
2495 3525 2724 3582 Christo
2771 3529 3061 3588 indefessa
3105 3535 3320 3604 gratias
3369 3523 3629 3614 agentes,

1991 3613 2255 3668 debitum
2275 3611 2552 3669 honorem
2569 3614 2718 3670 Patri
2738 3616 3164 3689 impendentes,
3181 3625 3407 3696 sepulta
3417 3645 3489 3683 ra:
3504 3611 3635 3701 post

1991 3701 2111 3756 haec
2141 3701 2329 3757 sancti
2351 3702 2472 3756 Viri
2504 3720 2714 3776 corpus
2745 3708 3129 3767 tradiderunt.
3156 3714 3240 3768 Ita
3267 3713 3531 3774 immune
3560 3722 3633 3777 ab

1991 3791 2149 3845 omni
2181 3791 2400 3861 foetore,
2426 3794 2921 3864 quemadmodum
2944 3799 3119 3856 fidem
3147 3802 3218 3858 ab
3239 3805 3400 3858 omni
3421 3810 3638 3866 erroris

1990 3879 2334 3950 contagione
2366 3887 2692 3938 servaverat
2725 3884 3070 3954 immunem,
3106 3893 3162 3945 et
3213 3907 3316 3946 ceu
3363 3893 3636 3969 discipuli

1988 3968 2347 4024 transeuntis
2379 3985 2480 4039 per
2499 3969 2693 4042 ignem
2715 3972 2981 4030 Christus
3007 3977 3429 4038 imcombustas
3449 3968 3637 4041 vestes

1991 4062 2316 4113 servaverat
2353 4063 2409 4114 et
2452 4076 2707 4116 carnem.

2064 4147 2184 4202 119.
2220 4151 2342 4213 Quo
2366 4148 2614 4221 sepulto,
2633 4153 2888 4224 sumpsit
2908 4154 3162 4213 domnus
3181 4159 3464 4218 Rodulfus
3485 4163 3632 4236 (107)

1990 4236 2383 4292 obedientiam
2437 4237 2549 4293 sibi
2602 4256 2637 4294 a
2681 4240 2850 4298 Patre
2898 4243 3264 4316 injunctam;
3317 4267 3495 4323 quam
3535 4269 3640 4324 per

1992 4323 2330 4395 triennium,
2351 4342 2465 4397 prae
2483 4327 2668 4383 oculis
2684 4329 2908 4388 habens
2925 4336 3267 4391 memoriam
3286 4343 3344 4394 et
3363 4323 3636 4396 timorem

1991 4414 2199 4481 Patris,
2235 4418 2435 4469 sancte
2466 4419 2523 4469 et
2550 4416 2892 4487 regulariter
2936 4422 3103 4479 rexit.
3138 4425 3257 4481 Sub
3285 4429 3454 4498 cujus
3484 4429 3636 4500 regi-

1912 4519 1959 4583 D
1993 4501 2149 4558 mine
2179 4519 2242 4557 se
2272 4503 2498 4559 caeteris
2529 4504 2903 4563 adhaeserunt
2922 4513 3252 4568 comobium
3282 4515 3633 4587 Vagianum,

1991 4595 2048 4647 et
2077 4591 2288 4647 Toanis
2321 4592 2601 4663 Fontana,
2635 4610 2740 4649 nec
2770 4612 2885 4650 non
2918 4601 2975 4652 et
3004 4598 3279 4656 Consum.
3307 4601 3440 4657 Post
3469 4605 3638 4674 cujus

1995 4679 2440 4746 obitum,totius
2470 4684 2945 4753 Congregationis
2975 4687 3231 4756 regimen
3265 4690 3517 4761 sumpsit
3538 4695 3641 4748 Pa-

1992 4773 2080 4824 ter
2111 4770 2407 4833 Rusticus,
2436 4773 2492 4823 et
2519 4785 2647 4824 eam
2680 4787 2782 4840 per
2814 4789 2996 4828 annos
3029 4775 3280 4831 sedecim
3313 4779 3460 4833 rexit
3487 4780 3637 4835 ﬁde-

1991 4861 2098 4926 ter,
2132 4861 2369 4928 paterne
2399 4862 2456 4912 et
2487 4857 2756 4914 discrete.
2790 4861 2910 4916 Sub
2943 4879 3058 4934 quo
3087 4865 3418 4923 ccenobium
3449 4870 3638 4925 sancti

1994 4946 2196 5018 Angeli
2221 4948 2388 5018 juxta
2428 4946 2737 5003 Pistoriam
2770 4955 2860 5005 est
2890 4952 3512 5027 noviteraediﬁcatum.
3547 4958 3638 5014 Al-

1991 5042 2181 5092 terum
2214 5038 2284 5091 ad
2321 5037 2600 5092 honorem
2633 5037 2869 5109 Christi,
2904 5042 3148 5114 ejusque
3174 5044 3484 5102 Genitricis
3515 5048 3639 5103 Ma-

1993 5127 2086 5180 ria:
2119 5127 2175 5180 in
2207 5125 2452 5180 Nerana.
2488 5125 2660 5180 Porro
2689 5126 2854 5194 illud,
2895 5133 3046 5202 quod
3093 5138 3180 5188 est
3207 5133 3264 5187 in
3302 5138 3529 5204 Solena,
3563 5137 3635 5191 ad

1992 5215 2269 5270 honorem
2302 5214 2488 5269 sancti
2518 5215 2866 5273 aediﬁcatum
2900 5226 2987 5275 est
3042 5221 3377 5293 Salvatoris,
3409 5229 3466 5280 et
3495 5224 3639 5282 alte-

1990 5322 2142 5372 rum,
2177 5305 2332 5376 quod
2363 5303 2421 5358 in
2469 5305 2740 5377 Strumis,
2778 5308 2848 5362 ad
2899 5309 3178 5367 honorem
3222 5312 3346 5378 Dei,
3395 5315 3640 5389 ejusque

1988 5394 2176 5449 sancti
2206 5394 2476 5466 Martyris
2506 5395 2741 5464 Fidelis,
2793 5413 2896 5451 nec
2936 5415 3050 5453 non
3096 5405 3153 5455 et
3182 5399 3328 5456 illud
3366 5402 3635 5463 Pisanum

2059 5501 2288 5588 _(197)nld
2308 5505 2423 5588 est,
2456 5501 2785 5588 assumpsit
2814 5506 3357 5588 munus-Generalis
3378 5511 3628 5588 abbatis,

1987 5573 2110 5630 Sibi
2140 5590 2175 5631 a
2203 5573 2257 5629 S.
2291 5575 2500 5633 Joanne
2527 5573 2816 5632 Gualberto
2845 5575 3210 5654 impositum.
