4022 6160
469 274 586 339 807

1519 271 1583 329 S.
1628 267 1955 329 JOANNIS
2002 264 2445 327 GUALBERTI
2490 263 2825 324 ABBATIS
3676 320 3691 329 κ
3721 266 3814 330 808

474 411 548 465 ad
580 409 857 464 honorem
893 404 1010 474 Dei,
1042 402 1518 472 sanctissimique
1549 399 1735 465 Pauli,
1780 400 1887 455 sub
1932 399 2109 469 hujus
2140 398 2193 464 Α
2223 396 2499 452 banensis
2530 395 2839 467 episcopus
2862 394 3047 467 ipsius
3070 410 3167 449 ore
3188 409 3249 448 se
3271 393 3585 452 testabatur
3603 400 3813 459 audisse.

475 497 758 570 regimine
807 493 994 548 Patris
1061 492 1339 562 adjuncta
1401 494 1456 544 et
1515 493 1924 559 concorporata
1977 492 2114 542 sunt

469 586 651 643 Vallis
676 584 947 639 Imbrosae
995 579 1404 636 consuetudini
1434 583 1491 634 et
1527 576 1989 649 Congregationi.
2026 576 2112 631 Si-

470 674 686 730 militer
711 671 779 725 ad
803 670 959 740 quod
991 669 1050 723 in
1083 674 1277 723 monte
1297 670 1554 738 Armate,
1586 672 1641 721 et
1661 666 1930 739 alterum,
1958 664 2110 735 quod

468 763 529 819 in
566 759 767 816 Osellaa
791 757 1135 814 Castellanis
1166 758 1223 811 in
1258 758 1539 829 partibus,
1565 755 1784 811 noviter
1807 759 1946 810 sunt
1974 754 2111 809 tedi-

465 852 659 918 ficata,
693 849 804 903 sub
835 848 943 903 hoc
967 851 1107 903 sunt
1136 845 1410 901 instituta
1442 850 1608 900 Patre
1639 846 1806 915 (108).

540 938 887 994 120.Horum
909 936 1122 1007 quippe
1146 938 1393 990 rectores
1415 933 1717 989 annuatim
1740 931 2109 998 conveniunt,

465 1026 750 1084 memoria
779 1024 1096 1080 retinentes
1127 1024 1446 1079 bonitatem
1496 1027 1553 1077 et
1582 1021 1973 1085 sanctitatem,
2007 1036 2111 1075 nec

466 1135 581 1173 non
605 1115 876 1171 instituta
907 1113 1043 1169 boni
1073 1118 1129 1167 et
1179 1112 1350 1184 primi
1383 1112 1566 1167 Patris
1605 1111 1715 1166 sibi
1749 1110 2000 1165 offerunt
2029 1109 2111 1163 al-

464 1207 573 1263 teri
605 1204 900 1261 alterutris
956 1218 1340 1273 quescumque
1392 1202 1501 1257 sub
1561 1217 1667 1255 sua
1706 1199 1921 1253 habent
1952 1214 2109 1266 cura,

464 1311 745 1368 personas
773 1291 1042 1347 videlicet
1082 1295 1138 1346 et
1168 1290 1526 1346 substantias
1557 1289 1897 1344 saecundum
1928 1287 2112 1358 impe-

467 1384 619 1438 rium
648 1381 831 1437 Vallis
861 1381 1134 1435 Imbrosw
1184 1379 1433 1443 abbatis,
1480 1394 1656 1450 quem
1697 1394 1872 1449 super
1903 1393 1966 1431 se
1995 1375 2111 1430 ele-

464 1478 625 1529 ctum
656 1471 871 1525 habent
897 1469 957 1524 in
989 1470 1108 1524 vice
1132 1469 1375 1523 Joannis
1397 1467 1570 1539 primi
1603 1465 1848 1521 abbatis.
1877 1466 1945 1519 Et
1976 1467 2114 1539 sunt

469 1561 529 1616 in
562 1561 674 1614 ﬁde
706 1575 843 1627 una,
877 1574 1061 1613 unum
1094 1574 1193 1611 cor
1222 1561 1277 1610 et
1307 1556 1563 1611 animam
1598 1555 1898 1623 habentes,
1919 1553 2111 1623 potius

464 1648 647 1721 parati
679 1647 1032 1718 mori,quam
1056 1646 1125 1700 ab
1150 1645 1429 1700 alterutro
1460 1644 1730 1698 dividi.ln
1755 1659 1868 1713 qua
1890 1641 2112 1695 unitate

464 1737 755 1801 Christus,
784 1735 1154 1805 omnipotens
1191 1738 1392 1803 pastor
1422 1748 1520 1787 eos
1549 1731 1609 1785 in
1642 1734 1987 1802 perpetuum
2018 1728 2111 1781 di-

463 1831 672 1897 gnetur
722 1839 1081 1885 conservare,
1126 1820 1227 1891 qui
1276 1838 1415 1876 suos
1473 1820 1687 1875 electos
1720 1822 1851 1873 ante
1908 1814 2112 1871 mundi

463 1912 939 1967 constitutionem
967 1910 1242 1981 dignatus
1273 1914 1361 1964 est
1390 1908 1621 1980 eligere.
1658 1906 1763 1971 Qui
1815 1923 1948 1961 cum
2003 1907 2111 1960 Deo

464 2000 653 2071 Patre,
704 2004 1023 2071 sanctoque
1079 1998 1295 2070 Spiritu
1356 2014 1423 2053 ex
1475 2002 1722 2068 utroque
1771 1996 2113 2068 procedente

462 2088 602 2143 vivit
630 2092 686 2143 et
716 2093 921 2157 regnat
953 2092 1102 2143 Deus
1134 2102 1235 2159 per
1274 2086 1472 2141 omnia
1528 2084 1741 2140 smeula
1769 2083 2111 2139 saeculorum

462 2182 669 2233 Amen.

1111 2264 1343 2319 CAPUT
1399 2264 1464 2318 X.

540 2358 701 2412 Varia
721 2356 993 2410 miracula
1014 2355 1259 2409 maxime
1276 2362 1395 2425 post
1422 2354 1629 2408 obitum
1657 2354 1773 2423 ejus
1798 2356 2040 2423 patrata.

536 2445 656 2498 121.
680 2445 841 2506 Quod
865 2442 1181 2498 scribimus
1203 2442 1541 2496 avenerabii
1574 2445 1768 2495 Fratre
1799 2441 2113 2495 didicimus

461 2533 705 2597 Joanne,
740 2532 841 2602 qui
872 2532 930 2585 in
963 2531 1164 2585 eodem
1210 2529 1645 2584 Passinianensi
1697 2530 1978 2597 coenobio,
2015 2529 2113 2583 ubi

466 2621 724 2675 domnus
756 2619 1211 2674 archimandrita
1240 2618 1496 2673 Joannes
1526 2619 1598 2673 ad
1624 2617 1877 2673 coelestia
1899 2618 2112 2689 migra-

460 2708 669 2778 vit,per
700 2707 918 2763 multos
952 2725 1135 2763 annos
1167 2707 1322 2762 cellas
1355 2706 1746 2761 ministerium
1772 2712 1829 2762 et
1855 2706 2113 2761 vestiarii

465 2796 724 2852 officium
755 2795 1027 2851 nobiliter
1054 2795 1254 2867 gessit.
1294 2795 1401 2862 Qui
1434 2795 1623 2849 adhuc
1654 2812 1718 2850 co
1765 2800 2025 2867 tempore
2054 2795 2112 2849 in

463 2885 656 2941 laicali
694 2884 897 2940 habitu
952 2885 1326 2951 constitutus,
1360 2884 1500 2938 dum
1531 2884 1914 2955 persensisset
1941 2901 2115 2940 vene-

466 2975 718 3028 randum
768 2978 1001 3029 Patrem
1061 2973 1234 3028 morti
1284 2972 1612 3041 priximare,
1648 2977 1891 3027 aestuare
1922 2974 2112 3044 ccepit,

403 3114 414 3121 .
464 3062 604 3133 quid
628 3061 686 3116 in
713 3065 875 3117 tanta
896 3061 1138 3132 parandi
1161 3061 1326 3132 copia
1361 3060 1620 3116 ciborum
1645 3065 1859 3132 ageret,
1886 3078 2117 3132 praeser-

465 3150 569 3205 tim
602 3166 737 3205 cum
769 3155 1029 3206 cerneret
1058 3154 1281 3205 tantam
1313 3150 1545 3204 turbam
1579 3150 2019 3217 monachorum,
2059 3154 2115 3205 et
2146 3143 2187 3208 C

462 3237 829 3305 clericorum,
878 3255 982 3294 nec
1033 3255 1147 3293 non
1201 3242 1257 3293 et
1288 3238 1572 3292 laicorum
1606 3254 1673 3293 ex
1705 3238 1951 3293 diversis
1982 3255 2111 3309 par-

461 3326 619 3382 tibus
648 3328 718 3381 ad
752 3327 929 3383 funus
964 3327 1109 3383 tanti
1157 3327 1343 3382 Patris
1375 3326 1664 3381 advenire.
1701 3327 1846 3389 Quid
1875 3326 2060 3381 multa
2087 3327 2114 3381 ‘2

463 3416 725 3471 Tandem
756 3417 827 3470 ad
852 3416 1233 3486 semetipsum
1266 3430 1552 3481 reversus,
1586 3416 1643 3469 in
1678 3415 1793 3470 Deo
1834 3415 2109 3483 conlisus,

464 3505 809 3576 meritisque
838 3504 985 3559 tanti
1033 3504 1221 3559 Patris
1252 3520 1634 3575 prmsumens,
1669 3504 1813 3558 dixit
1846 3520 1856 3558 :
1892 3504 1996 3566 Qui
2047 3521 2114 3558 ex

463 3593 723 3664 quinque
752 3594 1004 3664 panibus
1036 3593 1297 3664 quinque
1319 3592 1502 3647 millia
1532 3592 1797 3647 homines
1829 3592 2113 3663 pavit,po-

462 3684 577 3735 test
631 3680 801 3737 hodie
858 3680 1248 3752 multiplicare
1298 3686 1500 3736 nostra
1529 3680 1687 3735 olera
1716 3680 2012 3751 simulque
2058 3684 2116 3735 et

459 3768 775 3841 legumina.
809 3772 971 3825 Tunc
996 3771 1389 3840 vascula,quae
1423 3787 1580 3824 more
1612 3769 1781 3824 solito
1816 3769 2113 3825 Fratribus

462 3858 835 3925 suﬂecerant,
893 3858 1236 3930 assumpsit,
1295 3863 1353 3912 et
1398 3858 1584 3913 sancti
1646 3858 1830 3912 Patris
1869 3858 2111 3913 Joannis

462 3947 729 4002 invocato
763 3947 1019 4015 nomine,
1080 3948 1149 4001 ad
1182 3964 1401 4018 prunas
1444 3947 1790 4019 composuit,
1825 3952 1881 4002 ct
1909 3948 1978 4001 ad
2013 3964 2110 4001 co-

467 4036 763 4105 quendum
807 4035 1024 4089 cibaria
1054 4052 1155 4103 per
1185 4051 1284 4089 eas
1314 4035 1621 4090 ordinavit.
1657 4035 1801 4089 Mira
1843 4052 1933 4090 res
1968 4037 1977 4090 !
2042 4037 2111 4091 de

465 4123 681 4193 quibus
709 4122 962 4178 vasculis
984 4122 1217 4178 solitam
1243 4140 1534 4178 annonam
1557 4124 1855 4178 Fratribus
1885 4124 2109 4193 tribuit,

459 4213 515 4264 et
536 4226 569 4263 a
592 4226 761 4266 mane
797 4226 982 4281 usque
1032 4212 1102 4266 ad
1126 4211 1417 4282 expletum
1439 4212 1595 4266 diem
1617 4212 1891 4268 omnibus
1912 4228 2113 4283 super-

459 4297 827 4354 venientibus
862 4298 1080 4355 ibidem
1111 4299 1444 4372 hospitibus
1475 4298 1830 4356 suflicienter
1860 4300 2109 4355 admini-

459 4387 681 4443 stravit.
782 4408 785 4413 ·

531 4478 656 4576 12ἓέ
693 4482 766 4532 De
797 4478 1011 4534 domno
1227 4479 1326 4533 VII
1373 4477 1704 4576 apostolicae
1746 4480 1911 4535 Sedis
1937 4496 2107 4576 papa,
2139 4512 2184 4576 D

463 4566 562 4637 qui
585 4567 655 4621 ad
688 4573 1059 4623 sacrosancta
1082 4568 1362 4625 Miserum
1394 4568 1676 4623 solemnia
1705 4570 2109 4640 compunctive

461 4654 685 4712 solebat
715 4657 1006 4712 accedere.
1040 4656 1143 4712 Cui
1195 4674 1328 4713 cum
1361 4658 1653 4712 continuis
1686 4657 1871 4712 tribus
1901 4658 2106 4712 diebus

459 4750 737 4800 consueta
766 4746 994 4801 deesset
1043 4747 1436 4818 compunctio,
1487 4762 1698 4801 nomen
1740 4751 1795 4801 et
1825 4747 2106 4803 sanctitas

459 4832 713 4901 prmdicti
755 4835 944 4889 Patris
1000 4836 1246 4891 Joannis
1278 4836 1335 4890 in
1369 4836 1708 4891 memoriam
1741 4836 1913 4907 venit,
1942 4853 2106 4891 eum-

458 4936 569 4989 que
593 4921 651 4974 in
675 4938 850 4976 suum
876 4923 1140 4981 invitavit
1160 4925 1671 4993 auxilium,etmox
1688 4925 1951 4995 ejusdem
1977 4942 2107 4980 san-

456 5012 557 5062 ctze
592 5011 1058 5081 compunctionis
1080 5014 1583 5084 gratiam,copiam
1604 5013 1856 5069 multum
1884 5014 2104 5085 largius

454 5115 630 5169 quam
665 5100 884 5155 solebat
925 5101 1240 5172 resumpsit
1292 5102 1441 5156 sicut
1490 5104 1741 5158 domnus
1773 5104 1975 5160 Petrus
2006 5104 2102 5158 Al-

526 5258 672 5335 (108)
694 5258 1069 5335 D_e_omnibus
1092 5260 1183 5315 his
1211 5261 1577 5335 monasteriis
1592 5262 1769 5335 videri
1796 5269 1983 5335 potest
2000 5266 2099 5319 Lo-

455 5328 711 5409 catellus
731 5330 833 5409 13b.
868 5349 929 5409 lt,
965 5349 1092 5409 cap,
1130 5336 1267 5409 Al,_et
1296 5333 1678 5409 ‘3,Francbi_us
1708 5328 1932 5409 libfvni,
1966 5354 2095 5409 pag.

452 5399 577 5453 254.
613 5400 872 5457 Lubinus
902 5405 956 5456 in
990 5399 1373 5459 Abbatiarum
1405 5404 1576 5457 Italia:
1600 5406 1752 5459 brevi
1780 5399 1985 5463 notitia
2015 5399 2101 5463 Οἷκ

453 5470 981 5541 (Ιὶηθίᾳιρῇθὺθιὶοο
1012 5476 1372 5532 concinnata.

525 5540 978 5623 (109)(1αιιίοιιια
1025 5547 1114 5607 vel
1152 5549 1431 5609 Gallicum
1480 5551 1570 5606 est
1598 5562 1786 5625 genus
1814 5554 2007 5612 vestis.
2042 5557 2098 5613 et

2297 485 2504 540 123.De
2536 484 2750 539 domno
2779 485 2965 539 Teuzo
3001 481 3298 538 Razolensi
3333 482 3534 539 abbate
3557 485 3621 541 de
3646 489 3815 559 primis

2223 573 2609 643 maximisque
2640 575 2767 643 ejus
2800 572 3126 643 discipidis,
3160 573 3315 642 quod
3346 572 3395 626 ei
3429 575 3669 647 contigit,
3711 578 3812 649 ipso

2223 663 2546 734 saepissime
2575 663 2945 717 testiﬁcante.
2995 661 3101 723 Qui
3162 661 3303 714 dum
3336 661 3577 731 quadam
3601 664 3681 719 die
3705 681 3813 722 curn

2226 751 2478 807 Plebano
2511 750 2697 806 sancti
2735 748 2981 805 Joannis
3012 748 3267 819 Majoris,
3302 748 3530 804 nomine
3559 749 3683 823 Ugo,
3710 754 3814 810 Val.

2221 839 2562 895 limbrosam
2616 840 2727 894 iter
2762 842 2975 909 ageret,
3006 837 3351 909 gravissimo
3404 837 3624 894 illorum
3657 842 3813 900 dolore

2221 928 2663 984 intolerabiliter
2694 945 2759 983 ac
2791 928 3001 998 saepius
3020 926 3289 999 pulsatus
3320 930 3677 1000 est.Cumque
3695 931 3816 987 inter

2220 1017 2327 1073 has
2360 1017 2576 1072 doloris
2600 1016 2904 1089 angustias
2931 1016 3601 1086 ﬂuctuaret,praadictum
3630 1019 3815 1076 Patrem

2220 1107 2505 1162 Joannem
2537 1106 2815 1161 attentius
2846 1105 3019 1177 cmpit
3041 1109 3557 1176 rogare,quatenus
3586 1109 3697 1163 suis
3720 1127 3820 1166 me-

2221 1195 2771 1268 ritis,precibusque
2797 1195 2849 1249 ei
2881 1194 3196 1249 clementer
3226 1202 3603 1251 succurreret.
3630 1199 3821 1254 Statim-

2223 1301 2335 1356 que
2368 1283 2743 1356 languor,qui
2771 1300 2905 1338 eum
2930 1282 3495 1355 cruciabat,prorsus
3514 1284 3714 1341 deletus
3737 1293 3820 1342 est.

2222 1374 2367 1428 Item
2419 1374 2488 1427 de
2547 1372 2818 1444 praedicto
2875 1372 3088 1427 domno
3148 1373 3360 1438 Teuzo,
3396 1372 3488 1427 cui
3520 1390 3642 1428 cum
3670 1376 3825 1430 obitus

2222 1462 2423 1516 domni
2456 1461 2674 1516 Rustici
2733 1460 2929 1532 magni
2964 1460 3176 1516 Prioris
3210 1461 3513 1516 nuntiatus
3544 1462 3744 1530 fuisset,
3784 1468 3827 1519 et

2222 1552 2346 1622 ipse
2376 1554 2536 1605 tanto
2587 1549 3085 1620 constringeretur
3130 1549 3434 1621 languore,
3467 1556 3528 1605 ut
3556 1567 3613 1605 se
3641 1567 3827 1606 movere

2222 1657 2336 1694 non
2368 1637 2922 1710 posset,calliculam
2947 1638 3093 1709 (109)
3116 1639 3264 1693 tanti
3298 1640 3628 1709 [al.,sancti]
3658 1641 3826 1711 pradi-

2221 1728 2296 1782 cti
2335 1728 2516 1782 Patris
2550 1726 2897 1783 fiducialiter
2928 1727 3133 1798 tetigit,
3168 1744 3303 1782 mox
3334 1728 3698 1784 sanisssimus
3728 1730 3831 1784 ell‘e.

2221 1821 2372 1882 ctus,
2404 1816 2668 1871 celeriter
2696 1817 2767 1871 ad
2800 1816 3140 1871 defunctum
3176 1816 3449 1887 perrexit.

2295 1905 2503 1959 1‘24.De
2535 1905 2730 1959 Fratre
2755 1904 2997 1960 Girardo
3030 1905 3242 1977 sapius
3269 1906 3328 1959 in
3347 1907 3469 1962 vita
3497 1908 3618 1977 ejus
3647 1924 3833 1962 memo-

2222 1995 2483 2061 rato.Qui
2515 1995 2655 2048 dum
2687 1994 2941 2064 quadam
2974 1995 3066 2049 die
3098 2011 3246 2066 equo
3278 1996 3492 2051 sedens
3522 1995 3626 2051 iter
3653 2000 3830 2068 ageret,

2222 2083 2479 2156 praedicti
2511 2083 2700 2137 Patris
2730 2083 3001 2154 pedulem
3034 2084 3179 2154 (110)
3209 2086 3474 2154 gestabat
3504 2085 3560 2139 in
3591 2086 3727 2140 sinu.
3747 2084 3831 2147 Qui

2222 2190 2361 2228 casu
2394 2173 2465 2227 de
2497 2189 2645 2243 equo
2697 2172 3077 2239 descendens,
3132 2189 3311 2228 manu
3360 2174 3606 2229 fraenum
3650 2172 3831 2229 amisit.

2222 2266 2417 2331 Equus
2448 2278 2580 2317 vero
2616 2266 2748 2317 ante
2778 2260 2945 2315 illum
2980 2261 3229 2334 fugiens,
3257 2280 3357 2334 per
3387 2262 3565 2335 longa
3593 2269 3832 2318 terrarum

2224 2350 2435 2421 spatia,
2470 2367 2534 2406 eo
2564 2350 2798 2405 nolente
2827 2354 3001 2421 atque
3033 2351 3722 2419 contristante,cucurrit.
3750 2351 3831 2414 Qui

2224 2456 2358 2494 cum
2418 2456 2637 2508 equum
2693 2438 3028 2494 nullatenus
3078 2443 3231 2494 stare
3263 2444 3551 2507 cerneret,
3607 2456 3701 2495 nec
3727 2454 3833 2495 eum

2225 2532 2420 2599 posset
2472 2529 2803 2592 ascendere,
2864 2527 3156 2598 pedulem,
3190 2545 3365 2599 quem
3400 2530 3677 2600 gestabat,
3708 2529 3831 2582 foras

2222 2617 2400 2672 traxit
2430 2617 2499 2671 de
2531 2617 2685 2683 sinu,
2737 2617 3175 2688 orationemque
3224 2617 3569 2689 hujusmodi
3618 2618 3751 2672 fudit
3775 2616 3830 2671 ad

2225 2704 2631 2770 Dominum,ut
2660 2706 2709 2760 si
2739 2706 3102 2760 venerandus
3132 2706 3563 2762 PaterJoannes
3594 2707 3692 2762 hoc
3711 2709 3830 2770 erat,

2226 2796 2379 2865 quod
2411 2794 2731 2860 dicebatur,
2764 2800 2820 2849 et
2852 2795 2975 2866 ipse
3004 2795 3293 2861 credebat,
3320 2796 3551 2851 meritis
3582 2797 3697 2867 ejus
3727 2796 3833 2865 fige-

2226 2889 2312 2938 ret
2340 2883 2716 2955 equum.Hacc
2746 2900 2810 2939 eo
2836 2889 3059 2951 orante,
3085 2901 3270 2955 equus
3294 2887 3465 2956 quasi
3501 2884 3836 2940 simulacrum

2227 2973 2403 3027 stetit.
2436 2973 2521 3026 Ad
2567 2989 2739 3044 quem
2780 2973 2903 3043 ipse
2934 2974 3257 3029 accendens
3288 2975 3482 3030 tenuit
3508 2979 3565 3029 at
3595 2971 3836 3037 ascendit,

2226 3068 2282 3117 et
2310 3062 2421 3129 via,
2456 3080 2571 3133 qua
2600 3068 2869 3133 cmperat,
2903 3062 3069 3118 laetus
3102 3080 3235 3118 cum
3267 3081 3331 3119 eo
3363 3065 3535 3120 abiit.

2300 3153 2419 3206 1‘3“.
2451 3152 2513 3205 In
2545 3152 2752 3206 virtute
2771 3151 2982 3206 similis
3016 3151 3305 3221 miraculi,
3332 3155 3469 3222 ejus
3502 3150 3837 3207 nihilominus

2227 3241 2508 3295 sanctitas
2540 3240 2924 3295 claruit.Nam
2953 3258 3085 3295 cum
3121 3242 3505 3312 supradictus
3538 3238 3839 3297 venerabilis

2224 3327 2499 3381 Rusticus
2548 3327 2638 3380 die
2674 3328 2927 3397 quadam
2953 3346 2986 3383 a
3016 3327 3414 3385 Vallimbrosa
3441 3331 3670 3396 veniret,
3698 3332 3747 3382 et
3784 3325 3839 3379 ad

2223 3416 2499 3470 Sanctum
2532 3414 2787 3469 Salvium
2822 3433 2953 3470 cum
2989 3418 3245 3487 quodam
3278 3418 3604 3474 venerabili
3640 3415 3841 3489 presby-

2221 3508 2342 3559 tero
2367 3504 2491 3572 iret,
2524 3521 2655 3558 cum
2692 3505 2761 3559 ad
2794 3505 3088 3575 quoddam
3143 3507 3540 3563 diversorium
3571 3506 3833 3570 venerunt,

2223 3593 2293 3647 de
2326 3592 2522 3662 mulis,
2558 3591 2772 3663 quibus
2814 3594 3176 3662 insedebant,
3206 3596 3277 3650 ob
3311 3598 3716 3653 necessitatem
3751 3608 3845 3647 cor

2224 3681 2379 3751 poris
2413 3681 2857 3737 descenderunt.
2922 3683 3146 3738 Interea
3177 3684 3377 3739 mulus
3414 3683 3725 3758 presbyteri
3769 3696 3839 3734 re-

2224 3773 2395 3839 pente
2425 3769 2696 3841 dilfugiit,
2756 3771 3099 3842 concitoque
3129 3773 3313 3843 gradu
3368 3792 3477 3846 per
3534 3775 3748 3829 diversa
3793 3784 3840 3823 se

2222 3855 2485 3912 contulit.
2520 3858 2630 3913 Sed
2690 3875 2823 3914 cum
2879 3860 3149 3915 sacerdos
3182 3866 3313 3932 post
3346 3862 3579 3918 mulum
3620 3861 3841 3933 pergeret

2222 3946 2463 4013 cursim,
2499 3950 2564 4000 ut
2593 3964 2748 4015 eum,
2784 3947 2831 4001 si
2860 3948 2980 4003 ﬁeri
3013 3955 3229 4020 posset,
3263 3952 3741 4023 apprehenderet,
3768 3961 3839 4001 se-

2222 4052 2475 4105 cumque
2506 4036 2827 4101 reduceret,
2860 4037 3004 4092 dixit
3056 4038 3107 4092 ei
3139 4038 3422 4096 Rusticus
3456 4058 3469 4095 :
3508 4045 3620 4096 Cur
3663 4040 3841 4094 frustra

2220 4122 2473 4193 laboras,
2507 4138 2639 4177 cum
2672 4123 2839 4179 illum
2882 4124 3134 4181 velocius
3195 4130 3248 4181 te
3278 4144 3520 4184 currere
3564 4127 3744 4183 videas
3771 4123 3841 4193 ip-

2219 4227 2469 4282 sumque
2499 4210 2690 4266 taliter
2727 4213 3161 4285 apprehendere
3194 4232 3458 4288 nequeas
3494 4218 3521 4273 ‘?
3569 4215 3704 4272 Veni
3733 4226 3841 4283 ergo

2218 4304 2274 4354 et
2292 4301 2596 4355 dominum
2618 4301 2901 4357 Joannem
2923 4303 3397 4376 deprecemur,ut
3416 4307 3547 4379 ipse
3569 4305 3725 4362 nobis
3745 4315 3842 4356 mu-

2218 4388 2342 4444 lum
2377 4390 2651 4446 reducere
2682 4392 2975 4464 dignetur.
3010 4394 3116 4459 Qui
3173 4412 3304 4450 cum
3336 4396 3610 4466 dixisset,
3660 4398 3711 4449 et
3738 4404 3845 4462 pre-

2218 4479 2413 4551 sbyter
2463 4480 2726 4548 redisset,
2778 4498 2972 4552 genua
2996 4486 3271 4551 curvavit,
3301 4501 3369 4539 ac
3422 4486 3663 4540 beatum
3706 4481 3844 4536 Joan-

2222 4584 2374 4635 nem,
2408 4574 2473 4622 ut
2505 4569 2730 4624 mulum
2763 4571 3083 4638 reduceret,
3116 4572 3359 4644 rogavit.
3424 4578 3558 4629 Mox
3589 4574 3659 4629 ad
3688 4570 3845 4643 prima

2221 4656 2441 4711 orantis
2476 4658 2842 4725 verba,tanta
2869 4658 3173 4717 velocitate
3203 4660 3404 4717 mulus
3441 4661 3636 4728 rediit,
3660 4660 3845 4731 quanta

2219 4762 2323 4799 nec
2354 4750 2488 4801 ante
2518 4746 2990 4821 discessit,seque
3022 4750 3088 4805 ad
3111 4750 3433 4806 tenendum
3458 4748 3842 4807 etsedendum,

2216 4834 2731 4891 mansuetissimus
2769 4837 3040 4891 reddidit.

2293 4923 2410 4975 120.
2448 4924 2708 4979 Matrona
2742 4927 3007 4995 quaedam
3059 4927 3461 4995 nobilissima,
3503 4929 3728 4986 nomine
3756 4920 3842 4978 sci-

2213 5009 2349 5065 licet
2376 5010 2699 5075 Adalascia,
2761 5015 3123 5084 gravissimis
3179 5034 3282 5088 per
3334 5036 3527 5073 unum
3581 5019 3841 5086 integrum

2215 5116 2432 5153 annum
2496 5101 2754 5157 febribus
2813 5109 3085 5175 testuans,
3142 5110 3275 5161 ante
3333 5107 3675 5179 sepulcrum
3738 5101 3840 5171 ejus

2211 5278 2710 5357 etiamﬁinterdum
2747 5281 3036 5357 signiﬁcat
3066 5289 3477 5357 tegumentum
3530 5283 3748 5357 capitis.

2283 5351 2428 5426 (110)
2462 5352 2711 5426 [ξειίᾳιὶθε,
2772 5348 2982 5424 parium
3015 5348 3359 5412 indumenta
3413 5374 3520 5412 seu
3558 5348 3754 5417 tibilia,

2213 5421 2434 5501 Italico,
2466 5424 2690 5494 Pedule,
2723 5421 2875 5495 quod
2912 5427 3172 5482 intimam
3210 5427 3506 5485 tibialium
3540 5431 3753 5501 partem
3781 5421 3839 5473 si-

2206 5493 2462 5565 gniﬁcat.
