4002 6170
187 265 309 330 809

1784 265 1990 326 ACTA
2004 309 2018 325 .

3479 273 3604 335 810

177 395 400 468 jacuit;
433 395 592 452 illico
637 396 887 454 sanitate
931 400 1185 470 recepta,
1216 395 1530 453 incolumis
1561 396 1838 453 remeavit
1863 399 1918 464 Α
1950 396 2068 464 ille,
2101 398 2336 471 inquit?
2364 400 2472 464 Qui
2506 416 2638 458 mox
2669 404 2907 458 vocatus
2937 400 3598 476 advenit.Quid,inquit,

188 485 261 541 ad
295 483 548 557 propria.
562 485 709 542 Vere
731 502 846 542 non
878 485 1070 542 solum
1101 485 1224 558 ipse
1249 501 1465 558 magna
1488 489 1544 541 et
1563 485 1840 541 innume-

186 573 398 630 rabilia
426 573 564 629 fecit
593 574 1100 640 miracula,verum
1132 575 1308 630 etiam
1334 573 1759 647 quamplurimi
1783 573 1842 628 in

182 662 376 735 ipsius
417 661 655 719 nomine
685 663 837 719 mira
861 662 1027 719 valde
1057 664 1341 720 fecerunt.
1369 663 1506 719 Erat
1533 667 1676 719 tunc
1699 667 1842 718 tem-

181 750 347 825 poris
376 751 677 824 presbyter
707 751 966 824 quidam,
998 752 1287 809 Zenobius
1332 751 1554 810 scilicet
1584 751 1841 822 nomine,

181 841 286 914 qui
318 841 665 897 Brozensem
714 840 940 913 plebem
983 841 1130 914 (111)
1179 858 1282 914 per
1327 843 1395 897 40
1442 858 1628 898 annos
1675 845 1732 896 et
1777 857 1843 897 eo

182 929 445 1002 amplius
467 929 743 996 rexit.Qui
769 946 903 984 cum
929 931 1182 1002 quadam
1208 930 1300 986 die
1325 929 1445 986 sole
1474 933 1544 986 ad
1570 945 1844 986 occasum

179 1023 479 1092 vergente,
535 1017 882 1074 acceleraret
939 1036 1000 1075 se
1052 1036 1154 1090 per
1201 1019 1494 1076 celebrare
1536 1019 1684 1091 (112)
1715 1035 1842 1074 ves-

181 1108 479 1180 pertinam
509 1108 870 1181 synaxim,ut
900 1125 1028 1164 mos
1059 1113 1150 1164 est
1193 1108 1566 1179 rusticorum,
1601 1125 1846 1164 accensa

181 1196 430 1254 candela
473 1196 728 1252 ecclesiae
782 1196 1117 1269 lampadem
1167 1198 1483 1254 festinabat
1536 1197 1742 1271 ignire.
1775 1197 1846 1252 Et

182 1303 324 1343 cum
357 1285 467 1341 olei
496 1284 784 1358 liquorem
814 1286 872 1340 in
902 1302 969 1342 ea
999 1286 1242 1342 minime
1271 1286 1614 1354 invenisset,
1646 1291 1702 1341 et
1729 1285 1842 1340 alio

179 1393 253 1432 ex
285 1391 353 1432 eo
384 1374 629 1431 minime
672 1375 932 1444 haberet,
970 1375 1122 1430 unde
1166 1391 1294 1431 eam
1335 1375 1571 1431 reﬁcere
1623 1377 1842 1447 posset,

178 1464 403 1537 saepius
433 1463 766 1536 replicando
797 1480 924 1519 eam
958 1463 1183 1536 ignivit,
1212 1464 1387 1536 quam
1424 1481 1597 1536 aqua,
1633 1479 1762 1535 quae
1782 1462 1842 1518 in

177 1568 250 1610 ea
280 1551 410 1610 sola
435 1553 730 1620 manebat,
763 1553 889 1608 sine
922 1568 1084 1608 mora
1117 1553 1546 1626 exstinguebat.

256 1678 553 1734 127.Tunc
583 1676 940 1733 furibundus
970 1675 1167 1732 animo
1196 1676 1294 1732 ille
1323 1680 1388 1730 ut
1417 1680 1543 1732 erat
1572 1674 1718 1731 dixit
1743 1691 1756 1730 :
1780 1673 1840 1730 Si

1952 486 2058 542 tibi
2087 491 2144 542 et
2172 487 2261 543 ovi
2292 487 2571 546 alterius?
2600 489 2874 562 Principio
2921 489 3027 547 tibi
3073 490 3272 563 itaque
3317 508 3386 548 ex
3433 496 3600 564 parte

1952 577 2150 631 domni
2182 577 2425 632 Joannis
2455 579 2685 635 abbatis
2714 580 2978 651 majoris,
3010 585 3075 635 ut
3103 580 3303 636 statim
3335 582 3598 638 abstrac-

1953 669 2011 719 ta
2041 665 2113 720 ab
2145 681 2212 720 ea
2243 663 2414 737 pelle,
2447 671 2504 722 et
2532 667 2640 723 tibi
2671 685 2740 724 ex
2769 669 2995 742 integro
3025 673 3362 743 tegumenta
3393 669 3604 727 cervici

1951 753 2342 896 :uperposita,
2367 755 2440 811 ad
2471 755 2667 813 locum
2699 758 2853 813 unde
2881 757 3105 816 tulistis
3126 758 3478 830 quantocius
3507 759 3606 817 de-

1975 859 2124 896 eras.

1975 859 2124 898 eras.

2023 966 2146 1023 130.
2178 968 2250 1022 At
2279 966 2377 1023 ille
2407 967 2533 1024 sine
2562 968 2931 1025 cunctatione
2962 985 3096 1025 mox
3117 968 3315 1026 omnia
3344 969 3602 1043 peregit;

1953 1058 2009 1109 et
2037 1055 2146 1110 iter
2175 1071 2524 1128 aggressus;
2553 1058 2872 1131 Episcopus
2903 1059 3150 1114 Aretinze
3185 1057 3436 1114 civi-tatis
3468 1075 3602 1115 cum

1953 1144 2139 1200 multo
2188 1145 2301 1201 sibi
2353 1147 2665 1202 comitante
2714 1148 2998 1219 equitatu,
3043 1147 3105 1202 in
3153 1146 3360 1203 itinere
3407 1147 3608 1204 incur-

1953 1233 2162 1297 rit.Qui
2195 1251 2397 1290 omnes
2429 1235 2488 1290 in
2522 1252 2736 1307 magna
2766 1236 2942 1291 nimis
2965 1235 3354 1292 admiratione
3375 1251 3610 1292 conver-

1952 1321 2023 1390 si,
2057 1322 2418 1396 interrogare
2465 1341 2601 1380 eum
2649 1328 2949 1396 coeperunt
2998 1325 3259 1381 dicentes
3293 1341 3306 1379 :
3341 1324 3488 1389 Quid
3519 1327 3610 1381 est

1953 1410 2100 1466 hoc?
2129 1411 2244 1467 Cur
2274 1412 2383 1468 hoc
2415 1412 2582 1485 agis?
2606 1414 2824 1468 Tamen
2857 1413 3294 1469 aestimaverunt
3321 1429 3456 1469 eum
3478 1429 3609 1470 esse

1951 1505 2268 1557 amentem.
2298 1501 2589 1557 Nimirum
2621 1503 2744 1574 ipse
2774 1501 2922 1558 nihil
2954 1502 3117 1570 dixit,
3151 1503 3336 1560 donec
3366 1503 3439 1559 ad
3467 1503 3604 1576 Epi-

1951 1605 2192 1661 scopum
2220 1594 2458 1647 ventum
2505 1594 2613 1647 est.
2665 1591 2751 1646 Ad
2800 1607 2974 1663 quem
3013 1591 3336 1664 Episcopus
3369 1607 3383 1648 :
3416 1595 3606 1657 Quare

1951 1677 2060 1733 hoc
2080 1677 2245 1751 agis?
2271 1683 2349 1734 At
2367 1679 2466 1735 ille
2488 1679 2758 1743 seriatim,
2771 1681 2821 1735 ei
2845 1694 2949 1752 per
2976 1680 3242 1737 ordinem
3281 1679 3507 1753 pandit.
3539 1680 3608 1736 Et

177 1783 323 1824 vera
351 1770 493 1823 sunt
522 1782 648 1838 quas
677 1766 746 1822 de
775 1765 1073 1822 Walberte
1119 1765 1342 1821 Joanne
1371 1765 1623 1837 propriis
1654 1762 1841 1820 oculis
1872 1773 1920 1837 Β
1953 1767 2273 1839 Episcopus
2307 1785 2320 1824 :
2355 1768 2470 1841 Ego
2502 1772 2560 1824 te
2592 1767 2848 1839 absolvo,
2882 1768 3094 1839 inquit,
3129 1770 3200 1824 ab
3248 1769 3358 1826 hoc
3406 1773 3594 1825 reatu.

176 1857 304 1912 vidi
337 1860 393 1912 et
423 1855 642 1924 audivi,
672 1855 731 1910 in
777 1855 964 1928 ipsius
1013 1853 1251 1910 nomine
1300 1853 1570 1925 praecipio
1616 1853 1724 1908 tibi
1757 1857 1841 1922 ut,

179 1945 451 2002 celeriter
478 1960 745 2011 accensa,
776 1944 1094 1999 inextincta
1123 1959 1490 2015 permaneas.
1525 1942 1660 2006 Quae
1708 1957 1842 1997 cum

179 2038 354 2090 tanta
397 2031 700 2089 velocitate
733 2036 820 2088 est
852 2047 1094 2086 accensa
1131 2047 1197 2086 ac
1248 2030 1296 2085 si
1338 2029 1616 2086 divinitus
1647 2029 1700 2086 ei
1730 2028 1843 2085 im-

178 2126 458 2195 peratum
489 2121 713 2177 fuisset.
747 2121 818 2176 Et
845 2124 985 2176 tunc
1017 2121 1258 2176 demum
1289 2135 1479 2192 usque
1511 2135 1684 2175 mane
1720 2123 1841 2175 tam

177 2209 344 2267 clare
373 2209 542 2278 arsit,
570 2207 729 2265 velut
756 2224 825 2264 ex
852 2207 1171 2282 purissimo
1207 2208 1331 2264 oleo
1361 2206 1581 2281 repleta
1611 2206 1842 2263 fuisset.

177 2299 289 2356 Ille
322 2298 425 2372 qui
454 2297 657 2370 gessit,
689 2297 857 2353 nobis
889 2297 1173 2369 scribens,
1207 2297 1330 2353 hac
1371 2296 1645 2353 dictando
1678 2313 1844 2352 man-

179 2389 368 2444 davit.
400 2389 545 2442 Ante
587 2385 973 2458 sepulchrum
1018 2386 1237 2458 quippe
1285 2387 1415 2457 ejus
1465 2390 1606 2441 tunc
1664 2385 1846 2458 priori

176 2481 454 2547 tempore
501 2474 729 2547 lampas
775 2491 893 2530 una
943 2474 1280 2542 constituta,
1329 2479 1386 2530 et
1430 2475 1488 2528 in
1541 2473 1848 2530 nocturnis

177 2565 558 2636 temporibus
587 2564 958 2620 accendenda
980 2579 1082 2636 per
1112 2563 1330 2619 multos
1362 2579 1548 2620 annos
1579 2579 1848 2635 perman-

175 2655 288 2723 sit;
303 2670 482 2726 quam
501 2669 650 2726 sepe
668 2652 726 2707 in
743 2657 958 2708 terram
973 2652 1348 2720 corruisse,et
1359 2668 1590 2724 semper
1605 2651 1847 2708 illazsam

173 2743 608 2818 permansisse,
645 2759 759 2810 me,
793 2741 894 2815 qui
924 2742 1139 2808 scribo,
1171 2742 1389 2798 vidisse
1419 2741 1715 2814 proﬁteor.

258 2868 383 2924 128.
420 2867 668 2933 Quidam
698 2881 924 2938 magna;
960 2865 1358 2938 simplicitatis
1401 2868 1460 2920 et
1505 2864 1850 2922 obedientiee

173 2957 274 3013 vir
317 2958 390 3013 ad
425 2957 742 3028 quamdam
792 2954 1291 3011 obeditiunculam
1326 2955 1473 3027 (113)
1508 2955 1578 3010 de
1609 2954 1850 3026 praefato

174 3045 627 3104 Passinianensi
659 3044 921 3100 coenobio
947 3045 1017 3100 ad
1042 3044 1475 3100 conversionem
1499 3044 1648 3114 (114)
1670 3043 1845 3099 venit.

1954 1856 2021 1910 Et
2049 1854 2146 1911 ille
2176 1873 2188 1910 :
2224 1856 2336 1924 Tu,
2370 1856 2582 1927 inquit,
2615 1873 2730 1912 non
2776 1872 2838 1913 es
2892 1870 3059 1913 meus
3106 1857 3302 1913 Abbas
3341 1857 3611 1914 abdictus

1954 1945 2128 2016 (116),
2158 1945 2259 2002 sed
2291 1946 2704 2002 tantummodo
2733 1950 2846 2002 tua:
2878 1946 3130 2004 civitatis
3155 1946 3499 2019 Episcopus.
3529 1947 3612 2002 Ex

1954 2034 2124 2105 cujus
2155 2034 2522 2090 absolutione
2570 2035 2714 2091 nihil
2761 2051 2998 2102 curans,
3041 2039 3107 2091 ut
3153 2038 3408 2108 cmperat
3438 2051 3610 2092 suam

1954 2123 2347 2180 obedientiam
2375 2123 2625 2180 festinus
2656 2123 2978 2196 adimplere
3009 2129 3365 2198 pertentans,
3415 2129 3472 2180 et
3518 2140 3611 2194 eo,

1955 2209 2112 2265 unde
2141 2208 2237 2265 alii
2271 2209 2658 2274 abstulerant,
2688 2209 2812 2267 loco
2843 2228 2973 2268 eam
3003 2211 3209 2269 devote
3238 2212 3520 2284 reposuit,
3552 2215 3614 2267 et

1956 2299 2232 2354 continuo
2255 2299 2498 2355 domum
2530 2299 2695 2355 laetus
2727 2300 3162 2356 remeavit.Haec
3193 2315 3450 2371 namque
3481 2299 3613 2355 ideo

1955 2387 2286 2460 posuimus,
2335 2392 2398 2444 ut
2447 2388 2791 2444 obedientiaa
2835 2389 3081 2461 bonum,
3131 2405 3306 2461 quam
3360 2388 3614 2461 perfecte

1956 2477 2131 2532 etiam
2164 2477 2225 2532 in
2257 2476 2713 2550 simplicioribus
2743 2495 2848 2550 pro
2880 2479 3203 2535 reverentia
3232 2477 3379 2534 tanti
3424 2477 3612 2533 Patris

1957 2567 2353 2634 exercebatur,
2387 2565 2876 2639 signiﬁcaremus.

2031 2691 2154 2746 131.
2215 2690 2328 2746 Sed
2381 2694 2439 2745 et
2485 2690 2593 2745 hoc
2643 2690 2797 2762 quod
2848 2689 3148 2746 subinfero
3205 2706 3239 2744 a
3293 2688 3610 2746 venerabili

1958 2780 2157 2835 Fratre
2185 2779 2449 2847 Teberto,
2481 2780 2581 2851 qui
2615 2779 2674 2833 in
2706 2779 2907 2835 eodem
2937 2777 3375 2835 Passinianensi
3420 2795 3611 2835 cceno-

1959 2867 2055 2923 bio
2086 2866 2419 2924 monasticae
2470 2866 2768 2940 religionis
2819 2867 2998 2924 vitam
3046 2868 3265 2940 optime
3310 2867 3617 2938 conduxit,

1960 2973 2063 3028 pro
2095 2961 2251 3012 certo
2283 2955 2523 3012 scimus.
2575 2955 2703 3024 Qui,
2754 2972 2824 3012 ex
2876 2956 3058 3013 nobili
3103 2956 3376 3029 prosapia
3426 2960 3614 3026 ortus,

1961 3046 2277 3117 quemdam
2311 3049 2580 3117 nepotem
2612 3043 2839 3112 habuit,
2883 3045 3118 3102 nomine
3148 3045 3499 3113 Benzonem,
3529 3044 3617 3101 vi-

174 3137 447 3202 Quicum
469 3134 723 3206 quadam
745 3134 839 3190 die
853 3133 1185 3205 aliquantos
1208 3133 1598 3188 mercenaries
1617 3148 1686 3188 ex
1709 3149 1852 3204 praa-
1880 3144 1922 3212 α
1961 3150 2093 3188 rum
2125 3133 2183 3187 in
2217 3133 2395 3188 armis
2428 3138 2767 3201 strenuum;
2801 3138 2857 3190 et
2885 3135 2945 3190 in
2977 3135 3200 3192 bellicis
3232 3135 3457 3192 actibus
3488 3134 3620 3192 dili-

173 3228 354 3297 cepto
386 3223 651 3294 ejusdem
700 3221 1040 3278 obedientiae
1091 3221 1304 3278 Prioris
1355 3223 1428 3277 ad
1475 3220 1849 3277 excolendam

173 3311 613 3386 agriculturam
646 3311 1042 3379 conduxisset,
1068 3327 1200 3366 cum
1228 3311 1312 3367 eis
1353 3327 1454 3383 per
1482 3314 1664 3366 totam
1696 3309 1850 3364 diem

176 3403 248 3457 in
285 3399 447 3455 ruris
476 3399 740 3456 exercitio
762 3400 1002 3455 devotus
1025 3398 1380 3472 permansit;
1417 3403 1474 3454 et
1501 3416 1634 3455 cum
1668 3397 1754 3454 sol
1779 3397 1851 3453 ad

173 3505 472 3548 occasum
503 3489 824 3556 diverteret,
859 3493 916 3545 et
947 3505 1153 3545 omnes
1185 3489 1284 3561 qui
1316 3489 1376 3543 in
1412 3487 1599 3544 vicino
1630 3486 1853 3543 labora-

175 3581 336 3635 bant
365 3579 661 3650 propriam
710 3578 1054 3650 repedarent
1091 3579 1356 3644 domum,
1409 3577 1489 3632 ait
1542 3577 1612 3632 ad
1663 3593 1848 3632 suos:

175 3674 412 3724 Eamus
441 3671 497 3723 et
528 3685 634 3723 nos
661 3666 934 3722 similiter
963 3668 1035 3722 ad
1067 3671 1336 3722 nostrum
1370 3669 1656 3721 metatum
1680 3666 1850 3736 (115).

177 3760 362 3814 Tunc
392 3757 647 3830 propriis
670 3756 1056 3829 superpositis
1085 3755 1333 3812 sarculis
1355 3760 1528 3826 atque
1547 3756 1851 3824 abeuntes,

181 3847 551 3903 invenerunt
579 3844 868 3901 oviculam
916 3849 1223 3918 vagantem
1254 3860 1358 3917 per
1387 3861 1543 3900 rura.
1577 3843 1724 3907 Quid
1758 3843 1853 3898 hic

182 3937 346 4010 agis,
380 3934 698 4007 inquiunt?
728 3935 904 3990 Tetra
931 3951 1048 3990 nox
1067 3935 1194 4006 jam
1226 3933 1681 4006 appropinquat,
1721 3936 1778 3986 et
1822 3947 1856 3986 a

181 4026 477 4098 luporum
511 4023 806 4080 morsibus
861 4021 976 4078 eris
1027 4022 1378 4079 devoranda.
1412 4022 1598 4088 Tunc,
1632 4021 1732 4094 qui
1764 4037 1857 4076 su-

181 4114 520 4186 perstabat,
553 4112 634 4168 ait
663 4111 781 4168 illis
814 4128 828 4166 :
859 4110 1175 4168 Nobiscum
1224 4127 1352 4167 eam
1405 4111 1642 4178 deferte,
1693 4114 1760 4166 ut
1804 4109 1856 4165 ei

182 4203 372 4274 cujus
402 4205 494 4258 est
523 4200 765 4257 illaesum
796 4201 1098 4256 valeamus
1126 4201 1388 4257 reddere.
1423 4199 1492 4255 Et
1531 4199 1856 4272 apprehen-

181 4307 333 4348 sam
361 4306 495 4347 eam
528 4289 687 4346 domi
714 4305 913 4347 secum
946 4289 1302 4345 detulerunt.

265 4414 399 4470 129.
433 4413 716 4469 Prmterea
741 4411 1102 4469 invenientes
1154 4412 1374 4468 ibidem
1424 4412 1494 4467 de
1530 4411 1659 4482 jam
1707 4411 1860 4466 dicto

1961 3226 2164 3295 genter
2186 3221 2538 3276 instructum
2564 3240 2576 3288 ;
2603 3226 2658 3277 et
2682 3227 2748 3276 ut
2768 3222 2848 3278 ita
2868 3223 3080 3292 dicam,
3106 3225 3262 3294 quod
3287 3226 3480 3295 majus
3502 3228 3615 3295 est,

1962 3325 2321 3382 quamquam
2354 3309 2412 3364 in
2445 3309 2707 3365 saeculari
2758 3311 2960 3365 habitu
3012 3313 3258 3382 positus,
3291 3312 3351 3366 in
3382 3312 3616 3366 Domini

1962 3399 2265 3470 praeceptis
2295 3402 2419 3454 erat
2459 3397 2722 3453 devotus.
2755 3398 3036 3453 Praeterea
3067 3399 3322 3470 quadam
3362 3399 3455 3453 die
3485 3398 3617 3470 qui-

1961 3489 2096 3543 dam
2130 3487 2356 3555 heroes,
2390 3487 2462 3542 ob
2494 3486 2773 3542 invidiam
2827 3485 3003 3542 nimis
3043 3503 3314 3559 magnam
3345 3503 3413 3543 ex
3442 3486 3616 3559 longo

1960 3580 2223 3648 tempore
2235 3577 2360 3647 jam
2386 3580 2772 3647 procreatam,
2799 3576 2868 3630 ad
2895 3575 3140 3631 invicem
3171 3575 3618 3643 commiserunt,

1961 3666 2121 3722 etab
2153 3664 2430 3720 alterutro
2475 3664 2756 3736 superati,
2813 3681 2948 3720 cum
2991 3667 3116 3736 jam
3171 3665 3484 3738 praedictus
3530 3664 3622 3720 vir

1962 3755 2292 3822 interesset,
2325 3753 2397 3808 ab
2433 3754 2676 3809 adversa
2707 3758 2870 3826 parte
2918 3758 3008 3810 est
3058 3753 3478 3826 deprehensus.
3512 3754 3624 3810 Ita-

1963 3859 2077 3916 que
2107 3842 2166 3898 in
2199 3847 2360 3898 arcta
2390 3841 2568 3897 nimis
2600 3842 2869 3897 custodia
2900 3858 3032 3897 cum
3064 3844 3416 3900 constrictus
3442 3845 3619 3914 esset,

1962 3931 2291 4004 desperavit
2320 3946 2383 3986 se
2413 3929 2682 3987 funditus
2706 3944 3079 4004 quocumque
3111 3932 3283 3988 modo
3312 3948 3382 3988 ex
3409 3949 3477 3988 ea
3507 3931 3621 3988 eri-

1963 4039 2022 4094 p1
2054 4036 2246 4094 posse.

2040 4144 2160 4199 132.
2192 4147 2354 4198 Tunc
2385 4141 2701 4215 przedictus
2731 4143 3015 4200 Tebertus
3043 4160 3148 4216 pro
3177 4141 3480 4200 charitatis
3503 4158 3622 4201 sive

1967 4231 2495 4305 consanguinitatis
2526 4231 2735 4287 affectu
2762 4231 2822 4286 in
2853 4230 3081 4304 nepotis
3113 4231 3431 4290 afﬂictione
3461 4249 3621 4289 com-

1969 4326 2184 4389 motus,
2238 4319 2486 4375 recurrit
2543 4320 2616 4375 ad
2669 4324 2896 4392 patrem
2954 4324 3260 4394 Joannem,
3308 4327 3366 4378 et
3420 4321 3627 4395 petivit

1969 4411 2170 4466 dicens
2202 4427 2214 4464 :
2253 4407 2686 4465 Gloriosissime
2725 4413 2891 4481 pater
2939 4414 2995 4465 et
3037 4410 3292 4477 domine,
3348 4410 3627 4482 deprecor

185 4501 469 4560 coenobio
514 4501 826 4573 quemdam
879 4500 1198 4570 Vicarium,
1231 4505 1457 4556 retenta
1503 4516 1703 4555 secum
1735 4516 1864 4568 ove,
1893 4519 1939 4584 Ι)
1969 4502 2132 4554 tuam
2164 4495 2778 4553 misericordissimam
2808 4497 3180 4553 clementiam
3213 4502 3278 4552 ut
3306 4513 3398 4553 me
3429 4499 3624 4554 famu-

188 4609 417 4650 omnes
448 4590 743 4647 salutandi
778 4590 967 4663 gratia
996 4591 1388 4645 occurrunt.A
1417 4606 1532 4660 quo
1565 4587 1864 4644 resalutati
1972 4587 2095 4643 lum
2126 4591 2294 4642 tuum
2328 4584 2644 4641 clementer
2673 4585 2960 4654 audias,et
2990 4587 3060 4641 de
3089 4603 3204 4657 quo
3236 4601 3374 4658 rogo
3393 4589 3628 4658 propter

189 4697 344 4738 cum
378 4695 585 4736 omnes
617 4683 832 4746 essent,
865 4679 946 4734 ait
975 4677 1092 4733 illis
1145 4696 1157 4734 :
1213 4678 1360 4744 Quid
1409 4678 1521 4734 sibi
1570 4676 1696 4732 vult
1743 4678 1865 4734 ovis

191 4785 391 4842 quam
418 4767 727 4824 vobiscum
757 4767 1034 4823 defertis?
1064 4767 1170 4831 Qui
1194 4767 1501 4822 dixerunt:
1532 4767 1866 4822 Invenimus

191 4875 380 4916 ovem
441 4857 751 4928 cujusdam
802 4861 1113 4928 errantem,
1159 4859 1217 4912 et
1264 4857 1360 4928 qui
1404 4855 1572 4912 nobis
1628 4859 1870 4927 praeerat

191 4945 492 5022 prmcepit
522 4949 588 5000 ut
615 4945 922 5002 nobiscum
954 4961 1082 5001 eam
1114 4946 1594 5001 conduceremus.
1629 4944 1734 5000 Ubi
1783 4949 1872 5000 est

276 5104 441 5178 (111)
472 5103 632 5178 P14);
658 5104 948 5178 Brotensts
976 5102 1173 5178 ltalice
1203 5103 1417 5158 dicitur
1445 5103 1607 5158 Pieve
1625 5103 1688 5158 di
1708 5104 1871 5159 Broz-

190 5175 296 5249 rei,
323 5194 361 5232 a
390 5175 519 5232 luco
551 5175 850 5249 Florentia:
881 5175 1091 5249 vicino.
1546 5199 1547 5202 η

279 5249 443 5320 (112)
473 5253 583 5303 Per
608 5247 882 5320 celebrare
911 5245 1266 5320 Italicismus
1312 5249 1402 5303 est
1451 5261 1553 5318 per
1602 5246 1672 5302 ad
1726 5245 1873 5302 cele-

192 5318 407 5379 brand
416 5318 511 5391 am
529 5318 947 5391 vespertinam
961 5318 1244 5391 synaxim,

283 5391 446 5464 (113)
477 5386 1030 5464 Obediiiunculahi'c
1060 5389 1351 5464 signiﬁcat
1394 5403 1632 5459 parvam
1680 5386 1876 5464 villam

193 5459 507 5522 rusticam
541 5478 575 5516 a
605 5461 960 5517 monasterio
991 5459 1626 5534 dependentem,quam
1650 5459 1879 5530 antiqui

194 5533 396 5605 vulgo
426 5537 637 5605 vocant
664 5534 983 5605 grangiam.
1034 5603 1045 5605 _
1069 5533 1082 5534 ’
1254 5565 1265 5580 .

286 5598 750 5681 (114)(ῗοκυδνὶἱο
776 5598 1089 5677 aliquando
1112 5598 1878 5674 monachismum,aliquan-

549 5729 816 5796 νισι-λοι.
861 5728 1119 5794 CXLVI.

1973 4681 2135 4732 tuam
2173 4691 2448 4747 magnam
2481 4674 2751 4746 pietatem
2787 4674 2900 4729 cito
2932 4674 3242 4730 subvenire
3269 4673 3628 4746 digneris,ut

1975 4764 2265 4820 famulum
2295 4769 2465 4818 tuum
2507 4762 2677 4817 illum
2728 4763 3051 4818 Benzoncm
3103 4780 3137 4818 a
3185 4762 3287 4818 tali
3317 4768 3374 4819 et
3404 4780 3437 4818 a
3465 4767 3628 4818 tanto

1977 4852 2262 4910 exitiabili
2294 4850 2703 4924 periculo,sine
2725 4851 2910 4922 pretio
2935 4857 2993 4908 et
3021 4851 3219 4925 aliqua
3249 4852 3631 4908 conventione

1979 4941 2287 4999 abstrahas
2319 4939 2593 4996 liberum.
2619 4941 2843 4996 Etcum
2864 4940 2972 4997 hoc
2994 4941 3366 5011 feceris,tunc
3387 4941 3627 4998 demum

1982 5105 2056 5160 do
2085 5103 2368 5158 laicorurn
2401 5101 2748 5172 obsequium
2782 5103 3086 5160 monachis
3115 5103 3375 5160 oblatum
3408 5100 3632 5174 signifi.

1983 5181 2094 5232 cat.

2057 5246 2205 5319 (115)
2236 5245 2467 5319 Metam;
2494 5243 2585 5300 vel
2600 5245 2861 5319 Matutam
2892 5245 3186 5319 significat
3211 5244 3636 5319 propriume-

1988 5315 2279 5390 micilium,
2325 5322 2382 5372 et
2429 5315 2723 5390 interdum
2773 5315 3118 5390 hospitium.
3151 5315 3370 5390 Opinor
3413 5316 3473 5372 in
3521 5315 3632 5373 hoc

1989 5406 2163 5444 sensu
2195 5389 2338 5446 aedes
2366 5390 2616 5459 proprias
2645 5388 2981 5459 signiﬁcari.

2060 5406 2163 5444 nsu
2195 5404 2338 5446 aedes
2366 5404 2616 5459 proprias
2645 5405 2690 5444 ε]
2740 5404 2981 5445 nmcari.

2060 5461 2207 5533 (116)
2247 5459 2632 5533 dbdictasihic
2677 5404 2830 5516 igem
2881 5461 3210 5533 significare
3255 5459 3445 5532 debet,
3477 5459 3634 5532 quod

1991 5530 2348 5658 cogistitutus
2378 5530 2464 5587 vel
2496 5531 2844 5602 declaratus,
2875 5530 3038 5590 ut_ex
3067 5549 3242 5590 sensu
3275 5530 3525 5605 pronum
3547 5533 3638 5588 est

1992 5619 2052 5658 1n
2081 5619 2111 5658 e
2161 5618 2336 5658 igere.

1992 5603 2336 5675 intelligere.

3239 5731 3316 5792 26
