4002 6170
174 283 286 343 813

1759 285 1986 345 ACTA.

3455 298 3572 357 8M

171 415 229 469 in
261 429 350 470 me
380 426 613 485 semper
637 413 838 482 valuit,
873 415 1194 471 auctoritas
1223 430 1356 470 cum
1397 414 1596 471 nullus
1641 419 1811 471 antea
1840 419 1887 482 Α
1924 415 2067 471 adid
2081 417 2508 473 ostendendum
2533 419 3573 497 observamus,aperiam,priusquam

170 504 410 573 hujusce
441 501 742 574 religionis
775 519 866 558 me
896 505 967 560 ad
999 505 1108 559 hoc
1158 503 1480 576 impulerit,
1524 521 1656 559 cum
1684 504 1814 576 plu-

169 592 299 647 rimi
331 597 600 647 orassent
631 609 644 647 :
681 609 839 658 nam,
870 597 935 648 ut
965 609 1163 648 verum
1209 594 1409 664 fatear,
1445 611 1560 649 non
1587 595 1658 649 de
1689 611 1812 649 am-

164 680 380 737 bitione
412 680 557 735 illud
613 697 782 754 agere
815 681 1276 752 [detrectabam,]
1307 699 1508 737 verum
1541 682 1680 754 quia
1710 699 1814 739 nec

163 769 396 842 ingenio
428 785 534 824 nec
564 769 828 825 doctrina
858 769 1145 837 valebam,
1178 787 1451 826 excusare
1482 771 1814 841 [volebam]

162 859 282 914 Non
315 859 478 930 potui
508 874 645 930 ergo
675 859 747 914 ob
779 857 1034 929 plurima
1056 861 1112 914 in
1145 859 1506 932 Religionem
1540 863 1596 914 et
1627 860 1688 914 in
1721 877 1814 916 me

161 946 520 1002 benemerita
549 964 665 1002 non
698 951 806 1004 tua)
837 947 1124 1003 voluntati
1175 965 1372 1021 gerere
1404 965 1644 1020 morem,
1677 965 1810 1005 cum

161 1037 218 1090 in
249 1040 513 1091 mentem
541 1035 811 1092 veniebat
853 1041 929 1103 te,
966 1037 1250 1093 nonnulla
1281 1039 1339 1092 S.
1371 1038 1656 1094 Johannis
1701 1038 1812 1093 nii-

158 1123 356 1180 racula
388 1124 446 1179 in
477 1124 711 1180 hortulo
758 1130 956 1181 nostro
987 1126 1343 1194 audientem,
1373 1127 1445 1181 ad
1494 1144 1562 1182 ea
1591 1127 1812 1182 descri-

155 1214 367 1280 benda,
385 1218 450 1269 ut
478 1229 736 1286 possem,
768 1214 1064 1270 hortatum
1087 1215 1433 1271 fuisse.1*‘eci
1461 1231 1596 1287 ergo
1619 1216 1812 1287 quoad

155 1304 343 1376 potui,
379 1307 445 1358 ut
470 1302 620 1358 votis
672 1303 1074 1360 satisfacerem
1106 1304 1260 1371 tuis;
1295 1321 1429 1359 cum
1461 1320 1530 1360 ex
1570 1304 1663 1360 his
1693 1321 1813 1360 om-

155 1391 330 1446 nibus
362 1408 491 1463 que
522 1390 784 1463 legerim,
809 1391 1076 1459 viderim,
1113 1392 1460 1462 audiverim,
1486 1409 1555 1448 ea
1577 1396 1808 1449 tantum

151 1479 367 1536 litteris
397 1479 669 1536 mandavi
702 1496 828 1552 qua:
859 1485 916 1535 et
959 1480 1072 1536 ﬁde
1101 1485 1159 1537 et
1206 1481 1491 1537 memoria
1519 1481 1698 1553 digna
1726 1481 1809 1538 vi-

154 1571 452 1626 derentur.
939 1621 954 1628 -

219 1659 274 1714 3.
310 1657 528 1713 Verum
575 1657 739 1730 prius
771 1674 1022 1730 quonam
1073 1659 1244 1714 modo
1293 1664 1350 1714 et
1396 1659 1569 1728 Crux,
1603 1675 1720 1731 qua
1747 1659 1808 1714 in

150 1747 358 1819 primis
391 1745 637 1815 utimur,
667 1747 736 1802 ad
767 1746 877 1802 hoc
907 1746 1199 1814 instituta,
1233 1751 1291 1801 et
1320 1747 1631 1802 brachium
1662 1746 1807 1802 illud

146 1835 590 1892 sanctissimum
614 1835 727 1890 huc
749 1851 852 1906 per
883 1834 1137 1908 Angelos
1159 1834 1510 1891 miraculose
1542 1835 1804 1892 delatum

145 1924 237 1998 sit,
261 1932 324 1980 et
354 1924 595 1980 modum
629 1923 902 1995 viamque
926 1941 1104 1996 quam
1132 1925 1384 1994 majores
1407 1925 1589 1980 nostri
1621 1929 1677 1980 et
1697 1942 1803 1981 nos

1925 503 2158 558 initium
2190 506 2466 560 narrandi
2500 507 2820 575 faciam,ut
2838 511 3036 566 omnia
3056 512 3245 584 magis
3269 514 3577 587 magisque

1925 593 1981 646 in
2015 599 2214 664 aperto
2259 593 2380 649 sint
2411 611 2424 649 :
2459 593 2519 649 in
2552 612 2690 666 quo,
2724 597 2773 652 si
2822 599 2962 669 quid
2995 601 3194 657 minus
3223 606 3392 658 caute
3421 603 3571 675 peri-

1922 685 2096 752 teque
2128 681 2398 750 dixerim,
2445 683 2592 739 mihi
2624 685 2789 741 facile
2838 688 3066 744 veniam
3100 693 3204 744 tua
3253 690 3573 764 singularis

1923 769 2254 842 benignitas
2285 775 2342 826 et
2364 771 2703 829 humanitas
2734 774 2918 840 dabit,
2951 792 3108 848 cum,
3141 782 3203 833 ut
3234 779 3408 851 paulo
3439 786 3573 836 ante

1923 857 2061 930 dixi,
2116 863 2174 914 et
2221 864 2343 915 arte
2391 865 2448 916 et
2496 861 2731 934 ingenio
2781 879 2989 934 parum
3039 865 3284 922 valeam.
3327 869 3574 940 Insuper

1922 964 2054 1002 cum
2085 948 2204 1003 haac
2224 949 2350 1019 jam
2385 950 2683 1006 omiserim
2716 953 2934 1018 studia,
2965 958 3022 1008 et
3051 954 3264 1011 divinis
3294 955 3572 1012 incubue-

1922 1037 2052 1107 rim,
2087 1054 2215 1108 qua:
2247 1039 2486 1107 quidem
2537 1039 2608 1094 de
2640 1040 2932 1096 industria
2963 1059 2996 1098 a
3046 1043 3185 1098 viris
3215 1044 3572 1102 doctissimis

1922 1143 2129 1197 parum
2161 1131 2362 1182 ornate
2385 1144 2451 1183 ac
2481 1127 2821 1200 eloquenter
2844 1131 3001 1186 edita
3021 1132 3182 1189 fuere
3206 1150 3219 1201 ;
3249 1133 3571 1205 praesertim

1921 1229 1988 1269 ea
2018 1231 2143 1286 quae
2176 1215 2234 1269 in
2251 1215 2385 1285 jure
2407 1215 2697 1273 Canonico
2719 1235 2753 1272 a
2781 1218 3138 1289 quibusdam
3169 1220 3386 1278 inculte
3408 1225 3466 1276 et
3489 1222 3572 1277 in-

1921 1303 2160 1358 concine
2198 1305 2441 1374 probata
2488 1309 2645 1373 sunt,
2677 1306 2760 1361 ita
2789 1312 2854 1362 ut
2882 1308 3057 1364 etiam
3110 1309 3330 1366 Latinis
3357 1308 3566 1366 litteris

1919 1391 2292 1448 mediocriter
2313 1392 2578 1449 eruditus
2602 1410 2730 1449 eam
2754 1395 3047 1452 scribendi
3069 1397 3383 1453 ruditatem
3405 1397 3558 1454 haud

1919 1497 2084 1552 aequo
2112 1481 2308 1536 animo
2338 1482 2488 1536 ferre
2517 1483 2742 1554 possit;
2776 1499 2952 1555 quam
2989 1489 3186 1541 tamen
3217 1485 3366 1542 ferre
3396 1502 3566 1558 opor-

1917 1573 2018 1640 tet,
2051 1585 2184 1625 cum
2216 1569 2300 1623 illi
2328 1585 2396 1625 ea
2426 1570 2487 1625 in
2519 1576 2643 1627 arte
2669 1571 2891 1627 liberali
2924 1573 3248 1645 plurimum
3279 1574 3570 1631 sententia

1918 1673 2096 1729 quam
2128 1662 2340 1713 ornatu
2386 1656 2636 1714 valeant.
2670 1659 2748 1714 Eo
2779 1660 2866 1726 ﬁt,
2915 1660 3209 1729 Laurenti,
3240 1665 3307 1717 ut
3354 1661 3567 1733 sapius

1917 1746 1976 1800 in
2009 1746 2253 1802 dicendo
2278 1762 2393 1801 non
2426 1747 2638 1815 Latini,
2665 1749 2766 1803 sed
2798 1748 3034 1804 barbari
3063 1766 3098 1805 a
3119 1750 3259 1805 viris
3288 1749 3567 1821 eloquen-

1912 1835 2161 1891 tissimis
2192 1835 2552 1904 habeamur;
2581 1852 2757 1908 quam
2809 1837 3140 1896 barbariem
3170 1854 3334 1910 aquo
3365 1839 3566 1895 animo

1913 1925 2065 1981 feras
2096 1941 2195 1980 oro
2221 1942 2235 1993 ;
2269 1923 2396 1996 lege
2424 1940 2560 1998 ergo
2592 1924 2852 1982 feliciter.

1343 2319 1739 2404 LIBER
1839 2318 2376 2405 PRIMUS.

203 2637 260 2692 4.
277 2636 347 2694 In
370 2635 563 2708 ipsius
580 2635 940 2691 sanctissimi
955 2635 1200 2692 Joannis
1217 2635 1349 2692 Vita
1367 2633 1584 2707 legitur
1599 2649 1800 2706 quem-

133 2727 275 2782 dam
307 2725 667 2783 Florentium
709 2724 1132 2796 Florentinum,
1166 2741 1301 2780 cum
1330 2723 1650 2796 plurimum
1682 2723 1798 2778 elo-

133 2815 384 2887 quentia
401 2818 460 2870 et
478 2812 703 2886 vulgari
731 2813 1042 2884 prudentia
1059 2812 1318 2884 polleret,
1349 2827 1797 2884 nonnumquam

133 2908 348 2959 contra
380 2907 670 2957 Joannem
717 2901 870 2956 inter
899 2901 1043 2958 alios
1075 2901 1227 2958 cives
1257 2918 1359 2973 pro
1410 2901 1577 2957 Petro
1609 2901 1797 2956 Simo-

1908 2561 1976 2600 ex
2008 2560 2106 2600 ore
2138 2544 2438 2600 flammam
2467 2545 2718 2617 ignitam
2740 2550 2798 2602 et
2827 2546 3070 2602 naribus
3100 2545 3314 2603 hiulcis
3337 2548 3567 2620 pestife-

1911 2649 2043 2688 rum
2076 2632 2580 2705 sulphureumque
2612 2636 2841 2691 fumum
2871 2635 3140 2692 edentem
3172 2636 3441 2694 cominus
3471 2653 3566 2694 me

1909 2721 2193 2777 miserum
2242 2722 2506 2778 intueor!
2556 2725 2626 2779 Et
2678 2729 2735 2778 Β.
2785 2725 3063 2794 Joannes,
3098 2725 3340 2781 ubinam
3389 2731 3563 2798 esset,

1909 2810 2401 2882 interrogans,illo
2415 2812 2702 2884 arripiens
2721 2813 2997 2869 manibus
3029 2815 3563 2883 crucem,umbram

1910 2903 2194 2971 perquam
2244 2903 2481 2956 strenue
2530 2901 2865 2972 percussit;
2901 2902 3000 2974 qui
3039 2901 3308 2958 diabolus
3358 2904 3561 2960 statim

135 2993 312 3048 niaco
359 2990 644 3063 Episcopo
692 2990 1021 3046 Florentino
1069 2989 1477 3046 insurrexisse.
1518 2989 1621 3044 Hic
1665 3005 1798 3043 cum
1910 2988 2140 3058 ejulans
2170 3005 2236 3043 ac
2267 2989 2472 3044 fcetens
2503 3005 2609 3044 ceu
2660 2990 2861 3045 fumus
2893 2990 3168 3059 evanuit;
3203 2995 3262 3046 et
3289 2990 3564 3047 inﬁrmus

137 3081 202 3136 in
238 3079 546 3148 extremis,
582 3079 836 3151 quadam
885 3079 1156 3135 detentus
1187 3078 1548 3146 inﬁrmitate,
1578 3079 1806 3134 labora-
1840 3137 1878 3153 ﬂ
1919 3077 2036 3132 acri
2079 3093 2216 3132 voce
2261 3076 2586 3133 exclamare
2619 3096 2632 3133 :
2667 3078 2782 3134 Deo
2827 3079 3084 3151 gratias!
3138 3080 3254 3135 Deo
3304 3082 3559 3153 gratiast

130 3175 249 3235 ret,
283 3137 545 3224 salutare
594 3137 706 3223 sibi
738 3167 929 3222 visum
962 3172 1052 3223 est
1104 3167 1440 3232 consilium,
1490 3137 1624 3222 cum
1652 3167 1806 3238 ipse-
1837 3137 1879 3202 Ο
1916 3164 2092 3231 Abiit,
2143 3164 2434 3220 discessit.
2477 3165 2618 3220 Ecce
2667 3137 2886 3222 adsunt
2931 3167 3126 3238 Virgo,
3161 3168 3260 3223 Dei
3304 3137 3569 3240 gloriosa

143 3264 275 3314 met
308 3274 424 3314 sua
451 3256 811 3314 conscientia
839 3256 911 3311 ad
944 3256 1161 3312 inferos
1205 3257 1603 3324 damnaretur,
1637 3255 1810 3312 habi-
1921 3253 2125 3319 Mater,
2158 3252 2364 3308 Petrus
2413 3253 2730 3324 Apostolus
2773 3259 2830 3309 et
2859 3259 3023 3325 pater
3072 3255 3434 3311 Benedictus.
3471 3257 3569 3311 His

134 3353 292 3403 tum
319 3362 356 3400 a
375 3347 590 3400 Joanne
612 3345 985 3400 sanctissimo
1009 3344 1328 3417 Religionis
1359 3346 1706 3416 impetrare;
1734 3349 1809 3414 et,
1921 3341 2114 3408 dictis,
2149 3341 2407 3396 animam
2437 3340 2774 3397 felicissime
2803 3341 3020 3397 emisit.

139 3435 475 3508 negotium
505 3434 838 3504 hujusmodi
869 3434 994 3489 suis
1035 3434 1384 3490 necessariis
1414 3434 1809 3504 committens,
1990 3432 2045 3485 6.
2081 3432 2264 3496 Quam
2297 3446 2528 3486 crucem
2561 3431 2832 3486 monachi
2864 3430 2922 3485 in
2953 3431 3208 3487 sacrario
3238 3431 3393 3488 inter
3419 3432 3564 3486 San-

136 3542 177 3580 a
206 3523 451 3579 Joanne
478 3521 572 3594 pio
594 3527 650 3576 et
679 3521 1031 3592 injuriarum
1057 3520 1387 3576 immemori
1418 3519 1692 3576 facillime
1722 3535 1813 3574 ve—
1923 3524 2144 3575 ctorom
2197 3517 2478 3590 reliquias
2528 3522 2845 3590 servantes,
2878 3519 3090 3591 saepius
3136 3519 3314 3575 etiam
3368 3524 3572 3576 nostra

137 3614 324 3669 niam
358 3610 690 3681 impetravit
718 3628 731 3678 ;
765 3610 838 3665 ad
862 3608 1128 3665 habitum
1155 3613 1353 3664 tamen
1384 3608 1813 3679 dandum,quia
1923 3612 2088 3664 (etate
2133 3608 2245 3663 fide
2291 3612 2348 3663 et
2376 3608 2695 3664 virtutibus
2744 3609 2803 3663 S.
2835 3607 3078 3664 Joannis
3120 3609 3300 3679 ducti,
3334 3609 3433 3664 ubi
3464 3608 3566 3664 ali-

141 3703 289 3758 sine
321 3699 664 3772 probatione
695 3697 821 3754 ﬁeri
850 3714 964 3753 non
998 3697 1152 3764 licet,
1185 3697 1545 3753 immobilem
1592 3713 1814 3768 repere-
1924 3697 2056 3769 quis
2088 3713 2122 3752 a
2150 3697 2438 3753 daemonio
2469 3701 2674 3768 captus
2704 3693 3180 3765 huc'accesserit,
3213 3702 3412 3753 utrum
3442 3715 3572 3770 cap-

141 3794 321 3846 runt.
356 3788 658 3861 [Egrotum
705 3786 885 3859 igitur
914 3786 1120 3842 afﬁnes
1167 3803 1282 3841 non
1316 3786 1442 3841 sine
1472 3784 1814 3841 difﬁcultate
1924 3789 2020 3841 tus
2033 3785 2428 3841 sitadaamone
2448 3802 2522 3840 an
2543 3786 2889 3852 non,eadem
2912 3802 3081 3842 cruce
3100 3790 3344 3856 tentant,
3367 3787 3428 3842 in
3451 3787 3570 3859 pri-

139 3881 230 3935 ad
261 3880 323 3934 S.
358 3878 648 3933 Joannem
701 3876 970 3931 deferunt
996 3893 1010 3944 ;
1054 3881 1110 3930 et
1155 3875 1408 3945 denique
1456 3875 1728 3946 precibus
1759 3878 1818 3929 et
1927 3874 2039 3930 mis
2061 3878 2258 3930 tamen
2286 3890 2500 3945 aquam
2523 3873 2643 3930 sale
2666 3878 2723 3929 et
2741 3874 2936 3931 verbis
2964 3875 3348 3932 exorcizatam
3371 3892 3569 3948 asper-

143 3965 444 4040 lacrymis
493 3969 824 4038 parentum,
853 3963 943 4019 vel
992 3980 1189 4019 revera
1235 3963 1422 4035 magis
1471 3963 1659 4035 ipsius
1702 3963 1820 4018 ﬁde
1927 3967 2274 4036 gentes,qua
2299 3961 2612 4030 solum,me
2633 3963 3340 4036 praesente,quamplures
3361 3966 3576 4021 disces-

145 4059 376 4124 ﬂexus,
407 4055 676 4111 habitum
709 4055 782 4108 ad
835 4061 1163 4108 extremum
1209 4052 1293 4106 illi
1323 4051 1636 4108 consentit.
1669 4050 1818 4106 Proh
1930 4050 2532 4108 sereincolumes.Sed
2546 4051 2596 4107 si
2612 4051 2679 4108 ﬁt
2692 4051 3576 4125 penitus,utpraefatacruce,qui

143 4148 316 4201 bone
347 4143 518 4200 Jesu!
559 4147 720 4199 tanta
740 4143 799 4198 S.
825 4141 1066 4198 Joannis
1092 4140 1276 4196 virtus
1299 4145 1355 4196 et
1384 4141 1573 4212 gratia
1601 4140 1732 4207 fuit,
1757 4143 1823 4195 ut
1931 4157 1965 4196 a
2007 4141 2270 4195 daemone
2317 4143 2647 4212 torquetur,
2677 4139 2988 4197 incolumis
3041 4158 3178 4197 non
3206 4144 3473 4210 evaserit,
3504 4143 3578 4199 ad

150 4234 269 4306 qui
296 4235 426 4304 jam
462 4232 719 4287 moriens
738 4231 1053 4298 videretur,
1077 4233 1310 4301 sumpto
1332 4245 1398 4285 eo
1430 4229 1667 4297 amictu,
1692 4245 1822 4283 sur-
1929 4229 2236 4284 beatorum
2259 4228 2570 4284 deducitur
2588 4229 2924 4301 sepulcrum
2951 4228 3223 4297 ;Orlandi
3253 4231 3402 4303 (121)
3423 4231 3581 4287 scili-

152 4326 336 4396 geret
367 4325 425 4377 et
453 4319 803 4376 ambularet.
1936 4320 2027 4372 cet
2055 4316 2162 4370 viri
2213 4321 2270 4371 et
2313 4317 2584 4371 monachi
2634 4317 3016 4383 sanctissimi,
3047 4322 3105 4373 et
3149 4317 3404 4374 Melioris
3433 4320 3581 4392 (122)

233 4412 293 4465 5.
328 4410 445 4466 Sed
478 4407 761 4464 nonnullo
790 4407 1096 4478 interjecto
1125 4411 1406 4480 tempore,
1433 4423 1569 4461 cum
1599 4404 1830 4478 gravior
1936 4403 2190 4460 eremitae
2208 4402 2712 4476 gloriosissimi,et
2727 4404 2909 4476 hujus
2929 4407 3269 4462 monasterii
3288 4407 3582 4463 Abbatum

151 4499 340 4572 quad
351 4514 450 4553 am
470 4497 766 4569 agrotatio
785 4497 1056 4552 eumdem
1075 4496 1408 4566 corriperet,
1427 4493 1509 4550 ita
1524 4498 1590 4549 ut
1606 4492 1829 4549 nullam
1861 4513 1908 4578 Β
1941 4492 2183 4565 Benigni
2203 4492 2352 4564 (123)
2374 4496 2430 4547 et
2456 4492 3012 4564 Michaelis(124),et
3040 4493 3456 4550 nonnullorum
3483 4494 3585 4566 qui

158 4585 465 4644 evadendi
487 4586 615 4658 jam
664 4601 829 4657 spem
868 4584 1131 4649 haberet,
1181 4588 1244 4638 P.
1293 4583 1571 4650 Joannes,
1617 4580 1835 4637 vocatis
1944 4581 2121 4637 etiam
2150 4580 2511 4636 venerabiles
2557 4580 2832 4636 exstitere
2860 4585 3124 4650 Patrum,
3158 4597 3408 4653 quorum
3438 4583 3588 4638 vitas

163 4673 523 4740 monachis,
570 4691 703 4729 eum
750 4673 939 4730 visere
986 4671 1194 4745 pergit,
1227 4677 1302 4742 et,
1335 4672 1463 4744 ipso
1511 4675 1567 4726 et
1613 4669 1834 4726 caeteris
1946 4674 2003 4725 et
2027 4669 2260 4741 egregia
2289 4670 2442 4724 facta
2462 4669 2602 4740 quia
2631 4668 2777 4724 alias
2807 4674 2866 4723 et
2894 4668 3114 4738 prolixe
3134 4673 3192 4724 et
3220 4669 3468 4725 breviter
3491 4669 3588 4725 lit-

163 4764 518 4830 orantibus,
551 4761 648 4818 ille
697 4767 949 4835 aegrotus
980 4765 1155 4833 caput
1196 4765 1408 4831 totum,
1439 4759 1572 4815 lecti
1617 4761 1836 4814 arrecto
1947 4758 2087 4814 teris
2119 4758 2398 4812 mandare
2444 4756 2799 4822 curavimus,
2830 4756 3357 4828 impraesentiarum
3397 4758 3469 4814 de
3497 4757 3591 4814 his

157 4870 404 4926 panno,
437 4851 759 4924 cooperuit.
783 4851 931 4916 Quid
961 4853 1228 4906 vereatur
1257 4852 1422 4921 rogat
1450 4849 1509 4904 S.
1542 4848 1836 4904 Joannes:
1951 4863 2122 4903 secus
2152 4845 2404 4901 scribere
2435 4861 2549 4900 non
2590 4845 2700 4899 fuit
2728 4843 3041 4900 consilium
3069 4863 3082 4913 ;
3116 4848 3188 4902 ad
3221 4863 3471 4919 quorum
3505 4863 3593 4903 se-

161 4941 286 4999 Ille
321 4942 537 4997 faciem
564 4941 828 4997 enudans
850 4938 1043 5011 inquit
1063 4943 1318 4995 tremens
1346 4955 1358 4994 :
1386 4937 1694 4994 Diabolum
1723 4939 1841 4990 toto
1953 4934 2221 5006 pulcrum
2241 4932 2699 4989 innumerabiles
2715 4937 2840 4988 tum
2855 4933 2961 4989 viri
2980 4937 3106 4990 tum
3119 4935 3598 5008 mulieres,variis

261 5101 420 5174 (121)
449 5099 558 5174 _Hic
587 5098 1105 5174 beatuserandus
1137 5098 1247 5152 fuit
1267 5102 1592 5174 Conversus
1613 5096 1846 5174 Ordinis
1958 5110 2099 5174 nem.
2133 5091 2599 5174 habet.nlnterim
2632 5093 2759 5163 ejus
2794 5092 3053 5174 elogium
3085 5095 3198 5167 legi
3228 5099 3420 5167 potest
3447 5095 3602 5167 apud

170 5163 709 5247 vallumbrosani,
737 5171 1020 5247 obiitque
1067 5185 1220 5247 anno
1272 5170 1428 5247 12/12.
1464 5168 1732 5247 Syllogen
1777 5169 1849 5247 de
1958 5165 2300 5247 Simiu‘min
2333 5163 2608 5247 gatalogg
2629 5179 2762 5246 pag.
2792 5163 2919 5247 215':
2943 5236 2958 5247 .
3030 5237 3053 5247 ν
3143 5163 3196 5247 ἰ
3414 5234 3450 5247 η

163 5259 260 5299 eo
293 5242 646 5298 historicam
692 5234 826 5298 vide
875 5234 942 5297 in
983 5241 1144 5296 Actis
1184 5240 1399 5296 nostris
1448 5234 1525 5295 ad
1571 5234 1725 5296 diém
1780 5241 1852 5294 2O
2031 5237 2284 5307 (123)70e
2315 5234 2826 5307 abbate—Benigno
2867 5236 2998 5292 vide
3030 5236 3384 5292 Locatellum
3414 5234 3516 5291 lib.
3546 5236 3602 5304 2,

158 5314 359 5381 Maii,
393 5319 555 5369 tomo
603 5314 867 5383 ejusdem
918 5312 1140 5368 mensis
1192 5328 1222 5365 ν
1267 5327 1414 5383 pag.
1439 5312 1564 5366 263.
1599 5317 1674 5366 De
1724 5311 1852 5380 ipso
1961 5305 2487 5383 cap._2_g7,_Simium
2512 5307 2640 5377 jam
2662 5305 2822 5383 (saepe
2851 5307 3093 5383 citatum
3126 5309 3379 5383 pag._51.

155 5377 380 5444 etiam
412 5384 535 5455 agit
565 5377 784 5440 Siinius
806 5386 866 5440 in
898 5384 1164 5455 Catalogo
1194 5377 1332 5455 pag,
1346 5377 1485 5436 226.
1750 5377 1767 5380 ⁷
1834 5450 1849 5455 Δ
1965 5377 2184 5455 ___(1_24)
2216 5377 2269 5433 Is
2299 5383 2567 5455 m_o_rt_u_u_s
2589 5381 2678 5455 est
2709 5377 2862 5455 anno
2895 5379 3032 5432 1370
3051 5377 3220 5455 juigta
3252 5377 3609 5455 hocatellum

268 5456 427 5531 (122)
450 5447 514 5510 is
544 5455 668 5531 fuit
687 5457 931 5531 eremita
958 5447 1383 5531 Cella'rufnfDe
1403 5468 1478 5531 eo
1509 5467 1751 5531 agemus
1782 5450 1852 5506 ad
1965 5447 2067 5531 li‘b'.
2090 5452 2146 5513 2,
2178 5450 2425 5531 cap..40.
2448 5447 2870 5531 VideHSimium
2901 5465 3034 5522 pag.
3056 5447 3192 5521 7217,
3217 5449 3479 5525 aliosque
3509 5467 3612 5513 au-

155 5519 367 5586 diem
397 5519 1352 5610 translationis,nempe'primum
1383 5519 1655 5610 Augusti,
1681 5538 1858 5610 quem
1967 5524 2158 5579 ctores
2186 5519 2342 5594 apud
2372 5535 2512 5580 eum
2553 5520 2785 5580 citatos.

157 5618 220 5664 ο
233 5615 346 5660 um
364 5596 500 5657 aliis
521 5593 862 5658 monasterii
876 5593 1050 5658 Vallis
1066 5593 1364 5655 Umbrosaa
1386 5593 1580 5654 Beatis
1601 5593 1864 5655 commu-
