4002 6170
462 270 583 333 815

1511 266 1576 326 S.
1619 262 1947 325 JOANNIS
1994 262 2443 325 GUALBERTI
2486 262 2825 325 ABBATIS
3678 278 3763 340 816

464 400 908 459 infirmitatibus
934 398 1173 464 detenti,
1195 395 1407 453 Christi
1436 397 1575 453 Jesu
1598 395 1966 467 amplissima
1993 395 2104 451 mi-
2134 394 2190 463 Α
2218 411 2450 452 sumere
2480 396 2791 463 festinatis,
2824 412 2959 452 cum
2987 399 3044 449 S.
3066 395 3307 453 Joannis
3336 397 3601 457 brachium
3624 404 3671 460 in
3696 423 3765 463 sa-

465 490 782 553 sericordia
828 487 1049 546 sensim
1096 487 1298 543 morbo
1345 485 1535 558 levati,
1568 485 1806 542 sanitati
1856 484 2109 556 denique

467 580 680 637 redditi
711 582 871 639 sunt.

536 669 589 724 7.
624 667 734 725 Sed
767 667 818 723 si
849 666 959 723 hoc
1006 665 1162 721 haud
1206 665 1486 738 profuerit
1516 664 1737 736 (utpote
1784 662 1922 735 quia
1950 663 2109 718 varia

464 774 598 814 cum
630 760 770 813 sunt
784 772 998 829 genera
1018 755 1464 823 dasmoniorum,
1480 753 1656 811 variis
1677 752 1853 809 etiam
1873 753 2111 808 Sancto-

465 863 590 903 ram
622 845 995 919 expelluntur
1042 845 1286 915 meritis)
1320 846 1391 901 ad
1442 848 1497 899 S.
1529 843 1772 900 Joannis
1804 841 2108 898 brachium

464 935 642 993 etiam
675 952 768 993 res
796 936 1109 992 deveniens
1139 935 1265 991 suis
1297 950 1528 1006 semper
1558 932 1782 989 meritis
1824 948 1889 987 ac
1921 930 2111 1003 preci-

463 1025 579 1082 bus
598 1026 894 1082 dasmones
914 1040 1119 1081 omnes
1138 1024 1313 1081 etiam
1331 1022 1444 1079 alio
1474 1023 1558 1077 ire
1589 1020 1984 1094 coguntur.De
1998 1035 2111 1090 quo

464 1114 812 1187 priusquam
825 1123 940 1187 quo
953 1113 1153 1169 ordine
1170 1128 1355 1184 quave
1367 1111 1669 1168 devotione
1692 1109 2111 1165 monasterium

465 1210 628 1261 extra
678 1203 972 1260 deferatur
1017 1202 1343 1274 expediam,
1375 1217 1561 1273 pauca
1590 1217 1771 1270 supra
1823 1201 2110 1269 repetens,

467 1293 692 1351 scilicet
728 1308 986 1365 quonam
1018 1292 1189 1348 modo
1220 1292 1290 1347 ab
1322 1289 1559 1363 Angelis
1607 1289 1722 1344 huc
1769 1285 2114 1342 mirabiliter

467 1382 748 1449 delatum,
780 1399 894 1455 quo
945 1382 1017 1438 ad
1068 1381 1538 1454 cognoscendum
1581 1377 1779 1434 omnia
1833 1374 2110 1439 illustria,

468 1471 661 1546 magis,
690 1471 995 1544 magisque
1023 1470 1084 1525 in
1116 1474 1315 1542 aperto
1346 1468 1487 1524 sint.
1518 1466 1767 1532 Quidam
1798 1465 1978 1537 igitur
2006 1464 2113 1518 hu-

460 1561 563 1632 jus
592 1561 779 1618 nostri
811 1559 1154 1619 monastorii
1186 1558 1458 1615 Conversi
1488 1557 1603 1611 fide
1634 1554 1796 1627 digni
1825 1553 1970 1609 mihi
2001 1569 2112 1607 sae-

470 1650 606 1722 pius
635 1649 904 1721 retulere,
923 1666 986 1706 se
1008 1667 1042 1705 a
1067 1647 1331 1720 patribus
1355 1646 1479 1702 suis
1496 1645 1807 1716 accepisse,
1834 1645 1966 1714 post
1996 1640 2111 1712 pri-

468 1739 551 1795 mi
564 1739 843 1796 Bernardi
872 1739 944 1794 de
957 1736 1349 1807 Ubertis(125)
1371 1735 1549 1805 hujus
1571 1730 1910 1789 monasterii
1937 1733 2114 1785 Gene-

467 1828 628 1895 ralis,
658 1832 716 1884 et
744 1828 804 1884 S.
836 1827 904 1882 R.
936 1826 997 1881 E.
1030 1823 1354 1881 Cardinalis
1376 1823 1624 1891 obitum,
1647 1821 1952 1894 praefatum
1978 1820 2109 1874 bra-

469 1916 668 1973 chium
701 1931 801 1988 per
827 1913 1078 1986 Angelos
1126 1913 1273 1968 mire
1305 1912 1420 1968 huc
1450 1910 1709 1967 delatum
1740 1910 1944 1976 fuisse,
1975 1924 2110 1963 cum

467 2004 761 2077 imprimis
791 2003 979 2077 gratia
1007 2002 1202 2073 hujus,
1237 2001 1369 2057 lites
1400 2017 1513 2056 non
1565 2016 1752 2071 parvas
1786 1999 1934 2052 inter
1977 2013 2111 2051 nos-

466 2097 589 2149 tros
605 2097 662 2150 et
673 2092 933 2149 Passiani
952 2091 1271 2147 monachos
1287 2089 1578 2145 exstitisse
1596 2089 1873 2143 ferantur.
1895 2085 2111 2141 Verum

468 2183 730 2253 demum,
762 2198 897 2238 cum
928 2185 1176 2252 utraque
1206 2196 1341 2252 pars
1360 2178 1421 2233 in
1453 2194 1561 2233 sua
1577 2177 1884 2231 .voluntate
1912 2178 1969 2231 et
1989 2191 2115 2230 sen-

468 2271 654 2327 tentia
682 2270 1043 2343 persisteret,
1074 2266 1331 2340 fatigatis
1376 2264 1634 2333 arbitris,
1668 2263 1740 2318 lis
1771 2260 2112 2333 hujusmodi

470 2360 539 2416 ad
578 2358 979 2416 Florentinum
1010 2361 1279 2413 senatum
1311 2355 1559 2411 devenit.

543 2451 597 2504 8.
629 2447 871 2520 Cognita
899 2450 1097 2517 itaque
1127 2461 1304 2500 causa
1332 2447 1388 2499 et
1416 2444 1524 2499 rite
1554 2460 1619 2498 ac
1650 2441 1961 2513 diligenter
1980 2456 2112 2495 exa-

473 2537 715 2605 minata,
763 2534 1096 2607 judicatum
1140 2538 1254 2600 est,
1286 2532 1386 2587 ubi
1436 2549 1666 2603 corpus,
1709 2531 1789 2587 ibi
1831 2530 2113 2585 membra.

478 2627 665 2692 Quam
695 2639 820 2680 rem
848 2622 1035 2680 nostri
1065 2638 1182 2677 non
1230 2635 1394 2693 aequo
1426 2621 1620 2677 animo
1671 2621 1944 2684 ferentes,
1979 2618 2119 2689 quia

474 2716 534 2771 id
564 2714 810 2771 ulterius
842 2711 1097 2769 habendi
1126 2726 1261 2783 spes
1290 2709 1482 2766 omnis
1514 2708 1745 2765 sublata
1775 2707 2117 2773 erat,mmsti

476 2805 549 2862 ad
579 2803 763 2860 eadem
806 2805 1067 2858 nostram
1091 2799 1334 2866 rediere,
1368 2797 1675 2854 brachium
1712 2801 1910 2852 autem
1957 2796 2118 2851 istud

474 2895 659 2952 fertur
678 2906 976 2962 esse,quo,
992 2893 1058 2945 ut
1086 2905 1266 2961 supra
1285 2887 1564 2954 diximus,
1578 2888 1636 2941 P.
1656 2885 2119 2954 Jobannes,dum

2217 484 2387 541 crarii
2438 485 2613 541 vestri
2662 485 2858 557 pluteo
2906 485 3052 541 mire
3096 501 3162 540 ac
3206 485 3371 557 digne
3414 488 3639 547 locetur?
3675 495 3765 564 Cui,

2219 577 2419 645 utpote
2470 574 2947 642 mendacissimo,
2979 591 3111 629 cum
3165 576 3421 631 monachi
3465 595 3637 649 parum
3668 583 3769 644 ﬁdei

2218 662 2583 724 adhiberent,
2616 668 2673 718 et
2715 661 2811 718 ille
2860 668 3055 719 tamen
3086 662 3146 718 in
3179 665 3452 721 sententia
3480 684 3572 723 sua
3596 686 3767 740 perma-

2220 756 2404 817 neret,
2437 752 2671 807 tandem
2705 751 3015 822 qumsitum
3044 756 3150 819 est,
3188 754 3261 817 et,
3296 757 3356 807 ut
3396 754 3607 824 dixerat,
3632 758 3677 812 in
3701 777 3768 815 sa-

2222 840 2391 895 crarii
2424 840 2675 896 armario
2706 845 3001 912 repertum
3024 846 3130 897 est.
3155 844 3277 908 Qua
3305 843 3373 898 de
3400 859 3457 898 re
3476 844 3647 916 ingens
3669 863 3766 918 gau-

2220 931 2385 986 dium
2438 932 2591 987 inter
2652 931 2972 987 monachos
3036 932 3316 987 oboritur.
3372 933 3596 990 Pulsatis
3641 938 3769 1009 igitur

2220 1018 2544 1091 campanis,
2577 1019 2875 1076 funalibus
2926 1021 3210 1086 accensis,
3240 1021 3498 1078 omnibus
3541 1026 3768 1081 monachis

2221 1113 2278 1162 et
2309 1108 2618 1179 ministris,
2648 1109 2802 1179 quod
2834 1124 3019 1181 genus
3040 1109 3345 1165 hominum
3367 1109 3576 1183 vulgato
3602 1113 3773 1169 nomine

2222 1198 2539 1253 Conversos
2585 1198 2857 1266 dicimus,
2891 1202 2949 1253 et
2990 1199 3085 1270 qui
3144 1200 3383 1255 aderant
3426 1200 3669 1272 agricola,
3694 1218 3774 1255 una

2222 1286 2716 1354 convenientibus,
2751 1287 3128 1343 cantantibus
3159 1291 3217 1343 et
3247 1288 3441 1344 devote
3469 1288 3777 1360 psallentibus

2222 1374 2542 1445 Fratribus,
2565 1376 2788 1431 daemon
2810 1377 3047 1432 tandem
3080 1394 3195 1432 non
3227 1377 3353 1433 sine
3375 1377 3556 1434 miseri
3584 1377 3777 1433 hominis

2222 1464 2571 1519 detrimento
2602 1464 2893 1521 discessit.

2293 1555 2379 1607 10.
2412 1554 2493 1608 Ex
2523 1570 2588 1609 eo
2626 1554 2821 1625 itaque
2871 1557 3133 1626 tempore
3160 1554 3443 1627 templum
3488 1555 3583 1610 hoc
3625 1556 3779 1627 majori

2218 1643 2280 1697 in
2311 1643 2615 1699 devotione
2644 1659 2711 1698 ac
2749 1643 3086 1712 reverentia,
3120 1660 3302 1715 quam
3332 1647 3514 1710 antea,
3542 1661 3572 1700 a
3611 1645 3780 1700 cunctis

2220 1732 2514 1787 Hetruscis
2536 1730 2803 1787 habitum
2825 1736 2938 1787 est:
2969 1732 3080 1789 Nec
3102 1732 3477 1799 mirum,cum
3494 1750 3595 1789 non
3612 1737 3782 1788 tantum

2219 1822 2289 1875 de
2320 1820 2495 1875 Italia:
2523 1821 2809 1891 partibus,
2841 1837 3041 1877 verum
3072 1823 3253 1878 etiam
3286 1839 3352 1879 ex
3382 1822 3555 1879 Gallia
3581 1820 3787 1877 Transal-

2221 1908 2359 1981 pina
2388 1909 2533 1981 (126)
2558 1916 2783 1966 constat
2811 1927 2844 1966 a
2874 1911 3133 1967 daemone
3153 1915 3209 1967 et
3243 1913 3315 1967 ab
3346 1912 3471 1969 aliis
3498 1911 3785 1967 inﬁrmitati-

2220 1998 2353 2062 bus,
2412 1997 2680 2069 precibus
2736 1998 2981 2054 Joannis
3039 2000 3422 2071 sanctissimi,
3476 1999 3787 2056 incolumitati

2223 2086 2481 2142 redditos
2539 2104 2667 2143 esse
2717 2088 3115 2160 quamplures.
3167 2088 3371 2145 Dicam
3419 2090 3647 2162 profecto
3687 2088 3787 2160 quid

2225 2176 2498 2244 sentiam,
2531 2180 2588 2231 et
2618 2177 2807 2232 dicam
2838 2176 3031 2233 verius
3063 2194 3247 2250 quam
3280 2182 3473 2251 potero
3504 2196 3516 2234 :
3548 2178 3672 2233 hanc
3697 2175 3789 2231 reli-

2224 2266 2478 2337 gionem,
2513 2282 2584 2321 ne
2614 2265 2803 2321 dicam
2836 2266 3098 2333 domum,
3132 2271 3280 2339 puto
3311 2267 3483 2337 hujus
3512 2263 3791 2321 sanctissimi

2225 2353 2449 2409 brachii
2479 2353 2777 2409 miraculis
2826 2355 3212 2426 precibusque
3248 2356 3486 2411 Joannis
3517 2351 3790 2411 conservari.

2227 2442 2368 2507 Quis
2400 2442 2554 2497 enim
2586 2442 2764 2513 hujus
2795 2447 2982 2498 status
3014 2443 3340 2516 Religionis
3390 2445 3460 2500 ab
3487 2444 3677 2499 Abbate
3704 2440 3794 2496 Ric-

2227 2533 2423 2588 ciardo
2447 2533 2592 2603 (127)
2610 2533 2683 2588 ad
2706 2533 2772 2587 Β.
2787 2536 2849 2587 Ρ.
2867 2532 3248 2589 Franciscum
3270 2534 3539 2606 (128),ᾳυὶ
3560 2533 3701 2588 modo
3719 2529 3795 2602 ipsi

2226 2620 2493 2691 religioni
2525 2626 2754 2691 praeest,
2787 2621 2979 2693 fuerit,
3013 2622 3312 2680 incertum
3342 2623 3519 2679 habeo
3548 2622 3725 2695 pudeat
3748 2635 3796 2673 an

2229 2709 2424 2781 pigeat
2453 2710 2641 2782 magis
2673 2710 2976 2767 disserere.
3000 2710 3226 2768 Verum
3251 2713 3323 2768 ad
3357 2713 3628 2784 inceptum
3657 2709 3796 2764 redeo.

2230 2799 2343 2854 Res
2372 2797 2501 2870 ipsa
2544 2798 2761 2855 hortari
2807 2800 3056 2869 videtur,
3088 2801 3377 2873 quoniam
3429 2802 3496 2857 de
3540 2802 3593 2857 S.
3620 2794 3803 2854 Joannis

2229 2887 2469 2943 brachio
2501 2904 2680 2960 supra
2699 2888 2923 2945 dictum
2952 2894 3060 2962 est,
3075 2890 3263 2947 etiam
3287 2891 3422 2947 huic
3438 2888 3583 2945 aliud
3609 2889 3801 2943 inserere

478 2984 539 3039 in
570 2982 681 3038 hac
707 2981 827 3037 vita
855 2982 1028 3047 esset,
1060 2976 1362 3033 diabolum
1386 2992 1521 3032 cum
1552 2989 1722 3031 cruce
1752 2973 2124 3045 percussit,et
2231 2976 2584 3049 prodigium,
2609 2979 2763 3048 quod
2786 2982 3045 3051 tempore
3059 2980 3314 3037 Abbatis
3337 2977 3593 3035 Bernardi
3614 2976 3803 3031 Florent.

478 3072 564 3127 ita
592 3084 720 3127 esse
750 3083 843 3124 res
872 3067 1001 3139 ipsa
1031 3064 1204 3139 paulo
1235 3068 1368 3138 post
1396 3063 1789 3135 experimento
1818 3062 2116 3117 indicavit.

2232 3066 2302 3121 de
2351 3065 2758 3137 Giunﬁglazzis
2804 3067 2952 3140 (129)
3006 3068 3338 3125 multorum
3384 3064 3701 3131 testimonio,
3735 3060 3802 3131 qui

475 3166 647 3225 Nam.
672 3158 877 3215 ϐοάϐῐη
907 3156 1025 3212 fere
1051 3159 1330 3227 tempore,
1361 3170 1493 3209 cum
1526 3152 1766 3225 quidam
1796 3169 1830 3207 a
1860 3152 2120 3206 daemone
2150 3140 2192 3207 C
2234 3173 2388 3212 nunc
2431 3156 2605 3211 etiam
2654 3161 2990 3229 supersunt,
3036 3158 3331 3229 probatur
3371 3156 3677 3214 exstitisse:
3705 3150 3805 3205 Cum

475 3250 759 3323 fatigatus
785 3250 842 3302 S.
875 3244 1070 3301 Marias
1100 3245 1172 3299 de
1199 3241 1360 3298 Valle
1380 3242 1668 3298 Umbrosa
1696 3239 2117 3296 monasterium

473 3338 735 3412 petisset,
756 3340 815 3391 et
842 3336 1091 3405 daemon,
1111 3332 1171 3389 S.
1202 3331 1448 3388 Joannis
1468 3331 1741 3387 virtutem
1762 3346 1878 3385 non
1902 3329 2117 3395 ferens,

474 3444 579 3501 per
606 3443 672 3483 os
698 3424 964 3497 ejusdem
993 3422 1102 3479 viri
1120 3426 1423 3494 cogeretur
1443 3420 1766 3477 exclamare
1792 3436 1803 3475 :
1830 3418 1978 3482 Quid
2000 3432 2116 3484 me,

474 3534 507 3573 o
536 3519 810 3582 Joannes,
832 3517 1071 3583 torques
1091 3511 1119 3565 ‘I
1148 3510 1295 3576 Quid
1327 3509 1659 3566 detrimenti
1690 3507 1899 3579 quidve
1936 3507 2116 3562 mole-

476 3605 603 3662 stias
624 3602 730 3659 tibi
755 3601 974 3659 attuli?
996 3601 1121 3655 Non
1153 3598 1294 3654 satis
1322 3598 1514 3654 visum
1555 3602 1644 3653 est
1664 3596 1768 3651 tibi
1789 3596 1848 3651 in
1878 3596 1996 3651 vita
2024 3611 2117 3650 me

467 3692 690 3767 jugiter
716 3690 969 3762 insequi,
1002 3705 1137 3745 cum
1168 3684 1343 3743 etiam
1376 3690 1508 3758 post
1528 3702 1657 3742 eam
1690 3686 1940 3741 necdum
1972 3684 2121 3740 desi-

475 3800 584 3841 nas
607 3781 811 3855 quovis
834 3779 1008 3836 modo
1037 3778 1213 3833 etiam
1234 3776 1295 3831 in
1327 3776 1580 3831 externis
1604 3773 1939 3845 regionibus
1969 3772 2120 3827 inse-

477 3872 621 3929 ctari
648 3871 677 3926 ?
726 3870 952 3927 Desiste
996 3867 1257 3933 tandem,
1285 3864 1503 3931 desine,
1536 3864 1586 3920 si
1618 3880 1733 3934 qua
1763 3862 1949 3934 pietas
1976 3862 2035 3916 in
2063 3864 2119 3917 te

478 3966 587 4027 est,
620 3976 727 4016 nos
759 3956 932 4015 variis
980 3956 1211 4013 afficere
1250 3953 1627 4010 cruciatibus.
1662 3952 1802 4008 Inde
1849 3951 2119 4007 tartareis

473 4048 717 4106 vocibus
753 4046 1077 4103 exclamare
1122 4043 1473 4115 geminando
1503 4040 1718 4113 saepius
1752 4056 1765 4095 ε
1799 4040 1843 4096 Ο
1875 4040 2115 4096 cruces!

477 4155 511 4193 ο
540 4134 872 4192 tormenta!
904 4133 1086 4189 Paulo
1117 4135 1251 4204 post
1278 4130 1585 4187 hominum
1619 4129 2015 4185 miserrimum
2046 4131 2117 4185 ad

480 4229 701 4282 terram
755 4223 1095 4290 detrudens,
1150 4224 1217 4275 ut
1272 4218 1543 4292 spiritum
1592 4220 1855 4275 emittere
1897 4218 2119 4275 videre-

476 4318 594 4372 tur.

546 4404 602 4459 9.
641 4402 741 4459 His
770 4401 953 4475 igitur
972 4404 1029 4458 et
1058 4399 1190 4456 aliis
1215 4399 1417 4472 inique
1447 4399 1518 4455 ab
1550 4398 1677 4471 ipso
1699 4399 1971 4470 peractis,
1997 4415 2119 4454 mo-

2227 3245 2403 3314 enim,
2438 3249 2502 3300 ut
2535 3261 2660 3300 mos
2708 3250 2817 3311 est,
2851 3246 3040 3301 accitu
3073 3247 3284 3318 populi
3338 3243 3635 3303 Florentini
3660 3239 3803 3295 Abbas

2228 3333 2501 3406 praefatus
2518 3350 2636 3389 una
2653 3350 2785 3389 cum
2809 3335 3114 3391 monachis
3140 3335 3469 3393 honorifice
3487 3330 3699 3391 Joannis
3714 3328 3805 3382 bea-

2229 3422 2440 3479 tissimi
2460 3422 2766 3478 brachium
2797 3424 3125 3492 deferendo,
3150 3430 3223 3481 ut
3256 3426 3421 3499 Bapt.
3454 3420 3672 3481 Joannis
3697 3412 3805 3471 festi-

2226 3512 2389 3567 vitati
2450 3512 2644 3568 decori
2707 3517 3166 3586 ornamentoque
3243 3519 3467 3583 essent,
3532 3506 3805 3568 Florentium

2228 3601 2693 3668 concessissent;
2723 3607 2954 3673 peracta
3000 3604 3053 3658 S.
3086 3603 3343 3661 Joannis
3376 3605 3534 3675 Bapt.
3566 3613 3739 3674 pompa
3770 3593 3806 3644 ei

2227 3688 2597 3761 processione
2610 3688 2948 3745 solemniter
2961 3688 3806 3760 adimpleta,hocbrachiumtam

2227 3777 2525 3849 egregium
2577 3777 2901 3851 multisque
2935 3779 3241 3838 miraculis
3293 3780 3648 3854 insignitum,
3673 3771 3810 3829 invitis

2226 3866 2531 3923 monachis
2562 3884 2627 3922 ac
2654 3859 2931 3938 przelatis,
2964 3868 3023 3923 in
3054 3870 3320 3941 digniori
3351 3870 3537 3943 gradu
3568 3862 3729 3941 palatii
3744 3858 3810 3913 do-

2227 3972 2477 4027 musque
2508 3956 2751 4026 publicae
2775 3973 2878 4028 pro
2912 3962 3172 4029 tempore
3198 3960 3408 4016 Patres
3438 3959 3642 4015 Priores
3660 3955 3817 4008 statue-

2229 4061 2288 4100 re
2313 4063 2326 4114 ;
2357 4045 2464 4099 hoc
2491 4044 2686 4100 animo
2708 4048 2903 4102 tamen
2926 4050 2991 4101 ut
3011 4046 3121 4102 sibi
3141 4055 3427 4104 auratum
3444 4038 3810 4104 tabernaculum

2230 4138 2286 4190 et
2314 4134 2636 4206 egregium,
2671 4138 2736 4189 ut
2766 4135 2853 4191 fas
2884 4140 3029 4203 erat,
3063 4136 3252 4194 ﬁeret.

2302 4223 2389 4277 11.
2412 4221 2629 4278 Verum
2654 4240 2789 4279 cum
2801 4225 2926 4295 jam
2951 4224 3107 4282 hunc
3130 4226 3249 4282 sibi
3272 4220 3695 4294 locum,cseteris
3710 4214 3821 4289 posi-

2228 4311 2463 4378 habitis,
2497 4311 2809 4384 delegisset
2849 4314 3235 4371 beatissimus
3284 4317 3565 4383 Joannes,
3596 4315 3646 4367 et
3674 4310 3720 4364 in
3743 4301 3822 4357 vita

2230 4401 2406 4456 etiam
2435 4405 2569 4472 post
2597 4401 2795 4473 ipsum
2826 4402 3004 4458 decus
3035 4404 3246 4459 mundi
3282 4404 3755 4477 potentiorumque
3776 4388 3821 4477 lif

476 4493 650 4550 nachi
679 4508 905 4556 casum,
934 4489 1192 4546 hominis
1214 4489 1339 4560 jam
1373 4489 1445 4543 ad
1478 4491 1735 4543 extrema
1764 4487 1995 4543 deducti
2019 4487 2123 4542 mi-
2152 4516 2203 4578 Ι)
2232 4489 2391 4545 mina
2409 4489 2671 4545 devitans
2694 4490 2977 4562 postridie
2997 4509 3031 4547 a
3051 4476 3307 4549 sacrista
3324 4494 3386 4549 in
3411 4492 3576 4549 altari
3601 4476 3822 4554 suo,quod

475 4585 762 4648 serentes,
784 4581 855 4637 ad
878 4578 1208 4635 Passiniani
1229 4576 1672 4644 monasterium,
1700 4577 1853 4648 quod
1876 4593 1944 4631 ea
1970 4580 2122 4632 tem-

476 4675 702 4745 pestate
731 4668 1091 4727 sanctissimi
1122 4667 1362 4723 Joannis
1407 4665 1689 4738 Reliquiis
1718 4664 1994 4737 pollebat,
2029 4682 2121 4721 so-

476 4761 598 4817 cios
628 4763 694 4816 ut
739 4762 1045 4833 pergerent
1073 4756 1477 4814 hortabantur.
1522 4755 1744 4821 Quibus
1776 4755 2003 4810 daemon
2035 4755 2124 4810 di-

474 4848 611 4906 vina
644 4848 859 4905 virtute
887 4845 1080 4918 inquit
1111 4862 1124 4900 :
1158 4844 1305 4911 Quid
1339 4844 1495 4900 hunc
1533 4842 1791 4900 laborem
1822 4843 2122 4899 incassum

547 5026 700 5097 (125)
731 5024 811 5081 De
839 5025 947 5081 hoc
977 5024 1033 5079 S.
1059 5022 1352 5097 Bernardo
1384 5038 1562 5093 supra
1592 5022 1649 5097 in
1679 5021 1987 5097 Annotatis
2007 5022 2123 5093 egi-

478 5092 639 5165 mus,
670 5092 729 5153 et
757 5101 1023 5153 auctores
1050 5094 1121 5149 de
1148 5092 1482 5165 cogagentes
1512 5092 1964 5165 assignavimus.

551 5163 697 5241 (126)
746 5165 1170 5241 Verosimiliter
1216 5163 1470 5241 intelligi
1511 5163 1660 5241 eam;
1693 5165 1877 5241 solam
1927 5163 2122 5241 gallis;

478 5234 886 5364 parmamque;
916 5237 1181 5310 proxima
1205 5240 1295 5291 est
1322 5234 1588 5305 Alpibus,
1622 5236 1845 5291 Italiam
1876 5252 1911 5289 a
1940 5236 2124 5291 Gallia

521 5311 894 5366 mdentibus.

521 5326 894 5366 ινιαεηιιοιιε.

550 5381 698 5452 (127)
730 5381 834 5437 Hic
857 5380 1196 5437 Ricciardus
1226 5378 1348 5434 sive
1368 5376 1679 5452 Riccardus
1702 5394 1770 5432 ex
1791 5379 1999 5452 abbate
2019 5378 2123 5433 Ge-

478 5448 898 5523 neraliifactus
947 5456 1037 5509 est
1068 5452 1378 5523 episcopus
1429 5448 1634 5502 Massa:
1685 5466 1835 5523 anno
1864 5451 2123 5523 l435,_ut

478 5522 654 5594 habet
680 5522 961 5594 Ughellus
1007 5519 1147 5578 tom.
1180 5524 1215 5577 3
1246 5519 1419 5594 Italiae
1467 5534 1645 5574 sacrm
1677 5519 1785 5574 col.
1816 5520 1957 5594 799.-
1978 5520 2123 5575 Vide

478 5593 551 5661 de
580 5610 647 5654 eo
687 5591 933 5651 simium
980 5609 1111 5665 pag.
1144 5594 1270 5659 257,
1302 5593 1403 5667 qui
1449 5596 1646 5647 tamen
1676 5595 1830 5647 errat
1877 5591 1935 5647 in
1968 5607 2121 5649 anno

2232 4579 2338 4635 hoc
2376 4579 2432 4633 in
2467 4580 2819 4635 monasterio
2844 4580 3023 4636 situm
3054 4587 3163 4647 est,
3187 4588 3455 4654 quatuor
3479 4598 3607 4638 cum
3633 4572 3822 4632 lumina-

2231 4668 2395 4724 ribus
2419 4668 2777 4740 conspicitur
2800 4688 2813 4738 ;
2838 4686 2989 4741 quas,
3014 4675 3076 4727 nt
3106 4672 3235 4743 ipse
3274 4674 3494 4728 referre
3520 4669 3703 4727 solitus
3721 4660 3825 4717 erat.

2233 4756 2482 4829 propriis
2503 4757 2687 4813 oculis
2699 4757 2911 4814 ccelum
2924 4762 3390 4817 versustendere
3404 4744 3824 4815 luminariavidit;

2232 4845 2341 4900 hoc
2369 4846 2428 4900 in
2480 4846 2689 4917 primis
2720 4847 2942 4918 stupori
2987 4848 3096 4903 sibi
3138 4851 3194 4904 et
3248 4845 3646 4914 admirationi,
3674 4831 3827 4896 deinde

2232 5020 2530 5096 electionis
2562 5023 2688 5096 gius
2721 5024 2791 5096 ad
2824 5024 3254 5096 episcopatum.

2302 5094 2532 5165 (128)713
2565 5080 2908 5150 F‘rancisciis
2940 5080 3091 5151 circa
3122 5113 3357 5152 annum
3389 5096 3530 5152 1450
3557 5092 3744 5165 electus
3768 5080 3829 5165 est

2231 5152 2527 5238 Ge‘ngeralis
2559 5166 3037 5238 (congregationis
3088 5163 3699 5238 Vallumbrosanzs,,9i
3741 5152 3831 5238 P05?

2230 5235 2463 5311 vigilem
2512 5236 2581 5311 29
2630 5234 2917 5311 annorum
2984 5240 3497 5311 gubernationem,
3554 5234 3685 5292 obiit
3723 5234 3833 5311 ant:0

2232 5306 2371 5362 1479
2398 5324 2411 5373 ;
2441 5308 2601 5389 unde
2633 5307 2818 5379 liquet
2847 5309 2966 5364 hinc
2989 5306 3292 5367 miracula
3314 5316 3455 5367 ante
3486 5310 3633 5364 hunc
3660 5306 3828 5358 annum

2230 5382 2559 5449 conscripta
2588 5394 2736 5435 esse.
3624 5445 3664 5449 κ,
3728 5439 3738 5449 ,
3789 5433 3799 5445 .

2300 5439 2806 5525 (129)’Βθῐοθι“άμε
2835 5450 2933 5507 ille
2975 5452 3404 5525 Gianﬁgliazzi,
3439 5455 3585 5507 teste
3616 5439 3829 5525 δίῳῑρξι

2230 5513 2500 5603 catalogo
2548 5537 2681 5593 pag.
2712 5523 2803 5592 66,
2836 5527 2967 5595 post
3016 5525 3085 5579 22
3130 5513 3437 5581 annorum
3486 5513 3829 5597 generalatum

2230 5592 2374 5649 obiit
2403 5608 2556 5649 anno
2589 5592 2746 5649 1422.

2230 5606 2374 5649 οῠιη
2403 5608 2556 5649 anno
2589 5606 2746 5650 1433.
