4002 6170
213 410 335 475 817

1806 418 2038 483 ACTA.

3508 424 3629 493 818

215 562 468 605 summas
520 544 733 605 laetitias
781 548 1028 608 exsistit.
1068 549 1302 609 Curavit
1348 550 1547 625 itaque
1592 550 1745 609 illico
1794 552 1868 609 iis
1895 555 1953 622 Α
1981 554 2083 611 ubi
2109 554 2323 613 misera
2344 556 3106 631 muliertorquebatur,sese
3125 558 3387 635 undique
3408 560 3631 621 tumul-

214 638 424 711 paucis
468 636 570 709 qui
603 638 762 695 domi
814 646 1214 699 remanserant
1261 642 1565 699 monachis
1615 642 1864 710 referre;

214 744 335 800 qua
364 728 437 783 de
480 743 540 782 re
571 728 793 801 ingenti
840 728 1039 786 laetitia
1082 731 1291 799 affecti,
1325 737 1383 788 et
1432 731 1705 804 lacrymis
1753 750 1868 804 prae

211 817 429 891 gaudio
450 817 835 885 obortis,illuc
858 824 1099 876 maturae
1126 825 1331 877 euntes
1361 822 1565 877 dicunt
1582 839 1593 876 :
1610 821 1654 876 Ο
1679 826 1866 890 Pater,

214 924 247 964 ο
279 908 462 963 decus
510 906 767 963 ecclesia:
816 924 1068 980 spesque
1116 911 1362 966 nostris!
1417 910 1719 966 decrevisti
1764 910 1871 967 hoc

213 996 506 1067 templum
538 995 940 1069 familiamque
970 1003 1133 1054 tuam
1166 1017 1283 1055 non
1318 1001 1600 1056 deserere.
1632 1000 1867 1071 Deinde,

212 1086 468 1159 pulsatis
514 1086 839 1157 campanis,
889 1092 946 1142 et
990 1087 1291 1144 funalibus
1339 1090 1622 1159 accensis,
1669 1091 1871 1145 devote

211 1174 675 1248 suppliciterque
706 1175 1021 1247 psallentes
1052 1178 1247 1249 ipsum
1278 1178 1430 1234 inter
1453 1184 1688 1234 caeteras
1718 1178 1870 1234 Reli-

211 1265 387 1337 quias
418 1264 477 1319 in
509 1264 763 1320 sacrario
796 1264 1091 1333 locavere;
1118 1283 1237 1322 rem
1269 1283 1402 1322 vero
1426 1283 1659 1322 omnem
1693 1283 1869 1337 quam

210 1356 475 1427 primum
524 1355 853 1409 venerando
882 1355 1096 1411 Abbati
1145 1372 1248 1427 per
1275 1356 1503 1412 litteras
1542 1356 1872 1428 significare

209 1442 783 1516 studuerunt.lgitur
800 1448 1032 1515 repente
1053 1461 1156 1516 pro
1176 1450 1333 1501 metu
1356 1446 1566 1518 ingens
1588 1445 1870 1518 gaudium

208 1534 366 1589 inter
394 1549 598 1589 omnes
629 1537 896 1588 exortum
926 1537 1034 1589 est.

285 1623 375 1677 12.
409 1626 525 1677 Hoc
564 1621 763 1693 itaque
794 1621 1258 1678 sacratissimum
1286 1622 1591 1679 brachium
1640 1623 1741 1677 tali
1774 1640 1871 1678 or-

212 1711 497 1783 dine,quo
529 1710 773 1766 inferius
804 1711 1187 1782 describatur,
1207 1712 1347 1767 dum
1380 1728 1473 1767 res
1501 1711 1779 1783 exposcit,
1800 1712 1870 1766 ad

210 1800 343 1856 loca
372 1800 635 1855 defertur
674 1798 1002 1855 necessaria
1032 1800 1151 1855 sive
1174 1800 1337 1855 intus
1368 1800 1487 1855 sive
1518 1800 1659 1855 foris
1690 1816 1723 1853 a
1752 1800 1871 1854 dte—

210 1889 413 1945 monio
435 1892 641 1961 captus
666 1888 974 1944 S..loannis
994 1888 1359 1960 praestoletur
1378 1905 1546 1960 opem
1576 1905 1588 1943 :
1618 1888 1872 1945 Pulsatis

209 1980 395 2046 enim,
429 1982 494 2034 ut
540 1978 606 2033 ﬁt
654 1977 713 2032 in
760 1978 952 2050 plenis
1005 1977 1497 2047 solemnitatibus,
1547 1979 1871 2050 campanis,

210 2068 491 2125 monachi
539 2083 744 2123 omnes
775 2084 891 2123 uno
921 2067 981 2123 in
1013 2066 1139 2123 loco
1182 2067 1505 2124 consident.
1542 2068 1779 2124 Interim
1806 2083 1875 2123 ex

210 2155 522 2214 monachis
552 2173 709 2212 unus
739 2161 972 2212 tantum
1006 2158 1280 2212 sacerdos
1307 2160 1650 2212 ornamento
1681 2157 1873 2213 eccle-

209 2247 476 2313 siastico,
521 2247 680 2318 quod
729 2246 901 2318 vulgo
961 2246 1214 2318 pluviale
1264 2246 1484 2314 dicunt,
1535 2247 1871 2315 adornatur,

214 2335 535 2392 luminaria
562 2336 635 2391 ab
669 2335 956 2405 acolythis
986 2336 1637 2407 praeparantur,quibus
1655 2336 1874 2408 optime

208 2423 523 2482 instructis
552 2428 609 2479 et
639 2423 999 2496 compositis,
1032 2423 1345 2496 diligenter
1372 2423 1527 2479 illico
1561 2425 1716 2480 foras
1749 2442 1874 2480 om-

211 2530 321 2570 nes
350 2513 475 2585 pari
507 2514 711 2569 ordine
744 2513 1005 2569 modeste
1035 2512 1474 2585 compositeque
1514 2514 1872 2581 incedentes,

216 2605 591 2677 hymnosque
618 2603 823 2658 devote
851 2601 1171 2674 psallentes
1203 2602 1511 2673 prodeunt,
1528 2619 1633 2658 nec
1664 2603 1735 2658 ab
1768 2603 1875 2659 hoc

216 2693 316 2765 pio
347 2708 521 2764 opere
549 2695 805 2761 cessant,
832 2691 1048 2762 quoad,
1083 2691 1183 2747 ubi
1226 2690 1605 2747 demoniaous
1634 2696 1743 2758 est,
1777 2693 1876 2748 de-

214 2780 504 2837 venerint.
560 2780 761 2836 Evenit
822 2781 1140 2848 interdum,
1192 2784 1260 2835 ut
1306 2779 1571 2835 nonnulli
1621 2785 1677 2836 et
1724 2780 1876 2836 cives

213 2870 450 2927 etiamsi
474 2870 621 2925 forte
653 2873 714 2924 ut
736 2870 801 2925 fit
832 2870 1152 2941 praesertim
1176 2873 1435 2941 tempore
1460 2870 1657 2926 aestivo
1678 2887 1877 2943 super-

208 2962 509 3029 venere,et
533 2958 728 3014 omnis
747 2958 971 3014 ordinis
987 2962 1046 3014 et
1066 2958 1253 3014 aetatis
1269 2958 1517 3014 immisti
1538 2958 1800 3015 villicolas
1819 2964 1878 3015 et

208 3048 518 3122 oppidani,
551 3048 653 3119 qui
686 3047 981 3117 regionem
1030 3048 1205 3103 istam
1242 3048 1462 3103 circum
1509 3048 1790 3113 incolunt,
1823 3052 1879 3103 et

208 3138 321 3210 qui
345 3136 506 3193 domi
538 3137 734 3208 aliquo
754 3136 813 3192 in
842 3136 1074 3208 negotio
1105 3141 1443 3193 exercentur
1465 3136 1875 3205 smonlares,ad

208 3227 329 3283 hoc
359 3227 575 3282 mirum
624 3225 1029 3299 spectaculum
1061 3242 1297 3284 summa
1326 3242 1460 3281 cum
1510 3225 1791 3298 religione
1822 3229 1879 3282 et

1978 644 2167 701 tuario
2188 645 2557 715 conﬂuentes
2589 650 3205 723 prorumpunt.0perm
3226 651 3479 724 pretium
3501 656 3629 710 erat

1980 738 2037 791 et
2074 735 2355 792 daemonis
2401 735 2709 794 horribiles
2759 746 2813 794 et
2858 743 3053 796 truces
3101 740 3408 813 variasque
3456 757 3626 800 voces

1979 824 2275 879 interdum
2326 826 2566 895 audire;
2601 843 3025 900 nonnunquam
3074 845 3209 885 vero
3237 834 3375 887 Jesu
3407 831 3624 888 Christi

1979 913 2331 984 gratia,dato
2364 916 2551 987 spatio
2582 932 2698 971 non
2730 917 3217 987 parvo,miseram
3245 919 3409 975 illam
3439 919 3625 993 lacry-

1980 1002 2093 1057 mis
2122 1003 2408 1059 suﬂ‘usam
2439 1003 2659 1071 oculos,
2688 1004 2947 1077 Virginis
2977 1006 3170 1063 Marias
3215 1023 3386 1079 opem
3415 1008 3624 1081 impri-

1979 1090 2113 1154 mis,
2146 1092 2355 1147 deinde
2385 1094 2438 1147 S.
2469 1093 2713 1149 Joannis
2743 1093 3154 1166 implorantem
3185 1096 3463 1168 aspicere.

2052 1182 2137 1234 14.
2172 1181 2320 1244 Quid
2351 1181 2537 1237 multa
2557 1183 2584 1236 ?
2613 1184 2871 1239 Tandem
2903 1183 3217 1257 [ea,]haud
3249 1185 3375 1241 sine
3404 1185 3629 1259 ingenti

1978 1269 2033 1323 vi
2066 1269 2409 1341 multorum,
2431 1272 2503 1326 ad
2534 1271 2837 1328 ecclesiam
2866 1274 3341 1346 rapta,monaehi
3371 1292 3441 1331 ex
3469 1291 3630 1332 more

1979 1353 2113 1413 cum
2146 1359 2203 1413 S.
2238 1356 2480 1415 Joannis
2510 1360 2768 1428 brachio,
2793 1366 2858 1417 ut
2888 1363 3061 1430 paulo
3092 1380 3272 1435 supra
3295 1364 3627 1436 retulimus,

1980 1446 2178 1502 devote
2196 1449 2629 1521 summisseque
2651 1449 2787 1506 illuc
2808 1452 3123 1523 usque,ubi
3144 1451 3348 1508 melier
3366 1455 3629 1509 tormen-

1979 1536 2055 1591 tis
2077 1536 2669 1609 afﬁciebatur,multis
2693 1539 2913 1596 circum
2935 1541 3623 1607 orantibus,concessere.

1981 1624 2341 1681 Acclamanti
2371 1626 2567 1699 itaque
2596 1630 2969 1698 sacerdoti,in
3000 1646 3122 1686 rem
3155 1646 3325 1687 suam
3356 1631 3630 1687 concede-

1980 1718 2069 1770 ret
2118 1714 2365 1786 daamon,
2423 1716 2611 1772 crebis
2658 1718 3163 1787 conjurationibus
3212 1719 3338 1789 ipse
3382 1718 3628 1775 Joannis

1982 1804 2341 1860 sanctissimi
2384 1805 2600 1861 virtute
2649 1807 2933 1877 defessus,
2985 1806 3335 1879 lugubribus
3382 1808 3627 1864 vocibus

1980 1893 2153 1965 paulo
2184 1897 2315 1965 post
2343 1910 2405 1950 se
2431 1894 2543 1950 alio
2572 1895 2792 1950 iturum
2820 1896 3218 1968 proﬁtebatur.
3242 1896 3459 1952 Verum
3489 1896 3629 1968 quia

1982 1982 2250 2039 diabolus
2281 1983 2528 2039 callidus
2559 2001 2626 2040 ac
2673 1986 2923 2041 mendax
2953 1985 3158 2041 multis
3185 1986 3437 2042 testibus
3468 2000 3627 2041 com-

1982 2073 2282 2144 probatur,
2298 2074 2569 2145 quocirca
2598 2090 2713 2129 non
2744 2074 2857 2130 sibi
2888 2075 3031 2131 satis
3062 2075 3195 2132 ﬁdei
3226 2076 3629 2148 prastandum

1983 2166 2316 2229 censerent;
2340 2163 2734 2235 interrogatus
2766 2181 2799 2219 a
2829 2164 3114 2220 monacho
3146 2165 3630 2237 sacerdote,quod

1983 2251 2241 2323 signum,
2277 2267 2409 2307 cum
2459 2252 2802 2321 discederet,
2836 2254 3040 2321 daret;
3072 2252 3265 2324 inquit
3295 2269 3308 2308 :
3346 2254 3469 2309 Ictu
3512 2252 3633 2309 ful-

1986 2340 2162 2396 minis
2194 2358 2228 2395 a
2258 2340 2696 2412 septentrionali
2744 2342 2979 2413 regione
3025 2340 3267 2413 impulsi
3300 2341 3406 2414 [in]
3457 2342 3633 2398 arbo-

1984 2446 2107 2484 rem
2138 2428 2298 2485 illam
2309 2431 2491 2501 ,juxta
2510 2430 2815 2486 ecclesiam
2838 2431 3292 2503 positam,[eam]
3318 2430 3633 2487 minuatim

1982 2518 2291 2574 laceranda
2307 2534 2373 2573 ac
2394 2516 2755 2572 frustillatim
2769 2517 2990 2588 passim
3004 2516 3632 2585 fundendo,desiliam;

1985 2607 2138 2678 quod
2162 2605 2433 2677 equidem
2456 2622 2516 2661 re
2536 2607 2665 2677 ipsa
2684 2604 2856 2678 paulo
2878 2610 3010 2677 post
3029 2604 3473 2677 prohavit.Nam
3499 2620 3635 2661 cum

1986 2696 2248 2766 undique
2272 2711 2371 2750 aer
2400 2711 2642 2751 serenus
2664 2697 2836 2766 esset,
2860 2698 2917 2750 et
2945 2694 3027 2761 hi,
3048 2694 3148 2766 qui
3179 2693 3276 2749 hic
3302 2693 3634 2766 spectaculo

1984 2786 2244 2853 aderant,
2277 2784 2499 2840 exitum
2532 2784 2611 2840 rei
2643 2799 2877 2839 summo
2907 2799 3042 2839 cum
3074 2782 3363 2839 desiderio
3392 2787 3633 2855 prasto-

1984 2872 2264 2943 larentur,
2296 2871 2615 2943 praesertim
2647 2871 2787 2942 quia
2815 2872 3041 2927 daemon
3072 2869 3288 2942 saepius
3317 2871 3636 2943 interroga-

1984 2965 2081 3017 tus
2102 2961 2255 3017 idem
2290 2977 2352 3017 se
2382 2963 2672 3017 facturum
2693 2960 2984 3017 instanter
3007 2960 3361 3017 affirmaret:
3392 2960 3633 3017 demum

1986 3050 2347 3106 sanctissimi
2375 3050 2617 3106 Joannis
2648 3049 2873 3105 meritis
2896 3054 2954 3104 et
2984 3049 3406 3105 monachorum
3428 3048 3637 3105 oratio-

1986 3138 2161 3193 nibus
2192 3140 2411 3194 sensim
2443 3139 2555 3194 sibi
2583 3139 2736 3195 vires
2765 3139 3011 3194 deﬁcere
3041 3139 3385 3211 [cceperunt]
3408 3138 3489 3194 ita
3509 3138 3638 3210 jam

1988 3226 2166 3281 etiam
2196 3226 2376 3281 invito
2408 3226 2689 3295 damone,
2705 3227 2860 3298 quod
2892 3226 3081 3281 fuerat
3108 3224 3427 3297 pollicitus,
3442 3241 3550 3281 suo
3577 3225 3639 3280 in

206 3316 451 3383 timore,
484 3315 734 3372 aliorum
766 3315 927 3370 ducti
959 3315 1248 3387 exemplo,
1268 3320 1715 3383 concurrant,et
1743 3331 1878 3371 can-
1910 3304 1951 3369 C
1993 3315 2147 3371 exitu
2179 3316 2696 3370 demonstraretur.

214 3402 493 3460 tantibus
516 3410 573 3460 et
612 3405 917 3461 orantibus
943 3405 1274 3475 monachis,
1302 3410 1359 3461 et
1385 3404 1541 3461 idem
1584 3404 1881 3459 interdum

215 3493 445 3565 saepius
492 3510 557 3549 ac
587 3494 788 3549 crebro
841 3494 1263 3566 repetentibus,
1311 3494 1473 3564 Jesu,
1520 3492 1880 3565 virginisque

215 3582 415 3638 Mariae
447 3586 504 3638 et
529 3584 587 3639 S.
606 3583 851 3639 Joannis
883 3583 1072 3655 gratia
1100 3582 1349 3638 efficitur
1378 3588 1443 3637 ut
1470 3599 1676 3639 omnes
1706 3583 1879 3637 modo

213 3690 251 3729 a
283 3672 577 3728 daemonio
625 3677 860 3729 vexatos
891 3672 1009 3728 huc
1038 3689 1102 3728 se
1145 3671 1498 3728 concessisse
1529 3688 1644 3727 non
1694 3672 1876 3743 pmni-

196 3767 361 3831 teat;
398 3763 539 3829 imo,
592 3763 746 3833 quod
796 3763 991 3833 majus
1042 3767 1152 3830 est,
1204 3761 1475 3817 nonnulli
1527 3761 1651 3828 alii,
1698 3762 1876 3818 variis

201 3850 658 3908 inﬁrmitatibus
689 3852 930 3918 detenti,
966 3851 1023 3905 in
1059 3850 1311 3923 patriam
1344 3867 1513 3907 suam
1554 3850 1665 3905 laeti
1699 3856 1758 3906 et
1785 3850 1874 3905 in-

196 3939 469 3997 columes
545 3941 769 3997 rediere
820 3959 834 4008 ;
895 3944 961 3995 ut
1017 3939 1170 3996 infra
1247 3940 1577 4013 legentibus
1649 3939 1872 4013 liquido

197 4030 462 4101 patebit.

888 4118 1071 4173 PARS
1120 4117 1188 4173 II.

282 4207 371 4261 13.
397 4206 663 4261 Primum
686 4206 867 4279 igitur
896 4207 1318 4263 miraculorum
1343 4207 1811 4263 memorabilium
1836 4224 1866 4263 a

199 4296 592 4352 sanctissimo
624 4296 850 4352 Joanne
876 4296 1122 4352 feliciter
1151 4296 1414 4367 mireque
1454 4300 1779 4364 ostensum,
1813 4300 1869 4351 et

194 4384 415 4441 multis
446 4384 796 4442 mortalibus
825 4385 1205 4451 celebratum,
1238 4386 1321 4440 sic
1355 4385 1703 4456 accepimus.
1738 4386 1866 4441 Mu-

193 4476 409 4531 lierem
433 4476 755 4546 quamdam
778 4492 847 4531 ex
869 4475 1117 4548 Liguriae
1149 4475 1296 4547 (130)
1329 4475 1628 4547 provincia
1658 4476 1861 4547 fatiga-

194 4570 328 4620 tam
361 4582 399 4621 a
428 4565 717 4620 daemonio
758 4566 830 4620 ad
860 4564 970 4619 hoc
1012 4565 1071 4619 S.
1105 4564 1298 4619 Mariae
1331 4565 1751 4619 monasterium
1802 4565 1862 4618 in

2066 3404 2153 3458 15.
2184 3404 2227 3459 Ο
2258 3404 2395 3459 Jesu
2446 3403 2598 3459 mira
2631 3400 2891 3474 potentia
2936 3401 2997 3456 in
3043 3399 3267 3456 sanctis
3309 3398 3636 3472 praecipue!

1991 3493 2070 3548 En
2107 3493 2302 3548 subito
2332 3510 2363 3548 e
2393 3492 2627 3565 regione
2676 3493 2863 3546 Boreas
2891 3494 3099 3545 ventus
3127 3489 3344 3545 nubem
3383 3488 3640 3545 conden-

1989 3599 2115 3638 sam
2148 3587 2205 3637 et
2254 3586 2439 3637 atram
2473 3583 2543 3637 ad
2586 3581 2692 3636 has
2723 3584 2953 3635 nostras
3000 3578 3216 3634 efﬂavit
3240 3579 3525 3651 regiones,
3560 3582 3637 3649 et,

1988 3673 2071 3727 uti
2104 3673 2328 3727 daemon
2351 3671 2707 3739 dixerat,suo
2738 3670 2797 3724 in
2828 3669 3092 3724 discessu
3122 3667 3364 3723 folmine
3392 3683 3462 3723 ex
3482 3668 3639 3725 nube

1986 3761 2213 3816 vibrato
2245 3777 2310 3816 ac
2341 3759 2515 3833 pulsu
2549 3759 2731 3814 nimio
2761 3758 3265 3829 contorto,rapido
3294 3757 3638 3831 ingentique

1990 3854 2147 3906 motu
2180 3850 2447 3905 arborem
2470 3849 2619 3921 (quea
2650 3847 2821 3921 vulgo
2864 3864 2996 3902 acer
3022 3846 3258 3918 dicitur)
3302 3846 3634 3919 percutiens

1981 3940 2293 4012 ipsamque
2323 3937 2682 3994 frustulatim
2713 3936 3079 4003 lanians,hac
3107 3935 3239 3992 illac
3270 3951 3466 3991 ramos
3489 3952 3631 3992 suos

1973 4028 2279 4099 jactitans,
2312 4028 2429 4082 fere
2461 4028 2531 4082 ad
2565 4025 2817 4082 nihilum
2848 4026 3132 4098 ’redegit;
3160 4026 3329 4096 cujus
3359 4028 3630 4093 truncus,

1978 4117 2066 4173 vel
2098 4117 2314 4173 rectius
2345 4116 2539 4171 dicam
2566 4116 2763 4183 robur,
2798 4114 2870 4170 ad
2900 4117 3101 4170 nostra
3130 4113 3249 4169 fere
3276 4116 3543 4185 tempora
3569 4112 3630 4169 in

1978 4210 2153 4262 tanta:
2182 4206 2260 4261 rei
2283 4204 2627 4260 memoriam
2645 4202 2949 4275 diligentia
2970 4206 3202 4275 patrum
3224 4204 3633 4258 conservatum

1977 4300 2087 4364 est,
2119 4295 2276 4366 quod
2330 4310 2423 4349 me
2453 4293 2670 4349 vidisse
2713 4293 2973 4348 memini.
3009 4292 3229 4347 Idcirco
3277 4306 3482 4347 omnes
3530 4290 3632 4362 qui

1976 4385 2218 4439 aderant
2245 4381 2807 4454 mortales,rigentes
2828 4397 2894 4437 ac
2923 4379 3634 4451 trepidi,anlmadverten-

1973 4478 2061 4528 tes
2110 4472 2265 4543 quod
2319 4476 2527 4543 praeter
2580 4470 2731 4525 aeris
2780 4485 3002 4533 morem
3053 4471 3343 4538 evenerat,
3387 4466 3632 4522 Joannis

1976 4561 2348 4618 sanctitatem
2369 4557 2999 4625 extollentes,mulieris
3021 4557 3237 4612 exitum
3262 4558 3595 4626 exspectem
3621 4555 3637 4594 τ

192 4654 475 4726 ejusdem
531 4658 588 4708 S.
646 4652 886 4709 Joannis
953 4652 1265 4708 festivitate
1320 4652 1372 4705 vi
1432 4670 1466 4706 a
1524 4653 1865 4723 parentibus
1894 4675 1941 4738 D
1980 4651 2089 4705 sibi
2122 4650 2279 4705 enim
2303 4651 2430 4720 jam
2466 4648 2759 4718 refugerat
2792 4646 3057 4738 sanguis,
3094 4642 3397 4738 etpallida
3417 4642 3631 4738 effecta

191 4747 440 4800 constat
487 4744 798 4798 deductam
832 4742 1012 4798 fuisse
1048 4760 1059 4797 :
1091 4742 1190 4797 sed
1238 4757 1369 4797 cum
1396 4744 1521 4811 jam
1569 4747 1862 4796 monaste-

192 4832 363 4889 rium
414 4847 594 4904 prope
645 4836 819 4901 esset,
868 4836 923 4886 S.
974 4829 1217 4887 Joannis
1265 4831 1537 4886 virtutem
1596 4831 1862 4887 diabolus

192 4921 468 4994 amplius
517 4922 663 4977 ferre
711 4938 828 4977 non
857 4920 1079 4991 valens,
1114 4938 1216 4993 per
1263 4937 1327 4976 os
1357 4919 1622 4975 mulieris
1673 4918 1862 4974 maxi-

191 5028 338 5068 mas
367 5012 683 5083 variasque
726 5027 894 5067 voces
920 5026 1055 5065 cum
1108 5026 1320 5082 spuma
1367 5009 1649 5077 emittere,
1685 5025 1864 5080 seque

192 5101 497 5156 miserum
542 5098 1161 5167 clamitare;ulterius
1210 5115 1316 5153 nec
1365 5114 1536 5170 posse
1568 5114 1671 5153 nec
1719 5097 1864 5153 velle

186 5188 504 5263 progredi,
533 5193 590 5245 et
636 5204 700 5244 se
731 5189 873 5244 adeo
904 5188 1165 5260 torqueri
1208 5187 1419 5259 aiebat,
1453 5193 1519 5243 ut
1571 5204 1863 5259 nusquam

186 5278 473 5352 gentium
495 5277 787 5349 ejusmodi
814 5277 1127 5333 tormentis
1149 5294 1211 5333 se
1242 5278 1512 5333 affectum
1529 5278 1865 5347 juramento

188 5366 660 5423 afﬁrmaret.His
690 5366 889 5438 itaque
918 5366 1273 5422 clamoribus
1305 5371 1489 5421 cretus
1511 5366 1767 5420 virorum
1801 5382 1867 5419 ac

186 5455 548 5523 mulierum,
586 5456 686 5525 qui
716 5455 904 5527 gratia
933 5455 1255 5511 devotionis
1296 5454 1710 5525 religionisque
1744 5471 1866 5508 mo-

182 5544 526 5602 nasterium
564 5544 677 5599 hoc
708 5544 1031 5613 adiverant,
1057 5544 1287 5599 attoniti
1319 5548 1376 5598 et
1405 5542 1683 5609 exterriti,
1707 5542 1865 5610 illuc,

1972 4740 2240 4808 interque
2271 4754 2483 4791 manus
2508 4739 2814 4805 parentum
2846 4733 3011 4787 humi
3033 4731 3317 4803 paulatim
3347 4730 3626 4803 collapsa,

1972 4829 2370 4884 membrorum
2387 4824 2575 4879 calore
2597 4820 3087 4893 cxstinclo,veluti
3108 4820 3629 4891 exanimisjacere,

1972 4918 2065 4973 cui
2100 4920 2270 4971 antea
2300 4930 2476 4987 opera
2504 4911 2720 4968 diaboli
2753 4916 2950 4969 truces
2976 4910 3152 4978 oculi,
3176 4910 3341 4967 triste
3372 4909 3632 4982 superci-

1972 5005 2392 5077 lium,turgidae
2425 5018 2687 5070 nares,os
2710 4999 3286 5074 spumosum,vultus
3308 4998 3629 5071 malignus,

1973 5095 2291 5150 iracundus
2340 5092 2597 5159 animus,
2626 5090 2831 5164 lingua
2882 5090 3063 5146 fetida
3106 5089 3432 5161 animasque
3478 5086 3632 5143 male

1974 5185 2194 5241 olentes
2242 5184 2493 5238 fuerant.
2525 5182 2786 5236 Tandem
2836 5181 2966 5252 ipsa
2993 5179 3109 5235 huc
3139 5178 3280 5234 illuc
3327 5176 3631 5234 oculorum

1979 5274 2162 5330 aciem
2231 5271 2513 5342 dirigens,
2565 5274 2940 5341 cunctosque,
2993 5267 3094 5339 qui
3120 5268 3385 5333 aderant,
3435 5263 3631 5337 perlu-

1977 5369 2196 5428 strans,
2222 5361 2292 5417 ab
2324 5358 2874 5429 omnibus,ubinam
2907 5356 3170 5429 gentium
3200 5359 3372 5426 esset,
3388 5352 3626 5426 perqui-

1979 5469 2140 5517 rere;
2174 5453 2432 5516 demum,
2465 5465 2525 5504 re
2557 5448 2808 5520 cognita,
2840 5446 3152 5517 diligenter
3178 5444 3434 5500 curvatis
3463 5441 3625 5517 geni-

1979 5543 2091 5596 bus
2122 5541 2237 5596 Deo
2260 5539 2477 5612 gratias
2492 5538 2748 5594 referens
2771 5537 2829 5593 in
2850 5534 3101 5607 patriam
3123 5548 3257 5590 cum
3274 5534 3399 5590 suis
3418 5532 3624 5589 hilaris

266 5689 426 5760 (130)
452 5687 689 5773 piguﬁa
720 5690 809 5743 est
837 5687 1013 5745 Italia:
1064 5687 1244 5761 regio,
1279 5702 1405 5758 quae
1453 5684 1780 5758 antiquitus
1831 5684 2045 5758 duplex
2099 5684 2252 5753 fuit;
2298 5697 2506 5755 nempe
2537 5680 2766 5737 littorea
2811 5683 2869 5736 et
2897 5677 3340 5736 mediterranea.
3371 5676 3452 5732 De
3498 5675 3630 5729 utra

183 5763 299 5819 hic
331 5764 565 5835 agatur,
599 5763 825 5833 ignoro.
