4022 6160
374 316 495 383 Θὲϐ

1422 312 1484 372 S.
1532 312 1861 373 JOANNIS
1909 310 2353 373 GUALBERTI
2401 310 2739 372 ABBATIS

3646 313 3743 377 824

447 450 537 506 25.
572 448 759 513 Etiam
792 449 1021 506 constat
1049 445 1121 503 ad
1153 445 1262 501 hoc
1292 445 1349 501 S.
1380 444 1569 501 Mariae
1600 443 2020 509 monasterium
2050 445 2106 511 Α
2135 443 2336 516 igitur,
2358 446 2425 498 ut
2455 442 2724 499 diabolus
2757 442 3000 509 dixerat,
3026 440 3331 512 tristiores,
3369 458 3435 499 ac
3462 443 3572 500 huc
3598 462 3743 504 vene-

378 539 693 612 quemdam
743 536 1163 597 aromatorium
1195 536 1343 605 (135)
1379 534 1776 591 Florentinum
1824 534 2027 590 eodem

380 629 497 685 fere
528 631 790 698 tempore
821 623 1061 680 funibus
1084 624 1580 696 circumligatum,
1607 640 1641 679 a
1664 624 1787 679 suis
1810 624 2025 678 deduc-

377 721 504 772 tum
528 715 739 783 fuisse;
760 714 858 786 qui
883 714 1117 786 quidem
1138 719 1193 769 et
1216 715 1275 768 in
1294 716 1436 768 urbe
1457 730 1525 770 ex
1545 717 1704 769 extra
1720 716 1778 769 et
1794 729 2028 783 quoquo

376 804 729 875 traheretur,
763 804 977 859 mirum
1013 805 1085 858 de
1133 819 1193 859 se
1225 801 1628 874 Spectaculum
1679 802 2027 857 mortalibus

378 894 656 950 omnibus
679 894 978 965 praeberet.
996 893 1142 949 Nam
1167 909 1199 947 a
1220 892 1321 948 tali
1343 892 1727 962 torquebatur
1744 892 2029 960 daemone,

378 988 445 1039 ut
466 982 625 1039 varia
648 984 718 1038 de
740 999 801 1039 se
822 986 878 1037 et
907 987 1143 1053 stupore
1175 980 1346 1052 plena
1378 980 1782 1035 demonstrare
1800 995 2031 1051 cogere-

382 1076 507 1141 tur;
540 1072 839 1128 interdum
862 1073 1087 1141 jocosa,
1120 1084 1567 1139 nonnumquam
1600 1068 1817 1139 gravia,
1846 1084 2032 1139 quan-

384 1162 576 1232 doque
596 1177 729 1216 vero
751 1160 1037 1216 terribilia
1058 1160 1231 1215 verba
1252 1160 1574 1230 proterens.
1630 1161 1911 1213 Caeterum
1935 1156 2034 1212 ubi

387 1251 513 1309 loca
532 1251 653 1305 hzec
670 1249 964 1320 silvasque
982 1248 1318 1304 monasterii
1344 1248 1543 1313 adivit,
1561 1247 1904 1317 hujusmodi
1927 1245 2037 1301 cla-

381 1340 646 1397 mitando
677 1339 850 1410 coepit
874 1342 933 1393 et
954 1353 1051 1393 ore
1081 1337 1339 1393 hominis
1361 1337 1538 1392 verba
1566 1336 1896 1392 effundere:
1922 1335 2035 1390 Nec

382 1428 516 1484 illac
549 1429 633 1483 ire
660 1426 871 1495 velitis,
905 1443 977 1481 ne
1003 1443 1105 1482 me
1149 1427 1397 1482 trahatis
1431 1442 1531 1481 oro
1555 1441 1569 1480 :
1594 1424 1751 1480 Nihil
1781 1425 1939 1481 enim
1970 1440 2039 1479 ex

382 1518 477 1573 his
506 1533 635 1587 quae
665 1515 905 1586 optatis,
937 1516 1055 1585 fiet,
1081 1515 1199 1571 imo
1231 1519 1287 1571 et
1317 1516 1527 1586 majori
1557 1513 1799 1570 tristitia
1824 1513 2040 1568 redibi-

383 1605 461 1661 tis
490 1606 562 1661 ad
597 1604 826 1672 urbem,
859 1621 924 1660 ac
956 1620 1112 1667 nunc
1143 1604 1571 1661 monasterium
1600 1620 1804 1659 versus
1834 1619 2038 1674 perga-

384 1695 482 1757 tis.
515 1694 617 1751 His
648 1693 822 1750 dictis
853 1693 1152 1751 conticuit.
1186 1694 1317 1750 Haec
1349 1694 1408 1747 in
1440 1693 1649 1749 itinere
1679 1692 1895 1749 dixisse
1925 1692 2039 1748 dae-

385 1799 624 1849 monem
655 1800 689 1838 a
718 1782 1025 1839 nonnullis
1074 1782 1174 1853 qui
1215 1782 1482 1849 aderant,
1504 1797 1639 1836 cum
1678 1784 1913 1837 ventum
1954 1785 2044 1837 est

382 1872 455 1930 ad
485 1871 839 1939 coenobium,
865 1887 1185 1941 cognovere
1213 1869 1502 1926 monachi.
1527 1871 1672 1926 Cum
1701 1869 1882 1941 igitur
1901 1886 2035 1926 eum

383 1962 527 2020 socii
554 1962 717 2033 [non]
749 1960 864 2020 nisi
913 1976 1128 2033 magna
1155 1959 1212 2015 vi
1242 1959 1537 2016 trahentes
1567 1959 1850 2015 deducere
1900 1976 2036 2031 pos-

382 2054 533 2119 sent,
557 2050 618 2104 in
649 2048 993 2120 hujusmodi
1016 2047 1332 2104 certamine
1363 2052 1593 2103 tantum
1621 2064 2038 2119 consumpsere

380 2137 681 2210 temporis,
718 2142 783 2193 ut
823 2138 950 2209 jam
980 2138 1154 2193 tertia
1186 2136 1374 2194 noctis
1420 2135 1586 2209 lapsa
1614 2136 1759 2192 hora
1789 2135 2040 2192 adierint

382 2225 829 2289 monasterium.

452 2317 544 2372 26.
568 2314 1017 2379 Quiescentibus
1058 2315 1257 2386 itaque
1285 2313 1345 2367 in
1381 2313 1670 2385 superiori
1721 2317 1883 2385 parte
1914 2329 2040 2370 mo-

384 2403 614 2473 nachis,
637 2403 739 2473 qui
770 2402 830 2459 in
862 2402 1122 2457 inferiori
1165 2402 1546 2473 hospitalitati
1589 2406 1873 2473 praeerant
1901 2406 2040 2458 Con-

385 2491 560 2558 versi,
588 2495 653 2546 ut
682 2507 780 2546 eos
811 2490 1130 2546 honorifice
1162 2506 1323 2545 more
1368 2490 1537 2546 solito
1568 2490 1869 2559 haberent,
1893 2507 2033 2562 ope-

389 2596 515 2635 ram
538 2572 778 2646 dedere;
802 2594 1005 2634 verum
1025 2594 1157 2633 cum
1179 2579 1405 2633 daemon
1433 2578 1827 2634 miserabilem
1844 2578 2035 2634 virum

391 2667 603 2726 acriter
631 2683 836 2723 vexare
884 2683 998 2722 non
1029 2666 1356 2733 desisteret,
1389 2683 1642 2738 eumque
1690 2667 2039 2725 suﬂ‘ocatum

390 2756 565 2829 paulo
596 2759 731 2828 post
759 2755 1384 2822 afﬁrmaret,Conversi
1410 2756 1510 2826 qui
1542 2756 1803 2822 aderant,
1829 2756 2040 2827 pietate

392 2845 555 2914 moti,
581 2846 868 2902 decanum
900 2844 1054 2901 illico
1083 2844 1364 2900 accersire
1393 2849 1763 2900 curaverunt.
1788 2845 2039 2901 Veniens

390 2934 570 3007 igitur
591 2936 649 2990 S.
672 2933 917 2991 Joannis
940 2949 1170 2989 crucem
1197 2950 1329 2988 mox
1341 2934 1526 3004 jussit
1547 2934 1734 2989 afferri
1758 2952 1772 3002 ;
1802 2934 1925 3005 ipse
1956 2934 2040 2989 in-

390 3024 562 3089 terim
589 3022 753 3078 ﬂexis
776 3022 1024 3094 genibus
1044 3023 1289 3078 orationi
1314 3023 1554 3078 instare.
1580 3023 1859 3078 Caeterum
1883 3027 2040 3079 ante-

390 3126 569 3182 quam
596 3109 735 3166 illuc
764 3126 898 3166 cum
937 3127 1130 3179 cruce,
1158 3110 1374 3182 quibus
1424 3111 1776 3183 imperatum
1826 3112 2034 3183 fuerat,

2137 537 2288 603 rant,
2314 537 2371 588 et
2401 532 2450 588 si
2482 549 2687 588 omnes
2732 536 2857 587 tum
2906 530 3179 587 monachi
3209 535 3334 586 tum
3383 534 3638 590 Conversi
3663 552 3744 593 eos

2139 622 2311 677 solati
2345 621 2580 688 fuerint,
2616 622 2857 677 domum
2892 621 3113 676 rediere
3143 637 3333 677 suam.

2207 712 2297 767 28.
2324 717 2489 766 Anus
2519 712 2786 782 quaedam
2810 726 2878 764 ex
2898 709 3169 765 Milliario
3200 714 3395 765 monte
3417 709 3579 781 (136),
3600 728 3748 783 quam

2141 799 2427 855 ridiculus
2472 801 2762 855 invaserat
2794 801 3040 865 daemon,
3060 816 3093 854 a
3122 800 3246 855 suis
3278 800 3349 853 ad
3396 799 3503 855 hoc
3529 800 3753 874 Virginis

2140 889 2333 944 Mariae
2366 888 2692 945 cmnobium
2723 890 2901 944 ducta
2933 893 3042 955 est,
3056 888 3389 959 jucundum
3412 889 3483 943 de
3505 906 3564 944 se
3582 895 3631 944 et
3654 892 3749 946 mi-

2142 976 2321 1032 rabile
2352 975 2750 1047 spectaculum
2785 976 3068 1047 praebens,
3093 980 3158 1030 ut
3181 974 3360 1030 etiam
3391 974 3664 1047 religiosis
3685 976 3753 1031 vi-

2142 1065 2241 1135 ris,
2266 1065 2549 1137 gravitate
2580 1066 2822 1132 ornatis,
2849 1064 3033 1121 risum
3066 1079 3490 1135 nonnunquam
3521 1070 3755 1121 concute-

2144 1160 2249 1210 ret.
2286 1155 2518 1210 Dwmon
2552 1154 2707 1210 enim
2738 1160 2795 1209 et
2837 1154 3121 1226 hymnum
3168 1152 3510 1225 Angelicum
3540 1157 3593 1208 et
3618 1154 3759 1226 Kyrie

2144 1243 2360 1299 eleison
2395 1245 2746 1315 quandoque
2778 1243 2954 1299 etiam
2986 1247 3041 1298 et
3071 1243 3332 1315 psalmos
3363 1258 3593 1310 canens,
3615 1243 3684 1298 ita
3711 1249 3762 1298 ut

2144 1332 2461 1388 sacerdotis
2494 1332 2743 1404 alicujus
2774 1332 3034 1389 animam
3067 1336 3326 1403 putares,
3356 1330 3513 1388 haud
3544 1331 3659 1387 ﬁeri
3686 1348 3761 1403 po-

2146 1426 2299 1478 terat
2327 1422 2469 1492 quin
2504 1438 2618 1492 prae
2650 1421 2888 1478 insolita
2933 1438 2992 1477 re
3040 1421 3224 1477 risum
3275 1420 3652 1492 praesentibus
3680 1422 3763 1476 da-

2149 1514 2264 1579 ret;
2294 1510 2594 1567 interdum
2623 1528 2757 1566 vero
2807 1509 3125 1567 sacerdotis
3164 1512 3347 1582 jussu
3376 1509 3471 1565 his
3500 1508 3764 1566 silentium

2148 1598 2391 1669 faciens,
2413 1604 2480 1655 ut
2502 1599 2561 1654 in
2593 1616 2714 1655 rem
2739 1615 2907 1656 suam
2942 1599 3051 1655 iret
3071 1599 3496 1670 conjurabatur
3527 1615 3540 1653 :
3570 1598 3665 1655 Cui
3688 1596 3768 1653 ille

2150 1687 2512 1745 cachinnans
2552 1688 2747 1761 inquit
2778 1705 2790 1744 :
2824 1688 3149 1745 Concedam
3180 1687 3292 1744 alio
3329 1705 3343 1743 :
3380 1688 3432 1744 si
3470 1704 3559 1743 me
3588 1686 3766 1759 paulu-

2150 1776 2209 1834 lu
2219 1794 2275 1832 m
2290 1777 2670 1849 antipbonam
2687 1794 2790 1833 seu
2804 1776 3102 1850 psalmum
3115 1777 3354 1848 canerej
3364 1773 3770 1843 usseritis,nulli

2150 1869 2409 1923 vestrum
2442 1866 2501 1921 in
2533 1866 2838 1939 psallendo
2870 1870 2927 1922 et
2970 1866 3075 1923 rite
3114 1865 3380 1922 canendo
3410 1864 3660 1921 cederem
3690 1882 3701 1919 :
3726 1867 3771 1919 et

2146 1954 2239 2011 his
2256 1955 2438 2010 ﬁnitis
2460 1954 2687 2011 nullum
2711 1972 2744 2011 a
2763 1955 3061 2012 sacerdote
3077 1958 3429 2026 exspectans
3450 1968 3763 2025 responsum

2147 2044 2396 2101 dulciter
2414 2061 2573 2101 more
2590 2043 2758 2102 solito
2776 2044 3038 2101 divinum
3065 2043 3288 2115 aliquid
3306 2043 3570 2101 canendo
3587 2042 3765 2098 dicere.

2148 2134 2457 2204 Caeterum,
2485 2133 2789 2191 monachis
2832 2150 3056 2190 moram
3103 2132 3344 2206 longam
3377 2132 3439 2187 in
3466 2130 3767 2203 hujusmodi

2150 2222 2323 2295 nugis
2352 2228 2411 2279 et
2434 2223 2697 2279 ridiculis
2724 2239 2837 2279 non
2858 2222 3188 2279 valentibus
3215 2222 3496 2294 perferre,
3519 2217 3768 2277 sacerdoti

2149 2327 2184 2366 a
2212 2312 2430 2369 decano
2460 2310 2814 2383 imperatum
2848 2311 2977 2379 fuit,
3012 2316 3076 2367 ut
3108 2310 3202 2367 his
3232 2310 3544 2367 cantilenis
3567 2308 3769 2381 juberet

2150 2399 2329 2467 ﬁnem
2345 2398 2744 2472 imponi.Quid
2765 2400 2968 2456 multis
2986 2417 3136 2471 opus
3158 2399 3286 2455 est?
3303 2400 3544 2455 tandem
3556 2396 3771 2455 dulciter

2152 2490 2435 2555 canendo,
2460 2490 2683 2561 absque
2704 2488 2825 2545 ulla
2848 2489 3093 2544 anicula
3117 2488 3461 2560 laesione,ut
3481 2488 3670 2555 fertur,
3688 2484 3766 2540 la:-

2150 2576 2338 2632 titiam
2366 2578 2685 2649 quamdam
2713 2579 3051 2644 ostendens,
3071 2578 3235 2634 abiit.
3251 2577 3345 2633 Sic
3370 2577 3473 2633 illa
3493 2573 3768 2632 incolumis

2150 2667 2209 2721 S.
2232 2666 2445 2721 Joanni
2477 2666 2698 2738 gratias
2728 2682 2907 2738 agens
2940 2668 3184 2722 domum
3216 2666 3512 2723 concessit
3539 2681 3709 2722 suam.

2218 2755 2305 2809 29.
2327 2755 2415 2810 Ad
2441 2772 2544 2812 nos
2576 2772 2765 2826 usque
2791 2756 2948 2812 fama
2974 2755 3265 2828 perlatum
3287 2761 3485 2824 est,ex
3505 2752 3764 2811 Flaminia)

2149 2844 2295 2914 (137)
2317 2843 2615 2914 provincia
2650 2844 2969 2914 quemdam
3010 2844 3269 2916 ingentis
3315 2843 3579 2915 corporis
3605 2856 3763 2897 sacer-

2148 2933 2345 2989 dotem
2368 2934 2441 2989 ad
2462 2932 2572 2989 hoc
2593 2935 2653 2989 S.
2676 2933 2870 2989 Mariae
2895 2932 3316 2989 monasterium
3340 2933 3597 2999 venisse;
3619 2945 3764 3002 quem

2147 3022 2374 3077 daemon
2414 3021 2494 3077 ita
2522 3022 2859 3078 crudelibus
2890 3022 3132 3078 torturis
3165 3023 3447 3089 afﬁceret,
3472 3025 3536 3077 ut
3564 3036 3657 3076 nec
3683 3017 3763 3072 ubi

2147 3109 2390 3182 sisti,vel
2409 3114 2694 3166 nocturno
2713 3127 2815 3167 seu
2833 3111 3045 3167 diurno
3069 3116 3328 3183 tempore
3352 3111 3642 3183 quiescere
3659 3123 3765 3180 pos-

389 3199 835 3267 concessissent,
850 3216 885 3255 a
905 3199 1190 3255 daemonio
1210 3199 1376 3255 homo
1398 3199 1496 3255 ille
1510 3198 1929 3257 miserabiliter
1949 3206 2038 3258 est
2066 3184 2109 3253 α
2148 3198 2373 3267 set,nisi
2394 3200 2675 3271 fatigatus
2698 3206 2756 3256 et
2775 3200 3015 3256 assiduo
3040 3200 3389 3272 ingentique
3413 3204 3569 3256 motu
3593 3213 3762 3269 corpo-
3814 3272 3818 3276 _

385 3289 724 3345 suffocatus.
757 3287 1021 3359 Cumque
1066 3304 1271 3344 omnes
1302 3289 1641 3360 hujusmodi
1697 3291 2036 3362 repentinus

386 3392 557 3433 casus
587 3376 811 3433 ﬂebiles
842 3377 1199 3434 reddidisset
1221 3382 1277 3433 et
1298 3383 1561 3446 maestos,
1586 3380 1844 3435 decanus
1874 3385 2038 3452 pater

382 3464 523 3521 talia
542 3466 734 3533 verba,
756 3470 822 3521 ut
842 3482 1047 3521 eorum
1071 3466 1328 3521 molliret
1348 3466 1628 3535 dolorem,
1644 3484 1884 3524 exorsus
1906 3473 1996 3525 est
2019 3485 2033 3523 :

384 3552 483 3607 Dei
506 3553 733 3623 judicia
762 3570 897 3609 cum
932 3554 1101 3610 nobis
1131 3555 1428 3626 incognita
1458 3555 1729 3624 existant,
1754 3556 1867 3610 sibi
1899 3573 2035 3628 pro-

384 3639 556 3710 fecto,
580 3647 645 3696 ut
673 3641 959 3713 propheta
986 3643 1086 3709 ait,
1120 3642 1178 3696 in
1213 3643 1488 3697 omnibus
1538 3647 1595 3698 et
1641 3644 1712 3699 de
1761 3644 2037 3699 omnibus

384 3729 607 3801 gratias
636 3747 805 3803 agere
837 3735 1128 3798 tenemur,
1164 3730 1610 3802 obligamurque
1633 3748 1645 3786 :
1672 3731 1820 3787 nihil
1854 3733 2033 3799 enim,

385 3822 451 3873 ut
479 3818 789 3892 Evangelia
808 3824 1012 3874 sancta
1033 3819 1310 3886 referunt,
1340 3818 1453 3873 nisi
1476 3822 1621 3874 nutu
1645 3818 1839 3875 divino
1859 3822 2034 3876 etiam

385 3907 625 3979 parvula
645 3908 876 3973 evenire
896 3911 1119 3962 certum
1144 3910 1249 3963 est.
1267 3909 1389 3972 Quo
1416 3909 1631 3963 circaet
1660 3908 1947 3964 mmstitiaa
1968 3911 2035 3964 fi-

386 4011 520 4053 nem
554 3996 733 4062 detis;
781 3995 1025 4066 insuper
1052 3999 1109 4050 et
1139 4011 1384 4066 corpora
1430 3996 1557 4051 cibo
1607 3996 1911 4068 paululum
1946 4015 2033 4054 re-

385 4083 594 4139 creetis
623 4100 754 4150 oro;
807 4099 880 4138 ne
937 4083 1079 4137 dum
1108 4082 1308 4149 vultis,
1336 4087 1401 4137 ut
1429 4085 1819 4153 quorumdam
1878 4085 2035 4141 haud

384 4170 651 4243 pientum
687 4170 989 4242 ingenium
1022 4176 1130 4238 est,
1155 4171 1491 4227 mortalium
1514 4189 1685 4229 casus
1715 4174 1842 4230 sine
1862 4175 2036 4231 modo

384 4259 617 4327 deﬂere,
639 4262 695 4315 et
722 4260 1065 4330 corporibus
1092 4260 1509 4316 detrimentum
1544 4262 1769 4318 adferre
1793 4280 1805 4317 :
1833 4269 1891 4319 et
1926 4265 2034 4320 Deo

384 4362 507 4403 rem
538 4363 656 4403 non
684 4353 909 4420 gratam
943 4350 1130 4404 tacere
1159 4350 1435 4421 pergatis.

451 4436 541 4490 27.
567 4435 668 4493 His
699 4437 897 4508 itaque
927 4444 983 4493 et
1013 4437 1144 4495 aliis
1184 4440 1375 4495 verbis
1405 4456 1504 4496 eos
1536 4441 1794 4497 decanus
1823 4441 2031 4498 exhor-

2146 3287 2227 3344 ris
2254 3289 2550 3357 defessus;
2574 3292 2700 3345 tum
2722 3289 2915 3345 ubivis
2935 3289 3223 3357 locorum,
3248 3288 3307 3344 in
3330 3306 3491 3361 aqua
3510 3288 3764 3355 etiam,et,

2146 3377 2301 3448 quod
2334 3376 2492 3433 dictu
2517 3377 2859 3434 incredibile
2889 3381 2997 3444 est,
3023 3378 3190 3434 humi
3221 3394 3353 3434 sese
3387 3378 3763 3451 prosterneret,

2145 3466 2346 3521 cibum
2377 3466 2673 3522 interdum
2706 3483 2820 3522 non
2865 3467 2983 3522 nisi
3030 3467 3300 3523 saltando
3330 3472 3581 3540 caperet.
3604 3466 3674 3521 Eo
3698 3466 3765 3519 tot

2146 3554 2611 3626 discriminibus,
2639 3572 2872 3627 semper
2895 3573 2929 3611 a
2957 3560 3120 3627 tergo
3146 3555 3431 3614 manibus
3459 3555 3663 3628 ligatis,
3689 3551 3761 3607 vel

2146 3641 2421 3698 columna
2441 3642 2641 3716 aliqua
2662 3645 2800 3701 fune
2826 3645 3238 3716 circumsepta,
3258 3645 3349 3701 vel
3383 3645 3521 3701 viris
3548 3640 3761 3700 fortissi-

2146 3730 2259 3786 mis
2291 3732 2621 3799 tenebatur,
2649 3736 2714 3788 ut
2743 3750 2860 3804 quo
2893 3734 3005 3788 iter
3035 3734 3270 3799 faceret,
3294 3735 3559 3806 undique
3586 3733 3652 3788 ad
3677 3730 3762 3785 hoc

2116 3822 2264 3874 ‘tam
2296 3820 2513 3876 mirum
2547 3820 2834 3877 invisendi
2863 3821 3053 3894 gratia
3082 3822 3491 3893 spectaculum
3526 3817 3763 3876 mortales

2145 3909 2573 3980 cujuscumque
2620 3926 2795 3966 sexus
2833 3915 2891 3966 et
2930 3911 3162 3983 generis
3209 3913 3640 3977 concurrerent,
3661 3908 3763 3978 ejus

2146 3996 2439 4069 imprimis
2462 3998 2791 4053 inauditum
2815 4016 3015 4063 casum
3040 4000 3434 4069 demirantes;
3458 4000 3656 4056 deinde
3673 3993 3763 4053 sibi

2142 4085 2520 4141 vehementer
2540 4087 3042 4153 commiserantes,
3061 4087 3212 4145 alter
3237 4089 3411 4144 alteri
3437 4086 3621 4160 inquit
3638 4102 3649 4141 :
3664 4083 3763 4140 Heu

2144 4174 2278 4245 quis
2309 4191 2483 4229 casus
2514 4174 2651 4230 huic
2684 4176 2900 4232 misero
2943 4176 3155 4233 accidit
3183 4178 3521 4232 sacerdoti?
3547 4173 3681 4231 Proh
3710 4170 3763 4225 ﬁ-

2143 4262 2276 4318 dem
2308 4262 2407 4318 Dei
2439 4267 2614 4335 atque
2645 4264 2985 4320 hominum!
3020 4265 3170 4330 Quid
3199 4265 3309 4322 hoc
3335 4267 3468 4324 est?
3506 4264 3577 4322 Ut
3604 4274 3763 4319 sacer-

2142 4351 2308 4407 dotes
2338 4351 2438 4407 Dei
2471 4353 2529 4406 in
2554 4353 2896 4424 hujusmodi
2928 4353 3298 4410 atrocissima
3316 4353 3651 4411 devenerint
3674 4354 3765 4404 tor-

2144 4446 2366 4509 menta;
2406 4441 2613 4498 saltem
2638 4442 2753 4498 alio
2775 4443 2980 4514 quovis
3004 4443 3209 4499 morbo
3238 4443 3565 4510 laboraret;
3593 4446 3645 4497 et
3661 4439 3763 4510 jus-

380 4528 535 4599 tans,
564 4525 926 4617 miserabiles
957 4526 1063 4617 illi,
1087 4526 1393 4617 paululum
1417 4529 1638 4586 viribus
1663 4530 1919 4601 corporis
1951 4548 2036 4588 re-
2062 4548 2113 4617 Β
2142 4530 2263 4584 tius
2293 4540 2351 4585 et
2378 4529 2745 4587 tolerabilius
2769 4531 2994 4601 judicio
3026 4547 3155 4588 meo
3186 4535 3362 4601 esset,
3394 4537 3462 4588 ut
3490 4529 3646 4597 febri,
3673 4540 3759 4617 pc-

382 4615 697 4687 cuperatis,
732 4632 846 4671 non
878 4615 1003 4671 sine
1034 4616 1256 4690 ingenti
1297 4618 1575 4673 mmstitia
1617 4634 1922 4691 sumpsere
1950 4622 2031 4676 ci-

382 4704 553 4772 bum;
574 4703 855 4776 postridie
872 4721 1003 4761 vero
1024 4706 1270 4777 psalmis
1289 4721 1358 4762 ex
1374 4707 1706 4764 Christiana
1722 4708 2034 4766 traditione

383 4791 729 4860 decantatis,
753 4793 1002 4848 cadaver
1031 4795 1219 4866 ipsius
1251 4797 1309 4851 in
1343 4796 1669 4853 ccemeterio
1691 4800 1849 4855 extra
1878 4797 2031 4854 fores

383 4878 638 4936 ecclesia:
671 4881 782 4937 sito
814 4885 981 4937 terrae
1013 4884 1352 4952 reddidere;
1383 4886 1615 4957 cognito
1646 4890 1843 4941 tamen
1876 4903 1910 4941 a
1938 4903 2030 4942 so-

382 4966 488 5024 ciis
518 4970 675 5039 quod
709 4969 976 5043 religiose
995 4976 1052 5028 et
1082 4972 1323 5029 honeste
1352 4974 1534 5029 vitam
1557 4974 1799 5031 duxerat
1820 4991 1989 5031 suam
2014 4992 2030 5032 :

382 5058 688 5115 annuatim
727 5060 906 5129 enim,
940 5066 1006 5115 ut
1054 5063 1205 5117 sacri
1252 5060 1453 5117 volunt
1499 5079 1774 5135 canones,
1807 5064 1876 5119 de
1906 5064 2031 5122 suis

381 5147 699 5204 sceleribus
730 5147 1016 5205 humilem
1040 5149 1155 5205 Deo
1178 5154 1235 5205 et
1266 5150 1553 5205 sacerdoti
1577 5151 1790 5208 fecerat
1809 5155 2031 5210 confes-

380 5236 628 5292 sionem.
658 5236 715 5291 Si
744 5237 900 5292 enim
940 5254 1110 5294 secus
1136 5238 1314 5293 vitam
1345 5254 1515 5293 suam
1563 5238 1936 5312 instituisset,
1966 5241 2028 5298 in

378 5322 501 5379 loco
533 5341 649 5379 non
682 5341 846 5381 sacro
880 5327 1124 5382 cadaver
1152 5326 1299 5382 illud
1333 5327 1751 5384 condidissent.
1776 5308 2026 5387 Comites

620 5445 1013 5525 ifgniﬂcatug
1038 5452 1102 5503 ut
1133 5450 1359 5525 opinor,
1382 5448 1481 5525 qui
1510 5450 1710 5525 vendit
1740 5458 2022 5525 aromata,

472 5517 591 5592 ᾠῷ)
626 5518 939 5592 Εδῐρθευε
970 5520 1028 5575 in
1063 5517 1202 5592 agro
1241 5517 1573 5588 Casentino,
1598 5522 1699 5592 qui
1733 5528 1822 5580 est
1851 5517 2022 5581 ditio-'-

375 5588 468 5644 nis
499 5587 867 5646 Florentinis.

2141 4618 2359 4690 dagris,
2392 4619 2650 4692 sync0pi,
2685 4620 3023 4692 caeterisque
3064 4621 3399 4677 afﬁceretur
3438 4612 3761 4676 inﬁrmitati-

2143 4707 2273 4764 bus.
2298 4708 2429 4763 Haec
2474 4712 2616 4765 tunc
2659 4714 2783 4766 erat
2834 4725 3102 4765 murmur
3131 4709 3290 4782 vulgi
3338 4710 3411 4766 de
3461 4706 3761 4767 sacerdote;

2143 4796 2361 4868 quibus
2390 4814 2521 4854 vere
2567 4814 2736 4854 mens
2783 4799 2981 4854 sanior
3025 4806 3172 4864 erat,
3203 4813 3372 4855 secus
3424 4797 3658 4862 sentire;
3684 4791 3762 4847 Je-

2142 4902 2391 4957 sumquc
2421 4886 2480 4942 in
2509 4886 2631 4942 suis
2658 4887 2933 4943 omnibus
2954 4887 3203 4958 judiciis
3222 4885 3588 4949 laudandum
3615 4877 3764 4940 extol-

2142 4973 2499 5045 lendumque
2527 4975 2865 5032 censebant.

2211 5064 2298 5118 30.
2322 5063 2592 5132 Demum,
2622 5081 2737 5120 non
2770 5065 2895 5121 sine
2927 5082 3140 5137 magno
3166 5064 3447 5123 comitum
3476 5063 3683 5127 labore,
3704 5056 3763 5113 ad

2139 5151 2468 5208 coenobium
2494 5152 2652 5208 istud
2676 5153 2964 5210 deductus
2984 5158 3105 5211 est:
3130 5153 3273 5219 Quis
3293 5153 3472 5224 enim,
3490 5168 3613 5223 qua;
3633 5148 3765 5204 dixe-

2138 5242 2213 5295 rit
2242 5240 2495 5313 egeritve
2524 5240 2650 5312 ipse
2679 5241 2928 5308 daemon,
2956 5242 3134 5299 etiam
3179 5257 3417 5298 summa
3456 5231 3764 5310 eloquentia

2138 5330 2450 5400 praedictus
2478 5346 2747 5387 enarrare
2780 5334 2981 5402 posset
3005 5346 3017 5386 :
3042 5331 3167 5387 dies
3193 5330 3434 5402 insuper
3462 5343 3555 5383 me
3578 5325 3761 5383 deﬂoc-

2205 5456 2363 5528 (1377)_
2390 5453 2675 5528 Flaminia
2712 5455 2870 5528 regio
2899 5455 3163 5528 (Emilite,
3190 5472 3315 5528 quae
3354 5469 3512 5528 nunc
3542 5453 3759 5528 Romaa-

2131 5521 2281 5606 dicjla
2311 5526 2545 5595 dicitur,
2576 5528 2647 5584 de
2698 5521 2815 5600 qua
2855 5526 3085 5601 egimus
3118 5521 3177 5585 in
3205 5521 3509 5585 lnnotatis
3538 5524 3606 5582 ad
3635 5521 3757 5577 Acta

2131 5613 2348 5671 priora.
