4002 6170
1786 361 2014 426 ACTA.

198 505 311 570 net,
340 499 412 569 si,
445 516 573 574 quas
604 500 676 559 de
705 502 832 576 ipso
860 502 1071 575 accepi,
1103 500 1309 558 litteris
1340 501 1622 558 mandare
1661 516 1833 556 cura-
1865 496 1922 564 Α
2021 508 2111 563 33,
2144 507 2226 563 Ex
2251 503 2931 578 genarum(138)civitate
2954 501 3381 562 adolescentem
3404 518 3597 561 aerem

195 607 343 646 rem.
378 591 485 646 Sed
518 608 591 646 ne
622 591 751 647 aliis
783 592 951 648 taedio
983 590 1243 663 mihique
1275 589 1458 646 labori
1489 589 1623 659 sim,
1658 589 1728 644 ad
1762 588 1843 645 rei

195 680 422 736 exitum
449 681 756 737 festinabo.
785 686 1043 753 Cumque
1072 698 1106 736 a
1134 681 1431 736 sacerdote
1460 679 1845 750 interrogare-

197 774 299 826 tur
328 787 445 841 qua
469 771 714 826 audacia
734 771 943 826 Christi
962 772 1320 827 sacerdotem
1342 770 1646 841 ingressus
1670 771 1843 835 esset,

197 859 724 923 tale,audientibus
756 861 855 931 qui
878 861 1120 917 aderant
1140 860 1571 925 omnibus,ddit
1609 874 1846 929 respon-

202 966 338 1005 sum
372 950 622 1004 daemon.
657 949 811 1003 Nutu
842 950 1036 1006 divino
1067 955 1125 1005 et
1155 950 1317 1005 aﬁ‘eci
1350 950 1525 1015 hunc,
1559 955 1614 1003 et
1634 947 1845 1014 afﬁcio,

198 1038 577 1109 efﬁciamque
607 1038 914 1094 tormentis
947 1040 1161 1111 quoad,
1196 1044 1259 1094 ut
1291 1038 1533 1094 meritus
1588 1042 1697 1103 est,
1740 1036 1848 1091 ha-

196 1129 397 1183 buerit
426 1128 666 1183 exitum.
700 1129 961 1184 Instante
978 1132 1176 1184 tamen
1200 1130 1495 1184 sacerdote
1526 1143 1660 1182 cum
1693 1128 1849 1182 S.Jo-

198 1219 375 1274 annis
403 1218 704 1289 Reliquiis,
738 1222 803 1273 ut
830 1218 1030 1284 exiret,
1049 1218 1406 1290 Spirituique
1431 1223 1633 1273 sancto
1656 1217 1848 1272 locum

202 1308 376 1363 daret
409 1323 420 1360 :
454 1307 568 1361 Nec
601 1324 842 1379 possum
876 1324 979 1363 nec
998 1307 1148 1377 volo,
1172 1308 1364 1379 inquit
1384 1308 1610 1363 daemon
1644 1311 1849 1362 :Hunc

200 1396 366 1452 enim
399 1396 785 1467 permissione
815 1396 1012 1452 divina
1040 1414 1216 1452 suum
1246 1383 1664 1465 fore,tartareis
1692 1394 1851 1450 voci—

203 1486 323 1542 bus
352 1486 628 1543 afﬁrmat.
663 1486 791 1551 Qui,
846 1486 1039 1557 inquit
1097 1487 1389 1550 sacerdos,
1450 1486 1607 1541 istud
1667 1485 1854 1541 dicere

206 1576 416 1641 audes,
445 1574 751 1631 maledicta
768 1576 796 1630 ‘2
827 1575 1029 1631 Nonne
1042 1581 1309 1631 creatura
1330 1576 1429 1631 Dei
1443 1580 1500 1631 et
1520 1574 1738 1630 Christi
1761 1590 1853 1630 sa-

203 1665 415 1720 cerdos
442 1664 538 1720 hic
569 1670 658 1720 est
683 1664 710 1719 ‘?
742 1664 942 1720 Nescis
972 1666 1129 1720 enim
1163 1665 1302 1737 quid
1327 1666 1592 1720 futurum
1611 1665 1705 1720 sit.
1725 1663 1855 1719 Rei-

204 1770 319 1827 psa
347 1752 741 1810 declarabitur
768 1754 949 1811 sciam
981 1771 1182 1823 necne,
1216 1754 1519 1827 respondit
1543 1754 1790 1808 daemon.

1956 602 2012 654 et
2043 599 2246 654 fortem
2277 603 2479 653 catena
2509 596 2683 651 etiam
2722 596 2967 668 ligatum
3026 600 3083 651 et
3132 595 3408 650 innexum
3436 594 3597 667 (nam

1954 687 2183 743 funium
2211 687 2998 759 resta(139)lacerasset)cum
3014 682 3599 751 affines,nobilissimi

1953 774 3166 843 viri,multiscomitantibustraheret,forte
3179 772 3599 831 monasterium

1956 866 2159 922 Cultus
2191 866 2328 922 boni
2360 870 2592 937 propter
2611 865 2723 920 iter
2740 863 3190 935 habuere;quod
3220 864 3455 935 quidem
3480 878 3602 918 mc-

1956 956 2278 1012 nasterium
2312 956 2491 1027 hujus
2523 954 2842 1025 Religionis
2871 969 3000 1009 esse
3030 951 3462 1024 probatur.lllic
3474 952 3598 1022 jam

1954 1050 2010 1100 8.
2042 1046 2287 1101 Joannis
2315 1046 2589 1101 virtutem
2621 1045 2847 1099 daemon
2878 1041 3159 1109 sentiens,
3192 1056 3443 1112 eamque
3471 1055 3601 1111 per-

1958 1136 2106 1191 ferre
2137 1134 2394 1207 amplius
2425 1152 2541 1189 non
2571 1132 2971 1200 valens,miris
3006 1130 3199 1187 modis
3226 1129 3552 1185 exclamare
3585 1144 3599 1181 :

1959 1240 2063 1279 nec
2094 1223 2343 1279 ulterius
2371 1224 2477 1290 ire,
2509 1222 2721 1294 inquit,
2757 1222 2806 1277 si
2846 1219 3078 1282 vellem,
3135 1218 3392 1274 valerem
3427 1235 3440 1285 ;
3474 1218 3605 1272 date

1958 1313 2190 1368 veniam
2224 1316 2377 1369 retro
2402 1309 2749 1383 gradiamini
2781 1325 2901 1365 oro.
2936 1310 2981 1364 υ
3009 1322 3212 1363 cruces
3247 1307 3260 1362 l
3295 1323 3328 1362 ο
3356 1310 3606 1362 ιονωθηο

1958 1405 2021 1456 ta
2052 1403 2064 1456 ε
2101 1418 2227 1473 quas
2261 1401 2406 1457 mihi
2438 1400 2755 1465 immerito,
2786 1403 2849 1453 tu
2882 1399 2936 1453 S.
2976 1396 3439 1461 Joannes,inters
3472 1397 3482 1451 l
3514 1409 3607 1450 me
3697 1464 3713 1477 ο

1963 1491 2244 1547 miserum
2280 1491 2432 1546 lhaec
2448 1506 2673 1562 nequeo
2688 1487 3233 1560 ampliusperferre;
3264 1484 3324 1539 in
3358 1484 3607 1556 patriam

1964 1586 2029 1635 ut
2057 1581 2307 1636 redeatis
2336 1597 2437 1635 oro
2470 1606 2484 1648 ;
2519 1579 2659 1635 illuc
2689 1579 2944 1651 profecto
2988 1575 3255 1633 recedam
3304 1573 3607 1646 quampri-

1966 1686 2151 1724 mum.
2185 1670 2331 1725 Cum
2360 1669 2517 1724 enim
2548 1673 2750 1724 contra
2770 1666 3123 1723 sententiam
3145 1680 3314 1721 suam
3345 1664 3456 1719 iter
3480 1662 3611 1718 Val-

1964 1758 2080 1815 lem
2109 1758 2453 1814 Umbrosam
2474 1774 2678 1813 versus
2699 1757 2941 1813 comites
2962 1756 3363 1827 properarent,
3378 1752 3608 1808 damon

276 1844 369 1898 31-
393 1841 677 1915 Pergebat
695 1847 892 1900 tamen
904 1845 1177 1900 sacerdos
1197 1842 1707 1908 suum.monachis
1729 1840 1857 1897 aliis
1887 1872 1936 1939 B
1967 1853 2026 1905 et
2054 1848 2242 1920 gratia
2269 1848 2512 1903 Joannis
2535 1845 2861 1903 beatissimi
2891 1850 2949 1901 et
2961 1844 3197 1916 juvenis
3226 1842 3340 1897 fide
3353 1840 3610 1939 amplius

205 1931 623 2005 psallentibus,
644 1949 925 2005 peragens
956 1933 1214 1991 ofﬁcium
1241 1950 1254 2001 ;
1278 1949 1456 2005 quam
1484 1948 1607 1987 rem
1631 1932 1859 1988 daamcn

207 2022 404 2093 magis
435 2037 613 2093 quam
645 2024 817 2078 antea
843 2023 1144 2094 aegerrime
1188 2023 1402 2092 ferens,
1464 2026 1665 2094 utpote
1721 2021 1862 2093 quia

208 2126 573 2183 magnopere
601 2115 659 2166 et
690 2110 820 2168 sine
847 2111 1110 2183 exemplo
1167 2112 1225 2167 S.
1258 2112 1501 2167 Joannis
1556 2111 1771 2167 virtute
1827 2128 1862 2166 a

202 2199 350 2256 Jesu
380 2203 773 2271 torqueretur,
829 2199 890 2256 in
921 2201 1042 2256 haec
1083 2204 1296 2256 tonans
1344 2199 1609 2273 prorupit
1637 2200 1813 2256 verba
1844 2215 1857 2253 :

204 2290 358 2356 Quid
390 2289 714 2355 incassum,
743 2306 774 2345 o
805 2289 1334 2358 fratres,orationes
1362 2290 1627 2359 fundere,
1658 2293 1715 2344 et
1744 2304 1860 2355 me,
1943 2326 1953 2336 υ

206 2382 273 2433 ut
304 2378 445 2433 hinc
478 2379 704 2447 abeam,
737 2382 947 2434 acriter
978 2383 1247 2451 torquere
1285 2379 1559 2451 oportet?
1584 2379 1731 2435 Nam
1770 2378 1864 2434 hic

204 2468 510 2539 periturus
540 2467 758 2539 est,qui
789 2472 845 2523 et
874 2467 1173 2523 hominem
1204 2468 1417 2524 occidit
1447 2473 1503 2523 et
1532 2468 1729 2523 diviua
1757 2468 1858 2524 Sa-

205 2561 513 2613 cramenta
542 2557 760 2612 nefarie
780 2556 953 2613 corde
980 2555 1482 2623 incontritc,nulla
1507 2557 1709 2612 habita
1732 2574 1865 2613 con-

204 2645 491 2711 fessione,
525 2645 686 2701 nulla
715 2645 999 2717 requisita
1028 2645 1566 2717 absolutione,proh
1598 2647 1762 2702 nefas
1786 2645 1863 2703 let

202 2735 333 2806 ipse
357 2733 493 2789 aliis
525 2734 861 2791 ministrare
889 2739 947 2791 et
976 2735 1089 2790 sibi
1120 2752 1353 2791 sumere
1371 2752 1477 2791 nec
1496 2736 1729 2792 erubuit
1758 2752 1862 2793 nec

203 2824 519 2880 dubitavit.
554 2824 685 2881 Haec
711 2826 869 2881 enim
902 2842 1028 2897 quae
1060 2824 1331 2881 diabolus
1361 2842 1425 2881 ex
1449 2827 1579 2896 ejus
1609 2842 1708 2882 ore
1730 2844 1859 2899 pro-

201 2914 433 2970 ferebat
465 2931 579 2969 nou
612 2931 852 2985 parvam
883 2914 1159 2970 omnibus
1188 2919 1245 2970 et
1293 2915 1736 2971 admirationem
1772 2916 1861 2972 in-

197 3019 451 3059 cussere
482 3008 541 3059 et
572 3007 796 3062 metum
834 3022 846 3071 ;
878 3020 1081 3059 verum
1097 3020 1232 3060 cum
1255 3004 1769 3060 monachinullum
1801 3006 1861 3061 in

195 3110 345 3150 eum
377 3093 709 3149 curandum
731 3094 1012 3165 temporis
1032 3093 1226 3149 etdies
1245 3094 1624 3165 quamplures
1647 3095 1866 3151 frustra

196 3182 998 3254 consumpsissent,missum
1031 3199 1189 3255 eum,
1220 3183 1420 3239 invitis
1450 3188 1645 3239 tamen
1676 3183 1859 3239 comi-

197 3242 587 3338 tibus,fecere
620 3288 632 3327 :
667 3242 815 3329 Nam
844 3272 1086 3330 abbates
1116 3242 1303 3328 nostri
1340 3272 1721 3328 decreverunt
1752 3290 1859 3331 nos
1889 3242 1936 3314 ο

199 3364 443 3415 veteres
472 3359 772 3418 observare
802 3377 997 3419 mores
1019 3364 1077 3418 et
1096 3366 1317 3417 statuta
1348 3364 1406 3418 et
1427 3361 1814 3433 annalia,quaa
1828 3379 1863 3418 a

196 3448 489 3522 patribus
518 3449 729 3507 nostris
760 3449 820 3505 in
853 3449 1236 3508 concionibus
1266 3455 1323 3506 et
1342 3449 1614 3522 capitulis
1635 3451 1861 3507 sancita

192 3542 400 3606 sunt;
440 3554 566 3609 quis
595 3538 866 3612 equidem
909 3539 1254 3596 triduanum
1310 3540 1465 3597 diem
1525 3540 1859 3612 hospitibus

193 3627 493 3685 omnibus
521 3628 704 3700 gratis
736 3630 1101 3701 permittunt.
1135 3645 1270 3685 cum
1324 3630 1530 3686 dicunt
1558 3649 1570 3697 ;
1604 3635 1716 3686 Per
1756 3630 1860 3685 tri-

195 3718 396 3773 duum
430 3717 760 3789 hospitibus
781 3719 884 3790 jus
912 3722 1035 3775 esto
1066 3734 1171 3774 nec
1230 3718 1403 3787 ultra,
1464 3719 1577 3775 nisi
1628 3736 1862 3776 summa

194 3810 382 3879 cogat
412 3806 750 3864 necessitas.
785 3808 1002 3864 Verum
1034 3812 1098 3862 ut
1128 3809 1198 3863 ad
1226 3808 1454 3879 incepta
1476 3809 1708 3865 redeam
1737 3826 1750 3863 :

271 3897 370 3951 32.
399 3894 500 3950 llis
531 3895 613 3951 ita
640 3896 700 3951 in
731 3897 979 3967 patriam
1002 3897 1411 3955 recedentibus
1442 3897 1542 3953 ubi
1600 3899 1859 3969 primum

194 4001 271 4041 ex
304 3985 528 4042 nostris
554 3985 745 4041 exiere
773 3985 990 4042 finibus
1048 3986 1405 4042 sacerdotem
1466 3988 1646 4059 (quod
1701 3987 1861 4044 dictu

200 4074 547 4147 pavendum
579 4091 645 4131 ac
677 4075 1065 4133 metuendum
1095 4078 1227 4147 est),
1252 4076 1502 4132 summis
1531 4076 1757 4134 viribus
1788 4078 1861 4133 ad

195 4168 434 4220 terram
464 4163 736 4220 diabolus
763 4164 1315 4232 trahens,atfsctum
1346 4165 1589 4221 torturis
1618 4166 1865 4237 ingenti-

1969 1954 2104 1994 cum
2134 1940 2523 2009 torqueretur,
2560 1936 2827 2008 ingentes
2856 1932 3133 1989 emittens
3174 1946 3363 2000 voces,
3396 1927 3611 1985 millies

1968 2025 2288 2097 clamitare,
2322 2042 2451 2083 sese
2480 2023 2877 2081 miserabilem
2918 2023 3130 2079 dicere.
3187 2019 3477 2085 Addebat,
3514 2016 3611 2072 hic

1968 2116 2158 2172 sistite
2185 2131 2427 2187 equum,
2458 2113 2646 2170 sistite
2675 2129 2837 2185 rogo,
2871 2110 3167 2167 discedam
3198 2106 3616 2180 nempe,disce-

1969 2204 2105 2260 dam
2135 2222 2148 2260 :
2178 2202 2423 2259 ulterius
2451 2202 2607 2259 enim
2639 2200 2872 2273 prodire
2901 2214 3147 2270 nequeo.

2038 2295 2131 2349 24.
2157 2292 2485 2348 Firmantes
2506 2291 2687 2364 igitur
2708 2290 3071 2361 jumentum,
3081 2288 3362 2358 juvenem
3392 2282 3615 2339 catenis

1968 2383 2283 2449 irretitum,
2313 2386 2371 2437 et
2398 2381 2611 2437 sudore
2640 2382 2761 2436 toto
2789 2393 3029 2449 corpore
3056 2373 3382 2447 prsalabore
3415 2372 3612 2429 made-

1970 2472 2189 2528 factum
2221 2488 2287 2526 ac
2310 2472 2428 2527 fere
2458 2468 2742 2525 membris
2772 2467 3126 2539 perfractum
3167 2462 3477 2528 universis,
3512 2477 3611 2532 pe-

1969 2563 2261 2632 dibusque
2278 2560 2566 2617 labentem
2582 2575 2647 2613 ac
2660 2558 3008 2612 trementem
3020 2555 3341 2626 deposuere
3361 2567 3430 2607 ex
3440 2566 3611 2621 equo.

1968 2650 2466 2707 Concurrentibus
2497 2649 2694 2720 itaque
2725 2647 2798 2702 ad
2826 2645 2937 2701 hoc
2969 2642 3185 2699 mirum
3210 2639 3612 2714 spectaculum

1968 2740 2273 2795 turmatim
2294 2755 2362 2795 ex
2383 2738 2541 2811 agris
2561 2742 2618 2792 et
2633 2734 2789 2797 villis
2804 2732 3063 2803 cujusvis
3080 2730 3434 2788 conditionis
3455 2744 3611 2785 mor-

1969 2828 2189 2885 talibus
2219 2823 3044 2899 (eosenimtartareisvocibus
3062 2822 3288 2877 daemon
3320 2818 3458 2874 hinc
3479 2817 3614 2872 inde

1971 2920 2205 2989 acierat)
2236 2918 2382 2974 alter
2404 2917 2570 2973 alteri
2609 2915 2801 2971 dicere
2834 2931 2847 2969 :
2881 2912 2960 2969 Mi
2993 2912 3191 2975 frater,
3235 2912 3381 2981 quot
3414 2906 3612 2963 miseri

1971 3007 2247 3064 mortales
2270 3007 2421 3067 hanc
2452 3007 2593 3061 dum
2616 3002 3019 3077 deguntvitam
3051 2997 3447 3056 intolerabiles
3477 3012 3613 3068 per-

1970 3097 2168 3152 farunt
2196 3095 2491 3150 cruciatus
2525 3092 2537 3147 l
2570 3093 2843 3165 quocirca
2864 3090 3068 3146 utilius
3090 3088 3346 3145 dicerem
3366 3084 3425 3141 in
3448 3084 3615 3141 cunis

1970 3190 2103 3258 post
2128 3182 2409 3256 baptismi
2430 3183 2874 3238 Sacramentum
2898 3194 3028 3235 eam
3041 3180 3390 3246 abrumpere
3407 3172 3609 3235 vitam,

1972 3290 2147 3346 quam
2179 3273 2251 3328 ad
2282 3272 2389 3327 has
2420 3268 2717 3343 pervenire
2746 3271 2960 3324 aetates.
2993 3264 3096 3321 Cui
3118 3267 3353 3319 econtra
3379 3277 3617 3331 respon-

1973 3364 2220 3419 debatur
2251 3376 2266 3416 :
2300 3359 2505 3416 Desine
2535 3357 2778 3430 posthac
2807 3355 2929 3411 haec
2957 3357 3015 3411 et
3044 3350 3263 3409 similia
3289 3347 3618 3405 inconside-

1972 3456 2093 3508 rate
2122 3455 2179 3507 et
2208 3449 2432 3506 insulse
2478 3447 2735 3520 proferre
2763 3445 2942 3500 verba
2972 3459 2985 3496 :
3020 3439 3173 3497 male
3220 3437 3376 3494 enim
3406 3434 3612 3492 sentis.

1972 3541 2064 3597 Sic
2097 3539 2377 3613 placitum
2409 3540 2541 3604 Deo,
2584 3535 2678 3592 cui
2708 3534 2865 3591 omia
2894 3534 3101 3605 parent
3147 3532 3224 3596 et,
3282 3527 3376 3584 cui
3435 3541 3617 3597 quare

1972 3631 2056 3688 sic
2087 3629 2294 3698 fecisti,
2330 3628 2507 3685 audet
2535 3626 2726 3682 dicere
2757 3640 2949 3679 nemo.
2985 3623 3253 3691 Insuper,
3277 3622 3344 3673 ut
3400 3616 3566 3672 aiunt
3596 3632 3609 3670 :

1972 3720 2134 3787 Quod
2162 3717 2481 3787 difficilius,
2514 3716 2572 3771 id
2605 3712 2937 3787 praeclarius
2971 3729 2985 3766 :
3044 3726 3158 3781 quo
3188 3706 3344 3763 enim
3391 3706 3617 3776 majora

1972 3810 2080 3865 hac
2113 3809 2169 3863 in
2205 3806 2395 3879 fragili
2425 3806 2545 3860 vita
2574 3806 2866 3859 tormenta
2894 3817 3057 3867 aquo
3088 3798 3284 3853 animo
3315 3792 3617 3869 pertuleri-

1972 3916 2107 3954 mus
2138 3913 2204 3953 eo
2237 3897 2295 3952 in
2330 3897 2527 3950 futura
2555 3892 2743 3965 magis
2765 3890 3022 3965 gloriosa
3038 3889 3338 3945 dabuntur
3367 3901 3471 3958 pro
3501 3883 3614 3938 ha-

1970 3988 2215 4043 boribus
2245 3984 2503 4057 praemia.
3182 4030 3185 4033 .

2042 4076 2131 4131 35.
2166 4080 2314 4130 Dum
2348 4072 2470 4128 haec
2499 4074 2557 4128 et
2585 4068 2720 4137 alia,
2754 4071 2928 4141 prout
2956 4065 3229 4123 voluntas
3274 4064 3405 4133 fert,
3430 4062 3616 4134 jacta-

1973 4170 2104 4222 rent
2133 4165 2360 4220 daemon
2392 4162 2576 4218 multo
2608 4159 2861 4217 ferocius
2890 4156 3159 4222 sclito,ex
3185 4149 3616 4211 circumstanti-

1974 4256 2085 4311 bus
2117 4253 2422 4309 orantibus
2447 4248 2768 4317 nonnullis,
2801 4247 2863 4302 in
2892 4262 3028 4303 eum
3076 4243 3359 4301 miserum
3417 4239 3617 4297 adole-

1974 4341 2306 4400 scentulum
2339 4357 2369 4396 s
2405 4339 2648 4411 vestigio
2696 4335 3039 4393 debacchari
3073 4376 3086 4401 ,
3118 4332 3357 4389 tandem
3387 4345 3523 4386 eum
3563 4328 3618 4383 vi

190 4254 326 4309 bus
357 4252 651 4324 imprimis
682 4254 923 4310 tandem
955 4254 1277 4310 suﬂ‘ocavit.
1309 4254 1439 4309 Haec
1470 4254 1654 4311 nostri
1685 4272 1720 4310 a
1740 4256 1865 4327 qui-

192 4342 491 4409 busdam,
523 4343 622 4413 qui
653 4342 939 4399 funebriis
969 4341 1177 4399 ofﬁciis
1225 4342 1485 4399 defuncti
1542 4343 1862 4399 sacerdotis

192 4430 622 4500 interfuerant,
640 4432 1132 4504 cognovere.Hinc
1153 4432 1346 4504 quivis
1367 4433 1639 4487 sacerdos
1676 4448 1865 4488 exem-
1974 4432 2046 4487 ad
2078 4435 2295 4487 terram
2325 4430 2664 4497 detrudens,
2695 4426 3033 4496 discerpens
3063 4421 3357 4495 imprimis
3388 4422 3446 4474 et
3474 4416 3623 4473 dila-

197 4520 378 4592 plum
413 4536 648 4580 sumere
677 4525 735 4575 et
762 4520 914 4592 parti
946 4537 1062 4576 suae
1094 4520 1395 4577 consulere
1451 4525 1660 4591 potest,
1721 4521 1862 4593 quid
1974 4522 2168 4591 nians,
2200 4520 2440 4575 demum
2470 4516 2694 4590 ingenti
2723 4531 2858 4571 cum
2889 4513 3144 4577 clamore
3174 4506 3466 4575 discessit,
3498 4506 3623 4593 ipse

187 4608 555 4681 judicii,qui
589 4609 783 4666 exitus
804 4613 1037 4666 maneat
1058 4609 1222 4666 illum
1247 4609 1501 4682 qui,sine
1515 4609 1706 4665 cordis
1727 4592 1864 4665 con-
1895 4620 1943 4685 D
1979 4626 2115 4667 vero
2146 4610 2264 4664 fere
2284 4624 2386 4679 per
2406 4607 2559 4662 borea
2571 4602 2825 4675 spatium
2841 4619 2955 4657 non
2978 4600 3104 4656 sine
3125 4612 3339 4667 magna
3357 4592 3622 4685 omnium

191 4679 486 4764 tritione,
510 4697 559 4755 si
591 4698 911 4755 sacerdotis
944 4698 1113 4771 copia
1136 4679 1317 4768 deest,
1350 4679 1406 4755 et
1433 4702 1663 4754 tantum
1710 4702 1868 4755 trac-
1895 4679 1933 4685 _
1982 4699 2082 4771 qui
2113 4698 2357 4753 aderant
2410 4691 2817 4759 admiratione,
2856 4688 3033 4744 veluti
3088 4686 3402 4741 defunctus
3458 4679 3625 4736 humi

190 4792 333 4845 tare
372 4787 818 4846 Sacramentum
851 4792 909 4845 et
935 4788 1050 4845 sibi
1080 4788 1321 4861 suisque
1348 4805 1533 4845 ausus
1561 4788 1737 4846 fuerit
1765 4789 1871 4846 ad-
1979 4790 2309 4860 prostratus
2330 4782 2535 4855 jacuit,
2580 4780 2789 4836 deinde
2842 4775 3147 4851 paululum
3204 4771 3513 4838 excutitur,
3544 4773 3621 4861 et,

189 4876 697 4934 ministrare.Sed
730 4878 886 4934 dicet
915 4878 1064 4934 forte
1092 4859 1337 4951 aliquis:
1373 4877 1545 4933 Pauci
1576 4876 1668 4933 vel
1698 4877 1871 4933 multi
1980 4859 2066 4933 uti
2097 4894 2132 4932 a
2157 4889 2364 4932 somno
2396 4872 2638 4940 excitus,
2670 4883 2993 4941 exsurgens
3022 4881 3202 4922 sanus
3229 4868 3427 4921 tamen
3456 4864 3513 4916 et
3541 4859 3625 4915 in-

186 4970 414 5024 nostra
444 4970 793 5038 tempestate
826 4968 885 5023 in
917 4966 1216 5039 ejusmodi
1248 4966 1630 5023 formidolosa
1661 4966 1869 5023 discri-

186 5058 375 5113 mina
405 5056 737 5112 incurrunt.
770 5056 941 5125 Malo,
976 5056 1027 5112 si
1054 5055 1199 5113 mihi
1245 5057 1403 5129 optio
1461 5056 1716 5122 daretur,
1776 5056 1871 5113 hic

187 5162 312 5221 pro
349 5149 614 5218 tempore
645 5162 821 5217 quam
854 5145 996 5201 alibi
1027 5150 1240 5203 aterne
1267 5146 1514 5202 cruciari
1539 5147 1714 5219 ;qucd
1740 5146 1868 5218 qui-

188 5236 349 5293 dem
384 5251 641 5307 nequam
659 5235 948 5293 sacerdoti
964 5236 1229 5291 futurum
1257 5234 1641 5307 fore,nisihac
1673 5236 1732 5293 in
1752 5236 1871 5292 vita

178 5324 347 5382 Jesu
380 5324 613 5381 Christo
646 5324 1049 5382 reconcilietur
1080 5323 1271 5381 ﬁdelis
1300 5325 1531 5381 dubitat
1558 5325 1869 5381 nemo.Sed

183 5431 371 5475 nunc
400 5413 479 5471 ad
513 5414 763 5487 reliqua.

1980 4964 2229 5023 colurnis
2261 4963 2376 5019 Deo
2403 4959 2699 5032 imprimis
2728 4962 2785 5015 et
2812 4956 3037 5029 Virgini
3071 4952 3264 5010 Marias
3297 4954 3623 5022 sanctoque

1978 5052 2192 5111 Joanni
2222 5051 2444 5124 gratias
2474 5065 2675 5122 agens,
2707 5047 2918 5104 deinde
2949 5044 3172 5102 caeteris
3228 5041 3542 5107 omnibus;
3569 5042 3627 5094 et

1978 5143 2040 5198 in
2067 5142 2313 5214 patriam
2347 5155 2539 5210 suam,
2571 5138 2686 5193 nisi
2716 5137 2881 5209 prius
2908 5136 2968 5202 S,
3000 5132 3245 5191 Joannis
3270 5131 3453 5187 eadem
3483 5127 3621 5184 visi-

1978 5235 2181 5301 tasset,
2216 5229 2405 5285 redire
2435 5226 2643 5284 noluit.
2676 5225 2904 5282 Placuit
2930 5222 3207 5280 omnibus
3248 5224 3305 5276 et
3334 5219 3449 5275 huc
3496 5232 3624 5274 sese

1979 5319 2275 5377 contulere
2306 5321 2509 5385 una,et
2539 5316 2875 5373 sanctissmi
2908 5313 3152 5370 Joannis
3182 5310 3422 5367 brachio
3454 5324 3624 5364 vene-

1978 5408 2241 5466 rabiliter
2267 5413 2325 5464 et
2352 5409 2557 5464 devote
2587 5406 2869 5473 osculato,
2904 5404 3082 5474 hujus
3112 5400 3455 5459 monasterii
3486 5399 3622 5456 bea-

264 5575 437 5647 (128)
466 5575 634 5631 Sena)
662 5575 804 5632 urbs
836 5574 1121 5633 Hetruriaa
1150 5574 1305 5631 intra
1334 5571 1864 5647 collesirsita,S.Ca-
2048 5570 2193 5647 (139)
2225 5569 2385 5647 Hanc
2416 5584 2614 5624 vocem
2645 5566 2725 5622 ita
2758 5565 3027 5647 inflexam
3058 5562 3271 5647 nullibi
3299 5561 3516 5622 inveni.
3549 5562 3623 5619 At

176 5636 461 5779 thiam?
489 5647 855 5779 Seﬁenzinsaet
880 5649 1062 5707 trium
1092 5662 1465 5706 summorum
1512 5636 1866 5705 Pontiﬁcum
1974 5636 2119 5702 satis
2149 5636 2307 5717 patet
2345 5658 2414 5701 ex
2448 5656 2646 5709 sensu,
2678 5638 2834 5715 quod
2865 5640 3068 5695 auctor
3096 5636 3251 5697 velit.

176 5738 272 5778 na
444 5735 515 5778 us
544 5736 563 5776 ι
615 5736 685 5779 us
800 5763 813 5776 .

176 5735 515 5779 natalibus
544 5735 813 5779 ιιιιιῠιιιο.
