4002 6170
206 259 321 320 837

1798 260 2030 326 ACTA.

3496 297 3613 357 838

208 385 508 454 conversi;
542 388 598 441 et
622 402 757 442 cum
787 387 1049 443 nondum
1074 404 1186 444 nox
1202 391 1419 445 terram
1443 390 1851 461 operuisset,ct
1880 394 1937 460 Α
1966 393 2214 451 busdam
2242 398 2382 456 foris
2413 405 2555 459 tunc
2603 406 2987 468 existentibus
3016 419 3189 485 esset,
3224 417 3373 476 intra
3402 438 3609 480 mona-

205 493 566 552 quamquam
583 475 729 533 hora
757 482 813 533 et
834 478 1101 534 Ofﬁcium
1123 478 1493 551 Completorii
1509 482 1636 552 jam
1664 498 1859 555 perac-

200 572 329 624 tum
361 570 534 633 esset,
559 582 696 622 eum
728 572 925 624 tamen
958 568 1017 622 in
1049 567 1678 640 ecclesiamjusserunt
1697 571 1852 627 duci.

199 657 316 711 Res
349 660 472 710 tam
524 655 878 728 prodigiosa,
915 660 971 711 et
1016 657 1233 712 nostris
1289 657 1553 715 inaudita
1602 659 1851 725 saeculis,

199 744 422 800 mirum
455 744 855 815 spectaculum
887 744 1015 815 fuit,
1050 750 1115 800 ut
1143 746 1284 817 dixi,
1318 764 1435 803 non
1465 749 1854 819 praesentibus

194 836 435 890 tantum
463 832 771 888 monachis
793 837 848 888 et
868 836 1527 909 conversis,caeterisque
1548 838 1854 893 familiari-

196 924 335 989 bus,
353 920 454 993 qui
476 921 627 976 hanc
653 924 781 976 tum
806 923 1047 978 domum
1068 923 1418 993 incolebant,
1442 944 1644 982 verum
1666 926 1854 983 omni-

204 1012 326 1067 bus
356 1009 690 1081 hospitibus
739 1011 838 1081 qui
887 1019 1356 1084 supervenerant.
1391 1015 1627 1072 Daamon
1678 1015 1857 1089 igitur

208 1116 357 1155 cum
380 1116 415 1154 a
442 1098 1321 1173 sacerdoteinterrogareturcur
1340 1103 1508 1160 illum
1532 1104 1716 1160 alium
1733 1109 1853 1160 tam

198 1191 455 1261 repente
487 1187 825 1245 deseruerat
846 1189 1235 1263 hominem,et
1261 1192 1439 1264 hunc,
1464 1194 1564 1250 ubi
1594 1195 1854 1267 primum

196 1278 539 1347 advenerat,
570 1277 647 1333 sit
674 1277 999 1350 ingressus,
1034 1282 1369 1352 respondit:
1406 1283 1672 1356 Superno
1705 1287 1854 1339 nutu

196 1370 403 1423 actum
434 1370 541 1423 est.
565 1366 710 1423 Cum
742 1366 839 1423 ille
879 1368 1144 1424 divinum
1169 1372 1291 1426 tota
1312 1375 1505 1428 mente
1529 1376 1584 1429 et
1622 1372 1735 1429 ﬁde
1766 1389 1853 1428 re-

196 1455 462 1528 quireret
492 1453 796 1523 auxilium,
820 1456 1028 1512 merito
1054 1446 1491 1530 quamprimum
1516 1460 1609 1516 his
1631 1460 1854 1516 crucia-

195 1544 365 1600 tibus
394 1544 586 1601 fuerat
616 1543 974 1601 liberandus.
1011 1545 1115 1601 Hic
1145 1563 1278 1603 vero
1326 1549 1526 1617 miser,
1560 1550 1661 1622 qui
1692 1550 1855 1605 inde-

196 1632 398 1688 centia
429 1633 624 1705 potius
654 1650 831 1704 quam
864 1635 1266 1691 convenientia
1293 1641 1352 1693 et
1365 1639 1531 1709 justa
1561 1639 1856 1711 percipere

196 1727 255 1779 et
289 1720 619 1795 intelligere
666 1724 928 1789 curabat,
962 1740 1079 1780 non
1128 1725 1345 1796 injuria
1378 1726 1458 1782 ita
1506 1728 1707 1783 debuit
1736 1730 1856 1782 tor-

195 1811 389 1884 queri.
422 1812 567 1867 Cum
616 1811 773 1866 enim
805 1813 1075 1869 monachi
1120 1813 1179 1868 in
1212 1814 1307 1886 pio
1353 1832 1522 1886 opere
1552 1816 1769 1872 orando
1800 1819 1857 1872 et

198 1902 336 1971 conj
346 1901 569 1957 urando
586 1906 913 1973 pergerent,
940 1906 1174 1974 peracta
1185 1904 1313 1974 jam
1344 1904 1460 1960 fere
1480 1906 1669 1962 noctis
1690 1908 1853 1977 hora,

199 2007 324 2047 non
359 1990 485 2046 sine
514 1989 773 2046 hominis
806 1991 1062 2047 maximo
1088 1992 1372 2065 cruciatu,
1405 1995 1504 2050 sed
1536 1995 1629 2051 sui
1660 1995 1859 2067 impri-

198 2080 340 2148 mis,
384 2079 653 2136 diabolus
704 2096 838 2136 eum
890 2080 1144 2137 liberum
1178 2086 1235 2137 et
1278 2082 1635 2140 incolumem
1672 2084 1851 2140 relin-

197 2185 417 2241 quens,
450 2167 612 2223 abiit.

270 2257 366 2312 60.
401 2256 682 2329 Equidem
704 2257 812 2314 hoc
836 2259 1094 2316 terribile
1116 2260 1217 2316 Dei
1234 2262 1549 2333 judicium,
1572 2280 1686 2319 non
1721 2280 1859 2337 prae-

198 2345 473 2403 sentibus
496 2349 856 2419 tantum,sed
876 2348 1212 2406 absentibus
1234 2352 1664 2424 exstititpavori
1681 2370 1693 2407 :
1710 2353 1856 2408 Nam

198 2436 364 2491 fama
393 2435 541 2491 tanti
574 2436 863 2505 miraculi,
894 2454 999 2510 per
1027 2454 1231 2495 omnes
1260 2440 1543 2497 finitimas
1592 2442 1857 2514 regiones

195 2524 362 2580 brevi
397 2524 713 2598 divulgata,
747 2529 805 2581 et
836 2526 1099 2599 exemplo
1131 2527 1243 2583 fuit
1270 2532 1328 2583 et
1356 2529 1729 2585 admirationi
1755 2548 1768 2599 ;
1801 2534 1858 2586 et

194 2614 499 2688 praecipue
522 2615 857 2687 supradicto
874 2615 1148 2684 Zenobio,
1170 2617 1291 2688 qui,
1313 2619 1453 2673 dum
1473 2635 1671 2675 amore
1692 2624 1749 2675 et
1769 2636 1857 2675 ca-

194 2704 375 2761 ritate
408 2704 663 2761 fraterna
684 2705 915 2776 ductus,
940 2706 1095 2761 unde
1116 2705 1358 2762 minime
1378 2706 1580 2763 debuit
1599 2712 1654 2763 et
1674 2726 1708 2764 a
1739 2724 1854 2780 quo

195 2810 317 2850 non
342 2792 560 2858 decuit,
584 2792 792 2864 quarit
816 2793 978 2850 alteri
1001 2794 1227 2851 adferre
1252 2796 1561 2864 medelam,
1586 2797 1697 2852 sibi
1728 2815 1855 2853 cru-

195 2882 423 2938 ciatum
447 2883 684 2939 invenit.
701 2883 941 2939 Discant
960 2884 1141 2956 igitur
1161 2901 1366 2941 omnes
1393 2903 1507 2942 non
1523 2887 1738 2959 [opem]
1752 2886 1856 2943 hu-

197 2987 465 3040 manam,
484 2971 665 3043 vel,ut
696 2972 912 3028 rectius
938 2972 1520 3045 loquar,diabolicam
1538 2975 1852 3048 imprimis,

194 3062 302 3117 sed
331 3060 587 3117 divinam
606 3061 665 3116 in
694 3061 1033 3132 hujusmodi
1054 3062 1495 3119 discriminibus
1517 3080 1646 3122 esse
1667 3065 1855 3138 inqui-

196 3151 471 3221 rendam,
500 3150 583 3206 ita
608 3154 675 3206 ut
702 3150 874 3206 multi
904 3167 1072 3225 egere
1103 3151 1378 3224 religiosi,
1413 3170 1547 3209 cum
1586 3154 1692 3209 viri
1724 3159 1851 3212 tum
1884 3141 1927 3209 C

200 3239 945 3312 muliercs,quidiuturuos
959 3240 1250 3297 cruciatus
1274 3241 1553 3313 corporis,
1586 3246 1660 3311 et,
1697 3244 1853 3314 quod

199 3328 409 3399 majus
438 3332 543 3395 est,
568 3332 813 3385 mortem
844 3329 1103 3386 maluere
1122 3330 1340 3402 perpeti
1351 3347 1551 3403 ,quam
1573 3330 1850 3402 alienum,

196 3420 595 3489 praeterquam
614 3417 735 3489 Dei,
754 3417 845 3474 vel
877 3419 1032 3475 unde
1062 3419 1220 3475 haud
1250 3419 1564 3476 honestum
1586 3421 1753 3489 foret,
1772 3421 1855 3478 in-

194 3505 439 3578 quirere
480 3505 781 3563 auxilium.
814 3508 1133 3564 Memorare
1182 3524 1417 3580 possem
1449 3510 1851 3583 quamplures,

192 3595 305 3668 qui
335 3595 620 3652 memoria
647 3612 780 3653 mea
809 3596 903 3653 his
934 3597 1227 3671 praeclaris
1270 3597 1484 3655 fulsere
1512 3599 1849 3672 virtutibus,

192 3683 259 3739 ni
293 3699 362 3740 ea
392 3699 485 3741 res
506 3686 641 3754 [me]
660 3684 893 3759 longius
925 3687 995 3742 ab
1019 3686 1247 3759 incepto
1273 3687 1548 3744 traheret.
1573 3688 1722 3744 Male
1741 3688 1850 3761 igi-

190 3777 317 3841 tur,
342 3776 408 3828 ut
438 3773 510 3829 ad
533 3774 901 3846 propositum
931 3775 1186 3846 redeam,
1214 3775 1328 3832 sibi
1351 3778 1604 3833 consulit
1631 3776 1751 3850 qui,
1775 3779 1848 3834 ob

191 3862 515 3919 sanitatem
553 3864 812 3936 corporis
862 3866 1344 3936 recuperandam,
1377 3867 1587 3923 animm
1618 3867 1848 3924 ruinam

187 3952 380 4006 vitare
424 3967 541 4006 non
586 3955 771 4008 curat.
830 3952 931 4008 His
962 3952 1159 4026 itaque
1206 3955 1371 4011 bonae
1427 3955 1746 4012 valetudini
1794 3961 1851 4013 et

188 4040 460 4112 pristinas
479 4040 717 4097 sanitati
744 4041 1007 4108 redditis,
1031 4060 1146 4099 non
1170 4060 1346 4115 parvo
1366 4045 1578 4117 gaudio
1599 4046 1846 4115 cunctis,

190 4145 347 4201 quos
375 4134 546 4184 antea
574 4145 789 4185 mceror
837 4136 894 4186 et
924 4130 1163 4188 tristitia
1209 4133 1523 4204 invaserat,
1556 4134 1846 4206 exstitere,

189 4221 254 4272 et
286 4233 419 4271 cum
469 4234 626 4273 unus
679 4217 972 4290 imprimis
1024 4220 1237 4292 oppido
1291 4222 1577 4279 obnoxius
1622 4223 1849 4295 Virgini

190 4306 395 4362 Marias
428 4312 746 4379 sanctoque
766 4308 977 4363 Joanni
1011 4310 1299 4379 existeret,
1337 4312 1509 4366 ambo
1545 4312 1753 4367 deinde
1784 4329 1853 4368 ex

192 4394 479 4468 obligatis
510 4412 636 4453 sese
667 4398 850 4453 fecere
900 4396 1379 4470 obligatissimos,
1416 4405 1473 4456 et
1500 4400 1614 4455 laeti
1648 4416 1851 4457 conce-

193 4485 418 4540 derunt
446 4485 770 4542 Lancisam.

869 4595 1049 4651 PARS
1087 4595 1184 4652 Vl.

244 4702 313 4757 61
327 4701 435 4756 .Ex
446 4700 917 4757 civitateAretina
929 4706 1181 4773 quatuor
1193 4702 1709 4775 germani,multiis
1724 4701 1853 4758 aliis

195 4791 647 4858 comitantibus,
674 4790 813 4846 olim
845 4791 952 4846 hoc
974 4792 1032 4846 S.
1058 4792 1253 4846 Maria:
1278 4793 1696 4848 monasterium
1720 4809 1851 4864 gra-

193 4878 277 4934 tia
307 4880 480 4934 bonae
511 4878 864 4935 valetudinis
893 4881 1300 4951 recuperandae
1332 4881 1682 4952 quaesivere;
1715 4899 1854 4954 quo-

192 4984 332 5023 rum
366 4984 545 5036 unus,
578 4972 643 5022 ut
678 4985 738 5023 re
767 4968 895 5041 ipsa
927 4968 1353 5040 declarabatur,
1381 4987 1414 5025 a
1444 4971 1706 5026 daemone
1728 4971 1854 5026 fati-

191 5061 373 5128 gatus
402 5057 551 5127 [erat
570 5056 609 5129 ;]
642 5058 831 5113 caeteri
862 5074 1017 5127 vero,
1042 5058 1151 5114 etsi
1183 5058 1295 5130 ipsi
1326 5058 1478 5115 clam
1507 5066 1855 5117 vexarentur

194 5162 231 5199 a
262 5145 519 5212 diabolo,
552 5146 879 5203 incolumes
928 5153 1124 5203 tamen
1156 5149 1534 5219 apparebant.
1569 5151 1725 5206 Inter
1772 5150 1852 5207 le-

193 5234 464 5304 gendum
498 5234 652 5289 enim
703 5240 760 5290 et
808 5236 1117 5304 orandum,
1152 5236 1280 5304 hoc,
1317 5238 1471 5308 quod
1520 5238 1685 5309 prius
1732 5244 1856 5296 erat

194 5322 525 5393 occultum,
557 5324 783 5379 cunctis
817 5326 916 5397 qui
947 5326 1191 5382 aderant
1220 5325 1444 5397 liquido
1477 5328 1687 5398 patuit.
1710 5328 1853 5385 Cum

196 5411 362 5466 enim
388 5429 548 5467 unus
570 5429 637 5468 ex
662 5412 854 5482 his,ad
874 5415 1244 5487 purgandum
1271 5420 1531 5470 ventrem
1556 5432 1855 5487 egressus,

192 5497 362 5554 haud
395 5500 601 5571 procul
628 5519 662 5557 a
691 5504 1045 5561 monasterio
1066 5505 1227 5560 varia
1256 5509 1311 5560 et
1341 5502 1591 5560 stultitia
1614 5508 1670 5561 et
1699 5506 1856 5561 vani-

192 5588 328 5648 tate
359 5587 537 5667 plena
565 5596 780 5669 ageret,
815 5592 895 5651 ita
924 5598 989 5651 ut
1016 5593 1197 5651 metui
1230 5597 1287 5650 et
1316 5593 1689 5653 admirationi
1722 5594 1855 5673 qui-

1966 484 2212 540 sterium
2231 503 2471 545 cursum
2489 492 2881 567 irrumpentes
2903 484 3288 568 illi,omnibus
3310 525 3614 570 occurren-

1966 570 2146 671 tib'us,
2173 590 2297 673 quae
2332 577 2474 634 foris
2490 581 2776 673 viderant,
2799 591 3169 649 enarrabant.
3194 594 3274 650 Ex
3296 596 3387 653 his
3407 599 3608 673 igitur,

1966 661 2065 763 qui
2122 664 2367 720 comites
2414 672 2471 723 et
2524 671 2665 726 socii
2713 674 2963 746 fuerant,
3002 682 3388 753 trepidatione
3430 661 3611 763 rigidi

1965 747 2119 805 foras
2150 762 2596 827 prorumpentes
2627 763 2912 833 nonnulli,
2945 770 3002 822 et
3043 747 3175 826 cum
3209 772 3300 829 his
3331 775 3426 831 alii
3460 747 3610 835 rari-

1964 837 2102 893 colai
2133 839 2405 915 immixti,
2430 861 2566 902 eum
2598 848 2712 904 huc
2743 851 2882 907 illuc
2912 858 3319 928 cursitantem,
3344 870 3403 927 et
3432 884 3494 923 se
3524 866 3612 923 la-

1964 926 2200 997 pidibus
2251 936 2307 986 et
2354 934 2509 991 saxis
2558 954 2660 1007 pro
2711 939 2934 997 viribus
2985 949 3269 1006 tutantem
3302 926 3436 1010 non
3486 958 3613 1014 sine

1965 1016 2221 1113 maximo
2265 1038 2466 1117 eorum
2514 1025 2856 1086 discrimine
2922 1035 3159 1091 tandem
3208 1041 3608 1117 corripientes,

1964 1109 2239 1163 innexum
2287 1109 2423 1167 fune
2472 1114 2519 1167 vi
2554 1119 2777 1173 traxere
2826 1118 2998 1177 intro.
3028 1122 3185 1181 lllico
3234 1143 3303 1183 ex
3333 1109 3611 1191 fratribus

1964 1192 2111 1250 alter
2157 1200 2425 1269 tremere,
2458 1202 2743 1277 signaque
2796 1207 2867 1263 de
2916 1226 2978 1266 se
3016 1212 3161 1269 satis
3209 1220 3612 1280 convenientia

1964 1285 2118 1353 quod
2152 1286 2276 1377 ipse
2320 1288 2379 1344 in
2424 1291 2706 1350 daemonis
2734 1300 3022 1367 potestate
3070 1308 3242 1377 esset,
3276 1308 3415 1365 dare
3448 1328 3459 1366 :
3497 1312 3610 1369 Ita-

1964 1387 2078 1470 que
2106 1375 2306 1470 statim
2338 1378 2582 1450 capitur.
2616 1381 2718 1440 His
2749 1389 2807 1439 et
2856 1393 3102 1458 quartus
3149 1375 3387 1453 additur
3412 1398 3610 1470 frater,

1966 1462 2066 1532 qui
2100 1463 2257 1519 ferox
2287 1471 2343 1521 et
2375 1474 2581 1562 suopte
2598 1471 2843 1562 ingenio
2892 1481 2950 1531 et
2980 1478 3262 1538 daemonis
3314 1462 3610 1562 violentia,

1965 1564 2101 1649 cum
2117 1567 2201 1649 ⁸σεε).
2230 1568 2356 1625 quae
2382 1557 2461 1649 ab
2492 1558 2751 1649 antistite
2778 1562 3125 1636 legebantur
3154 1570 3309 1628 haud
3341 1577 3459 1647 pati
3482 1557 3616 1649 pos-

1969 1643 2078 1737 set,
2110 1641 2264 1697 foras
2296 1645 2637 1704 cedentibus
2661 1652 2937 1709 omnibus
2970 1657 3069 1727 qui
3104 1641 3366 1731 aderant,
3390 1641 3616 1739 ingenti

1889 1771 1937 1836 B
1968 1727 2175 1826 timore
2207 1733 2509 1836 correptis,
2535 1736 2592 1790 ni
2624 1739 2865 1809 quidam
2897 1745 3119 1801 caeteris
3147 1727 3413 1821 sagacior
3432 1727 3615 1812 eccle-

1967 1816 2065 1873 sim
2098 1819 2248 1874 fores
2280 1819 2610 1894 clausisset,
2644 1828 3033 1901 proripuisset
3062 1851 3210 1892 sese.

2035 1925 2125 2023 62ἶ
2158 1928 2300 1982 Cum
2336 1928 2595 2023 igiturin
2628 1934 2867 2023 ancipiti
2888 1939 3145 2009 periculo
3177 1944 3609 2023 horroringens

1970 2018 2302 2085 spectantes
2334 2021 2790 2092 perstrinxisset,
2812 2042 2917 2082 nec
2962 2027 3022 2084 in
3068 2034 3233 2089 tanta
3279 2018 3609 2098 daemonum

1967 2103 2138 2159 turba
2168 2105 2309 2176 quid
2340 2109 2634 2202 agendum
2668 2128 2854 2202 quove
2898 2132 2961 2171 se
2990 2124 3335 2180 vertendum
3384 2129 3456 2183 ad
3488 2130 3613 2202 ple-

1968 2209 2110 2247 num
2132 2201 2473 2265 noscerent;
2501 2214 2635 2254 cum
2664 2200 2760 2255 alii
2787 2204 3237 2266 vehementioris
3260 2200 3619 2286 ingeniivviri

1967 2282 2039 2337 ad
2070 2299 2203 2338 eum
2224 2283 2569 2343 irruendum
2592 2296 2899 2348 censerent
2919 2294 3076 2364 (nam
3100 2282 3469 2376 parieti,vquo
3500 2324 3619 2363 una

1966 2387 2102 2442 pars
2132 2374 2392 2464 corporis
2414 2376 2603 2464 tutior
2641 2379 2807 2448 foret,
2842 2380 3170 2455 inhmserat,
3201 2374 3442 2464 [quoad]
3473 2394 3614 2451 alte-

1966 2476 2090 2549 ram
2125 2462 2343 2518 nudato
2374 2462 2714 2537 gladioipse
2747 2483 2874 2524 sese
2904 2474 3138 2545 tutare),
3170 2475 3267 2531 alii
3298 2462 3452 2549 vero,
3486 2499 3615 2539 mo-

1966 2548 2136 2604 nachi
2169 2552 2512 2621 praesrtim,
2545 2552 2699 2610 lenia
2742 2559 2999 2615 remedia
3045 2562 3271 2634 aptiora
3300 2548 3443 2639 fore,
3473 2586 3613 2628 con-

1964 2638 2323 2709 citatumque
2350 2640 2616 2696 animum
2648 2642 2839 2717 frangi
2870 2645 3214 2723 [difﬁcilius]
3246 2638 3431 2725 quam
3457 2659 3612 2716 ﬂecti

1963 2742 2153 2797 posse,
2169 2727 2445 2795 dicerent,
2468 2729 2661 2802 inquit
2685 2737 2849 2803 pater
2868 2734 3049 2792 abbas
3072 2755 3084 2792 :
3110 2738 3257 2795 Cum
3280 2745 3465 2801 tutius
3483 2752 3610 2804 tum

1964 2814 2193 2871 facilius
2218 2817 2421 2887 probo,
2455 2818 2612 2876 hunc
2634 2837 2738 2892 pro
2772 2826 3033 2895 tempore
3063 2829 3235 2885 adeat
3256 2849 3428 2889 nemo
3463 2853 3476 2891 :
3511 2839 3613 2894 sed

1963 2907 2029 2958 ut
2056 2902 2115 2958 hi
2140 2903 2238 2959 alii
2260 2905 2515 2978 Virginis
2547 2908 2759 2977 Mariae,
2778 2912 3082 2986 sanctique
3102 2916 3348 2977 Joannis
3377 2924 3617 2997 virtute,

1962 2993 2286 3064 vestrisque
2308 2995 2669 3054 orationibus
2689 2997 2859 3057 liberi
2882 3000 3325 3079 incolumesque
3345 2993 3615 3085 evadant,

1963 3098 2140 3152 quam
2172 3082 2429 3153 primum
2461 3102 2699 3157 operam
2731 3090 2882 3145 date.
2916 3094 3158 3150 Interim
3190 3096 3287 3153 ille
3316 3082 3615 3159 diuturni;

1964 3174 2084 3226 tate
2112 3172 2392 3242 temporis
2422 3176 2478 3228 et
2506 3175 2675 3231 taedio
2706 3178 2968 3246 affectus,
3000 3181 3216 3250 locum,
3250 3204 3425 3258 quem
3457 3208 3613 3248 nunc

1963 3264 2165 3315 contra
2195 3261 2459 3317 omnium
2489 3262 2849 3322 voluntatem
2880 3272 3080 3326 tenere
3108 3271 3357 3346 videtur,
3390 3278 3612 3335 invitus

1960 3348 2098 3404 velit
2128 3347 2275 3405 nolit
2316 3349 2563 3406 deseret.
2596 3352 2687 3408 Fit
2715 3353 2895 3425 igitur
2944 3363 3012 3412 ut
3053 3363 3218 3431 pater
3264 3363 3445 3420 abbas
3474 3382 3611 3423 cen-

1962 3447 2178 3494 suerat.
2219 3438 2446 3494 Instant
2476 3439 2677 3512 igitur,
2711 3443 2900 3515 primo
2949 3448 3255 3518 conjurant
3286 3452 3611 3512 daemonem

1960 3532 2017 3582 et
2043 3526 2389 3595 exorcizant,
2418 3528 2532 3584 alio
2578 3545 2712 3586 vero
2764 3533 2991 3591 subeat.
3025 3535 3239 3594 Omnes
3288 3540 3445 3598 enim
3477 3560 3611 3600 cum

1959 3615 2215 3688 religiosi
2244 3620 2370 3707 tum
2390 3616 2699 3707 saeculares
2720 3619 2856 3678 ﬂere
2886 3623 3158 3697 (quisque
3179 3630 3450 3700 equidem
3482 3649 3614 3707 pro-

1958 3704 2084 3777 prio
2114 3706 2342 3778 negotio
2372 3705 2573 3763 relicto
2605 3709 2676 3763 ad
2709 3708 2818 3766 hoc
2862 3712 3193 3772 inauditum
3223 3704 3609 3791 stupendum-

1958 3810 2071 3865 que
2084 3794 2435 3850 miraculum
2449 3811 2577 3853 sese
2591 3799 2954 3869 contulerat),
2962 3803 3292 3874 piissimam
3308 3808 3607 3881 Virginem

1954 3883 2218 3955 Mariam,
2233 3888 2622 3958 sanctumque
2636 3887 2943 3962 Joannem,
2962 3898 3030 3949 ut
3049 3894 3144 3951 his
3175 3897 3408 3954 miseris
3431 3915 3604 3972 opem

1956 3972 2163 4040 ferant,
2198 3989 2380 4029 orare.

1958 4168 2261 4240 ingressus
2308 4168 2543 4225 illorum
2596 4172 2929 4231 daemonum
2980 4179 3052 4233 ab
3104 4194 3170 4235 eo
3221 4181 3483 4241 daemone
3513 4184 3613 4257 qui

1960 4256 2185 4328 primus
2229 4262 2355 4313 erat
2401 4258 2742 4329 inquireret,
2777 4262 2969 4335 inquit
3017 4265 3114 4323 ille
3149 4284 3161 4323 :
3197 4269 3313 4326 Hos
3362 4278 3617 4344 quatuor

1960 4347 2167 4401 fratres
2196 4346 2348 4401 scias
2378 4346 2527 4414 volo,
2560 4348 2619 4401 in
2651 4348 2893 4407 alterius
2924 4357 3244 4425 quamdam
3287 4364 3613 4430 possessio-
3692 4366 3699 4371 ’

1961 4450 2097 4490 nem
2118 4434 2438 4503 devenisse,
2454 4451 2701 4507 eamque
2726 4438 3036 4497 fraudibus
3056 4444 3415 4514 quibusdam
3437 4454 3496 4504 et
3515 4466 3611 4505 ca-

1879 4511 1928 4578 D
1959 4522 2356 4579 villationibus
2385 4524 2498 4579 sibi
2530 4525 2881 4595 vindicasse,
2903 4533 2959 4584 et
2980 4511 3091 4599 jus
3114 4534 3433 4605 denegasse
3468 4536 3610 4593 alte-

1962 4613 2105 4684 rius,
2138 4629 2431 4684 suumque
2460 4616 2651 4668 ratum
2685 4618 2740 4670 et
2786 4617 3024 4672 firmum
3060 4624 3125 4674 ut
3152 4626 3375 4677 rectum
3406 4623 3611 4680 haberi

1961 4700 2234 4770 voluisse,
2268 4706 2325 4757 et
2365 4718 2433 4757 ex
2461 4705 2601 4756 tunc
2632 4720 2735 4773 pro
2768 4720 2875 4759 sua
2906 4707 3156 4778 quisque
3186 4709 3239 4763 vi
3290 4716 3510 4767 certare
3540 4730 3615 4769 ne

1963 4792 2055 4847 his
2113 4790 2329 4862 quibus
2378 4791 2513 4861 jure
2565 4790 2932 4849 haereditario
2980 4796 3199 4854 fundus
3256 4801 3615 4870 conveniret,

1963 4881 2303 4936 redderetur
2334 4895 2347 4933 :
2384 4878 2659 4951 quocirca
2687 4879 2746 4935 in
2782 4880 2888 4937 has
2920 4883 3187 4942 miserias
3218 4893 3274 4944 et
3324 4906 3617 4947 aerumnas

1964 4970 2158 5025 divino
2190 4967 2431 5023 numine
2470 4968 2840 5040 praecipitari.
2875 4973 2980 5039 Qui
3014 4975 3071 5028 ni
3124 4976 3287 5047 prius
3320 4979 3615 5051 supplices

1964 5057 2198 5130 culpam
2251 5058 2543 5113 fateantur
2584 5075 2777 5127 suam,
2817 5064 2874 5115 et
2922 5078 3154 5134 agrum,
3186 5082 3360 5136 quem
3410 5068 3614 5124 fraude

1965 5147 2078 5202 sibi
2106 5146 2485 5212 vindicavere,
2510 5147 2763 5219 propriis
2787 5150 3102 5207 restituant
3131 5154 3406 5223 dominis,
3436 5160 3513 5227 et,
3546 5161 3612 5213 ut

1966 5237 2094 5306 jura
2123 5235 2320 5290 divina
2347 5239 2403 5289 et
2428 5234 2686 5290 humana
2734 5242 2959 5309 petunt,
2981 5241 3366 5311 jurejurando
3398 5245 3610 5301 confir-

1966 5323 2273 5391 maverint,
2295 5339 2399 5379 seu
2428 5324 2605 5379 vades
2627 5324 2912 5397 dederint,
2942 5344 3005 5384 se
3024 5329 3111 5384 vel
3140 5331 3290 5388 male
3322 5332 3516 5391 ablata
3543 5351 3614 5392 ex

1966 5419 2106 5470 tunc
2156 5412 2479 5483 restituere,
2529 5412 2616 5468 vel
2665 5413 2723 5468 in
2774 5418 3082 5473 concordia
3134 5420 3421 5495 devenire,
3464 5424 3612 5480 mihi

1966 5503 2203 5571 credite,
2237 5519 2344 5559 nos
2387 5519 2491 5574 pro
2540 5507 2820 5574 tempore,
2854 5505 2993 5577 quia
3042 5524 3243 5566 cruces
3273 5514 3379 5581 tot,
3411 5517 3614 5585 totque

1965 5597 2258 5654 tormenta
2303 5592 2559 5667 amplius
2606 5591 2852 5652 tolerare
2881 5611 2999 5655 non
3045 5614 3385 5677 possumus,
3417 5601 3609 5665 locum
3666 5612 3669 5613 '
