4022 6160
408 281 527 342 839

1451 272 1515 330 S.
1562 269 1887 331 JOANNIS
1934 266 2380 330 GUALBERTI
2427 266 2764 328 ABBATIS

3691 266 3810 328 840

417 412 527 467 Deo
560 412 800 465 daturos
829 426 841 475 ;
892 421 1090 461 verum
1139 402 1313 474 paulo
1363 405 1495 474 post
1543 402 1603 456 in
1636 418 1755 467 eos,
1787 399 1946 456 velut
1993 398 2052 453 in
2082 401 2137 465 Α
2167 415 2268 454 sus
2298 402 2386 454 est
2410 396 3096 469 puellam;quamobrem
3119 395 3326 451 afﬁnes
3344 395 3475 462 ejus
3491 411 3608 451 non
3639 411 3811 468 parvo

412 500 582 555 nobis
613 495 1090 566 obligatissimos,
1127 492 1337 548 iterum
1384 491 1691 557 redituros,
1727 493 1790 543 ut
1819 488 2054 544 acriori-

410 589 522 644 bus
550 604 649 642 eos
684 585 1013 640 afﬁciamus
1043 580 1370 644 tormentis,
1403 580 1629 634 dubitet
1657 595 1850 633 nemo.

479 695 568 746 64.
617 692 855 761 Verum,
891 693 955 744 ut
1005 688 1170 755 alias,
1216 704 1349 742 cum
1399 685 1649 741 daemoni
1700 685 1844 740 ﬁdes
1894 682 2055 738 nulla

410 784 667 851 daretur,
701 780 898 836 divino
929 777 1118 833 ofﬁcio
1158 776 1469 848 diligenter
1498 778 1750 846 peracto,
1783 773 2054 828 sacerdos

409 887 588 943 quam
638 869 861 925 occulte
913 867 1120 938 possit,
1171 865 1330 920 dedit
1386 881 1622 936 Operam
1680 864 1750 918 ab
1810 863 1901 916 his
1955 861 2053 931 qui

406 961 653 1015 aderant
699 974 821 1012 rem
882 972 1058 1027 quam
1108 955 1358 1009 maxime
1409 953 1779 1008 manifestam
1829 951 2051 1006 haberi.

407 1049 654 1114 Quicum
688 1064 748 1102 se
778 1047 1043 1117 quaedam
1090 1046 1448 1115 persensisse
1487 1043 1923 1109 conﬁterentur,
1955 1055 2053 1094 eos

409 1137 637 1191 monuit
668 1152 738 1189 ne
777 1151 900 1188 rem
942 1133 1136 1204 aliquo
1187 1136 1356 1204 pacto
1387 1130 1579 1202 palam
1628 1131 1900 1193 facerent,
1935 1128 2051 1182 imo

406 1226 781 1281 vehementer
809 1221 1173 1286 simularent,
1198 1224 1254 1274 et
1282 1221 1373 1274 via
1393 1220 1648 1290 quadam
1681 1234 1779 1273 eos
1802 1217 2049 1285 adirent,

405 1315 552 1370 bene
583 1313 1012 1385 pollicerentur,
1048 1314 1122 1377 et,
1155 1308 1439 1364 occultius
1472 1325 1648 1380 quam
1681 1307 1807 1362 ﬁeri
1844 1306 2050 1378 possit,

405 1404 515 1458 hoc
555 1401 922 1474 explorarent
971 1399 1298 1470 diligenter.
1349 1397 1538 1452 Causa
1585 1398 1781 1468 itaque
1829 1397 1902 1450 ab
1961 1395 2052 1450 his

408 1509 554 1564 quos
615 1491 884 1546 sacerdos
943 1492 1249 1543 monuerat
1298 1486 1640 1558 peroptime,
1690 1486 1771 1540 uti
1825 1485 2051 1539 daemon

405 1581 647 1644 dixerat,
675 1580 755 1633 ita
787 1594 914 1634 esse
946 1576 1316 1649 cognita,eos
1349 1577 1494 1631 dure
1524 1591 1787 1630 seorsum
1811 1574 2052 1645 presby-

404 1675 493 1726 ter
522 1667 846 1724 monachus
894 1667 1108 1722 severis
1155 1666 1346 1721 verbis
1396 1666 1712 1735 increpare,
1765 1663 2051 1734 castigare

2164 487 2374 543 timore
2407 488 2676 558 correpti,
2702 488 2770 541 ad
2805 487 2954 541 hanc
2987 485 3178 540 Mariae
3208 484 3452 556 virginis
3483 484 3807 553 ecclesiam,

2166 577 2237 631 de
2268 593 2384 647 qua
2417 593 2569 632 nunc
2616 576 2859 631 verbum
2905 575 3035 640 feci,
3067 575 3351 630 deducere
3405 591 3540 629 cum
3572 574 3804 646 vellent,

2165 682 2267 737 per
2295 667 2560 736 ejusdem
2616 683 2679 721 os
2708 665 2936 720 daemon
2983 664 3328 730 exclamare,
3356 668 3412 720 et
3441 667 3624 719 totam
3653 681 3809 721 com-

2165 755 2320 826 plere
2350 757 2553 812 urbem
2591 772 2603 810 :
2638 755 2763 810 Non
2795 755 2980 822 exibo,
3011 771 3122 809 non
3179 753 3292 810 alio
3322 755 3659 821 concedam,
3689 754 3806 810 nisi

2163 843 2220 898 S.
2255 844 2445 898 Mariae
2473 845 2543 899 de
2572 843 2736 899 Valle
2767 843 3054 899 Umbrosa
3075 842 3498 898 monasterium
3531 842 3803 914 quasive-

2163 932 2307 988 ritis.
2341 935 2623 988 Caeterum
2652 934 2761 988 hoc
2806 933 3077 988 afﬁnibus
3110 937 3167 987 et
3196 932 3325 988 aliis
3357 932 3802 1004 quampluribus

2163 1025 2219 1076 et
2249 1021 2504 1077 ludibrio
2536 1022 2756 1088 haberi,
2778 1021 3384 1093 cumVirginisMarize
3416 1023 3800 1093 patrocinium

2163 1110 2308 1164 nulli
2341 1128 2601 1183 unquam
2634 1128 2767 1166 cum
2801 1111 2992 1167 cordis
3037 1112 3149 1166 ﬁde
3181 1111 3399 1182 petenti
3429 1111 3710 1175 defuerit;
3743 1114 3802 1165 et

2163 1200 2293 1255 odio
2325 1201 2502 1255 etiam
2551 1204 2622 1255 ob
2655 1200 2879 1256 itineris
2939 1199 3342 1255 difﬁcultatem
3375 1215 3388 1253 :
3424 1200 3604 1254 distat
3651 1200 3802 1255 enim

2163 1290 2278 1344 fere
2311 1306 2412 1360 per
2441 1290 2812 1362 septuaginta
2863 1289 3049 1344 millia
3079 1305 3383 1360 passuum.
3417 1289 3803 1352 Quamobrem

2162 1378 2413 1434 summis
2443 1380 2686 1445 viribus,
2718 1380 2979 1434 daemone
3002 1377 3322 1449 plurimum
3353 1378 3656 1444 renitente,
3677 1395 3804 1433 eam

2161 1469 2234 1522 ad
2265 1471 2320 1521 S.
2355 1467 2545 1523 Mariae
2586 1468 2912 1536 ecclesiam,
2949 1468 3018 1523 de
3055 1485 3172 1540 qua
3218 1483 3375 1523 nunc
3421 1467 3560 1536 dixi,
3595 1468 3808 1523 duxere

2162 1556 2428 1612 invitam.

2228 1699 2318 1752 67.
2351 1701 2424 1752 At
2451 1697 2572 1752 illic
2626 1699 2827 1755 multis
2881 1699 3086 1755 diebus
3137 1702 3193 1754 et
3242 1698 3540 1754 laboribus
3588 1699 3806 1756 frustra

405 1756 961 1858 lmprlmls’jie'flde
1009 1755 1220 1858 blaf‘f’e
1272 1769 1507 1858 mfmere
1541 1757 1604 1807 ut
1653 1753 1924 1858 délncepls
2078 1779 2127 1842 B
2163 1788 2549 1857 consumptis,
2584 1788 2825 1842 cremita
2868 1804 2966 1843 eos
2998 1787 3308 1843 miseratus
3339 1789 3531 1858 inquit
3561 1806 3573 1842 :
3611 1788 3805 1845 Dicam

405 1850 622 1913 verent,
654 1843 981 1912 vellentque
1032 1843 1227 1913 potius
1259 1841 1382 1896 suis
1433 1841 1801 1912 pauperrime
1853 1843 1910 1894 et
1941 1841 2048 1893 du-

405 1935 565 2002 riter,
599 1950 665 1987 ac
712 1931 918 1988 alienis
964 1931 1148 1986 otiose
1195 1936 1251 1986 et
1297 1929 1454 1985 laute
1504 1929 1822 2000 festiveque
1868 1928 2048 1983 vitam

407 2040 594 2095 agere.

473 2113 563 2167 65.
599 2111 792 2166 Rebus
823 2111 1020 2180 itaque
1071 2109 1401 2181 diligenter,
1433 2113 1499 2162 ut
1530 2107 1813 2162 sacerdoti
1847 2122 2047 2161 mona-

405 2201 513 2257 cho
571 2199 887 2272 placuerat,
931 2198 1332 2266 conﬁrmatis;
1393 2198 1507 2252 ﬁde
1555 2197 1753 2264 etiam,
1788 2212 1859 2250 ne
1907 2195 2048 2267 quid

403 2292 718 2348 obscurum
765 2293 1048 2359 maneret,
1105 2288 1260 2356 data,
1312 2304 1487 2354 unus,
1520 2286 1656 2342 inde
1705 2285 1868 2350 alter,
1920 2288 2051 2356 post

402 2381 630 2445 tertius,
665 2379 904 2434 demum
953 2381 1202 2448 quartus
1242 2377 1384 2432 adeo
1418 2375 1691 2431 facillime
1744 2375 1800 2430 in
1833 2375 2047 2429 bonam

400 2466 792 2524 valetudinem
826 2466 1063 2531 rediere,
1090 2470 1154 2520 ut
1185 2466 1255 2519 de
1287 2482 1349 2520 se
1378 2465 1654 2520 omnibus
1686 2465 1784 2534 qui
1809 2464 2051 2518 aderant

405 2554 848 2610 admirationem
881 2570 996 2608 non
1022 2569 1257 2623 parvam
1290 2552 1646 2607 exhiberent.
1677 2553 1745 2605 Et
1777 2552 1890 2607 Deo
1921 2551 2049 2604 Vir?

403 2644 645 2715 ginique
668 2641 860 2696 Mariae
901 2640 1073 2694 matri
1104 2641 1231 2710 ejus
1258 2645 1316 2694 et
1346 2641 1404 2695 S.
1444 2641 1676 2706 Joanni,
1708 2640 1916 2694 deinde
1948 2657 2050 2710 pa-

406 2730 480 2786 tri
509 2729 704 2785 abbati
735 2729 951 2800 gratias
983 2733 1186 2800 agunt,
1222 2727 1540 2783 liberaliter
1569 2728 1751 2783 habiti
1799 2728 1858 2782 in
1893 2727 2048 2782 cala-

408 2819 608 2874 mitate
639 2835 766 2886 sua,
793 2819 1031 2872 demum
1054 2817 1113 2871 in
1138 2817 1385 2888 patriam
1411 2815 1526 2871 laeti
1550 2817 1766 2887 ubique
1789 2817 2047 2871 locorum

399 2908 646 2964 Joannis
667 2906 1021 2963 sanctissimi
1055 2922 1266 2961 nomen
1291 2905 1652 2977 extollentes,
1676 2905 1896 2960 rediere
1925 2923 1938 2972 ;
1972 2910 2046 2974 et,

409 3002 474 3052 ut
498 2997 728 3051 fuerant
760 2994 1020 3066 polliciti,
1057 2994 1342 3065 quidquid
1377 2994 1592 3064 injuste
1634 2995 1905 3050 furtimve
1937 2993 2047 3048 sibi

403 3085 858 3148 vindicaverant,
884 3083 1134 3155 propriis
1161 3083 1415 3138 dominis
1448 3084 1704 3149 reddere,
1736 3088 1792 3138 et
1826 3084 2050 3138 fructus

407 3172 709 3229 restituere
758 3176 1053 3242 curantes,
1087 3175 1150 3226 ut
1196 3171 1253 3226 in
1286 3176 1342 3226 S.
1383 3172 1628 3227 Joannis
1678 3171 1986 3228 festivitate
2017 3188 2051 3226 a

406 3261 758 3333 quibusdam
805 3260 1052 3317 Aretinis
1101 3260 1317 3316 nostris
1369 3259 1619 3316 relatum
1669 3262 1798 3326 fuit,
1839 3259 2050 3315 melius

405 3351 584 3406 vitam
638 3350 909 3421 deinceps
958 3350 1292 3421 rectiusque
1339 3349 1646 3405 instituere
1695 3366 1883 3404 suam.
1920 3349 2049 3404 Haec

409 3440 588 3512 igitur
617 3438 964 3495 mortalibus
986 3439 1212 3494 cunctis
1235 3438 1496 3510 exemplo
1519 3440 1656 3509 sint,
1681 3439 1818 3510 quid
1852 3439 2050 3494 discri-

407 3529 584 3585 minis
615 3530 823 3600 quidve
853 3527 1090 3599 periculi
1139 3528 1231 3582 his
1261 3528 1588 3599 immineat,
1622 3528 1722 3599 qui
1770 3528 1858 3582 vel
1890 3528 2049 3583 calli-

407 3617 587 3674 ditate
615 3617 704 3675 vel
735 3618 810 3684 vi,
842 3617 931 3673 vel
959 3617 1072 3672 alio
1120 3617 1323 3688 quovis
1355 3618 1526 3672 modo
1558 3617 1669 3671 sibi
1699 3617 1889 3672 aliena
1919 3618 2050 3672 vin-

410 3709 626 3763 dicant.
656 3707 800 3765 Nam
850 3708 960 3763 etsi
992 3706 1099 3761 hac
1146 3706 1206 3760 in
1237 3707 1508 3776 praisenti
1557 3706 1677 3760 vita
1729 3723 1952 3773 omnes,
1988 3711 2051 3761 ut

409 3797 603 3852 meriti
633 3796 771 3861 sint,
801 3811 914 3850 non
940 3795 1505 3858 animadvertantur,
1535 3810 1606 3849 ne
1634 3810 1694 3848 se
1729 3795 2050 3864 impunitos

408 3889 618 3957 putent
647 3886 705 3940 in
754 3884 951 3938 futura
985 3900 997 3938 :
1032 3883 1246 3938 etenim
1296 3883 1662 3954 gravioribus
1694 3883 1892 3952 ﬂagris
1921 3885 2047 3938 afﬁ-

408 3976 653 4030 cientur.
683 3974 897 4027 Verum
931 3988 1082 4026 nunc
1115 3973 1186 4026 ad
1220 3972 1462 4043 reliqua.

476 4063 565 4116 66.
595 4060 920 4126 Quamdam
965 4059 1241 4130 puellam,
1273 4060 1491 4115 Liviam
1536 4062 1790 4127 nomine,
1825 4077 1892 4116 ex
1922 4063 2048 4118 Fori

407 4150 547 4205 Livii
582 4149 730 4220 (148)
762 4147 990 4203 civitate
1026 4150 1227 4217 (quam
1259 4152 1316 4203 et
1355 4148 1571 4204 vidisse
1625 4150 1859 4220 sapius,
1893 4156 2051 4222 post-

411 4253 588 4308 quam
615 4253 683 4291 ea
712 4234 1004 4290 convaluit
1034 4236 1394 4304 inﬁrmitate,
1421 4238 1663 4292 memini
1693 4241 1805 4311 me)
1839 4241 1910 4294 ad
1943 4240 2051 4296 hoc

411 4326 471 4381 S.
506 4325 699 4381 Mariae
733 4325 1153 4380 monasterium
1173 4326 1480 4381 deductam
1506 4328 1835 4398 complures
1859 4346 2053 4385 mona-

410 4415 504 4470 chi
537 4419 592 4470 et
622 4414 906 4479 conversi,
939 4413 1039 4486 qui
1084 4415 1276 4470 adhuc
1307 4420 1644 4487 supersunt,
1676 4418 1888 4473 videre.
1921 4423 2052 4474 Hec

2161 1874 2298 1945 quid
2349 1876 2556 1943 sentio,
2591 1875 2979 1943 dilectissimi,
3014 1894 3081 1931 ex
3132 1893 3244 1948 quo
3274 1876 3574 1932 incassum
3608 1877 3710 1933 hoc
3742 1877 3805 1934 in

2158 1963 2285 2019 loco
2316 1968 2551 2036 tempus
2579 1964 2845 2020 atteritur
2871 1985 2882 2033 ;
2918 1965 3196 2037 quoniam
3223 1982 3409 2037 neque
3437 1965 3700 2022 diabolus
3730 1967 3805 2022 ab

2158 2053 2385 2109 insidiis
2443 2059 2622 2122 cavet,
2657 2059 2714 2109 et
2744 2072 2847 2110 nos
2891 2055 3012 2109 suis
3046 2054 3423 2126 pollicitando
3455 2059 3511 2110 et
3561 2056 3802 2126 promit-

2159 2144 2331 2198 tendo
2365 2144 2540 2198 lactat
2567 2144 2758 2198 verbis
2785 2169 2798 2210 ;
2830 2161 3017 2215 neque
3049 2144 3206 2198 enim
3228 2144 3338 2199 alio
3362 2145 3672 2199 concedere
3694 2149 3809 2200 sta-

2156 2234 2268 2288 tuit
2295 2249 2306 2288 :
2341 2251 2442 2287 vos
2464 2232 2931 2304 [monasterium]
2953 2238 3006 2287 S.
3034 2233 3227 2288 Mariae
3251 2234 3321 2288 de
3339 2233 3500 2289 Valle
3523 2233 3807 2290 Umbrosa

2161 2323 2320 2378 adire
2346 2339 2473 2377 reor
2521 2321 2830 2393 optimum,
2866 2339 2997 2376 cum
3051 2322 3261 2376 melius
3294 2339 3386 2378 me
3435 2322 3694 2378 calleatis
3725 2323 3808 2379 lo-

2161 2429 2293 2467 cum
2325 2411 2491 2466 illum
2524 2418 2579 2466 et
2609 2412 2666 2466 S.
2693 2413 2888 2466 Maria:
2910 2416 2966 2466 et
2997 2413 3054 2467 S.
3088 2412 3335 2467 Joannis
3359 2411 3654 2468 Gualberti
3679 2429 3807 2484 pre~

2160 2500 2345 2570 cibus,
2382 2498 2700 2570 miraculis,
2736 2500 3118 2572 pluribusque
3149 2499 3365 2572 pollere
3396 2501 3697 2572 prodigiis.
3722 2502 3810 2556 Fit

2159 2591 2355 2660 itaque
2381 2593 2445 2643 ut
2477 2589 2563 2643 vir
2589 2589 2688 2644 Dei
2715 2594 3038 2645 censuerat.
3066 2589 3495 2662 Arripientibus
3519 2592 3626 2645 iter
3649 2607 3808 2645 com-

2159 2677 2450 2750 pluribus,
2491 2677 2666 2732 simul
2698 2679 3022 2734 daamonem
3053 2679 3329 2750 poenitere
3362 2679 3532 2750 coapit
3562 2678 3806 2751 incepti;

2159 2783 2219 2822 se
2251 2768 2530 2822 miserum
2566 2766 2774 2822 millies
2806 2767 3126 2838 clamitare,
3152 2768 3351 2823 urbem
3379 2773 3558 2823 totam
3584 2767 3807 2824 clamo-

2158 2855 2321 2910 ribus
2351 2856 2621 2910 tartareis
2645 2861 2700 2910 et
2732 2855 3051 2912 ululatibus
3079 2857 3345 2912 femineis
3365 2856 3688 2928 complere;
3714 2875 3809 2914 eos

2158 2945 2386 2999 dicebat
2417 2945 2525 3000 iter
2569 2945 2819 2998 arduum
2870 2946 3087 3016 absque
3135 2945 3340 3017 puellae
3371 2945 3560 3001 salute
3616 2963 3806 3017 agere.

2159 3033 2442 3087 Caeterum
2491 3037 2547 3087 et
2597 3032 3000 3104 tergiversanti
3051 3033 3212 3088 nulla
3267 3036 3440 3089 datur
3490 3034 3657 3100 ﬁdes,
3694 3036 3808 3091 imo

2162 3122 2540 3193 quamplures
2567 3139 2690 3193 suis
2713 3122 2986 3178 commoti
3012 3121 3428 3179 calliditatibus
3456 3128 3511 3178 et
3545 3123 3804 3179 fallacem

2161 3217 2216 3266 et
2246 3215 2544 3266 versutum
2580 3210 2890 3282 appellare,
2918 3228 2978 3266 se
3008 3229 3312 3283 nunquam
3346 3213 3671 3284 quieturos,
3697 3211 3808 3267 nisi

2158 3301 2504 3366 discederet,
2539 3300 2830 3354 afﬁrmare
2876 3302 3129 3372 penitus.
3165 3301 3270 3356 Per
3313 3301 3483 3374 longa
3534 3300 3714 3375 igitur
3755 3307 3808 3357 et

2159 3405 2364 3459 aspera
2395 3393 2450 3443 et
2479 3389 2742 3444 saltuosa
2764 3389 2973 3444 itinera
3003 3390 3095 3444 die
3126 3390 3298 3446 tertia
3320 3407 3436 3462 qua
3460 3391 3635 3447 domo
3660 3391 3806 3446 abie-

2159 3483 2312 3544 rant,
2345 3477 2458 3532 huc
2499 3477 2721 3548 vesperi
2777 3495 3102 3549 pervenere.
3139 3479 3285 3543 Quid
3316 3497 3445 3535 vero
3496 3479 3718 3535 laboris
3748 3479 3801 3534 in

2159 3564 2363 3621 itinere
2395 3566 2719 3637 pertulerit,
2754 3567 2891 3636 quid
2928 3567 3335 3623 admirationis
3385 3568 3452 3623 de
3484 3586 3545 3623 se
3579 3568 3800 3624 cunctis

2165 3656 2384 3726 quibus
2415 3658 2798 3711 occurrebant
2828 3653 3094 3712 diabolus
3127 3657 3367 3723 dederit,
3399 3659 3469 3713 ob
3504 3657 3798 3729 prolixita-

2155 3748 2273 3800 tem
2304 3745 2603 3800 vitandam
2636 3745 3075 3816 praetermittere
3107 3745 3246 3802 utile
3275 3747 3466 3802 visum
3499 3752 3609 3802 est.

2229 3889 2317 3942 68.
2368 3887 2472 3942 Ubi
2521 3886 2704 3958 igitur
2744 3903 2969 3955 venere,
3003 3889 3111 3942 etsi
3162 3889 3350 3944 noctis
3402 3895 3638 3961 tempus
3679 3892 3802 3961 jam

2161 3978 2408 4042 adesset,
2444 3981 2637 4031 tamen
2671 3977 2743 4030 ab
2787 3976 2879 4031 his
2911 3977 3126 4048 quibus
3173 3994 3324 4033 cure
3376 3979 3638 4049 hospites
3670 3983 3807 4034 sunt

2161 4064 2476 4120 liberaliter
2497 4065 2703 4134 habiti,
2721 4066 3043 4134 praesertim
3070 4067 3206 4137 quia
3237 4071 3293 4121 et
3315 4067 3493 4136 hujus
3512 4067 3809 4140 religionis

2162 4153 2488 4209 monachus
2533 4153 2925 4223 Forliviensis,
2958 4155 3049 4210 cui
3104 4171 3316 4211 nomen
3367 4155 3636 4212 Marcello
3665 4160 3808 4226 erat,

2163 4243 2373 4315 pietate
2405 4247 2589 4311 actus,
2614 4243 2697 4299 eis
2726 4244 3005 4315 optimus,
3032 4249 3096 4299 ut
3120 4245 3232 4316 ipsi
3264 4245 3604 4314 retulerant,
3631 4246 3807 4302 exsti-

2161 4336 2312 4388 terat
2332 4349 2547 4388 comes.
2581 4333 2868 4389 Postridie
2899 4333 3096 4405 igitur,
3119 4335 3213 4390 his
3237 4351 3445 4408 parum
3473 4336 3680 4405 cautis,
3706 4336 3805 4390 hac

2162 4421 2476 4477 calliditate
2498 4439 2641 4477 usus
2662 4426 2751 4477 est
2773 4423 2998 4478 daemon
3029 4441 3040 4479 :
3078 4425 3148 4478 ad
3172 4431 3405 4496 tempus
3425 4426 3580 4480 enim
3600 4426 3806 4480 disces-

409 4504 601 4577 puella
631 4503 922 4575 imprimis
953 4504 1024 4558 ad
1059 4505 1375 4576 quamdam
1409 4507 1790 4560 sanctissimae
1813 4508 2053 4580 virginis
2083 4519 2129 4584 Ι)
2170 4528 2302 4565 sum
2336 4510 2642 4577 simulans,
2678 4509 2932 4581 puellam
2965 4511 3248 4568 humilem
3277 4519 3334 4569 et
3364 4514 3641 4585 quietam,
3672 4514 3804 4567 dare

410 4594 602 4650 Maria:
634 4592 958 4664 basilicam,
990 4594 1215 4648 noviter
1245 4593 1605 4665 miriﬁceque
1635 4600 2050 4666 constructam,

411 4683 659 4738 deducta
687 4683 874 4737 fuerat
908 4699 920 4735 :
957 4683 1089 4746 Qua
1120 4682 1355 4753 quidem
1405 4682 1649 4738 basilica
1678 4700 1781 4755 per
1811 4691 2061 4756 quatuor

412 4771 598 4825 millia
637 4787 918 4842 passuum
953 4787 983 4826 a
1015 4772 1351 4844 supradicta
1399 4771 1565 4826 abest
1593 4773 1844 4840 civitate,
1876 4775 2058 4832 Caese-

415 4876 551 4913 nam
583 4858 728 4930 (149)
757 4859 845 4913 vel
877 4860 1113 4914 Fortum
1144 4859 1414 4932 Pompilii
1456 4860 1600 4931 (150)
1633 4879 1854 4918 versus.
1890 4865 1966 4918 Eo
1999 4865 2058 4919 in

414 4945 539 5002 loco
560 4946 713 5001 illico
737 4946 960 5002 meritis
982 4947 1414 5019 gloriosissimas
1440 4949 1640 5004 Matris
1660 4950 1819 5018 Jesu,
1845 4958 1909 5006 ut
1939 4969 2060 5008 om-

417 5053 518 5092 nes
538 5036 638 5107 qui
657 5037 784 5108 ejus
808 5035 1125 5108 implorant
1147 5037 1451 5101 auxilium,
1476 5037 1720 5093 liberata
1750 5044 1857 5094 est.
1881 5040 2057 5097 Paulo

415 5130 547 5198 post
562 5125 716 5180 idem
735 5124 1446 5195 dazmoneamdem,quam
1468 5126 2062 5201 dixi,Liviam;ingres-

489 5317 634 5389 (148)
665 5318 866 5389 Forum
907 5318 1050 5371 Livii
1078 5317 1249 5389 vulgo
1295 5318 1450 5373 Forli
1479 5319 1618 5375 urbs
1668 5322 2058 5379 Romandiolee

417 5387 535 5460 sita
560 5387 624 5440 in
643 5387 880 5460 planitie
903 5405 1080 5460 prope
1102 5387 1348 5453 montes,
1378 5390 1569 5445 media
1590 5392 1742 5447 inter
1764 5394 2059 5450 Caesenam

416 5462 474 5514 et
491 5458 920 5542 faventia-met
948 5458 1240 5542 utrimque
1259 5460 1457 5542 decem
1494 5462 1842 5542 milliaribus
1859 5467 2056 5542 distat.

487 5528 861 5612 (149)0ivitas
875 5528 1267 5612 Romandiolze
1281 5531 1569 5612 sitajuxta
1583 5534 1779 5612 Sapim
1795 5538 2057 5612 ﬂuvium,

417 5600 638 5660 mania
665 5600 963 5661 radentem
982 5604 1050 5659 ad
1084 5603 1260 5675 pedes
1280 5600 1519 5672 montis,
1544 5600 1746 5678 estque
1764 5608 1917 5666 inter
1930 5600 2059 5665 AriL

2168 4599 2402 4670 signum
2438 4600 2627 4654 crucis
2658 4600 2717 4652 in
2751 4601 2936 4655 fronte
2957 4601 3165 4668 sinere,
3191 4603 3516 4659 orationem
3548 4601 3802 4658 Domini-

2168 4705 2319 4754 cam,
2353 4689 2793 4760 angelicamque
2812 4689 3056 4761 virginis
3073 4691 3264 4748 Mariae
3287 4692 3714 4752 salutationem,
3741 4691 3802 4742 ut

2168 4778 2274 4831 rite
2305 4781 2361 4832 et
2392 4794 2497 4832 suo
2546 4778 2746 4832 ordine
2780 4776 3015 4844 diceret,
3050 4779 3424 4850 permittere;
3458 4787 3516 4836 et
3561 4779 3799 4848 denique

2168 4865 2336 4933 nihil,
2369 4865 2586 4937 quibus
2618 4883 2770 4921 sana:
2810 4869 3022 4923 mentis
3054 4873 3299 4924 utuntur
3350 4870 3636 4934 homines,
3667 4866 3797 4938 quin

2167 4958 2224 5008 et
2253 4955 2380 5026 ipsa
2438 4959 2716 5023 uteretur,
2768 4957 3229 5026 praetermittere.
3265 4959 3330 5013 Hi
3382 4959 3565 5032 igitur
3605 4969 3796 5030 parum

2168 5044 2481 5114 prudentes
2531 5043 2589 5098 S.
2621 5044 2905 5100 Joannem
2955 5046 3247 5116 imprimis
3298 5047 3359 5102 in
3391 5048 3600 5103 cmlum
3641 5039 3797 5100 attol-

2167 5131 2304 5198 lere,
2337 5132 2566 5200 deinde,
2599 5133 3066 5190 cavillationibus
3115 5135 3333 5192 diaboli
3363 5141 3421 5192 et
3450 5137 3678 5192 insidiis
3708 5132 3797 5186 de-

2169 5325 2393 5381 minum
2429 5328 2499 5381 ad
2535 5331 2751 5394 ortum,
2785 5332 2842 5384 et
2872 5329 3201 5387 Faventiam
3234 5333 3304 5388 ad
3337 5349 3632 5389 occasum.

2241 5399 2384 5522 $150)
2416 5401 2614 5482 Forum
2639 5402 2848 5482 Popilii
2868 5418 2969 5484 seu
3002 5405 3282 5522 Pompilii,
3304 5405 3487 5487 vulgo.
3516 5404 3803 5472 Forlimpoo

2266 5488 2304 5522 2.
2337 5475 2424 5522 est
2453 5488 2512 5522 1n
2546 5471 2928 5522 Romandiola
2959 5479 3107 5522 inter
3145 5476 3332 5522 ‘m-nm
3375 5477 3510 5522 [.nni
3545 5478 3612 5522 nd
3647 5486 3802 5522 ncca-

2166 5470 2304 5540 poli,
2337 5475 2424 5525 est
2453 5470 2512 5524 in
2546 5470 2928 5528 Romandiola
2959 5475 3107 5530 inter
3127 5470 3335 5533 Forum
3371 5470 3511 5533 Livii
3545 5478 3614 5532 ad
3647 5470 3802 5531 ocea-

2171 5557 2301 5597 sum
2334 5547 2390 5598 et
2419 5547 2713 5600 Czesenam
2746 5545 2816 5599 ad
2849 5550 3062 5601 ortum.
