4002 6170
205 334 324 394 845

1797 336 2026 397 ACTA.

3495 346 3613 408 846

193 465 385 524 verbis
406 464 734 523 minacibus
761 467 1000 541 inquit:
1032 472 1155 524 Non
1179 469 1317 538 tuis,
1353 485 1385 523 o
1444 469 1706 524 omnium
1722 485 1848 539 pes-
1876 470 1932 535 Α
1961 469 2249 525 deductus
2280 474 2539 540 est,cum
2558 478 2728 530 antea
2742 474 3150 533 Passinianum
3167 481 3610 549 monasterium,

193 556 363 623 sime,
393 555 604 627 verbis,
641 557 741 613 sed
777 557 872 613 Dei
902 564 1069 625 nutu,
1102 558 1277 613 etiam
1292 558 1602 614 etJoannis
1632 559 1843 614 virtute

191 644 329 700 hinc
377 645 551 716 paulo
586 650 719 718 post
776 648 1021 703 invitum
1067 648 1180 703 alio
1240 664 1548 720 properare
1592 653 1839 720 oportet.

187 732 346 788 Nihil
379 734 575 802 refert,
610 734 802 807 inquit
830 736 1118 808 sacerdos,
1154 737 1202 791 si
1228 736 1844 809 dictisfactacompen-

190 838 287 878 ses
311 840 326 891 ;
358 839 562 879 vereor
590 828 804 892 tamen,
834 841 904 880 ne
924 828 1027 880 tua
1056 825 1232 881 solita
1254 825 1472 882 nefaria
1495 843 1638 882 usus
1679 826 1844 883 calli-

188 911 392 981 ditate,
454 916 512 967 et
566 912 841 980 versutia,
901 915 1356 986 tergiversando,
1404 932 1625 988 nosque
1650 915 1845 972 verbis

188 1001 487 1073 Jactando,
537 1001 597 1056 in
638 1001 875 1073 longam
908 1020 1132 1059 moram
1169 1004 1319 1060 hanc
1349 1010 1513 1060 tuam
1538 1005 1844 1077 protrahas

188 1090 415 1162 fugam.
452 1089 551 1145 His
584 1090 854 1147 diabolus
882 1093 1214 1158 subridens,
1246 1094 1550 1165 paululum
1584 1100 1846 1153 moratus

189 1179 274 1235 ait
296 1224 309 1247 ,
342 1178 765 1251 Velim,nolim,
798 1182 1134 1237 abeundum
1166 1187 1274 1238 est.
1302 1183 1534 1238 Diutius
1564 1183 1722 1238 enim
1754 1183 1847 1239 hic

188 1285 341 1337 esse,
376 1268 602 1325 etiamsi
634 1269 712 1324 sit
738 1269 1007 1328 voluntas
1037 1276 1095 1328 et
1114 1272 1345 1344 cupido,
1378 1272 1476 1328 Dei
1509 1273 1691 1327 virtus
1723 1289 1851 1344 pro-

186 1358 374 1414 hibet.
408 1359 515 1414 Tui
547 1374 823 1430 egressus
851 1360 1085 1433 signum
1116 1362 1318 1431 des,ne
1334 1361 1589 1433 amplius
1612 1362 1849 1417 frustre-

189 1464 349 1513 mur,
380 1451 456 1518 te,
478 1448 673 1520 inquit
703 1451 976 1505 sacerdos
1008 1451 1270 1521 conjuro.
1322 1451 1589 1518 Dabitur,
1621 1452 1847 1506 daemon

188 1537 294 1604 ait,
328 1537 791 1611 quamprimum,
826 1537 1099 1610 illicoque
1131 1557 1281 1595 anus
1310 1540 1499 1612 ipsius
1542 1539 1702 1597 solea
1731 1556 1846 1596 uno

188 1630 364 1683 exuta
395 1628 559 1699 pede,
591 1631 751 1683 extra
778 1626 980 1695 valles,
1005 1630 1104 1700 qui
1129 1629 1408 1702 capellam
1444 1647 1561 1685 una
1586 1646 1654 1685 ex
1685 1634 1848 1701 parte

186 1716 493 1788 muniunt,
525 1716 754 1774 diabolo
784 1718 1032 1785 volente,
1065 1734 1200 1774 cum
1225 1719 1656 1775 admirarentur
1684 1719 1846 1790 quid.

186 1821 327 1861 nam
387 1808 584 1860 actum
640 1808 795 1862 esset
852 1806 922 1860 de
973 1806 1121 1878 ipsa,
1155 1806 1254 1879 qui
1282 1809 1524 1863 aderant
1547 1806 1844 1877 mortales,
1875 1837 1923 1902 B

191 1894 440 1950 inventa
468 1898 577 1950 est.

255 1984 348 2038 80.
380 1983 597 2038 Exinde
628 1984 823 2055 majus
851 1985 1075 2051 datum,
1110 1984 1226 2040 Deo
1258 1985 1505 2054 volente,
1566 1988 1840 2060 signum:

185 2073 341 2128 Dum
393 2071 550 2128 enim
611 2072 670 2127 in
731 2089 852 2128 rem
885 2090 1053 2129 suam
1086 2074 1301 2130 malam
1326 2075 1437 2131 iret
1458 2077 1706 2142 daemon,
1739 2092 1844 2132 ceu

186 2163 393 2218 fumus
425 2177 493 2217 ex
522 2178 620 2217 ore
652 2161 917 2218 mulieris
945 2162 1111 2218 visus
1140 2167 1229 2220 est
1254 2163 1523 2220 diabolus
1560 2164 1844 2237 paulatim

184 2251 496 2324 superiora
520 2255 577 2307 et
605 2266 775 2307 aerea
800 2255 1012 2323 petere.
1046 2252 1193 2307 Proh
1225 2253 1375 2308 boue
1409 2254 1583 2309 Jesu!
1626 2255 1844 2309 mirum

100 2412 109 2423 _
186 2345 479 2413 quantum
538 2342 796 2413 stuporis
855 2341 1333 2398 admirationisve
1371 2342 1481 2399 hoc
1512 2343 1845 2416 prodigium

185 2431 492 2498 omnibus,
526 2430 627 2502 qui
647 2431 1175 2500 aderant,dederit;
1204 2433 1526 2503 prazsertim
1547 2433 1686 2505 quia
1702 2432 1847 2488 alias

181 2519 414 2576 Aretini
474 2518 559 2574 illi
608 2518 801 2576 simile
830 2519 1097 2575 viderant
1126 2537 1229 2575 nec
1261 2522 1583 2577 audierant.
1619 2522 1848 2578 Gratias

186 2608 393 2680 itaque
422 2608 689 2679 ingentes
720 2608 855 2676 Deo,
889 2606 1232 2681 Virginique
1254 2609 1445 2665 Mariae
1468 2613 1524 2666 et
1552 2611 1611 2666 S.
1635 2609 1848 2666 Joanni

186 2701 434 2770 agentes
484 2695 767 2752 auxilium
801 2697 1074 2769 precibus
1105 2703 1448 2770 exposcunt,
1477 2700 1564 2755 uti
1593 2698 1849 2755 volentes

184 2803 371 2843 anum
406 2785 597 2857 ipsam
627 2802 806 2858 seque
832 2790 887 2841 et
904 2786 1292 2842 Christianam
1306 2787 1645 2860 religionem
1662 2788 1850 2861 sospi-

179 2880 320 2934 tent
370 2876 731 2931 universam.
765 2880 1012 2931 Demum
1051 2876 1439 2933 valedicentes
1472 2878 1667 2933 abbati
1694 2882 1856 2934 caete-

174 2967 417 3038 risque,
448 2964 565 3021 laeti
597 2966 668 3019 ad
699 2965 1011 3021 Aredinam
1044 2965 1331 3021 civitatem
1372 2967 1752 3022 contendunt.

168 3058 349 3113 Anus
374 3054 479 3110 illa
500 3071 617 3111 non
648 3054 961 3109 immemor
989 3054 1403 3124 beneﬁcii,sibi
1435 3055 1852 3128 perpetuumin

171 3146 239 3201 S.
302 3143 552 3200 Joannis
605 3142 904 3200 Gualberti
953 3142 1154 3216 vigilia
1184 3143 1394 3198 indixit
1417 3144 1727 3216 jejunium.
1762 3145 1846 3200 Ad

168 3235 301 3290 hoc
350 3232 579 3288 addidit
606 3231 781 3287 etiam
826 3235 892 3286 ut
924 3232 1229 3287 annuatim
1262 3233 1530 3304 pedester
1553 3234 1722 3303 (154),
1757 3232 1848 3289 sin

168 3322 399 3380 minus
429 3321 503 3376 ob
526 3324 750 3377 aetatem
782 3321 839 3375 id
862 3321 1252 3377 munusobire
1265 3320 1848 3394 valeret,comparato

174 3411 316 3468 sibi
360 3411 644 3480 jumento,
690 3413 979 3482 equester,
1003 3411 1073 3465 ad
1107 3409 1217 3466 hoc
1245 3411 1303 3466 S.
1336 3411 1530 3466 Mariae
1561 3414 1851 3466 monaste-

168 3501 379 3568 rium,
413 3498 825 3555 comitantibus
855 3499 1156 3555 nonnullis
1188 3517 1318 3555 cum
1350 3501 1458 3555 viri
1488 3504 1617 3555 tum
1643 3499 1848 3555 mulie-

169 3590 385 3656 ribus,
420 3587 725 3644 sanctitate
753 3588 997 3644 Joannis
1027 3589 1087 3643 in
1119 3588 1561 3661 primis,deinde
1586 3589 1847 3645 mulieris

161 3674 497 3734 nobilitate
527 3675 869 3747 compulsis,
901 3676 961 3730 in
993 3676 1179 3749 ipsius
1212 3676 1522 3733 festivitate
1544 3678 1850 3734 contende-

158 3771 267 3822 ret
291 3784 314 3820 :
346 3781 417 3820 eo
449 3765 626 3820 ducta
655 3781 854 3821 amore
886 3765 1081 3821 divino
1112 3769 1168 3821 et
1196 3766 1439 3822 Joannis
1487 3766 1847 3823 sanctissimi

156 3852 493 3920 beneﬁcio,
527 3858 592 3909 ut
620 3852 845 3910 nullam
875 3854 1846 3927 molestiam,nullumquelaborem

154 3944 280 4000 sed
316 3941 690 4014 voluptatem
721 3942 942 4015 potius,
969 3943 1266 4015 jejunium
1293 3943 1517 4016 iterque
1575 3961 1846 4017 asperum

157 4034 488 4089 efferrent.
522 4034 741 4087 Verum
772 4049 930 4088 nunc
968 4033 1040 4088 ad
1096 4032 1341 4105 reliqua.
1403 4034 1550 4089 Nam
1605 4034 1848 4089 Joannis

155 4119 553 4179 sanctissimi
585 4120 869 4177 miracula
888 4121 1267 4194 prodigiaque
1292 4123 1581 4194 stupenda
1598 4139 1724 4178 sese
1747 4140 1850 4178 no-

152 4211 275 4267 bis
310 4208 654 4265 catervatim
690 4210 959 4266 offerunt.

254 4300 358 4353 81.
388 4298 646 4355 Joannes
704 4299 945 4372 quidam
975 4317 1090 4356 non
1122 4300 1324 4356 infimo
1346 4299 1472 4356 loco
1523 4304 1717 4368 natus,
1751 4300 1852 4372 qui

156 4387 525 4461 hospitium
556 4388 617 4443 in
646 4387 794 4459 loco,
829 4390 982 4461 quod
1005 4388 1851 4461 Malmantile(155)dicitur,ab

157 4479 341 4536 urbe
368 4476 704 4533 Florentina
733 4494 847 4533 non
881 4477 1137 4534 multum
1183 4478 1429 4545 distans,
1488 4478 1853 4535 haereditario

1952 558 2051 611 ubi
2080 563 2135 615 S.
2195 559 2461 626 Joannis,
2514 562 2695 633 hujus
2754 564 3054 638 religionis
3110 569 3364 623 auctoris
3398 586 3609 641 corpus

1951 646 2271 703 honorifice
2302 650 2632 721 requiescit,
2665 654 2942 709 adivisset
2972 673 3076 711 nec
3106 673 3192 723 ea,
3228 674 3405 729 quam
3445 662 3607 729 opta-

1950 740 2129 803 verat,
2165 737 2442 809 sospitate
2463 744 2618 796 esset
2648 741 2885 812 potitus.
2920 746 3061 798 Cum
3093 762 3225 799 vero
3252 745 3311 799 in
3357 745 3606 818 his,quaa

1953 824 2223 881 diabolus
2256 828 2379 883 suis
2412 829 2506 884 hic
2528 829 2677 885 dolis
2707 831 2973 901 gesserit,
3008 834 3163 904 quod
3204 851 3344 890 sane
3390 835 3605 891 facien-

1955 913 2097 969 dum
2128 920 2303 986 esset,
2339 916 2520 971 nolim
2550 918 2873 988 immorari,
2909 937 3045 975 nam
3077 924 3308 992 tempus
3348 924 3606 994 profecto

1957 1004 2265 1073 maturius,
2303 1023 2480 1078 quam
2513 1023 2605 1062 res
2638 1024 2730 1063 me
2761 1008 2986 1063 deseret
3011 1035 3024 1076 ;
3048 1010 3216 1081 juvat
3244 1015 3439 1066 tamen
3491 1030 3607 1068 non

1954 1095 2267 1165 prteterire,
2291 1112 2468 1165 quam
2499 1095 2708 1151 callide
2740 1101 3050 1169 astuteque
3082 1099 3400 1155 monachos
3451 1101 3607 1156 deci-

1955 1197 2091 1251 pere
2143 1187 2413 1250 tentaret,
2446 1201 2579 1239 eum
2630 1202 2763 1240 cum
2798 1186 2960 1242 flexis
2993 1187 3244 1260 genibus
3269 1189 3514 1260 supinas
3538 1191 3610 1245 ad

1959 1274 2138 1325 Deum
2200 1289 2410 1328 manus
2466 1274 2723 1345 tendere,
2757 1293 2823 1330 ac
2854 1276 3135 1332 instantia
3166 1278 3613 1351 frequentiaque

1957 1361 2289 1417 orationum
2320 1363 2675 1434 prolixarum
2708 1365 2914 1431 Deum,
2930 1364 3344 1438 Virginemque
3366 1367 3611 1424 Mariam

1957 1449 2221 1522 fatigare,
2253 1451 2539 1507 Joannem
2574 1452 2882 1524 praefatum
2906 1453 2966 1508 in
2997 1454 3263 1526 ecclesia,
3305 1457 3611 1513 monachis

1957 1539 2213 1594 ofﬁcium
2246 1539 2464 1596 intente
2496 1541 2904 1613 psallentibus,
2922 1542 3131 1615 hisque
3153 1560 3288 1600 eum
3311 1546 3609 1602 admiran-

1955 1628 2136 1696 tibus,
2165 1629 2543 1700 permitteret.

2028 1719 2117 1771 82.
2176 1717 2382 1772 Verum
2438 1735 2572 1774 cum
2610 1719 2905 1785 monachi,
2937 1719 3130 1776 divino
3162 1720 3448 1779 celebrato
3479 1724 3609 1779 offi-

1957 1805 2065 1874 cio,
2100 1805 2333 1878 signum
2363 1807 2552 1863 crucis
2598 1808 2658 1862 in
2690 1825 2825 1864 eum
2856 1809 3093 1865 ederent
3122 1814 3274 1879 tum,
3304 1812 3403 1883 qui
3453 1817 3611 1870 esset

1953 1895 2291 1968 apparebat,
2323 1912 2458 1950 cum
2480 1897 2659 1968 probe
2680 1901 2746 1953 ut
2777 1914 2980 1953 amens
3012 1900 3609 1959 consternatusaloco

1954 2000 2060 2039 suo
2094 1984 2375 2056 humique
2406 1990 2735 2057 prostratus
2766 1986 3137 2043 exclamaret.
3165 1991 3449 2045 Caeterum
3476 2008 3609 2047 cum

1954 2072 2063 2128 hoc
2094 2073 2152 2127 in
2184 2073 2307 2129 loco
2338 2073 2740 2142 etiam,nescio
2772 2077 3106 2148 quagratia,
3143 2077 3349 2134 multis
3380 2080 3610 2148 diebus,

1955 2160 2257 2217 orantibus
2279 2166 2336 2216 et
2366 2163 2812 2233 conjurantibus
2844 2166 3170 2233 monachis,
3198 2183 3302 2238 pro
3341 2168 3433 2223 sui
3465 2168 3617 2224 vale-

1953 2250 2158 2305 tudine
2188 2252 2586 2323 recuperanda
2614 2252 2833 2307 frustra
2864 2255 3232 2326 consumptis
3254 2254 3609 2327 nihil,profi-

1956 2343 2108 2394 ceret
2156 2356 2228 2393 ne
2259 2338 2430 2395 inane
2450 2344 2735 2396 tereretur
2758 2346 3015 2415 tempus,
3058 2342 3168 2398 hoc
3208 2343 3379 2399 nobis
3436 2360 3614 2416 aeger—

1955 2428 2103 2483 rime
2133 2428 2748 2499 ferentibus,Romam,
2778 2431 2995 2502 nequid
3017 2432 3090 2486 ob
3104 2432 3195 2486 sui
3218 2433 3434 2488 bonam
3460 2433 3614 2489 vale-

1957 2518 2225 2573 tudinem
2256 2518 2713 2589 recuperandam
2746 2520 3236 2591 praatermitteret,
3268 2521 3415 2577 alter
3439 2522 3618 2577 frater

1958 2608 2304 2662 contendere
2334 2607 2557 2662 statuit.
2582 2606 2689 2662 Ubi
2721 2607 2902 2679 igitur
2941 2609 3188 2665 Romam
3236 2626 3466 2679 venere,
3527 2628 3618 2667 co-

1957 2695 2246 2763 lumnam,
2280 2695 2372 2751 cui
2400 2697 2568 2752 Iesus
2599 2696 2869 2754 Christus
2886 2697 3282 2767 hierens,dum
3302 2700 3617 2770 praedicare

1960 2784 2169 2840 solitus
2198 2788 2343 2852 erat,
2377 2784 2680 2857 ingressus
2704 2788 2836 2856 [estl
2876 2787 2935 2841 in
2958 2787 3189 2859 primis,
3210 2787 3259 2843 si
3283 2787 3430 2844 forte
3460 2788 3618 2843 inco-

1961 2873 2336 2930 lumislieret.
2370 2873 2625 2929 Verbum
2642 2875 2741 2930 ubi
2772 2875 2829 2929 id
2845 2892 3052 2947 parum
3067 2878 3375 2948 procedere
3405 2893 3619 2950 cogno-

1962 2964 2090 3030 scit,
2125 2964 2414 3018 bonorum
2445 2962 2688 3018 consilio
2719 2964 2916 3019 omnia
2948 2965 3195 3037 experiri
3227 2966 3621 3037 malens,cun-

1963 3056 2107 3119 ctas,
2139 3067 2264 3123 quae
2297 3051 2495 3107 Romae
2525 3052 2962 3119 sunt,ecclesias
2986 3058 3327 3110 sanctorum
3349 3054 3617 3127 reliquiis

1962 3139 2302 3205 celebratas,
2326 3139 2700 3196 devotissime
2749 3141 3136 3212 perlustrans,
3160 3160 3276 3199 non
3309 3144 3482 3199 modo
3515 3144 3625 3199 fra-

1879 3204 1922 3273 C
1966 3228 2068 3283 tris
2090 3228 2431 3299 sospitatem
2459 3228 2803 3296 invenit,sed
2828 3229 3226 3299 diabolus,ubi
3256 3248 3325 3286 ex
3362 3231 3622 3287 ecclesiis

1960 3318 2296 3388 cedebatur,
2327 3316 2387 3371 in
2419 3316 2542 3372 dies
2571 3317 2693 3371 ﬁeri
2728 3317 2989 3373 ferocior.

2028 3407 2116 3461 83.
2142 3405 2243 3461 His
2284 3406 2459 3461 rebus
2518 3405 2741 3477 asperis
2798 3406 2943 3461 alter
3002 3406 3179 3463 frater
3225 3391 3341 3462 non
3392 3412 3619 3480 pertur-

1956 3496 2104 3567 bari,
2136 3496 2233 3550 sed
2272 3500 2382 3550 Deo
2412 3494 2629 3567 gratias
2656 3511 2832 3567 agens
2863 3496 3188 3568 fortemque
3218 3497 3480 3553 animum
3513 3514 3612 3569 ge-

1956 3602 2092 3641 rens
2122 3583 2328 3639 statuit
2348 3584 2552 3654 quovis
2584 3584 2755 3639 modo
2786 3585 3032 3656 operari,
3086 3590 3152 3640 ut
3202 3585 3296 3641 ille
3353 3587 3615 3658 pristina:

1956 3676 2051 3730 red
2061 3673 2583 3744 deretur,sanitati.
2606 3673 2691 3727 Ad
2704 3672 3077 3745 Aquilensem
3094 3676 3240 3746 (156)
3254 3691 3389 3747 ergo
3402 3676 3609 3732 urbem

1957 3765 2055 3820 ubi
2088 3764 2143 3819 S.
2173 3763 2447 3818 Bernardi
2482 3763 2628 3834 (157)
2652 3762 2938 3819 Minorum
2962 3764 3229 3820 Fratrum
3261 3782 3473 3837 corpus
3500 3765 3614 3821 ho-

1957 3853 2195 3909 norifice
2224 3851 2492 3923 quiescit,
2529 3850 2687 3922 quia,
2716 3856 2778 3906 ut
2810 3853 3013 3921 fertur,
3048 3852 3165 3909 illic
3196 3854 3333 3909 Jesu
3395 3852 3613 3909 Christi

1957 3943 2142 4015 gratia
2183 3941 2456 4014 plurimis
2509 3940 2686 4012 pollet
2743 3941 3065 4011 miraculis,
3097 3944 3481 3999 contendunt.
3528 3940 3616 3997 Ibi

1959 4032 2134 4087 etiam
2157 4030 2456 4086 incassum
2491 4046 2623 4084 cum
2655 4034 2941 4085 tereretur
2970 4030 3448 4104 tempus,divinis
3478 4047 3612 4086 con-

1960 4120 2146 4176 ﬁdens
2180 4118 2497 4183 beneficiis,
2526 4118 2658 4190 alia,
2692 4136 2819 4191 quae
2850 4136 2953 4191 per
2980 4119 3206 4175 Italiam
3240 4120 3395 4176 fama
3416 4120 3620 4177 claris-

1961 4209 2112 4265 sima
2142 4214 2283 4264 sunt
2312 4208 2440 4265 loca
2470 4207 2806 4279 templaque
2836 4208 3351 4282 adiens,fratrique
3373 4208 3618 4281 sospita-

1959 4303 2077 4353 tem
2111 4315 2225 4354 non
2258 4297 2384 4352 dari
2414 4296 2765 4368 intelligens,
2798 4296 3030 4352 nullum
3054 4298 3213 4353 ferox
3251 4297 3337 4354 vel
3395 4297 3618 4354 malum

1961 4387 2207 4441 verbum
2264 4387 2443 4440 edens
2501 4386 2743 4440 domum
2797 4386 2983 4441 redire
3032 4390 3216 4457 parat.
3274 4386 3456 4459 Igitur
3484 4403 3619 4441 cum

1964 4474 2241 4545 redirent,
2265 4474 2364 4529 ubi
2397 4474 2469 4529 ad
2501 4473 2559 4528 id
2590 4471 2701 4528 loci
2727 4478 2989 4541 ventum,
3034 4491 3149 4545 quo
3181 4474 3320 4530 olim
3349 4472 3621 4542 Annibal,

147 4569 325 4641 jure
383 4565 663 4632 habebat,
696 4583 730 4622 a
778 4567 1036 4639 pessimo
1063 4569 1342 4635 daemone,
1376 4571 1442 4622 ut
1472 4568 1679 4623 deinde
1710 4584 1744 4622 a
1772 4583 1856 4624 re—
1885 4576 1933 4641 Β
1966 4569 2030 4619 ut
2053 4562 2346 4620 memoria:
2388 4563 2707 4634 proditum,
2757 4568 2873 4633 est,
2920 4580 3161 4618 suorum
3213 4566 3424 4631 castra,
3486 4575 3621 4615 cum

156 4659 323 4730 ipsa
357 4656 675 4727 probatum
704 4660 813 4727 est,
845 4661 1073 4728 captus,
1108 4674 1142 4713 a
1171 4673 1278 4712 suo
1309 4673 1585 4729 germano
1618 4657 1858 4713 strictus

162 4746 472 4816 undique
502 4745 761 4812 funibus,
794 4744 855 4800 in
886 4745 1063 4801 atroci
1098 4747 1268 4801 etiam
1303 4745 1531 4819 positus
1568 4747 1863 4816 jumento,

162 4837 266 4892 ad
304 4834 425 4890 hoc
459 4835 517 4889 S.
550 4834 739 4889 Mariae
774 4835 1219 4903 monasterium,
1249 4835 1665 4891 comitantibus
1688 4852 1756 4891 ex
1778 4836 1861 4890 af-

158 4924 434 4983 ﬁnibus
493 4927 551 4979 et
580 4922 895 4980 clientibus
951 4924 1249 4980 nonnullis
1281 4928 1479 4980 nostra
1517 4929 1863 4997 tempestate

270 5049 439 5127 (154)
497 5048 747 5127 Pedester
802 5050 873 5127 de
892 5050 1016 5106 viro
1046 5052 1453 5127 tantummodo
1485 5051 1737 5119 dicitur;
1768 5052 1869 5109 sed

160 5120 317 5181 ho's
349 5120 617 5192 aliosque
640 5121 1000 5178 solmcismos
1014 5123 1262 5178 subinde
1293 5128 1661 5179 occurrentes
1684 5140 1871 5180 anno-

162 5204 494 5277 taneﬂnn
518 5198 684 5277 vacat
707 5212 721 5261 ;
756 5195 928 5275 modo
958 5211 1167 5277 sensus
1195 5194 1576 5277 intelligatur.

268 5264 527 5339 (155)_ls
557 5264 722 5320 locus
751 5266 814 5339 in
835 5267 1224 5339 exactior-ibus
1258 5264 1487 5339 mappis
1528 5266 1874 5339 geographi-

154 5334 295 5397 cis'
347 5334 692 5407 assignatur
746 5337 1010 5393 inclusus
1068 5337 1219 5392 inter
1256 5334 1498 5393 fluvium
1532 5334 1777 5391 ἈΙ-ἧι]ῐῇ
1810 5355 1876 5392 ac

165 5407 523 5468 civitatem
584 5408 975 5477 Florentiam;
1036 5412 1093 5464 et
1151 5410 1298 5465 situs
1358 5410 1428 5465 ad
1490 5414 1739 5475 montes,
1775 5408 1876 5479 qui

155 5479 578 5551 Florentian
610 5480 763 5535 inter
793 5480 1093 5536 meridiem
1130 5486 1485 5543 et,occasum
1543 5479 1804 5551 cingunt.

277 5551 448 5623 (156)
494 5550 657 5623 Urbs
714 5551 895 5607 Italia:

950 5553 1178 5624 Aprutii
1202 5552 1495 5624 ulterioris
1525 5556 1716 5623 caput,
1751 5566 1880 5624 qua;

164 5598 446 5706 Rp‘mal
471 5622 654 5681 distat
707 5624 779 5681 60
822 5598 1399 5705 miilibtusupassuum
1428 5623 1489 5681 in
1510 5598 1881 5707 ortbm’aelstij

1969 4653 2213 4709 Romam
2238 4652 2633 4719 contenderet,
2666 4652 2896 4723 posuit;
2921 4651 3018 4722 qui
3047 4651 3209 4706 locus
3236 4666 3389 4704 nunc
3422 4647 3624 4703 Lauci-

1974 4758 2059 4807 sa,
2115 4745 2309 4813 proter
2352 4757 2491 4795 saxa
2520 4746 2659 4795 tunc
2688 4757 2721 4794 a
2750 4739 2875 4794 suis
2910 4738 3096 4795 incisa
3124 4739 3194 4793 ad
3224 4737 3496 4810 paludem
3528 4752 3623 4792 ex-

1974 4831 2306 4887 siccandam
2364 4829 2781 4900 dicitur(l;'38):
2844 4828 2987 4883 dixit
3042 4828 3160 4898 ille,
3194 4844 3368 4899 quem
3402 4826 3626 4881 dmmon

1952 4902 2208 4977 .vexarat
2254 4918 2500 4975 acriter:
2530 4919 2604 4972 Mi
2637 4918 2835 4989 frater,
2868 4934 2939 4973 en
2966 4919 3097 4987 iter,
3140 4918 3295 4992 quod
3321 4916 3392 4973 ad
3426 4932 3628 4972 mona-

1977 5065 2134 5104 vum.

2052 5119 2207 5191 (157),
2233 5116 2451 5173 Recens
2472 5121 2596 5191 tum
2630 5122 2754 5173 erat
2796 5116 3043 5174 Bernadi
3095 5135 3195 5174 seu
3229 5114 3449 5191 polius
3500 5114 3634 5171 Ber-

1983 5188 2213 5247 nardini
2246 5190 2543 5262 Semensis
2577 5191 2877 5257 memoria,
2911 5195 3112 5262 utpote
3135 5188 3429 5262 qui’obiit
3482 5203 3635 5243 anno

1986 5264 2145 5329 1444,
2176 5266 2233 5316 et
2262 5279 2295 5315 a
2329 5261 2558 5316 Nicolao
2588 5265 2637 5316 V
2668 5262 2886 5317 relatus
2916 5261 3003 5317 est
3032 5262 3091 5316 in
3121 5261 3468 5317 Sanctorum
3523 5276 3632 5315 nu-

1986 5349 2214 5390 merum
2248 5349 2398 5387 anno
2431 5334 2588 5387 14350.

2059 5405 2202 5479 (158)
2233 5403 2526 5479 Quidquid
2558 5403 2634 5479 sit
2661 5404 2732 5459 de
2755 5403 2863 5459 loci
2895 5403 2974 5479 hu
3001 5403 3103 5479 jus
3125 5404 3456 5479 etymlogia,
3492 5407 3633 5475 puto

1988 5474 2260 5551 eumdem
2315 5474 2628 5551 designari,
2688 5491 2896 5551 nempe
2926 5474 3293 5533 Ancisam'vel
3324 5474 3634 5551 Eancikam,

1990 5549 2060 5605 de
2090 5547 2261 5619 cujus
2293 5545 2409 5603 situ
2437 5545 2612 5622 paulo
2645 5551 2777 5603 ante
2803 5545 3052 5621 egimus.
