4022 6160
446 281 562 343 847

1494 277 1559 337 S.
1604 275 1930 340 JOANNIS
1978 274 2425 337 GUALBEBTI
2472 275 2809 337 ABBATIS

3730 269 3832 332 848

445 411 691 468 sterium
718 412 774 465 S.
797 407 987 464 Mariae
1014 409 1085 465 de
1113 406 1273 463 Valle
1300 407 1584 464 Umbrosa
1612 408 1903 481 dirigitur.
1939 407 2086 473 Quid
2114 408 2171 477 Α
2200 364 3250 477 animaeimminebat.Jamjam,frater
3263 402 3457 459 animo
3481 416 3611 458 meo
3640 400 3835 458 charis-

445 504 573 557 tum
601 500 628 553 ‘I
659 497 804 553 alter
833 497 1044 552 frater:
1078 496 1226 560 Quid
1259 500 1384 550 tum
1406 496 1433 550 ?
1461 496 1533 550 Ut
1562 512 1627 551 eo
1646 498 2089 562 contendamus,

446 589 601 646 Satis
632 600 921 657 superque
951 584 1116 655 satis,
1149 584 1339 656 inquit
1368 583 1484 653 ille,
1520 584 2090 655 ulliisnobisquetzs—

449 676 564 742 dio,
597 672 876 729 molestiae
908 673 1186 745 onerique
1216 672 1471 741 fuimus;
1504 672 1885 745 quamobrem
1934 672 2090 727 ince-

444 767 614 836 ptum
645 763 887 818 domum
916 766 1177 818 nostram
1208 778 1411 817 versus
1442 762 1549 817 iter
1578 777 1928 833 peragamus
1969 777 2088 816 oro.

428 852 573 908 ’Non
603 853 706 921 ita,
739 851 1057 917 frater,non
1072 856 1221 907 recte
1238 854 1421 906 sentis
1440 852 1695 923 profecto
1722 868 1734 906 :
1769 850 2092 922 persuadeo

447 941 626 1012 enim,
659 956 752 996 me
782 941 841 996 S.
862 941 1107 996 Joannis
1124 940 1416 1011 precibus,
1436 942 1529 994 cui
1551 956 1901 1013 magnopere
1924 939 2093 992 credo

448 1029 805 1086 incolumem
826 1045 1156 1084 evasurum.
1188 1032 1329 1084 Jesu
1361 1028 1675 1099 bone,quid
1708 1045 1841 1083 vera
1873 1033 2097 1082 sancta-

447 1136 561 1191 que
573 1118 718 1175 fides
730 1116 1200 1174 humanisinsita
1218 1118 1553 1189 pectoribus
1576 1118 1645 1171 ad
1667 1117 1855 1172 varias
1877 1115 2096 1187 gratias

446 1207 847 1281 impetrandae
900 1206 1089 1263 valeat
1145 1207 1466 1278 possitque,
1524 1223 1657 1261 cum
1742 1221 2096 1277 unaquaque

447 1298 509 1353 in
540 1313 601 1353 re
633 1298 787 1353 bona
810 1295 900 1352 vel
933 1294 1213 1368 sospitate
1234 1295 1549 1351 obtinenda
1580 1299 1983 1367 cognoscatur,
2016 1298 2098 1348 ta-

450 1403 585 1443 men
614 1386 674 1442 in
704 1386 811 1442 hoc
841 1385 1065 1456 liquido
1097 1385 1303 1457 patuit.

516 1478 606 1531 84.
664 1477 811 1532 Cum
869 1475 1024 1530 enim
1082 1473 1178 1528 hic
1236 1478 1439 1540 totam,
1484 1478 1549 1528 ut
1577 1473 1889 1529 incolumis
1920 1477 2092 1528 esset.

445 1564 675 1622 Italiam
732 1563 963 1636 petierit
1017 1567 1334 1633 sanctaque
1397 1562 1525 1617 loca
1564 1562 1772 1617 adierit
1804 1562 2092 1628 universa,

446 1653 721 1725 quodque
750 1653 1007 1725 optabat,
1039 1652 1196 1707 haud
1221 1650 1549 1723 impetrarit
1576 1669 1588 1717 ;
1624 1651 1764 1704 dum
1814 1667 1945 1704 cum
1968 1666 2094 1721 ger-

2200 500 2366 571 sime,
2432 518 2498 554 ex
2549 516 2663 570 quo
2723 494 2948 552 meritis
2996 492 3243 549 Joannis
3274 490 3633 547 sanctissimi
3675 507 3743 546 ex
3766 497 3836 547 tot

2199 590 2475 645 aerumnis
2490 593 2545 644 et
2574 587 2825 643 miseriis
2846 581 3646 653 evasistiincolumis,meque
3676 582 3835 637 etiam

2201 679 2259 733 in
2318 683 2480 733 tanta
2532 675 2685 732 mala
2744 674 3160 747 praecipitatus,
3213 676 3313 726 tua
3354 671 3635 742 sospitate
3662 670 3831 724 fecisti

2201 769 2457 823 beatum.
2489 767 2651 821 Nunc
2680 765 2957 836 profecto,
2988 763 3127 817 Jesu
3145 762 3313 827 bone,
3335 759 3383 814 si
3402 758 3506 813 tibi
3528 758 3635 814 hoc
3660 758 3835 813 animo

2202 860 2445 923 sederet,
2481 856 2625 910 mori
2658 853 2873 919 liceret,
2908 868 2979 907 ne
3008 851 3219 905 iterum
3253 848 3534 921 aegritudo
3561 847 3753 918 aliqua
3769 863 3839 901 re-

2204 964 2333 1001 rum
2366 946 2760 1000 humanarum
2790 959 2881 996 me
2911 937 3309 1012 spectaculum
3338 938 3609 1009 praebeat.
3647 937 3835 991 Eume-

2203 1052 2316 1107 que
2346 1035 2557 1089 deinde
2572 1027 3453 1103 amplectensetexosculans,ab
3511 1025 3839 1081 omniturba

2204 1126 2511 1181 hominum
2568 1119 2945 1194 comploratio
2999 1136 3065 1173 ea
3110 1115 3433 1171 miserabili
3466 1116 3725 1170 oratione
3744 1113 3841 1169 his-

2206 1232 2316 1287 que
2339 1214 2602 1287 gestibus
2634 1216 2760 1267 orta
2789 1214 2895 1265 est.
2929 1208 3176 1263 Demum
3210 1206 3281 1261 ad
3314 1204 3636 1276 hospitium
3696 1203 3841 1258 incli-

2208 1304 2351 1370 nati,
2385 1319 2618 1359 summa
2645 1316 2779 1356 cum
2812 1297 3035 1353 haetitia
3066 1299 3450 1367 sumpserunt
3479 1294 3700 1349 cibum.

2275 1394 2365 1446 86.
2396 1394 2542 1448 Cum
2574 1390 2770 1461 igitur,
2804 1391 3040 1458 sumpto
3072 1384 3220 1452 cibo,
3246 1400 3424 1456 quam
3443 1382 3596 1438 viam
3627 1398 3844 1454 aggres-

2206 1483 2327 1538 suri
2380 1487 2576 1537 essent
2630 1479 2786 1533 haud
2846 1476 3037 1532 adhuc
3100 1473 3466 1541 statuissent,
3506 1473 3577 1527 ad
3639 1472 3841 1528 Vallem

2207 1574 2653 1639 Umbrosamne,
2676 1585 2749 1624 an
2774 1566 2834 1622 in
2866 1565 3117 1638 patriam
3149 1562 3586 1628 contenderent,
3619 1578 3841 1633 praeser-

2206 1662 2334 1726 tim,
2396 1664 2461 1715 ut
2516 1658 2656 1724 dixi,
2724 1672 2855 1712 cum
2909 1652 3067 1709 varie
3127 1652 3426 1708 sentirent.
3487 1650 3737 1707 Joannes
3770 1649 3841 1705 sic

446 1758 621 1799 ωαΠο
669 1742 821 1797 bona
876 1741 990 1795 ﬁde
1048 1740 1147 1795 dat
1193 1745 1397 1794 ωιλωο
1430 1739 1765 1811 accepitque
1803 1739 1995 1808 verba,
2030 1755 2098 1792 ex
2130 1783 2179 1849 B
2210 1752 2456 1807 adorsus
2488 1752 2575 1804 est
2604 1747 2879 1801 fratrem:
2913 1744 2993 1798 Ex
3022 1757 3155 1814 quo,
3189 1741 3268 1795 mi
3312 1740 3511 1806 frater,
3543 1740 3614 1795 de
3652 1739 3843 1795 itinere

448 1832 463 1849 Β
532 1834 701 1849 ,,,,_l_
741 1828 1048 1849 _.__‘-___-_
1096 1827 1246 1849 :_1-_
1278 1826 2097 1849 [‘_-L_:__-‘:-.__-~___-____--..
2439 1840 2453 1849 ι
2526 1836 2539 1849 ι
2753 1833 2788 1849 1⁸
2940 1831 3036 1849 l'l,!
3074 1846 3236 1849 ,_-A_.-
3275 1833 3356 1849 --Δ
3426 1827 3622 1849 --1ι-..,
3661 1827 3714 1849 3..
3752 1828 3840 1849 1.--

439 1832 710 1903 jumento
740 1828 1069 1902 prolapsus,
1096 1827 1248 1883 inter
1276 1827 1473 1882 fratris
1494 1826 1862 1899 aliorumque
1888 1842 2100 1881 manus

449 1920 754 1992 excipitur,
814 1916 1095 1987 humique
1154 1915 1373 1971 sensim
1406 1914 1663 1986 ponitur,
1696 1915 1893 1987 ibique
1922 1915 2099 1970 veluti

450 2008 762 2082 Spiritibus
811 2005 1089 2061 vitalibus
1135 2004 1362 2059 cunctis
1398 2004 1736 2075 destitutus,
1769 2008 2099 2077 prostratus

442 2100 667 2170 jacens,
712 2113 828 2152 non
883 2095 1120 2167 longam
1170 2093 1253 2150 sic
1282 2094 1519 2150 trahens
1552 2111 1797 2162 moram,
1822 2095 1935 2150 Deo
1966 2112 2097 2167 gra-

436 2188 574 2257 tias,
630 2188 747 2243 Deo
798 2185 1040 2258 gratias,
1072 2184 1163 2240 bis
1184 2184 1390 2239 iterata
1432 2200 1571 2239 voce
1620 2184 1935 2240 exclamat:
1965 2201 2096 2240 ecce

440 2276 730 2346 convalui,
763 2275 903 2347 quid
935 2275 1133 2346 timeo,
1167 2274 1309 2345 quid
1337 2274 1525 2343 jaceo,
1558 2273 1699 2345 quid
1725 2274 1925 2331 differo
1964 2275 2096 2329 bea-

438 2371 536 2423 tus
566 2382 671 2437 ego
699 2364 712 2418 ι
770 2366 874 2421 His
902 2365 1082 2419 frater
1111 2362 1352 2432 auditis,
1378 2362 1436 2416 in
1474 2363 1669 2418 fratris
1698 2363 1963 2417 osculum
1993 2378 2091 2434 ge-

439 2456 625 2513 stiens
651 2453 935 2525 prorupit.
970 2451 1199 2505 Clamor
1227 2450 1364 2504 inde
1395 2452 1675 2505 comitum
1708 2468 1823 2521 prae
1854 2452 2092 2522 gaudio,

439 2555 878 2611 concursusque
908 2536 1213 2593 hominum
1243 2535 1406 2602 illuc,
1438 2537 1779 2591 mirantium
1811 2540 1951 2609 quid
2009 2540 2089 2595 rei

438 2630 536 2687 sit.
594 2629 848 2701 Surgent
896 2626 1106 2695 ambo;
1166 2624 1439 2697 lacrymis
1468 2626 1687 2681 obortis
1731 2627 1924 2697 inquit
1952 2629 2087 2684 ille:

439 2718 725 2791 Equidem
746 2718 855 2773 hoc
881 2731 1011 2772 meo
1048 2715 1211 2771 fratri
1241 2704 1469 2770 constat
1498 2714 1963 2787 satis,quantum
1982 2733 2089 2772 cae-

439 2808 582 2865 teris
641 2808 701 2863 in
759 2808 1062 2863 beatorum
1116 2804 1231 2860 vita
1259 2803 1764 2876 prastetJoannes
1791 2806 2089 2861 Gualberti

440 2897 893 2965 sanctissimus,
926 2910 1060 2951 cum
1092 2893 1445 2963 universam,
1480 2894 1605 2965 ipso
1637 2912 1669 2949 a
1699 2894 1959 2950 daemone
1995 2913 2090 2951 ca-

439 2992 562 3059 pto,
620 2985 985 3058 perlustrans
1017 2982 1263 3054 Italiam,
1287 2982 1551 3038 omnium
1582 2982 1707 3039 loca
1728 2989 2086 3040 sanctorum.

450 3090 581 3146 quae
612 3078 814 3131 nostra
844 3073 1128 3129 memoria
1157 3073 1315 3127 fama
1334 3072 1555 3143 ingenti
1580 3078 1637 3128 et
1665 3073 1920 3145 gloriosa
1969 3090 2092 3146 per-

2211 1840 2494 1895 sumendo
2526 1836 2695 1907 longe
2717 1833 2905 1888 aliena
2938 1831 3040 1886 tibi
3072 1846 3239 1885 mens
3269 1833 3379 1896 est,
3423 1827 3629 1883 saltem
3661 1827 3722 1882 in
3752 1828 3842 1883 hoc

2211 1944 2439 1985 mecum
2503 1925 2721 1981 sentias
2775 1922 2924 1987 volo,
2949 1924 3012 1974 ut
3032 1923 3263 1991 gratuto
3288 1917 3609 1988 libentique
3640 1918 3840 1982 animo,

2210 2037 2280 2075 ne
2345 2015 2559 2089 ingrati
2617 2030 2754 2085 erga
2809 2014 2867 2067 S.
2916 2011 3201 2065 Joannem
3236 2008 3447 2073 simus,
3476 2007 3573 2077 qui
3613 2006 3841 2061 nobisin

2206 2114 2465 2180 tempore
2488 2108 2812 2177 opportuno
2844 2116 3012 2173 opem
3044 2098 3197 2164 tulit,
3222 2113 3337 2168 quo
3362 2096 3487 2168 ipse
3518 2095 3736 2151 ususin
3750 2095 3842 2150 hoc

2207 2195 2635 2264 itinere,mulus
2650 2191 3093 2247 Valimbrosano
3115 2185 3469 2242 monasterio
3496 2185 3646 2240 dono
3668 2185 3837 2239 detur.

2204 2293 2329 2343 Non
2362 2285 2560 2341 mulus
2589 2286 2843 2345 tantum,
2877 2278 3071 2349 inquit
3100 2276 3245 2332 alter
3271 2277 3468 2344 frater,
3502 2290 3704 2329 verum
3751 2290 3837 2345 pro

2202 2377 2480 2448 religione
2511 2388 2730 2447 proque
2760 2370 2946 2425 salute
2977 2366 3308 2423 animarum
3350 2368 3686 2420 nostrarum
3740 2363 3835 2417 du-

2202 2466 2355 2523 centi
2387 2464 2544 2521 aurei
2576 2462 2646 2517 ad
2680 2460 2836 2515 illius
2859 2456 3197 2513 monasterii
3220 2458 3495 2525 sumptus
3531 2451 3834 2524 augendos,

2200 2561 2265 2612 ut
2316 2557 2386 2611 de
2440 2552 2717 2624 religione
2770 2553 2891 2603 tam
2948 2547 3095 2600 bene
3144 2542 3504 2598 merentibus
3542 2540 3831 2597 monachis

2199 2662 2376 2719 penes
2420 2644 2625 2698 Jesum
2678 2638 2960 2711 gratiores
3018 2632 3488 2705 acceptioresque
3544 2631 3751 2696 simus,
3781 2629 3829 2683 in

2197 2732 2527 2791 Florentino
2555 2733 2750 2785 monte
2779 2743 2847 2782 ea
2876 2726 3022 2797 lege,
3057 2740 3173 2795 qua
3200 2721 3351 2777 cives
3375 2721 3474 2791 jus
3496 2720 3589 2775 edi
3619 2719 3832 2775 voluere

2198 2826 2490 2897 ponantur
2519 2835 2588 2875 ex
2616 2818 2709 2873 his
2740 2815 3064 2886 bonis,quze
3096 2811 3265 2867 nobis
3297 2813 3534 2883 paterno
3560 2808 3831 2865 heredita-

2200 2914 2402 2984 rioque
2437 2911 2571 2981 jure
2635 2908 2956 2980 probantur
3009 2918 3158 2959 esse.
3236 2901 3353 2955 Hoc
3426 2905 3595 2955 tuum
3661 2898 3829 2953 consi-

2199 3002 2367 3071 lium,
2398 3004 2679 3070 tuamque
2705 2993 3057 3052 sententiam
3110 2990 3291 3063 probo
3319 2994 3375 3045 et
3395 2988 3592 3055 lando,
3624 2988 3697 3042 mi
3725 2988 3829 3043 fra-

2200 3096 2311 3159 ter,
2335 3096 2400 3145 ut
2426 3090 2605 3145 vitam
2638 3087 2799 3141 illam
2830 3080 3224 3138 immortalem
3275 3079 3591 3151 gloriosam
3664 3076 3829 3131 servis

450 3164 698 3237 fulgent,
744 3154 1038 3219 adiverim
1096 3163 1298 3218 devote
1330 3162 1596 3233 nilhique
1634 3162 1755 3218 ulla
1778 3163 1836 3217 in
1870 3180 1929 3217 re
1958 3180 2088 3235 pro-

2208 3182 2304 3238 Dei
2330 3180 2758 3249 eleemosynam
2796 3172 2890 3228 Dei
2920 3186 3119 3227 amore
3134 3166 3639 3224 tribuendo.nobis
3657 3165 3827 3221 vindi-

444 3253 706 3324 fecerim,
738 3269 915 3319 nunc,
947 3252 1103 3325 quod
1136 3252 1376 3309 minimc
1405 3253 1734 3324 sperabam,
1768 3269 1834 3308 eo
1862 3256 2095 3309 tantum

441 3342 731 3415 invocato,
763 3342 992 3399 ccelitus
1021 3342 1191 3398 nobis
1224 3342 1507 3398 auxilium
1540 3360 1648 3398 sua
1680 3342 1853 3399 solita
1882 3344 2095 3415 pietate

445 3434 676 3489 mittere
705 3432 981 3506 dignatus
1010 3436 1119 3487 est.

516 3523 606 3579 85.
656 3522 875 3579 Deinde
931 3522 1003 3576 ad
1061 3520 1302 3577 fratrem
1360 3538 1697 3593 conversus,
1758 3524 1874 3579 ait:
1951 3526 2093 3580 Ecce

442 3612 787 3684 sospitatem
817 3611 922 3666 tibi
956 3610 1227 3683 precibus
1255 3611 1497 3666 Joannis
1526 3612 1885 3667 sanctissimi
1909 3614 2094 3669 reddi-

442 3708 588 3771 tam,
620 3700 701 3757 mi
735 3702 951 3757 frater:
979 3716 1072 3755 me
1100 3700 1290 3756 dubiae
1321 3701 1456 3756 fidei
1478 3706 1535 3756 et
1561 3702 1800 3757 modicae
1833 3703 2089 3774 poenitet,

445 3792 547 3864 qui
570 3790 676 3847 tibi
708 3804 917 3863 parum
944 3788 1078 3844 ﬁdei
1108 3788 1507 3845 adhibendum
1547 3805 1675 3845 esse
1704 3790 1887 3861 [duxi]
1917 3793 2089 3863 (159).

440 3881 679 3948 Desino,
736 3883 795 3935 et
818 3878 933 3933 Deo
971 3878 1380 3949 omnipotenti,
1421 3877 1521 3948 qui
1551 3894 1657 3933 nos
1688 3879 1902 3934 creavit
1930 3880 2094 3935 rede-

442 3970 687 4041 mitque,
749 3974 807 4024 et
832 3966 1054 4039 Virgini
1103 3966 1289 4021 Mariae
1349 3968 1519 4020 matri
1574 3968 1722 4037 ejus,
1775 3973 2093 4041 sanctoque

439 4057 674 4128 Joanni,
707 4073 885 4128 quam
916 4055 1222 4139 maximas,
1254 4072 1432 4127 quam
1462 4056 1750 4128 ingentes,
1779 4076 1881 4129 pro
1930 4065 2091 4115 tanto

442 4145 664 4217 talique
692 4144 969 4200 bedeficio
1000 4145 1059 4200 in
1091 4160 1198 4199 nos
1228 4144 1459 4213 collato,
1493 4147 1564 4200 ob
1596 4150 1756 4201 tuam
1816 4147 2091 4204 valetudi-

444 4249 580 4290 nem
639 4250 745 4307 ago
800 4233 1039 4306 gratias,
1080 4249 1365 4306 agamque
1396 4251 1645 4307 semper.
1680 4236 1900 4308 Szepius
1931 4239 2089 4295 enim

444 4324 611 4393 mihi,
643 4322 987 4380 charissima
1008 4324 1205 4389 frater,
1235 4323 1377 4378 dum
1407 4324 1680 4380 atrociter
1698 4326 2085 4398 torqueberis,

441 4418 499 4471 et
547 4413 943 4487 quarentibus
1008 4412 1197 4481 nobis,
1249 4412 1478 4469 nullum
1536 4416 1606 4469 de
1660 4416 1801 4471 omlo
1851 4417 2088 4473 daretur

2204 3288 2425 3328 cemus.
2459 3268 2669 3338 Sicque
2692 3265 2865 3319 rebus
2897 3258 3380 3333 compositis,laeti
3397 3259 3635 3313 domum
3664 3255 3827 3309 disce.

2203 3361 2531 3425 dunt.Quos
2545 3354 2849 3412 annuatim
2870 3349 3194 3422 insuper.S.
3214 3347 3458 3404 Joannis
3478 3346 3821 3403 festivitatem

2201 3450 2543 3507 celebrasse.
2576 3447 2717 3500 dum
2749 3443 2867 3498 vita
2894 3440 2979 3496 eis
3011 3439 3122 3494 fuit
3161 3437 3444 3509 mortalis,
3496 3435 3820 3507 accepimus,

2858 3531 3039 3587 PARS
3068 3528 3217 3584 VIII.

2271 3630 2675 3685 87.Procerum
2691 3623 3004 3698 quemdam
3022 3618 3363 3692 ingentique
3384 3632 3625 3688 corpore
3652 3614 3816 3670 virum

2204 3719 2296 3774 cui
2328 3720 2518 3774 obsita
2548 3712 3026 3789 squalorevestis,
3047 3707 3454 3782 promissaque
3475 3704 3815 3773 barba,insu-

2205 3824 2307 3879 per
2354 3813 2409 3862 et
2453 3806 2646 3879 capilli
2705 3801 2984 3873 incompti
3024 3799 3401 3856 efferaverant
3442 3794 3691 3866 speciem
3718 3790 3816 3846 oris

2202 3896 2505 3966 huc,nullo
2536 3895 2764 3964 comite,
2785 3888 3156 3951 contendisse
3186 3883 3578 3947 vidimus.0ui
3608 3880 3815 3954 quidem

2202 3986 2392 4057 prima
2424 3986 2585 4051 facie,
2622 3989 2685 4038 ut
2706 3984 2951 4038 insanus
2984 4000 3017 4037 a
3047 3982 3484 4054 nonnullis,qui
3510 3983 3651 4040 foris
3677 3980 3818 4036 erant

2197 4076 2436 4143 juvenes
2495 4072 2801 4128 saeculares
2864 4083 2917 4128 et
2984 4074 3266 4143 conversi,
3310 4074 3563 4129 ludibrio
3612 4070 3817 4129 habitus

2199 4169 2321 4217 est:
2354 4162 2453 4217 sed
2486 4178 2619 4217 cum
2650 4162 2887 4216 demum
2920 4162 3045 4234 ipse
3075 4162 3265 4219 verbis
3322 4164 3617 4235 rebusque
3669 4160 3817 4217 certis

2199 4250 2369 4321 signa
2398 4250 2596 4305 miseri
2630 4267 2743 4305 non
2772 4251 2961 4305 insani
2997 4251 3251 4307 hominis
3282 4252 3465 4317 daret,
3490 4270 3552 4309 se
3582 4262 3720 4308 nutu
3747 4248 3815 4304 di-

2194 4337 2326 4393 vino
2358 4338 2513 4393 hunc
2542 4338 2736 4394 locum
2767 4340 3231 4410 sanctissimum,
3265 4350 3325 4397 ut
3354 4339 3820 4411 incolumisaspi-

2197 4427 2307 4483 ritu
2339 4428 2560 4499 iniquo,
2593 4428 2693 4499 qui
2724 4444 2859 4484 eum
2892 4437 3123 4485 vexarat
3152 4430 3569 4502 diu,evaderet,
3588 4431 3814 4503 petisse;

439 4504 749 4569 “milium:
808 4503 894 4558 hi”
954 4518 1183 4558 mecum
1232 4503 1481 4558 ίεοίίυεε
1513 4508 1635 4559 Heu
1663 4505 1675 4560 Ῑ
1706 4506 1851 4561 hell!
1887 4506 1946 4561 in
1978 4507 2087 4563 1100
2117 4526 2163 4591 Β
2196 4517 2626 4573 sciscitantibas
2684 4516 2799 4573 illis
2859 4519 3013 4574 unde
3059 4520 3117 4574 id
3142 4520 3253 4575 sibi
3286 4520 3530 4576 malum.
3565 4522 3711 4577 unde
3737 4516 3818 4573 ille

437 4612 533 4651 me
586 4593 705 4650 vita
749 4592 948 4649 infelix
980 4592 1172 4659 traxit,
1206 4596 1270 4647 ut
1305 4593 1479 4648 fratre
1511 4610 1728 4661 meum,
1759 4612 1871 4649 non
1906 4596 1966 4651 in
1996 4613 2085 4651 er-

436 4684 666 4757 gastulo
697 4682 984 4750 clausum,
1020 4699 1134 4737 non
1152 4682 1432 4753 exsulem,
1458 4699 1571 4737 non
1589 4682 1800 4755 gladiis
1824 4685 2080 4741 hostium

432 4777 797 4845 pereuntem,
851 4788 967 4826 non
1025 4770 1202 4826 atroci
1260 4772 1462 4827 morbo
1501 4771 1697 4844 aliquo
1726 4773 2079 4843 confectum,

434 4862 537 4918 sed
565 4863 625 4916 in
656 4876 900 4916 maerore
917 4865 973 4915 et
990 4860 1152 4915 luctu
1184 4877 1216 4915 a
1236 4864 1496 4918 demone
1520 4862 1717 4933 inique
1737 4880 2076 4933 possessum

434 4954 621 5005 morte
652 4949 974 5021 graviorem
1000 4949 1176 5004 vitam
1216 4950 1500 5005 viventem
1556 4952 1759 5007 video:
1816 4957 1873 5007 et
1921 4955 2076 5024 quod

435 5059 529 5098 me
559 5043 710 5097 male
733 5057 964 5112 semper
993 5039 1218 5105 habuit,
1246 5057 1501 5111 praesens
1533 5042 1877 5113 periculum,
1920 5043 2073 5114 quod

512 5148 767 5232 (259)Hi_c
802 5164 1011 5203 sensus
1043 5148 1305 5232 nonnihil
1336 5150 1900 5232 restituendusnfuit}
1934 5152 2074 5208 alio-

436 5218 579 5294 quin
625 5218 822 5294 nostro
872 5237 1003 5294 gms.
1028 5218 1249 5274 nullam
1282 5220 1532 5275 habebat
1564 5223 2072 5294 signiﬁcationem.

435 5293 593 5415 Iden:
626 5292 763 5346 alibi
798 5291 1043 5347 subinde
1091 5293 1277 5346 facere
1307 5295 1537 5346 coactus
1570 5291 1648 5349 fui
1678 5312 1690 5361 ;
1724 5300 1789 5350 ut
1818 5312 1886 5350 ex
1908 5296 2074 5351 uncis

435 5378 507 5415 na
534 5377 563 5415 e
597 5401 608 5414 .

431 5377 608 5434 patet.

504 5432 649 5513 (160)
680 5432 803 5513 Non
845 5434 1096 5513 invenio,
1130 5435 1809 5513 quodnamfueritri‘stu‘d
1854 5438 2072 5513 bellum

427 5506 713 5578 Ari_xi_um,
748 5506 859 5558 nisi
886 5507 1029 5560 forte
1063 5522 1163 5578 per
1191 5507 1334 5563 illud
1364 5508 1652 5578 intelligat
1668 5509 1883 5567 bellum
1907 5512 2073 5567 civile

428 5592 462 5639 a
481 5574 647 5649 plebe
660 5574 1296 5651 gestumznamhomen
1329 5574 1637 5656 antiquu'm
1653 5581 2069 5649 Brutiorum,in

2196 4606 2432 4661 habitus
2457 4611 2512 4661 et
2542 4606 2800 4678 corporis
2818 4607 3176 4679 deformilas,
3201 4610 3390 4681 inquit
3414 4626 3428 4666 :
3451 4611 3541 4667 Me
3560 4611 3817 4665 miserum

2190 4695 2342 4750 bello
2374 4695 2570 4750 Brutio
2602 4696 2770 4767 (160),
2803 4697 2957 4767 quod
2972 4697 3357 4769 hisproximis
3373 4694 3821 4756 annisinFlami-

2190 4782 2288 4839 nia
2318 4786 2437 4854 (161
2464 4784 2772 4840 crudeliter
2800 4771 2867 4840 ac
2917 4786 3113 4857 inique
3152 4793 3385 4859 gestum
3444 4796 3551 4854 est,
3609 4790 3824 4860 prepter

2189 4872 2592 4944 populationes
2626 4890 2899 4945 agrorum
2933 4892 3048 4931 non
3072 4877 3243 4931 modo
3268 4877 3461 4932 fructu
3497 4878 3676 4942 carui,
3732 4873 3821 4929 sed

2186 4962 2323 5016 villa
2353 4962 2591 5018 incensa
2621 4970 2727 5031 est,
2768 4963 3026 5035 insuper,
3061 4966 3303 5037 direplis
3326 4967 3601 5022 omnibus
3617 4963 3815 5039 pecori-

2188 5051 2415 5121 busque
2446 5050 2683 5117 abactis,
2719 5053 3007 5107 tributum
3030 5053 3205 5109 etiam
3238 5056 3509 5127 iniquum
3544 5072 3669 5113 meo
3694 5063 3815 5109 lem-

2186 5157 2960 5239 Romanahi‘storianolum,
2988 5163 3567 5239 posteaattributum
3591 5170 3673 5219 est
3699 5158 3811 5239 inli-

2186 5244 2295 5352 mis
2325 5229 2500 5353 sotrtis
2523 5229 2880 5301 hominibus,
2902 5229 3011 5302 qui
3033 5234 3340 5290 servilibus
3364 5236 3635 5307 operibus
3666 5229 3811 5287 addi-

2186 5315 2246 5354 ce
2292 5316 2363 5354 an
2398 5317 2484 5354 ur.

2185 5315 2594 5450 ῗϐῗῗΰηῗῖᾇὲεὶο
2608 5373 2956 5450 GalliaeCisal
2968 5374 3113 5447 pinae
3128 5375 3248 5433 sive
3261 5377 3660 5450 Emilim,qum
3674 5385 3811 5450 nunc

2182 5441 2558 5523 Ιίρζηαηιιροίίι,
2590 5444 2759 5517 vulgo
2786 5448 2841 5502 la
2866 5441 3184 5521 Romagna,
3215 5441 3531 5512 dicitur.De
3552 5441 3625 5507 ea
3653 5446 3809 5505 etiam

2183 5513 2317 5568 alibi
2347 5515 2592 5585 egimus.
