4002 6170
205 425 327 488 849

1798 417 2025 484 ACTA.

3261 410 3285 423 ’
3495 415 3619 484 850

206 573 346 634 pore
384 556 742 630 imperatum
791 573 868 614 ais
911 556 1166 613 alienum
1216 552 1370 611 fecit.
1403 553 1792 622 Quamobrem
1823 569 1856 608 a
1885 554 1941 620 Α
1962 533 2246 625 juvenum
2271 555 2442 627 facto,
2476 573 2655 630 quam
2676 561 2844 615 caute
2873 573 3170 634 quamque
3192 554 3464 618 velociter
3481 564 3615 634 pos-

205 648 495 706 creditore
525 664 640 702 non
669 647 729 702 in
762 642 1060 704 servitium
1091 649 1344 712 tantum,
1377 645 1479 701 sed
1509 645 1565 699 in
1597 647 1860 716 ergastu-

205 738 331 794 lum
362 741 420 793 et
451 736 850 793 carniﬁcinam
875 737 1088 792 ductus
1114 735 1242 808 [fui]
1268 759 1282 802 ;
1317 751 1432 806 quo
1456 734 1511 788 in
1543 733 1668 788 loco
1697 733 1855 788 clau-

204 844 311 884 sus
341 827 401 881 in
429 825 688 881 tenebris
733 841 864 880 cum
896 841 1139 879 mmrore
1188 829 1245 879 et
1273 823 1435 879 luctu
1480 839 1666 878 annos
1696 822 1856 895 exegi

205 914 621 988 quamplures:
645 913 778 968 inde
800 913 891 967 hic
908 912 1146 968 habitus
1165 916 1222 968 et
1243 913 1362 968 haec
1385 912 1722 968 deformitas
1736 928 1857 966 cor-

204 1003 388 1077 poris,
415 1003 568 1058 unde
588 1019 720 1058 vero
739 1002 799 1056 in
817 1002 1033 1058 diaboli
1053 1001 1380 1058 devenerim
1399 1001 1855 1074 possessionem,

202 1094 317 1150 etsi
349 1093 552 1165 pudet,
579 1091 769 1147 dicam
803 1097 997 1147 tamen
1024 1109 1037 1147 :

277 1184 369 1237 83.
401 1182 502 1237 His
532 1181 804 1253 equidem
837 1181 1291 1249 circumventus,
1325 1197 1452 1252 quae
1488 1179 1625 1250 dixi,
1659 1178 1852 1250 malis,

202 1289 342 1328 cum
388 1269 761 1343 impatienter
801 1274 857 1325 et
903 1269 1220 1341 aegerrime,
1264 1270 1450 1342 magis
1489 1285 1668 1341 quam
1699 1268 1858 1323 Chri-

201 1362 465 1418 stianum
498 1360 717 1428 deceat,
760 1358 952 1414 varios
1001 1359 1358 1430 acerbosque
1407 1359 1651 1414 fortuna;
1682 1374 1854 1412 casus

199 1451 504 1519 haberem,
525 1465 712 1520 neque
734 1447 986 1519 aliquem
1003 1449 1129 1519 jam
1155 1465 1258 1520 per
1288 1453 1371 1504 tot
1400 1465 1583 1504 annos
1615 1447 1730 1503 mei
1754 1447 1856 1501 mi-

201 1539 387 1596 sereri
409 1539 787 1611 perciperem,
813 1537 899 1592 ira
919 1538 977 1592 in
1003 1538 1255 1593 furorem
1277 1555 1464 1602 versa,
1493 1537 1705 1592 Christi
1730 1535 1856 1591 reli-

202 1629 437 1702 gionem
461 1632 666 1700 prmter
687 1643 908 1683 morem
931 1627 1228 1692 detestari,
1250 1626 1309 1682 in
1333 1627 1478 1682 alios
1504 1644 1638 1682 cum
1660 1641 1856 1681 servos

200 1725 334 1775 tum
357 1716 570 1782 socios,
595 1717 693 1788 qui
713 1733 830 1771 una
848 1717 975 1771 nexi
995 1715 1293 1787 clausique
1310 1717 1678 1782 tenebantur,
1704 1731 1856 1768 com-

202 1804 516 1872 bacchari;
550 1805 612 1860 in
661 1821 754 1860 me
799 1809 1027 1877 pestem
1075 1805 1389 1877 perniciem
1437 1803 1632 1875 superi
1683 1807 1856 1874 atque

203 1895 378 1952 inferi
410 1898 829 1961 converterent,
881 1894 1190 1966 precabar;
1221 1898 1381 1949 totus
1413 1893 1665 1964 denique
1695 1891 1852 1947 insa-
1881 1926 1932 1992 B

201 1983 350 2053 nire,
386 1980 468 2036 nil
500 1981 664 2052 pensi
686 1979 766 2035 nil
791 1981 1074 2036 moderati
1103 1981 1336 2036 habere.
1372 1981 1532 2036 Hanc
1560 1980 1851 2035 insaniam

201 2075 259 2128 et
289 2070 698 2143 intemperiem
729 2070 829 2141 qui
879 2070 1142 2137 aderant,
1193 2071 1572 2140 admirantes,
1604 2087 1791 2141 neque
1821 2087 1856 2125 a

201 2163 469 2217 daemone
499 2175 860 2231 possessum,
889 2159 971 2214 ita
1001 2163 1067 2214 ut
1096 2163 1240 2228 erat,
1272 2159 1383 2214 sibi
1412 2160 1853 2231 persuadentes,

200 2250 444 2306 domino
459 2248 679 2304 caeteris
698 2247 972 2304 nuntiant
985 2247 1442 2320 quamprimum.
1463 2248 1634 2303 Illein
1651 2248 1856 2321 primis

200 2339 324 2394 haec
354 2354 491 2394 vera
520 2353 623 2409 pro
643 2337 794 2392 ﬁctis
818 2336 1100 2408 falsisque
1122 2341 1422 2409 reputans,
1447 2353 1656 2408 meque
1680 2353 1768 2403 ea,
1791 2342 1857 2392 ut

201 2429 471 2500 egressui
505 2426 668 2482 locus
699 2424 886 2481 facilis
917 2426 1172 2494 daretur,
1206 2425 1423 2498 ﬁngere
1452 2442 1742 2494 asserens,
1772 2427 1856 2482 eis

203 2519 362 2574 haud
382 2531 693 2574 assensum
717 2515 964 2587 praebuit
982 2516 1242 2570 Tandem
1264 2532 1395 2571 vero
1417 2532 1550 2570 cum
1577 2515 1637 2570 hi
1659 2519 1716 2570 et
1736 2515 1854 2586 alii,

204 2609 306 2681 qui
367 2610 608 2678 stupore
632 2605 912 2676 percussi,
945 2603 1104 2672 illuc,
1137 2605 1237 2659 ubi
1266 2620 1492 2660 carcere
1529 2604 1854 2675 detinebar,

201 2694 571 2769 properando
601 2693 930 2763 veniebant,
979 2692 1102 2747 haec
1150 2692 1350 2748 eadem
1383 2691 1495 2748 sibi
1527 2692 1740 2763 saepius
1764 2693 1857 2746 di-

199 2787 388 2842 cendo
422 2785 718 2846 iterarent,
752 2781 909 2837 flexit
939 2781 1202 2836 animum
1243 2797 1439 2848 suum,
1473 2785 1529 2837 et
1559 2798 1691 2836 cum
1725 2780 1854 2853 qui-

195 2875 457 2932 busdam
504 2870 811 2928 lictoribus
861 2872 1019 2926 ferox
1065 2886 1352 2926 carcerem
1398 2871 1622 2935 adiens,
1673 2871 1854 2926 atroci

193 2965 367 3020 vultu
399 2961 712 3033 verbisque
743 2960 1070 3015 minacibus
1103 2959 1328 3031 inquit:
1360 2961 1446 3015 Tu
1478 2960 1571 3015 his
1606 2960 1855 3016 ﬁctioni-

189 3056 336 3121 bus,
354 3051 630 3117 insaniis,
649 3048 1338 3120 debacchationibusque,
1362 3049 1472 3104 hoc
1494 3065 1743 3116 carcere,
1763 3049 1857 3104 his

191 3141 475 3206 nexibus,
516 3137 629 3194 nisi
659 3138 877 3193 faenore
908 3137 1123 3203 soluto,
1163 3152 1476 3192 evasurum
1507 3137 1808 3193 existimas
1830 3136 1858 3190 Τ

193 3231 328 3288 Ha!
363 3246 541 3302 quam
575 3227 759 3284 falsus
789 3227 986 3282 animo
1016 3243 1078 3282 es
1106 3225 1118 3280 l
1177 3225 1273 3281 His
1303 3227 1546 3296 acriora,
1579 3227 1628 3282 si
1663 3242 1855 3297 perre-

1967 649 2124 712 sunt,
2149 645 2208 700 in
2224 663 2354 702 eum
2370 647 2470 718 qui
2484 647 2739 722 Virginis
2756 650 2944 706 Marias
2958 649 3238 706 auxilium
3254 648 3615 707 subsidium-

1966 750 2093 806 quas
2117 735 2352 791 assidue
2373 738 2623 808 petebat,
2646 739 2982 811 irrumpunt
3004 756 3016 804 ;
3039 756 3293 811 eumque
3315 755 3612 811 compres-

1966 840 2096 878 sum
2119 828 2394 896 torveque
2415 827 2786 896 clamantem,
2811 844 3021 883 manus
3043 845 3077 882 a
3095 831 3256 901 tergo
3279 827 3606 884 devincien-

1965 915 2071 980 tes,
2089 914 3392 988 trahuntceleriterintro.Quareinsolita,cum
3406 917 3611 974 utrim-

1967 1019 2077 1073 que
2135 1004 2386 1061 oriretur
2406 1006 2644 1074 clamor,
2673 1023 2991 1062 concursus
3022 1022 3432 1064 conversorum
3463 1006 3607 1064 alio-

1965 1109 2235 1164 rumque,
2270 1095 2369 1166 qui
2418 1099 2559 1152 tunc
2590 1096 2732 1152 foris
2779 1100 2836 1152 et
2865 1095 3023 1152 domi
3066 1095 3241 1151 variis
3271 1095 3610 1154 incumbere

1964 1182 2159 1252 rebus,
2184 1182 2250 1238 ﬁt
2267 1184 2326 1238 in
2349 1184 2674 1241 ecclesiam.
2696 1185 2891 1242 Abbas
2911 1201 3044 1241 vero
3067 1183 3284 1257 aliique
3313 1183 3612 1256 monachi,

1965 1273 2066 1343 qui
2114 1277 2252 1327 tunc
2301 1274 2655 1331 stationibus
2705 1274 2973 1346 dispositi
3023 1276 3094 1330 ad
3140 1274 3432 1330 orationes
3468 1278 3612 1331 Jesu

1965 1362 2290 1417 fundendas
2330 1379 2432 1418 seu
2484 1362 2705 1435 aliquid
2753 1363 2912 1419 aliud
2961 1364 3253 1436 agendum
3284 1367 3469 1430 erant,
3501 1361 3612 1420 hoc

1965 1450 2217 1506 clamore
2241 1451 2432 1518 exciti,
2465 1452 2774 1525 extemplo,
2826 1452 2965 1524 quid
3007 1452 3116 1508 hoc
3158 1451 3255 1519 sit,
3288 1453 3486 1526 pejora
3512 1467 3612 1508 ve-

1964 1544 2180 1611 rentes,
2212 1539 2537 1610 inquirunt.
2588 1542 2892 1611 Caeterum,
2942 1559 3120 1598 causa
3161 1543 3413 1614 cognita,
3447 1542 3612 1614 jubet

1964 1633 2136 1684 Pater
2166 1645 2287 1684 rem
2319 1645 2422 1700 per
2465 1631 2820 1686 monachum
2865 1631 3097 1700 tentari,
3147 1630 3490 1700 insanusne,
3532 1649 3609 1688 an

1965 1718 2251 1773 demonio
2300 1722 2506 1789 captus
2553 1724 2707 1776 esset
2745 1719 2920 1776 homo
2969 1719 3085 1776 ille.
3116 1721 3266 1776 Tum
3315 1720 3606 1788 diabolus,

1965 1822 2134 1862 cruce
2211 1807 2831 1879 conjurationibusque
2901 1809 3200 1880 adhibitis,
3263 1809 3609 1868 necessitate

1964 1895 2137 1952 etiam
2167 1895 2296 1968 ipsa
2325 1900 2586 1968 cogente,
2610 1901 2834 1953 tentare
2854 1896 3095 1953 ultima:
3122 1914 3256 1954 cum
3277 1897 3363 1953 illi
3389 1898 3607 1955 misero

1963 1984 2148 2040 multo
2176 1986 2427 2056 majores
2457 1984 2627 2041 solito
2657 1985 2808 2041 vires
2840 1985 3296 2057 administraret,
3320 1987 3471 2044 facto
3496 1987 3608 2043 im-

1962 2077 2121 2144 petu,
2145 2073 2338 2129 virille
2360 2073 2676 2130 emanibus
2692 2075 3018 2131 tenentium
3032 2075 3364 2148 prosiliens,
3389 2077 3610 2133 caeteris

1963 2177 2097 2218 eum
2119 2162 2566 2233 insequentibus
2586 2163 3090 2220 etindesinenterJ
3095 2181 3262 2222 esum
3282 2165 3612 2238 Virginem-

1965 2268 2078 2324 que
2109 2252 2352 2308 Mariam
2385 2269 2488 2323 pro
2519 2268 2581 2308 se
2619 2253 2942 2322 orantibus,
2970 2254 3125 2310 foras
3167 2254 3435 2326 prorupit
3461 2269 3610 2311 sese.

2033 2342 2122 2395 91.
2178 2345 2321 2396 Cum
2368 2357 2502 2396 vero
2550 2341 2622 2396 ad
2666 2357 2969 2412 quercum,
3027 2342 3396 2415 rigidamque
3449 2343 3612 2399 miraa

1967 2429 2392 2502 magnitudinis
2440 2437 2494 2485 et
2539 2429 2793 2502 ingentis
2842 2430 3066 2486 roboris
3115 2431 3428 2504 [arborem,
3459 2437 3610 2503 quas]

1964 2519 2081 2575 late
2113 2519 2384 2574 umbram
2416 2518 2596 2574 ramis
2627 2518 2860 2575 diffusis
2892 2519 3152 2590 undique
3173 2519 3410 2590 praebet,
3445 2537 3549 2576 nec
3581 2537 3617 2577 ο,

1966 2607 2320 2664 monasterio
2340 2606 2593 2662 multum
2613 2606 2811 2674 distat,
2838 2606 3120 2663 anhelans
3141 2606 3361 2662 cursim
3386 2608 3616 2664 deveni-

1965 2702 2071 2763 ret,
2105 2697 2296 2752 fessus
2329 2695 2542 2751 resedit
2563 2695 2748 2763 solus,
2772 2695 3004 2752 diabolo
3018 2696 3242 2769 jugiter
3260 2696 3455 2754 verbis
3477 2713 3615 2769 sup-

1966 2785 2216 2858 plicibus
2248 2788 2450 2840 orante
2480 2789 2545 2839 ut
2573 2785 2837 2851 domum,
2883 2801 2951 2840 ex
2981 2801 3098 2856 qua
3127 2801 3194 2841 eo
3221 2785 3450 2842 volente
3478 2801 3611 2842 eva-

1965 2879 2141 2941 serat,
2193 2877 2477 2945 repeteret
2523 2889 2717 2940 suam,
2765 2873 2886 2928 hac
2933 2872 3086 2929 inter
3131 2873 3246 2929 alia
3274 2875 3607 2943 disserens;

1964 2963 2125 3018 Nosti
2163 2963 2503 3035 peroptime,
2553 2961 2636 3016 mi
2680 2961 2848 3018 Juste
2893 2962 3054 3033 (nam
3101 2961 3268 3018 Justo
3315 2962 3368 3018 ei
3397 2979 3612 3022 nomen

1965 3052 2133 3121 erat),
2167 3068 2342 3123 quam
2367 3051 2524 3106 domi
2556 3051 2812 3123 forisque
2842 3067 2981 3123 erga
3001 3055 3056 3107 te
3086 3051 3145 3106 in
3167 3052 3513 3110 Christianis
3537 3054 3617 3109 ri-

1965 3142 2127 3197 tibus
2149 3139 2507 3205 exercendis,
2528 3139 2588 3194 in
2611 3139 3048 3212 supplicibusve
3065 3142 3307 3212 agendis
3325 3143 3618 3215 benignus

1970 3231 2337 3285 bumanusve
2383 3227 2740 3296 exstiterim;
2783 3245 2940 3284 nunc
2977 3229 3050 3284 ob
3081 3229 3202 3284 haec
3241 3230 3390 3286 facta
3427 3232 3532 3288 abs
3561 3235 3618 3288 te

192 3321 390 3385 xeris,
423 3317 567 3374 mihi
597 3316 788 3372 hercle
819 3315 988 3372 dabis
1017 3319 1330 3371 tormenta.
1365 3316 1775 3383 Quamobrem,
1809 3315 1860 3370 si
1891 3292 1934 3359 CI
1977 3336 2092 3390 qua
2121 3317 2309 3390 gratia
2338 3332 2595 3388 sperner,
2648 3333 2751 3370 cur
2779 3315 2872 3370 bis
2902 3316 2964 3370 in
3003 3314 3148 3370 locis
3176 3321 3295 3372 tam
3326 3316 3620 3386 atrociter,

197 3406 522 3480 sapis,his
553 3406 721 3462 ﬁnem
753 3406 1012 3476 impone,
1050 3420 1277 3475 aereque
1307 3405 1497 3460 alieno
1529 3410 1587 3458 te
1615 3403 1866 3459 liberum

197 3497 418 3554 redde.
451 3495 554 3550 Cui
577 3511 676 3566 ego
703 3513 714 3551 :
749 3495 886 3563 Cur,
914 3492 1148 3549 domine
1170 3493 1271 3558 mi,
1296 3493 1354 3547 in
1379 3509 1472 3548 me
1492 3509 1680 3560 voces,
1704 3492 1866 3548 inde-

196 3602 373 3651 cora,
407 3585 689 3657 probrosa
716 3583 924 3654 objicis
943 3584 1118 3638 verba
1137 3583 1164 3637 ‘I
1193 3583 1317 3637 Non
1344 3583 1500 3638 enim
1533 3586 1598 3636 ut
1627 3581 1865 3649 putatis,

196 3675 359 3743 hac,
392 3691 466 3729 ne
495 3691 570 3728 aes
603 3672 860 3728 alienum
894 3672 1192 3738 reddatur,
1223 3687 1349 3742 ago.
1377 3670 1596 3726 Invitus
1627 3671 1685 3725 in
1717 3670 1867 3725 hanc

195 3763 538 3828 interdum,
571 3763 717 3817 meis
770 3761 1087 3817 sceleribus
1117 3759 1175 3815 id
1207 3760 1595 3832 exigentibus,
1628 3759 1867 3814 devenio

195 3851 532 3908 insaniam.
566 3853 693 3918 Qua
711 3853 910 3905 tamen
939 3847 1171 3904 insania
1197 3848 1407 3918 sacpius
1431 3847 1868 3918 gloriosissimas

190 3941 405 3998 Mariae
433 3955 668 4011 semper
698 3938 956 4011 Virginis
1006 3937 1464 4006 [intercessione]
1499 3936 1590 3991 cui
1625 3953 1864 4008 magno-

183 4047 342 4104 pere
358 4030 620 4085 animam
643 4043 974 4101 corpusque
995 4043 1194 4082 meum
1212 4025 1582 4091 commendo,
1601 4029 1666 4080 ut
1687 4041 1864 4093 nunc,

182 4120 444 4175 liberor.

270 4208 370 4261 89.
422 4206 524 4262 His
577 4205 761 4278 igitur
810 4204 1005 4261 verbis
1052 4202 1440 4274 precibusque
1479 4202 1864 4258 circumstan-

179 4297 385 4365 tium,
403 4311 538 4350 cum
560 4295 658 4350 ira:
675 4294 861 4366 ipsius
879 4292 1258 4359 resedissent,
1276 4297 1470 4347 motus
1489 4291 1722 4363 pietate,
1749 4307 1862 4357 me,

176 4385 460 4442 vadibus
479 4389 700 4450 tamen,
721 4383 894 4451 datis,
914 4381 1210 4453 ergastulo
1232 4381 1518 4436 liberavit.
1546 4381 1710 4434 Hunc
1731 4396 1863 4434 vero

181 4477 406 4532 locum
431 4477 623 4546 petere
643 4489 777 4528 cum
795 4471 1053 4544 Virginis
1076 4471 1271 4526 Mariae
1289 4470 1494 4540 pietas,
1517 4474 1640 4523 tum
1666 4485 1866 4523 rumor

177 4562 540 4621 devotionis
569 4566 628 4617 et
651 4560 979 4618 sanctitatis
1003 4561 1132 4631 ejus
1156 4576 1268 4626 me,
1293 4559 1585 4614 desertum
1613 4557 1684 4612 ab
1708 4557 1863 4612 notis

1975 3412 2280 3478 tamquam
2327 3407 2468 3461 dure
2515 3404 2758 3474 crucier,
2808 3404 3029 3470 nescio,
3080 3420 3254 3476 carpe
3302 3404 3486 3476 igitur
3513 3405 3626 3461 iter

1977 3513 2154 3568 quam
2172 3494 2390 3550 cursim
2412 3493 2569 3549 vales
2591 3493 2832 3548 domum
2856 3508 3080 3560 versus,
3103 3496 3160 3548 et
3180 3491 3327 3548 nihil
3347 3507 3582 3550 vereare
3604 3512 3619 3564 ;

1977 3601 2113 3640 nam
2160 3591 2216 3639 te
2267 3588 2461 3638 tutum
2512 3597 2899 3650 securumque
2929 3580 3087 3635 domi
3118 3580 3344 3636 sistam.
3395 3580 3630 3637 Miseret

1981 3690 2072 3729 me
2101 3674 2209 3740 tui,
2245 3672 2342 3744 qui
2378 3671 2530 3726 ultro
2561 3671 2852 3726 cruciatus
2884 3669 3148 3741 inquiras
3173 3671 3318 3726 dum
3348 3670 3408 3726 in
3441 3670 3629 3743 patria

1977 3763 2134 3819 laute
2164 3762 2429 3834 laateque,
2465 3777 2557 3815 me
2589 3758 2832 3828 volente,
2864 3759 3054 3814 vivere
3085 3760 3296 3832 possis,
3331 3760 3449 3815 Hal
3495 3777 3627 3816 om-

1979 3853 2143 3907 nium
2175 3851 2484 3906 hominum
2516 3849 2808 3917 seductor,
2843 3847 3034 3918 inquit
3059 3849 3285 3916 Justus,
3316 3863 3422 3920 ego
3447 3851 3546 3904 tua
3569 3851 3627 3905 et
3665 3876 3669 3879 η

1977 3957 2090 3995 non
2124 3940 2317 4010 potius
2363 3937 2621 4006 Virginis
2660 3936 2852 3993 Mariae
2905 3937 3196 3992 immensa
3224 3935 3625 3992 misericordia

1976 4029 2125 4085 ritus
2164 4044 2397 4083 exerceo
2446 4026 2829 4089 Christianos,
2868 4027 3127 4095 Jesuque
3174 4022 3362 4097 legem
3412 4024 3622 4080 servo?

1975 4121 2280 4190 eapropter
2309 4120 2455 4184 tace,
2488 4115 2725 4187 tuisque
2765 4113 2975 4169 fucatis
3022 4111 3216 4168 verbis
3258 4128 3331 4168 ne
3362 4128 3456 4168 me
3485 4128 3622 4170 ene-

1974 4224 2089 4274 ces,
2124 4223 2244 4261 oro.

2042 4299 2132 4350 92.
2166 4295 2268 4351 His
2316 4295 2413 4350 ille
2452 4297 2802 4360 commotus,
2854 4292 3011 4347 hunc
3058 4292 3299 4347 Justum
3348 4291 3624 4347 atrociter

1972 4390 2244 4456 torquere
2271 4400 2283 4438 :
2318 4383 2414 4437 ille
2437 4380 2649 4436 millies
2679 4379 3031 4451 geminando
3051 4384 3185 4436 Jesu
3211 4379 3625 4452 Virginemque

1972 4474 2234 4543 Mariam,
2262 4477 2324 4527 ut
2355 4471 2464 4527 sibi
2488 4486 2656 4541 opem
2682 4470 2828 4523 ferre
2850 4468 3251 4540 dignarentur,
3276 4467 3618 4524 exclamare.

1978 4565 2104 4617 llaec
2133 4561 2335 4632 iniqua
2371 4559 2429 4613 in
2463 4557 2745 4612 miserum
2786 4556 3083 4612 hominem
3127 4554 3296 4610 illum
3329 4573 3363 4609 a
3391 4553 3624 4609 diabolo

178 4660 258 4711 et
290 4651 601 4719 amicis,eo
631 4650 832 4721 invito,
857 4649 959 4722 qui
984 4665 1077 4704 me
1127 4665 1282 4703 nunc
1312 4646 1524 4719 premit
1573 4645 1862 4714 diabolus,
1894 4659 1942 4724 D
1975 4650 2344 4706 machinata:
2371 4663 2505 4702 nam
2528 4661 2661 4700 eum
2682 4643 2894 4716 saepius
2917 4645 2989 4699 ad
3010 4648 3225 4698 terram
3243 4641 3465 4714 ingenti
3486 4657 3621 4697 cum

176 4757 476 4813 coegere.
528 4740 806 4804 Quocirca
854 4753 1203 4808 magnopere
1249 4737 1450 4791 hortor
1500 4752 1618 4803 vos,
1667 4740 1729 4789 ut
1771 4751 1864 4790 me

171 4837 364 4890 intro
383 4831 458 4885 ad
482 4829 785 4885 ecclesiam
799 4829 1012 4883 ducere
1031 4826 1220 4882 velitis
1239 4846 1256 4880 :
1275 4825 1416 4879 nihil
1435 4825 1589 4880 enim
1611 4841 1859 4894 usquam

165 4920 357 4980 mihi
390 4924 610 4985 tutum,
636 4918 746 4972 nisi
774 4916 994 4972 sanctis
1025 4916 1084 4970 in
1113 4916 1256 4971 locis
1287 4915 1557 4968 arbitror.
1589 4918 1721 4968 Haec
1750 4913 1857 4985 igi-

159 5019 301 5069 tur
334 5006 611 5063 diabolus
641 5023 790 5078 aegre
821 5007 1032 5073 ferens,
1056 5005 1331 5059 omnibus
1358 5003 1753 5072 audientibus,
1779 5003 1862 5056 iu-

159 5099 340 5175 quit
361 5115 384 5178 ε,
413 5096 705 5164 Quandiu,
756 5112 788 5150 ο
833 5095 1098 5150 omnium
1152 5092 1422 5166 pessime.
1474 5092 1730 5148 abuteris
1761 5108 1862 5163 pa-

154 5185 420 5249 tientia
449 5202 579 5242 mea
599 5184 626 5239 ?
673 5184 964 5241 Hactenus
995 5183 1129 5254 pius
1174 5182 1234 5237 in
1265 5187 1341 5250 te,
1375 5181 1616 5254 posthac
1645 5181 1864 5253 impius

154 5279 484 5343 existam,
507 5274 922 5347 ingratissime.
942 5276 1080 5340 Vos,
1100 5270 1200 5342 qui
1217 5270 1454 5341 adestis,
1474 5271 1567 5327 cui
1589 5287 1718 5326 mea
1729 5287 1865 5341 prae-

155 5364 467 5427 stiterim
484 5365 788 5430 beneﬁcia,
803 5360 1297 5428 animadvertatis,
1314 5377 1434 5415 oro.
1451 5359 1667 5414 Deinde
1680 5375 1866 5429 usque

156 5458 364 5518 adeo
394 5454 679 5510 miserum
724 5453 1002 5526 agitabat,
1047 5449 1406 5520 vexabatque
1451 5447 1770 5516 hominem,
1805 5451 1870 5502 ut

158 5562 334 5607 non
369 5543 560 5615 magis
591 5543 650 5596 in
682 5558 817 5597 eum
848 5541 1135 5613 prosilire,
1175 5555 1349 5609 quam
1375 5538 1507 5591 inde
1529 5537 1728 5591 cedere
1751 5552 1870 5589 om-

157 5651 325 5697 nes
357 5632 539 5688 timor
571 5631 874 5686 suadebat.

267 5723 384 5779 90.
441 5722 702 5781 Tandem
758 5720 939 5779 animi
995 5718 1216 5778 viribus
1267 5715 1644 5790 recuperatis,
1699 5714 1870 5789 globo

1973 4738 2160 4810 ipsius
2191 4737 2388 4792 dolore
2415 4735 2652 4789 trudere
2677 4749 2690 4799 ;
2715 4736 2772 4786 et
2794 4732 2908 4802 pia,
2933 4730 3147 4802 quibus
3177 4730 3303 4802 ipse
3320 4730 3529 4786 Justus
3558 4729 3620 4786 in

1971 4827 2268 4899 Virginem
2303 4822 2546 4878 Mariam
2575 4821 2864 4888 utebatur,
2899 4819 3073 4876 verba
3114 4819 3400 4889 lacrymas
3426 4818 3619 4875 omni-

1971 4918 2080 4971 bus
2113 4915 2211 4986 qui
2244 4914 2485 4968 aderant
2513 4910 2778 4980 (aderant
2805 4909 2962 4964 enim
2992 4908 3367 4980 complures),
3402 4924 3615 4964 concu-

1970 5013 2112 5071 tere,
2146 5005 2312 5074 eique
2343 5000 2623 5056 auxilium
2667 5000 2833 5063 ferre,
2882 4997 2983 5053 sed
3033 4998 3284 5070 quisque
3310 4997 3462 5069 parti
3493 5012 3613 5052 sua:

1971 5094 2218 5149 timebat
2241 5095 2458 5163 optare.
2483 5089 2731 5143 Demum
2753 5087 2892 5142 Jesu
2916 5087 3129 5142 Christi
3151 5085 3360 5159 gratia,
3383 5083 3615 5142 diabolo

1971 5183 2192 5238 viribus
2206 5179 2480 5251 demptis,
2496 5177 2676 5232 miser
2688 5175 2782 5232 ille
2795 5174 3412 5248 sudorelacrymisque
3423 5172 3618 5246 opple-

1974 5283 2089 5336 tus,
2123 5269 2289 5325 humi
2319 5270 2726 5324 consternatus
2747 5266 2962 5335 jacere.
2998 5263 3106 5329 Qui
3149 5280 3280 5320 vero
3311 5261 3515 5336 procul
3542 5261 3616 5318 ti-

1977 5363 2201 5415 mentes
2232 5358 2492 5421 aberant,
2541 5356 2612 5410 ad
2634 5371 2768 5410 eum
2790 5352 3174 5408 tumultuario
3201 5368 3379 5408 cursu
3425 5367 3622 5408 erum-

1976 5452 2198 5520 pentes,
2215 5447 2286 5500 ad
2299 5444 2582 5515 hospitale
2596 5443 2914 5500 subnixum
2928 5438 3625 5513 detulereintro,eamque

1978 5553 2154 5607 quam
2179 5538 2469 5606 poterant,
2491 5534 2628 5588 Jesu
2652 5548 2849 5587 amore
2873 5530 3332 5586 misericordiam
3356 5531 3628 5586 exhiben-

1977 5631 2084 5680 tcs.
2110 5627 2179 5678 At
2199 5623 2370 5695 paulo
2396 5625 2528 5694 post
2549 5621 2725 5675 miser
2753 5619 2868 5690 ille,
2896 5619 3062 5691 quasi
3094 5637 3128 5673 a
3164 5635 3390 5676 sommo
3412 5618 3627 5675 excita-

1978 5720 2096 5786 tus,
2116 5730 2254 5772 suas
2270 5728 2472 5769 secum
2493 5726 2826 5782 aerummas,
2851 5713 3051 5783 utpote
3071 5725 3224 5768 sane
3247 5712 3386 5768 tunc
3408 5704 3623 5764 mentis
