4022 6160
398 332 512 398 851

1436 323 1875 398 8.’.ΙΟΑΝΝ18
1922 333 2371 398 GUALBERTI
2414 334 2755 397 ABBATIS

3675 327 3772 392 852

401 468 693 540 reputant,
728 464 1005 537 ejulatus,
1052 464 1561 539 complorationes,
1612 467 1804 524 nullas
1842 472 2039 524 tamen
2068 468 2127 537 Α
2155 483 2325 540 opem
2349 484 2364 531 ;
2388 469 2446 523 S.
2470 468 2746 535 Joannes,
2771 482 2936 523 serva
2956 463 3078 522 me!
3103 463 3454 539 geminando
3471 462 3679 537 saepius
3695 481 3775 522 ex-

399 574 570 614 voces
599 557 920 625 indecoras,
974 556 1180 624 edere;
1229 558 1329 613 sed
1381 558 1583 614 Jesum
1627 559 2045 630 Virginemque

400 646 641 702 Mariam
656 646 922 717 laudans,
940 662 1001 701 se
1016 647 1524 719 nocentissimum,
1544 647 2046 719 atrocioribusque

402 735 648 808 dignum
682 735 927 789 dicebat.

473 825 563 879 93.
597 823 820 888 Quibus
852 825 1026 881 rebus
1059 826 1261 893 abbas,
1304 826 1610 898 ceterique
1655 837 1877 895 omnes,
1913 843 2047 881 cum

403 912 677 968 monachi
691 917 815 968 tum
830 916 1112 983 conversi,
1128 915 1529 971 misericordia
1544 916 1744 988 moti,q
1757 933 1829 970 ua
1841 933 2051 989 parum

405 1003 768 1074 coujurando
792 1003 875 1059 vel
891 1006 1108 1059 orando
1131 1006 1497 1076 procedebat,
1517 1023 1648 1060 eum
1664 1006 1865 1060 tandiu
1891 1006 2051 1060 domi

405 1108 535 1148 esse
562 1096 914 1160 statuerunt,
950 1095 1229 1165 quamdiu
1264 1094 1672 1149 convaluisset.
1707 1099 1823 1149 Hac
1864 1095 2054 1166 gratia

404 1186 623 1247 tamen,
653 1186 717 1237 ut
738 1182 997 1253 quotidie
1038 1184 1273 1253 prolixis
1304 1183 1667 1239 orationibus
1698 1187 1755 1238 et
1783 1185 2053 1254 conjura-

406 1271 663 1326 tionibus
693 1276 819 1326 tum
870 1273 1087 1343 private
1118 1278 1242 1327 tum
1295 1290 1414 1327 una
1460 1274 1686 1327 damon
1716 1273 2054 1344 ingentibus

409 1360 739 1415 afficeretur
772 1362 1103 1416 tormentis.
1130 1363 1322 1417 Inerat
1343 1362 1597 1433 profecto
1627 1361 1763 1416 huic
1784 1363 1952 1417 Justo
1976 1362 2059 1416 in-

408 1453 499 1504 ter
527 1455 762 1506 cmteras
794 1449 975 1505 animi
1028 1456 1085 1505 et
1117 1451 1375 1522 corporis
1418 1450 1684 1522 virtutes,
1717 1455 1781 1505 ut
1831 1451 2059 1522 quoties

411 1537 847 1611 gloriosissimas
861 1557 1091 1612 semper
1104 1540 1359 1612 Virginis
1374 1540 1564 1596 Mario:
1583 1539 1917 1611 sanctiqueJ
1927 1557 2063 1594 oan-

413 1628 506 1682 nis
529 1628 820 1701 precibus,
836 1630 1049 1701 quibus
1073 1647 1241 1685 suam
1258 1631 1480 1700 jugiter
1493 1630 1699 1683 anima:
1723 1633 1780 1683 et
1802 1628 2061 1700 corporis

415 1718 783 1789 sospitatem,
818 1723 881 1773 ut
922 1718 1062 1784 dixi,
1115 1718 1582 1785 commendabat,
1620 1716 1928 1788 paululum
1961 1716 2063 1773 tali

415 1805 705 1861 levaretur
736 1807 958 1871 morbo,
993 1805 1223 1861 nullum
1255 1807 1368 1862 sibi
1399 1822 1648 1861 vacuum
1672 1811 1910 1878 tempus
1933 1824 2060 1878 per-

419 1894 841 1965 mitteret,quin
866 1895 1141 1950 manibus
1172 1895 1390 1967 aliquid
1422 1899 1911 1966 operaretur,tum
1934 1895 2065 1951 hor-

417 1981 575 2038 tulos
607 1982 897 2051 fodiendo,
929 1988 1057 2039 tum
1090 1984 1250 2057 ligna
1285 1985 1619 2054 incideudo,
1646 1990 1773 2039 tum
1803 1983 1986 2053 aliud,
2018 1984 2068 2040 si

419 2071 828 2145 imperaretur,
852 2075 1164 2146 operando.
1188 2075 1290 2130 His
1316 2075 1513 2146 itaque
1542 2075 1737 2130 abbati
1760 2092 1828 2131 ac
1850 2075 2069 2131 caeteris

420 2178 537 2217 non
568 2163 819 2217 avaritiae
870 2164 971 2219 sed
1002 2164 1237 2219 virtutis
1283 2165 1472 2237 gratia
1516 2165 1677 2221 brevi
1708 2181 1876 2220 carus
1908 2182 2069 2221 acce-

420 2255 674 2324 ptusque
696 2252 825 2323 fuit,
854 2252 935 2308 ita
959 2256 1022 2308 ut
1043 2254 1158 2309 fere
1178 2258 1296 2309 tres
1320 2271 1573 2323 menses,
1601 2253 1764 2310 solus
1786 2258 1983 2310 tamen
2011 2255 2071 2309 in

422 2341 531 2396 hoc
562 2342 622 2403 S,.
653 2341 843 2397 Mariae
875 2344 1231 2399 monasterio
1260 2343 1438 2398 vitam
1471 2343 1738 2415 deguerit
1769 2360 1937 2399 suam
1963 2369 1977 2411 ;
2012 2344 2073 2400 in

424 2430 642 2504 quibus
674 2432 781 2486 etsi
815 2431 1000 2485 multa
1029 2432 1206 2503 digna
1237 2433 1520 2487 memoria
1548 2433 1749 2504 egerit,
1780 2437 1907 2486 tum
1935 2433 2075 2503 quia

425 2536 534 2574 nos
566 2518 679 2573 alio
708 2536 1018 2591 properare
1049 2525 1282 2591 tempus
1312 2525 1529 2590 monet,
1563 2520 1885 2576 illustriora
1915 2538 2075 2592 quae-

427 2608 562 2663 dam
587 2609 790 2681 paucis
808 2608 1030 2680 aperire
1051 2610 1119 2663 ad
1146 2608 1396 2663 aliorum
1418 2608 1746 2680 exemplum
1771 2609 1963 2665 visum
1988 2615 2078 2667 est

430 2697 594 2763 utile,
622 2701 685 2753 ut
706 2697 1035 2769 intelligant
1062 2714 1287 2767 omnes,
1312 2697 1514 2768 quanti
1532 2714 1705 2769 pones
1725 2698 1927 2752 Jesum
1950 2715 2079 2753 san-

431 2792 657 2841 ctorum
690 2792 747 2841 et
773 2786 1092 2858 praesertim
1115 2786 1373 2857 Virginis
1395 2786 1583 2840 Mariae
1608 2802 1805 2857 preces
1831 2786 1967 2843 sint.

500 2878 591 2929 9:1.
614 2867 754 2930 Cum
772 2876 971 2947 igitur,
998 2880 1061 2929 ut
1083 2892 1262 2946 supra
1282 2876 1506 2929 dictum
1529 2880 1636 2945 est,
1653 2892 1786 2930 eum
1811 2876 2079 2933 diabolus

432 2963 519 3017 ira
532 2968 862 3017 commotus
876 2962 1159 3017 suffocare
1178 2962 1457 3018 voluisset
1475 2964 1709 3034 saepius,
1736 2981 1839 3019 nec
1859 2970 2077 3037 tamen,

432 3050 571 3122 quia
592 3051 717 3123 ipse
733 3050 1013 3106 auxilium
1035 3050 1290 3123 Virginis
1311 3053 1499 3108 Maria:
1512 3053 1815 3125 sanctique
1836 3054 2079 3110 Joannis

431 3140 764 3211 impetrare,
786 3139 1086 3212 valuisset,
1103 3141 1310 3196 statuit
1331 3141 1463 3197 dolo
1486 3146 1673 3198 arteve
1689 3142 1907 3216 aliqua,
1934 3160 2078 3215 quo-

2155 556 2445 626 clamare;
2480 556 2756 613 Diabolus
2805 561 3012 612 contra
3056 571 3194 613 voce
3234 556 3453 626 majore
3492 554 3774 612 intonare:

2154 647 2347 716 Modo,
2382 647 2553 702 modo
2585 646 2837 719 peribis:
2871 662 2988 701 una
3016 649 3298 701 tartareas
3327 648 3598 716 petemus
3617 645 3775 717 regio-

2157 752 2259 790 nes
2290 754 2302 803 ;
2329 752 2485 807 ergo,
2509 739 2840 790 monstrum
2864 732 3140 801 hominis,
3164 738 3311 789 tace.
3337 731 3441 789 Ille
3461 733 3777 801 exclamare,

2157 828 2224 880 ut
2253 841 2469 896 supra;
2502 823 2598 879 hic
2629 827 2825 878 autem
2853 840 2865 877 :
2904 823 3341 890 Periture,tace.

2226 915 2317 969 96.
2349 914 2435 969 Ad
2467 912 2577 968 hoc
2601 917 2722 967 tam
2753 910 3084 967 miserabile
3103 911 3554 983 inauditumque
3581 918 3781 984 specta-

2160 1003 2381 1073 culum,
2415 1004 2557 1057 dum
2604 1002 2663 1056 hi
2696 1003 2810 1058 duo
2860 1002 3014 1057 inter
3042 1018 3103 1057 se
3152 1001 3234 1057 ita
3262 1000 3526 1073 dispares
3556 1001 3782 1074 litigant,

2162 1107 2506 1147 concurrere
2536 1091 2675 1146 hinc
2705 1090 2838 1146 inde
2861 1089 3053 1157 multi,
3086 1090 3187 1162 qui
3219 1106 3279 1146 re
3300 1090 3584 1156 inaudita,
3615 1107 3709 1146 nec
3727 1093 3786 1147 ab

2162 1181 2245 1237 eis
2276 1181 2399 1236 visa
2430 1180 2652 1251 iniqua,
2687 1179 2769 1235 ita
2817 1180 2989 1252 rigidi
3040 1184 3341 1253 stupentes
3388 1179 3575 1236 effecti
3607 1173 3790 1252 [sint],

2166 1273 2230 1324 ut
2248 1269 2340 1323 vix
2367 1270 2503 1324 dare
2522 1286 2741 1339 vocem,
2763 1269 2856 1324 vix
2870 1278 3097 1336 Jesum,
3119 1268 3211 1323 vix
3225 1268 3525 1340 Virginem
3547 1268 3792 1338 Mariam,

2167 1358 2516 1414 miserorum
2531 1359 2795 1414 omnium
2812 1357 3089 1413 ultimum
3103 1358 3390 1425 solamen,
3405 1359 3670 1413 invocare
3684 1374 3798 1430 pos-

2169 1451 2318 1502 sent.
2341 1447 2587 1503 Demum
2610 1446 2898 1515 diabolus,
2924 1447 3178 1519 desuper
3196 1447 3441 1503 Joannis
3459 1447 3798 1507 sanctissimi

2170 1536 2359 1608 gratia
2388 1540 2685 1609 operante,
2716 1536 2902 1591 victus
2933 1536 3234 1604 confusus,
3277 1535 3607 1607 despectus,
3638 1536 3801 1591 mise-

2171 1641 2303 1679 rum
2334 1624 2523 1693 illum,
2540 1625 2789 1696 jamjam
2812 1628 2937 1680 tum
2960 1625 3167 1680 timore
3190 1630 3319 1679 tum
3344 1623 3542 1682 labore
3563 1629 3806 1681 extrema

2172 1717 2489 1785 petentem;
2515 1713 2864 1769 alioversum
2895 1713 3164 1780 tendens,
3196 1712 3253 1767 in
3288 1712 3495 1768 arbore
3516 1711 3806 1768 miserabi-

2176 1801 2307 1858 liter
2326 1802 2675 1874 pendentem
2697 1802 2952 1873 reliquit.
2983 1803 3055 1857 At
3075 1802 3259 1858 nostri
3281 1800 3502 1856 cursim
3525 1800 3713 1857 scalas
3732 1818 3807 1857 ar-

2178 1891 2303 1947 bori
2335 1891 2617 1948 haerentes
2647 1907 2782 1948 eum
2817 1892 3031 1948 sudore
3062 1895 3183 1947 toto
3213 1907 3453 1963 corpore
3483 1895 3809 1947 manantem

2177 1983 2516 2054 deposuere,
2540 1981 2772 2053 sibique
2793 1980 3091 2038 naturales
3113 1988 3323 2037 sensds
3349 1996 3668 2053 parumper
3685 1980 3814 2036 reei-

2177 2071 2355 2144 pienti
2390 2070 2592 2137 aiunt;
2625 2070 2788 2138 Vide,
2840 2070 3063 2138 infelix,
3096 2070 3236 2143 quid
3267 2086 3409 2143 agas
3438 2069 3682 2143 posthac
3709 2069 3818 2125 noli

2178 2164 2236 2215 te
2289 2159 2582 2232 periculis,
2634 2159 2746 2215 nisi
2806 2160 3118 2216 incolumis
3180 2160 3306 2230 ﬁas,
3359 2175 3665 2233 exponere,
3726 2175 3820 2215 nec

2180 2248 2389 2304 deinde
2420 2248 2596 2305 etiam
2620 2249 2852 2305 credere
2877 2267 2889 2304 :
2922 2254 2988 2304 ut
3008 2254 3225 2318 tecum,
3256 2249 3316 2304 in
3344 2266 3461 2322 quo
3482 2249 3821 2304 descrimine

2181 2356 2289 2395 nos
2321 2339 2498 2394 etiam
2527 2355 2814 2407 essemus,
2839 2339 3290 2406 animadvertas,
3315 2355 3553 2395 oramus
3577 2357 3592 2408 ;
3621 2339 3675 2394 si
3694 2338 3823 2411 quid

2182 2429 2494 2483 adversum
2525 2428 2655 2495 tibi,
2702 2429 2854 2499 quod
2911 2429 3192 2485 Dominus
3221 2428 3395 2485 Jesus
3424 2432 3671 2498 avertat,
3705 2445 3826 2485 eve-

2186 2516 2356 2572 nirct.

2254 2607 2338 2659 97.
2379 2605 2591 2662 Deinde
2631 2604 2820 2661 Patris
2862 2605 3093 2661 abbatis
3135 2608 3419 2677 praecepto
3464 2604 3675 2659 dedere
3702 2620 3824 2675 ope-

2184 2709 2311 2749 ram
2343 2709 2567 2765 omnes,
2591 2698 2657 2748 ut
2680 2694 2726 2749 si
2759 2694 2893 2765 quis
2922 2710 3056 2749 eum
3084 2693 3283 2766 procul
3307 2711 3340 2749 a
3361 2692 3715 2749 monasterio
3743 2708 3822 2746 re-

2186 2783 2418 2855 periret,
2447 2782 2749 2838 blanditiis
2779 2783 3169 2856 dulcibusque
3193 2782 3384 2839 verbis
3414 2783 3715 2839 reduceret
3731 2781 3821 2836 do-

2188 2889 2372 2927 mum.
2391 2872 2475 2926 Ad
2492 2872 2598 2928 hoc
2611 2872 2885 2928 addidere
2899 2878 2956 2929 et
2975 2872 3131 2929 aliud
3143 2918 3155 2941 ,
3171 2873 3326 2946 quod
3344 2872 3528 2927 multo
3542 2869 3821 2928 salubrius

2189 2961 2318 3030 fuit,
2353 2961 2559 3017 necubi
2592 2961 2755 3017 solus
2802 2964 3213 3031 contenderet;
3243 2968 3299 3018 et
3328 2962 3379 3018 si
3410 2961 3824 3017 monasterium

2180 3051 2369 3122 juxta,
2403 3050 2670 3107 hortulos
2702 3052 2978 3124 [coleret],
3013 3052 3101 3107 vel
3149 3051 3310 3108 aliud
3339 3051 3615 3107 manuale
3642 3053 3826 3122 ageret

2190 3157 2357 3212 opus,
2375 3156 2607 3212 semper
2629 3141 2817 3197 socios
2831 3142 3038 3197 adesse
3050 3141 3459 3214 quamplures:
3480 3158 3664 3196 unum
3680 3137 3824 3195 enim

430 3246 545 3301 quo
570 3231 741 3285 modo
769 3230 1058 3299 inceptum
1085 3248 1258 3285 suum
1283 3232 1577 3302 perﬁcere.
1596 3231 1699 3286 Cui
1722 3250 1856 3288 cum
1882 3234 2079 3290 minus
2111 3217 2153 3284 C
2191 3230 2275 3285 vel
2310 3228 2500 3285 solum
2535 3236 2763 3286 tantum
2788 3248 2902 3287 non
2933 3231 3045 3286 sibi
3068 3231 3141 3286 ob
3167 3230 3451 3286 daemonis
3473 3229 3684 3285 rabiem
3705 3242 3826 3282 cre-

442 3318 533 3373 sui
577 3319 957 3373 succederent
982 3318 1099 3373 doli
1122 3320 1279 3390 (nam
1314 3318 1643 3390 frequentes
1666 3322 1939 3378 monachi
1959 3340 2091 3379 eum
2198 3320 2353 3374 dere.
2388 3320 2531 3375 Cum
2566 3319 2685 3374 haec
2706 3320 2896 3393 gratia
2924 3324 2982 3375 et
3010 3336 3207 3375 amore
3228 3320 3393 3388 Jesu,
3427 3324 3496 3376 ut
3525 3322 3740 3385 caetera,
3772 3315 3823 3370 in

435 3407 615 3474 adire,
641 3407 857 3479 quibus
884 3407 991 3462 viis
1022 3409 1348 3480 praestigias
1380 3408 1595 3465 diaboli
1620 3411 1943 3484 modosque
1978 3430 2086 3468 no-

436 3497 603 3553 cendi
642 3498 866 3566 vitaret,
881 3498 1162 3569 educere),
1176 3497 1285 3552 hac
1306 3502 1502 3553 tamen
1520 3500 1753 3555 tandem
1770 3500 2086 3557 calliditate

437 3602 572 3641 eum
614 3586 723 3640 sub
752 3584 1069 3657 voluptatis
1101 3587 1291 3658 specie
1322 3586 1553 3642 fefellit:
1590 3588 1781 3644 fessus
1807 3591 1962 3645 enim
1996 3591 2087 3647 die

441 3675 694 3746 quadam
726 3676 783 3730 in
818 3674 1002 3730 hortis
1037 3675 1317 3745 colendis,
1350 3693 1484 3733 cum
1516 3677 1677 3732 solus
1708 3679 1819 3733 sub
1859 3680 2083 3749 arbore,

442 3782 567 3837 quae
598 3782 836 3821 cerasus
867 3765 1101 3830 dicitur,
1132 3765 1203 3820 ad
1245 3764 1454 3821 caloris
1483 3766 1747 3821 ardorem
1779 3768 2085 3825 vitandum

437 3855 827 3923 sederet,tnm
851 3854 1116 3909 omnium
1140 3855 1327 3909 hostis
1349 3854 1637 3922 diabolus,
1664 3855 2086 3929 bumanigene—

434 3945 516 3999 ris
548 3945 819 3998 seductor
848 3948 1058 4015 praasto
1081 3943 1265 4008 aﬁ‘uit,
1288 3960 1463 3997 suum
1498 3943 1556 3997 in
1588 3942 1795 4015 primis
1818 3945 2082 4002 animum

434 4034 506 4087 ad
538 4048 736 4086 cerasa
765 4030 1010 4101 legenda
1039 4031 1329 4085 inclinans
1353 4033 1505 4102 quod
1540 4032 1795 4103 profecto
1825 4051 1939 4088 non
1972 4036 2084 4089 dif-

434 4121 583 4175 ficile
615 4120 746 4185 fuit,
776 4119 1098 4190 praesertim
1150 4119 1288 4190 quia
1320 4125 1550 4175 matura
1604 4120 1793 4177 solent
1821 4124 2082 4195 cujusvis

432 4208 696 4263 animum
733 4208 804 4262 ad
836 4224 897 4263 se
931 4206 1179 4263 allicere.
1204 4210 1284 4264 Ea
1304 4214 1561 4281 propter,
1591 4226 1706 4282 quo
1728 4211 1932 4278 voluit,
1968 4213 2083 4269 mi-

432 4314 627 4352 serum
660 4296 830 4352 illum
864 4296 1118 4368 impulit.
1171 4297 1284 4353 Nec
1326 4297 1455 4365 hoc,
1508 4300 1665 4370 quod
1697 4302 1963 4357 naturale
1993 4307 2083 4359 est

428 4385 783 4442 diabolieum
807 4385 997 4441 dicere
1020 4386 1231 4454 ausim,
1258 4386 1371 4441 nisi
1396 4404 1486 4442 me
1508 4404 1701 4443 rerum
1726 4388 1865 4444 mali
1893 4391 2081 4448 exitus

430 4477 789 4531 docuissent.

2194 3412 2226 3463 J
2234 3412 2432 3464 ustum
2455 3408 2633 3478 hunc,
2655 3425 2723 3465 ea
2743 3426 2858 3482 qua
2880 3413 3075 3481 posset
3098 3409 3415 3482 sagacitate
3434 3413 3493 3465 et
3510 3406 3749 3473 cautela,
3770 3404 3819 3458 in

2197 3499 2433 3566 nostris,
2468 3516 2541 3554 ne
2581 3498 2760 3554 miser
2789 3498 2885 3554 ille
2915 3498 3180 3554 funditus
3210 3502 3333 3555 arte
3363 3497 3579 3554 diaboli
3605 3495 3821 3569 periret,

2195 3588 2417 3654 ﬁerent,
2455 3588 2599 3644 forte
2647 3587 2876 3655 accidit,
2910 3592 2976 3643 ut
3025 3604 3141 3643 non
3172 3587 3344 3660 longe
3390 3605 3424 3643 a
3466 3604 3626 3660 rupe,
3657 3598 3818 3657 quam

2196 3677 2379 3732 nostri
2402 3676 2895 3733 Ristonchiariam
2924 3676 3138 3748 dixere,
3171 3693 3404 3749 semper
3421 3676 3549 3748 ipse
3567 3691 3681 3731 una
3697 3686 3817 3728 cum

2194 3765 2413 3820 caeteris
2445 3765 2637 3821 nescio
2668 3765 2810 3838 quid
2838 3765 2900 3821 in
2929 3766 3085 3839 agris
3109 3765 3409 3821 excoleret.

2263 3856 2351 3909 98.
2386 3856 2596 3910 Verum
2629 3854 2732 3923 ita,
2783 3858 2846 3909 ut
2887 3855 2954 3909 fit
3003 3855 3319 3924 interdum,
3352 3854 3529 3909 sociis
3559 3851 3715 3909 alteri
3743 3846 3819 3903 rei

2192 3944 2404 4016 oppido
2425 3942 2685 4011 intentis,
2711 3943 3022 4016 praestigiis
3040 3943 3253 4000 diaboli
3268 3944 3572 3999 observato
3591 3940 3818 4012 diligen-

2192 4039 2282 4089 ter
2311 4040 2423 4089 tem
2434 4051 2592 4105 pore,
2616 4050 2790 4089 cursu
2816 4051 2992 4104 quam
3017 4033 3388 4114 rapidissimo
3408 4032 3518 4088 hac
3538 4031 3733 4105 gratia,
3763 4029 3824 4081 ut

2192 4124 2465 4179 deorsum
2488 4140 2550 4179 sc
2572 4140 2704 4179 mox
2727 4124 2913 4194 daret,
2936 4140 3140 4195 rupem
3158 4122 3319 4178 illam
3340 4123 3715 4195 asperrimam
3735 4131 3824 4188 p8-

2192 4212 2305 4268 tiit.
2331 4212 2455 4279 Cui,
2480 4212 2710 4268 diabolo
2735 4214 3072 4284 frequenter
3098 4216 3323 4283 orante,
3346 4217 3411 4267 ut
3434 4227 3609 4284 rupes
3636 4224 3750 4265 una
3768 4220 3825 4260 se

2190 4301 2513 4373 dejiciendo
2530 4307 2766 4374 peteret,
2792 4302 3049 4375 Virginis
3064 4300 3259 4358 Mariae
3282 4293 3826 4374 sanctiqueJoannis

2191 4391 2473 4447 auxilium
2506 4395 2831 4463 opportune
2861 4408 2977 4447 non
3005 4392 3210 4462 defuit,
3237 4396 3295 4447 et
3313 4407 3386 4446 ne
3405 4390 3677 4446 lectorem
3700 4399 3825 4457 pro-

2191 4480 2304 4536 lixo
2331 4497 2601 4537 sermone
2648 4480 2964 4547 detineam,
3008 4485 3073 4535 ut
3117 4479 3292 4552 paulo
3339 4496 3521 4552 supra
3552 4478 3608 4534 in
3634 4489 3825 4533 ceraso

499 4566 589 4620 95.
615 4571 871 4621 Ascensa
892 4564 1096 4655 arbore
1120 4580 1232 4619 non
1256 4570 1452 4655 tamen
1476 4564 1602 4620 sine
1622 4565 1990 4636 difﬁcultate,
2016 4574 2080 4625 ut
2112 4590 2156 4655 Ι)
2190 4570 2414 4637 arbore’,
2447 4570 2529 4625 ita
2557 4574 2614 4625 et
2641 4569 2751 4624 hoc
2803 4569 2928 4624 loco
2960 4570 3202 4640 [factum
3252 4568 3384 4639 est],
3430 4566 3602 4640 longe
3626 4560 3828 4633 majori

434 4655 533 4727 qui
561 4656 844 4723 viderant,
870 4653 1139 4720 retulere,
1162 4654 1393 4709 blandis
1425 4655 1588 4726 prius
1613 4655 1837 4712 daemon
1862 4658 2075 4728 verbis,

437 4750 501 4800 ut
530 4762 592 4800 se
623 4747 897 4800 deorsum
919 4744 1187 4814 jactaret,
1222 4744 1463 4799 hortari.
1509 4744 1608 4800 llle
1639 4762 1792 4817 vero,
1827 4764 2083 4819 praesens

435 4834 761 4905 periculum
788 4849 1015 4900 verens,
1068 4832 1225 4888 haud
1257 4833 1549 4889 assentiri.
1600 4834 1837 4890 Daemon
1868 4836 2083 4894 iterum

437 4939 557 4977 rem
584 4927 828 4989 tentare;
856 4920 953 4975 ille
1000 4921 1337 4978 institutum
1369 4940 1547 4978 suum
1583 4940 1830 4979 servare.
1865 4925 2082 4981 Intelli-

435 5028 579 5084 gens
610 5011 804 5082 itaque
849 5010 1074 5066 daemon
1105 5029 1172 5067 ea
1204 5029 1263 5068 se
1312 5013 1404 5069 via
1433 5013 1579 5068 nihil
1610 5014 1909 5085 prolicere,
1946 5032 2081 5071 eum

433 5100 543 5156 hac
574 5118 706 5155 cum
735 5100 1177 5171 exprobratione
1201 5101 1573 5157 vehementer
1606 5108 1882 5173 quatere:
1917 5105 2081 5161 Modo

436 5189 671 5260 peribis,
706 5190 959 5262 pessime
988 5208 1001 5259 ;
1035 5194 1089 5246 te
1123 5190 1277 5245 enim
1312 5190 1531 5261 ingenti
1564 5206 1697 5245 cum
1749 5192 1970 5264 impetu
2002 5194 2083 5250 ita

434 5281 707 5335 deorsum
738 5280 996 5347 trudam,
1030 5284 1095 5333 ut
1122 5284 1177 5334 te
1206 5294 1383 5351 prope
1406 5295 1759 5351 exsanguem
1791 5297 1856 5335 ac
1905 5283 2079 5337 semi-

435 5368 709 5435 animem,
745 5374 810 5424 ut
841 5369 1083 5425 meritus
1116 5385 1199 5434 es,
1232 5367 1363 5421 istis
1390 5367 1530 5436 tuis,
1564 5369 1780 5440 quibus
1810 5372 2076 5441 conﬁdis,

433 5457 904 5513 reddamdustus
937 5462 1131 5511 autem
1156 5455 1249 5510 ille
1282 5456 1523 5510 exitium
1554 5462 1678 5512 tum
1714 5459 1919 5515 animis
1951 5464 2077 5517 tum

434 5563 626 5617 corpm
670 5566 693 5597 Α
739 5563 804 5598 eo
836 5545 894 5598 in
919 5544 1257 5600 discriminc
1287 5547 1519 5612 timens,
1555 5548 1782 5605 arboris
1806 5555 2077 5606 truncum

435 5635 708 5691 manibus
742 5634 1180 5704 apprehendens
1232 5635 1490 5691 fortiter:
1532 5636 1707 5709 Virgo
1747 5639 1950 5708 Maria,
1994 5640 2078 5697 fer

2192 4662 2388 4713 tamen
2420 4658 2763 4713 imminente
2796 4657 3051 4729 periculo
3079 4674 3091 4712 :
3120 4674 3255 4712 nam
3277 4674 3488 4713 saxum
3509 4655 3666 4713 valde
3683 4668 3827 4726 prm-

2193 4763 2257 4801 ru
2267 4752 2431 4819 ptum
2446 4748 2619 4803 etiam
2642 4751 2989 4820 tempestate
3010 4753 3208 4803 nostra
3219 4747 3638 4819 aspicientibus
3648 4748 3829 4800 terro-

2192 4852 2315 4891 rem
2345 4835 2555 4892 incutit
2576 4852 2689 4891 non
2714 4852 2980 4906 parvum.
3016 4834 3310 4903 Diabolus,
3332 4839 3397 4891 ut
3419 4835 3613 4907 ipsum
3633 4830 3832 4905 perde-

2194 4929 2299 4991 ret,
2322 4925 2615 4997 precibus,
2648 4925 2847 4989 minis,
2880 4925 2956 4992 vi,
3008 4940 3127 4996 qua
3166 4924 3276 4995 via,
3328 4941 3449 4996 qua
3478 4928 3598 4981 arte
3626 4919 3833 4996 potuit,

2192 5013 2334 5069 nihil
2362 5015 2710 5070 intentatum
2734 5013 3007 5085 reliquit;
3042 5013 3184 5070 adeo
3208 5018 3275 5069 ut
3293 5029 3694 5086 saepenumero
3718 5007 3834 5065 cui-

2191 5103 2326 5157 dam
2358 5120 2427 5157 ex
2457 5103 2674 5159 nostris
2706 5104 3023 5171 conversis,
3053 5103 3147 5158 cui
3193 5118 3405 5158 nomen
3436 5092 3710 5170 Antonio,
3743 5094 3838 5170 qui

2191 5194 2316 5246 tum
2347 5190 2439 5247 his
2462 5191 2521 5246 in
2551 5191 2715 5259 locis,
2748 5191 3027 5248 saltuosis
3056 5208 3368 5263 porcorum
3400 5208 3608 5265 greges
3637 5202 3837 5263 pasce-

2192 5282 2308 5349 bat,
2333 5281 2522 5336 visum
2545 5281 2643 5343 sit,
2658 5281 2852 5352 ipsum
2872 5282 3110 5337 Justum
3132 5280 3317 5337 versis
3338 5281 3556 5353 pedum
3577 5274 3839 5349 vestigiis

2190 5388 2223 5426 a
2253 5372 2515 5426 dazmone
2547 5372 2619 5426 ad
2646 5370 2768 5426 ima
2798 5370 3049 5426 detrudi.

2258 5461 2345 5516 99.
2380 5460 2678 5516 Exclamat
2707 5477 2822 5533 prae
2853 5459 3060 5515 timore
3098 5476 3413 5515 conversus
3445 5457 3542 5516 ille
3568 5485 3582 5517 :
3612 5456 3756 5514 huic
3785 5454 3841 5507 et

2186 5550 2333 5606 Justi
2357 5554 2416 5605 et
2436 5550 2718 5605 daemonis
2739 5549 3013 5605 horrendi
3039 5549 3215 5604 etiam
3230 5549 3598 5605 addebantur
3616 5547 3839 5603 clamo-

2189 5656 2301 5696 res.
2320 5640 2516 5713 Operae
2537 5639 2788 5712 pretium
2809 5643 2932 5697 erat
2952 5639 3123 5696 modo
3136 5655 3273 5711 una,
3297 5640 3472 5697 modo
3494 5633 3838 5712 separatim,
