4002 6170
217 336 329 416 853

1792 354 2023 419 ACTA.

3492 349 3612 416 854

214 484 445 543 illorum
473 482 666 542 varias
696 489 956 559 accipere
999 502 1185 544 voces.
1248 484 1380 543 Fuit
1437 485 1668 543 subitus
1714 484 1854 544 illuc
1881 488 1938 555 Α
1968 488 2208 562 quidam
2240 489 2333 547 sui
2360 491 2567 550 afﬁnes
2594 490 2734 550 fessi
2762 490 3022 566 lassique
3052 505 3474 566 supervenere;
3508 488 3615 567 qui

213 579 545 633 nostrorum
577 592 934 633 concursus:
967 594 1103 633 nam
1134 578 1231 632 diu
1264 577 1417 632 inter
1463 576 1847 633 densissimas

209 680 382 737 rupes
421 668 479 719 et
504 665 870 721 humillimas
901 666 1155 733 arbores,
1192 667 1408 739 quibus
1466 666 1685 737 passim
1728 667 1849 722 haec

208 754 1606 828 abundantloca,quarendoerraverant.lnsuper
1644 755 1848 811 etaliis

204 844 292 899 his
316 842 678 899 clamoribus
704 844 892 912 exciti,
927 845 1198 900 advolant
1217 845 1599 918 quamplures
1623 862 1636 901 :
1662 845 1725 899 ﬁt
1746 862 1849 900 nu-

204 949 401 989 merus
434 949 549 987 non
580 950 812 1004 parvus.
846 933 988 989 Cum
1022 951 1091 989 ex
1126 939 1288 990 tanto
1320 952 1584 1002 numero,
1618 934 1847 990 diabolo

202 1022 394 1079 minas
409 1025 466 1077 et
483 1026 734 1077 terrores
748 1022 1085 1079 incutiendo
1099 1027 1155 1079 et
1172 1023 1499 1079 minitando
1513 1025 1848 1096 frequenter

199 1112 392 1170 adiret
413 1111 588 1167 audet
609 1111 1103 1168 nemo.Caeterum
1125 1130 1261 1168 cum
1284 1114 1509 1169 daemon
1532 1113 1769 1185 longius
1790 1117 1847 1168 et

198 1200 489 1268 acerbius,
521 1216 585 1256 ac
646 1201 755 1256 rati
804 1211 1017 1273 essent,
1065 1207 1355 1258 certamen
1411 1208 1533 1258 tam
1572 1202 1844 1273 iniquum

193 1290 560 1364 produceret,
583 1290 1023 1363 quamprimum
1037 1291 1198 1347 Pauli
1214 1291 1405 1346 abbati
1428 1308 1548 1346 rem
1575 1291 1845 1346 nuntiare

193 1384 421 1437 curant.
447 1379 593 1434 Cum
613 1377 710 1434 ille
731 1379 791 1433 in
814 1396 875 1435 re
896 1383 1016 1434 tam
1041 1380 1240 1451 atroci,
1273 1386 1395 1437 tam
1421 1380 1679 1452 ancipiti,
1701 1380 1840 1452 quid

192 1485 388 1541 agere,
422 1485 538 1541 quo
568 1484 630 1524 se
658 1471 881 1524 vertere
928 1468 1199 1537 nesciret,
1251 1470 1515 1525 divinum
1559 1468 1840 1524 auxilium

191 1558 403 1615 statuit
434 1557 873 1635 inquirendum.

258 1649 389 1702 100.
409 1646 745 1703 Convocatis
765 1646 947 1719 igitur
964 1648 1409 1720 quamprimum
1431 1649 1491 1703 in
1510 1663 1693 1703 unum
1718 1664 1839 1702 mo-

188 1735 416 1804 nachis,
448 1734 641 1807 inquit
664 1751 677 1791 :
701 1736 824 1802 Quo
845 1735 970 1791 loco
992 1753 1083 1791 res
1102 1741 1314 1791 nostrae
1336 1736 1471 1803 sint,
1497 1737 1639 1791 dum
1665 1735 1841 1790 rebus

186 1826 314 1900 piis,
334 1825 568 1893 fratres,
589 1841 694 1897 pro
716 1841 778 1881 se
800 1824 1052 1897 quisque
1074 1824 1403 1895 imcumbit,
1428 1828 1492 1879 ut
1511 1825 1719 1879 Justus
1740 1822 1838 1879 ille

184 1912 506 1970 incolumis
536 1914 762 1982 evadat,
806 1914 978 1984 juxta
1028 1929 1260 1969 mecum
1310 1912 1656 1985 intelligitis.
1690 1914 1838 1968 Dum

187 2005 346 2060 enim
385 2021 454 2060 ex
482 2003 594 2060 alto
624 2003 765 2060 Jesu
796 2002 1010 2059 Christi
1056 2003 1327 2076 praesidio
1379 2003 1698 2080 operimpr,
1750 2002 1839 2058 vel

187 2092 411 2149 nostris
441 2091 528 2149 vel
558 2091 683 2148 suis
736 2092 846 2147 hoc
895 2091 1212 2148 sceleribus
1255 2091 1641 2164 exigentibus,
1683 2095 1750 2147 ut
1779 2092 1838 2147 in

186 2188 461 2239 nostrum
493 2182 746 2237 dedecus
792 2184 1133 2252 verteretur,
1179 2198 1314 2236 eum
1364 2181 1579 2252 saepius
1612 2182 1837 2237 daemon

185 2273 478 2328 suffocare
499 2271 751 2327 annixus
776 2273 885 2325 est.
910 2269 1024 2325 Nec
1049 2269 1205 2325 enim
1228 2270 1416 2326 adhuc
1436 2269 1695 2343 Virginis
1718 2270 1839 2325 Ma-

185 2362 280 2416 riae
310 2364 377 2416 et
405 2360 465 2416 S.
496 2362 741 2416 Joannis
774 2358 1045 2433 precibus
1069 2365 1191 2415 tam
1214 2362 1373 2415 atrox
1395 2363 1635 2431 tamque
1657 2358 1839 2431 pessi-

184 2467 350 2506 mum
376 2450 629 2517 facinus,
654 2449 762 2505 etsi
784 2450 960 2505 etiam
982 2450 1042 2504 in
1065 2449 1510 2522 praesentiarum
1543 2448 1741 2516 simul,
1776 2454 1842 2503 ut

185 2540 792 2612 accepimus,certent,
817 2540 1089 2595 diabolus
1113 2543 1446 2611 perpetrare
1469 2537 1668 2594 valuit.
1694 2540 1842 2605 Quo-

185 2630 341 2686 circa
376 2646 481 2701 pro
510 2633 772 2702 tempore
804 2645 1026 2701 proque
1056 2629 1137 2683 rei
1177 2628 1390 2685 atrocis
1420 2644 1598 2684 causa
1627 2645 1839 2683 sanum

185 2719 289 2775 hoc
311 2722 524 2774 reoret
551 2718 692 2773 utile
739 2717 1052 2773 consilium
1095 2717 1236 2785 fore,
1269 2720 1354 2785 ut,
1386 2716 1602 2773 diaboli
1641 2717 1842 2773 fractis

184 2809 415 2864 viribus
438 2807 599 2880 (quia
614 2824 748 2863 eum
773 2824 896 2863 rem
919 2824 1052 2863 cum
1070 2808 1331 2862 daemone
1352 2806 1662 2862 habentem
1683 2807 1842 2862 adire

188 2898 367 2953 audet
388 2897 604 2968 nemo),
627 2913 731 2968 per
750 2896 859 2952 hos
877 2900 997 2951 tres
1017 2896 1142 2951 dies
1167 2896 1394 2951 futuros
1417 2911 1616 2968 preces
1639 2896 1840 2968 singu-

186 2986 340 3043 lares
375 3002 856 3057 communesque,
890 3002 957 3040 ea
997 3002 1114 3058 qua
1144 3001 1484 3057 possumus,
1517 2986 1839 3055 devotione,

187 3077 368 3132 corde
398 3074 607 3131 humili
633 3080 691 3131 et
712 3075 960 3131 contrito
986 3079 1256 3147 agantur,
1281 3090 1353 3129 ne
1379 3078 1583 3129 nostra
1614 3074 1844 3145 ignavia

187 3164 467 3237 ﬁat,quin
490 3165 689 3220 minus
710 3164 987 3219 salvetur.
1010 3164 1070 3219 Si
1102 3164 1379 3231 evenerit,
1412 3167 1478 3218 ut
1508 3163 1565 3218 S.
1596 3162 1842 3219 Joannis

187 3234 388 3327 gratia
416 3254 672 3327 pristina:
699 3254 981 3309 reddatur
1010 3252 1267 3323 sanitati,
1311 3252 1477 3308 laetus
1525 3257 1580 3307 et
1611 3251 1839 3307 incolu-
1870 3234 1913 3301 C

192 3345 315 3399 mis
342 3344 469 3410 ;sin
494 3343 687 3398 minus
714 3342 870 3410 talis,
894 3347 961 3398 ut
981 3342 1095 3398 huc
1125 3343 1283 3397 venit
1313 3342 1393 3398 ita
1420 3342 1479 3396 in
1503 3359 1673 3397 suam
1700 3358 1842 3397 con-

188 3433 373 3489 cedat
392 3431 652 3504 patriam.
684 3431 912 3488 Placuit
941 3431 1217 3487 omnibus
1248 3432 1543 3487 decretum
1576 3430 1705 3498 hoc,
1739 3432 1840 3487 sed

182 3521 520 3595 praesertim
544 3523 805 3589 senibus,
822 3538 1074 3594 quorum
1091 3525 1338 3589 mentes,
1358 3521 1733 3592 acjuvenum,
1749 3538 1841 3575 sa-

182 3613 392 3667 niores
425 3628 489 3667 ac
518 3612 798 3667 rectiores
828 3611 1088 3667 existunt
1118 3626 1369 3682 semper.
1422 3608 1511 3665 Fit
1560 3610 1739 3681 igitur
1776 3613 1844 3664 ut

184 3702 380 3758 abbas
410 3705 581 3756 Pater
608 3705 949 3757 censuerat:
983 3705 1197 3773 quotus
1246 3700 1401 3755 enim
1453 3699 1705 3771 quisque
1746 3700 1843 3770 [an

183 3808 295 3847 non
321 3791 738 3862 unusquisque
753 3790 802 3862 ‘2]
834 3790 894 3845 in
927 3790 1202 3863 religione
1234 3790 1460 3845 fervens
1503 3806 1650 3858 esse,
1682 3787 1842 3844 omni

183 3881 391 3936 studio
411 3884 761 3953 pectoreque
778 3883 899 3936 toto
921 3896 1091 3935 suam
1114 3879 1355 3947 orando,
1373 3879 1696 3950 jejunando
1727 3876 1840 3932 vir-

180 3974 379 4027 tutem
412 3971 736 4026 ostendere.
1138 3960 1141 3965 “

256 4062 361 4115 101
379 4102 392 4114 .
406 4060 691 4116 Caeterum
705 4059 859 4115 inter
877 4059 998 4113 haec
1013 4075 1146 4130 spes
1162 4057 1682 4129 abbati,simulque
1704 4073 1844 4113 cura

181 4151 675 4222 majorcrescere,
700 4148 908 4204 nuntio
930 4152 1186 4220 accepto,
1209 4146 1628 4204 Justumillum
1652 4146 1841 4202 adhuc

181 4256 322 4293 cum
358 4239 625 4294 daemone
656 4242 875 4293 cerlare
903 4256 915 4305 ;
952 4253 1057 4292 nec
1087 4241 1281 4293 tamen
1333 4235 1418 4290 illi
1467 4237 1707 4308 suisque
1737 4236 1845 4290 hac

179 4344 356 4385 mora
380 4345 545 4400 spem
568 4327 1067 4384 deesse.Sciebant
1089 4326 1243 4382 enim
1267 4325 1401 4398 plus
1433 4325 1629 4380 miseri
1652 4325 1844 4379 homi-

178 4419 275 4474 nis
306 4418 455 4483 fide,
481 4434 655 4489 quam
688 4432 890 4472 eorum
923 4415 1167 4483 meritis,
1201 4414 1310 4470 sibi
1339 4413 1635 4470 Christum
1660 4412 1846 4468 Domi-

176 4525 327 4564 num
356 4505 892 4562 clementissimum
916 4503 1219 4572 auxilium,
1238 4502 1343 4559 etsi
1368 4504 1644 4572 differret,
1666 4519 1843 4573 quan-

1959 579 2206 650 benigne
2234 584 2648 654 gratanterque
2676 582 2885 651 habiti,
2918 583 3135 639 nostris
3175 583 3612 656 percunctanti-

1959 667 2091 737 bus,
2124 670 2298 738 unde,
2333 670 2502 741 quive
2523 675 2738 739 essent,
2772 687 2956 743 quove
2984 672 3290 728 tenderent
3319 672 3605 745 (nondum

1958 757 2113 812 enim
2145 758 2380 815 Justum
2412 759 2605 828 illum,
2635 760 2776 831 quia
2796 759 2932 815 alibi
2957 761 3267 829 resederat,
3290 760 3608 834 viderant),

1957 845 2041 901 illi
2072 847 2386 919 inquiunt:
2420 848 2597 921 Regio
2629 848 2917 904 Flaminia
2947 852 3037 905 est
3060 848 3369 916 ;insanum
3401 865 3609 922 quem-

1958 935 2117 1003 dam,
2149 954 2250 992 seu
2286 955 2318 993 a
2348 937 2578 994 diabolo
2612 937 2763 993 male
2792 937 3093 993 detentum
3124 937 3339 1006 virum,
3366 938 3608 995 Justum

1957 1025 2214 1094 nomine,
2268 1042 2336 1083 ea
2389 1026 2621 1084 insania
2667 1029 3037 1093 aestuantem,
3097 1026 3271 1083 domo
3320 1031 3607 1084 nocturno

1954 1118 2214 1187 tempore
2240 1116 2577 1183 abeuntem,
2595 1116 2875 1172 diversas'
2892 1116 3161 1189 regiones
3187 1120 3246 1171 et
3276 1114 3402 1173 loca
3416 1117 3604 1188 anxie,

1955 1202 2055 1258 diu
2088 1203 2435 1275 inquirendo
2463 1205 2803 1272 lustrantes,
2860 1204 3147 1260 indicium
3197 1204 3317 1261 veri
3364 1205 3605 1262 tandem

1955 1309 2071 1348 non
2105 1293 2306 1364 procul
2337 1294 2474 1350 hinc
2533 1294 2956 1366 comperimus,
3012 1309 3149 1350 eum
3204 1293 3370 1367 (quia
3422 1298 3480 1351 et
3508 1293 3607 1351 alii

1953 1383 2156 1437 eodem
2181 1383 2352 1439 modo
2372 1382 2710 1441 laborantes
2741 1383 2859 1439 huc
2888 1383 3077 1456 gratia
3100 1382 3409 1457 sospitatis
3438 1399 3603 1440 recu-

1952 1471 2221 1542 perandae
2270 1473 2497 1544 petunt)
2552 1472 2702 1529 forte
2758 1472 2868 1529 hoc
2925 1472 3373 1541 monasterium,
3407 1472 3605 1530 divina

1952 1561 2139 1631 gratia
2168 1565 2484 1633 praeeunte,
2516 1562 2805 1619 adivisse:
2838 1579 2926 1628 eo,
2977 1562 3028 1619 si
3076 1561 3218 1634 quid
3268 1561 3470 1618 incidii
3499 1579 3601 1619 vos

1951 1652 2130 1716 tenet,
2163 1648 2301 1722 quia
2320 1667 2427 1707 nos
2474 1652 2742 1708 maximae
2787 1654 3064 1723 premunt
3120 1667 3293 1720 cura,
3326 1649 3601 1708 certiores

1951 1738 2230 1807 reddatis,
2260 1757 2520 1796 oramus.
2571 1740 2980 1813 Respondetur
3026 1758 3061 1796 a
3110 1739 3365 1797 nostris:
3417 1740 3603 1797 Abeat

1950 1831 2142 1883 metus
2174 1827 2389 1896 omnis,
2412 1828 2693 1885 sedentur
2721 1845 2870 1885 curae
2896 1845 2909 1884 :
2942 1842 3200 1901 praesens
3228 1833 3318 1885 est
3344 1832 3403 1885 et
3437 1828 3599 1885 inco-

1948 1917 2149 1985 lamis,
2197 1934 2371 1990 quem
2422 1918 2652 1992 fatigati
2701 1918 2931 1976 diversa
2977 1917 3105 1974 loca
3150 1918 3401 1990 petendo
3441 1934 3600 1990 quaa-

1952 2006 2200 2064 sivistis.
2274 2030 2283 2035 σ

2019 2097 2141 2151 103.
2177 2096 2433 2169 Repente
2460 2097 2660 2168 itaque
2689 2096 2842 2153 inter
2861 2112 3066 2153 omnes
3086 2096 3295 2170 ingens
3314 2096 3599 2171 gaudium

1947 2185 2242 2241 exoritur:
2276 2186 2593 2242 advocatur
2617 2186 2866 2253 Justus;
2898 2185 3059 2242 venit
3104 2184 3299 2242 illico:
3343 2186 3595 2241 adventu

1948 2290 2191 2330 suorum
2221 2275 2493 2347 lacrymae
2525 2275 2762 2342 obortae,
2787 2273 2942 2330 datis
2964 2274 3116 2329 inter
3135 2289 3199 2330 se
3225 2272 3597 2346 acceptisque

1948 2364 2187 2420 dextris.
2242 2364 2367 2420 Non
2443 2363 2617 2437 longo
2694 2363 2978 2436 temporis
3053 2363 3204 2419 facto
3267 2361 3596 2430 intervallo,

1948 2470 2019 2508 ne
2045 2454 2186 2524 quid
2216 2452 2588 2521 insidiarum,
2620 2451 2851 2508 diabolo
2898 2450 3157 2520 fallente,
3205 2450 3320 2507 nisi
3362 2468 3498 2508 cum
3536 2455 3594 2507 S.

1947 2541 2192 2597 Joannis
2249 2542 2487 2598 brachio
2543 2541 2945 2598 sacratissimo
3018 2540 3345 2613 periculum
3413 2540 3598 2610 ﬁeret,

1949 2635 2298 2702 remaneret,
2354 2630 2474 2686 itur
2528 2630 2588 2685 in
2645 2628 2913 2697 ecclesia,
2968 2628 3121 2685 ﬁunt
3175 2644 3397 2702 preces,
3439 2629 3602 2685 fraus

1950 2719 2136 2787 nulla,
2162 2719 2391 2776 nullum
2422 2718 2639 2776 diaboli
2671 2717 3035 2792 praestigium
3062 2717 3154 2775 vel
3184 2718 3422 2792 signum
3455 2720 3510 2775 in
3534 2735 3602 2776 eo

1950 2808 2335 2882 intelligitur:
2394 2808 2531 2864 inde
2589 2807 2860 2864 monachi
2919 2808 3036 2864 laeti
3088 2824 3313 2864 omnes.
3362 2811 3601 2865 Justum

1951 2898 2154 2971 paucis
2220 2898 2402 2953 abbas
2460 2897 2766 2953 hortatur:
2831 2897 3003 2953 Tanti
3064 2895 3353 2963 beneﬁcii,
3411 2897 3599 2965 Juste,

1951 3003 2171 3059 vosque
2201 2987 2419 3059 pariter
2455 3004 2679 3055 omnes,
2714 2986 2788 3054 si,
2838 2988 2903 3041 ut
2932 2989 3095 3059 puto,
3139 2985 3250 3042 viri
3280 2985 3599 3043 Christiani

1952 3076 2134 3143 eritis,
2172 3076 2353 3141 domi,
2386 3075 2546 3145 foris,
2608 3076 2784 3131 rebus
2840 3074 3094 3148 publicis
3148 3078 3207 3131 et
3259 3074 3504 3148 privatis
3545 3079 3603 3132 et

1953 3165 2241 3237 quidquid
2268 3181 2439 3221 casus
2461 3164 2735 3235 evenerit,
2764 3181 2869 3221 vos
2895 3180 3200 3236 nunquam
3241 3164 3362 3221 fore
3390 3164 3599 3223 imme-

1952 3270 2145 3310 mores
2178 3253 2324 3308 mibi
2366 3254 2726 3325 persuadeo:
2760 3268 2832 3308 ne
2861 3251 3010 3323 sitis,
3044 3268 3164 3308 oro.
3196 3252 3365 3320 Nam,
3394 3256 3459 3309 ut
3486 3251 3602 3309 alia

1951 3341 2235 3398 beneﬁcia
2256 3342 2545 3410 omittam,
2571 3358 2699 3413 quae
2721 3341 3006 3396 Dominus
3023 3339 3055 3395 J
3062 3356 3199 3396 esus
3223 3354 3327 3411 per
3339 3339 3600 3414 Virginis

1952 3431 2145 3487 Mariae
2169 3436 2226 3487 et
2243 3435 2299 3486 S.
2318 3430 2561 3487 Joannis
2582 3429 2790 3486 merita
2812 3429 2872 3483 in
2893 3428 3052 3484 hunc
3073 3428 3300 3501 operari
3321 3428 3600 3501 dignatus

1953 3526 2080 3577 est:
2115 3521 2223 3577 hoc
2270 3520 2415 3576 mihi
2476 3524 2533 3575 et
2588 3518 2884 3586 omnibus,
2944 3517 3044 3590 qui
3101 3533 3314 3574 sanum
3364 3518 3602 3591 sapiunt

1953 3608 2336 3678 intellectum,
2397 3607 2723 3664 maximum
2780 3606 3031 3674 videtur,
3089 3609 3148 3661 et
3202 3610 3291 3663 est
3318 3608 3600 3679 profecto,

1952 3716 2086 3755 eum
2118 3698 2308 3754 solum
2342 3697 2444 3753 tali
2474 3702 2756 3768 tantoque
2785 3693 3001 3751 diaboli
3050 3695 3252 3751 morbo
3300 3696 3597 3765 aﬁ‘ectum,

1953 3806 2069 3860 quo
2084 3787 2229 3842 nihil
2254 3788 2343 3859 pej
2352 3805 2443 3854 us,
2467 3791 2553 3842 tot
2573 3790 2769 3842 tantas
2788 3784 3074 3841 lustrasse
3095 3783 3382 3856 regiones,
3396 3789 3483 3842 tot
3496 3801 3602 3859 per

1952 3876 2079 3933 loca
2097 3876 2255 3932 invia
2276 3880 2333 3932 et
2350 3876 2651 3948 incognita
2672 3874 2888 3930 adiisse
2908 3871 3179 3945 populos,
3212 3874 3451 3931 demum
3477 3874 3602 3931 haec

1953 3966 2214 4023 saltuosa
2244 3970 2301 4021 et
2331 3966 2515 4021 ardua
2543 3964 2785 4037 petiisse
2812 3961 3167 4019 incolumem
3198 3966 3255 4019 et
3301 3980 3598 4021 securum.

2025 4056 2147 4109 104.
2182 4053 2389 4109 Multos
2422 4051 2727 4109 daemoniis
2785 4050 3035 4123 aliisque
3092 4051 3315 4108 morbis
3345 4052 3600 4124 pessime

1953 4144 2187 4200 affectos
2216 4142 2332 4198 huc
2365 4140 2737 4197 contendisse
2767 4140 3046 4199 memini:
3076 4137 3190 4216 :sed
3239 4140 3378 4198 huic
3408 4138 3600 4197 simile

1953 4249 2058 4287 nec
2091 4232 2283 4288 audivi
2333 4247 2617 4302 unquam,
2677 4245 2784 4286 nec
2812 4229 2952 4286 vidi.
3005 4230 3306 4299 Quocirca,
3341 4245 3447 4285 nec
3478 4245 3599 4285 me-

1953 4320 2140 4376 moria
2169 4323 2359 4376 vestra
2391 4320 2511 4375 haec
2553 4318 2846 4388 excidant,
2893 4319 3264 4376 vehementer
3307 4335 3469 4392 rogo.
3511 4320 3602 4375 Tu

1951 4427 2106 4478 vero,
2138 4409 2324 4475 Juste,
2355 4407 2620 4480 posthac,
2680 4412 2977 4479 utcunque
3033 4409 3269 4465 fortuna
3306 4406 3599 4478 ceciderit,

1955 4500 2054 4572 qui
2086 4499 2193 4553 tibi
2216 4515 2389 4554 casus
2420 4502 2586 4553 atrox
2614 4500 2671 4552 et
2702 4497 2917 4568 malus,
2949 4514 3126 4569 quem
3154 4498 3329 4553 Jesus
3359 4499 3598 4565 avertat,

175 4598 390 4668 doque
420 4593 699 4651 laturum.
733 4594 878 4650 Cum
926 4593 1109 4666 igitur
1153 4593 1312 4648 domi
1360 4592 1616 4663 forisque
1646 4599 1749 4662 pro
1781 4607 1843 4647 se
1872 4608 1920 4674 D
1954 4588 2225 4653 evenerit,
2259 4586 2453 4642 nullas
2483 4587 2544 4641 in
2568 4590 2749 4674 Deum
2768 4601 2937 4641 voces
2958 4586 3264 4674 indecoras
3292 4584 3432 4640 edas
3450 4599 3470 4674 Δς
3496 4584 3600 4640 sed

176 4686 450 4758 quisque
472 4700 605 4739 cum
629 4682 860 4739 diabolo
881 4683 1100 4739 orando
1115 4687 1381 4753 certaret,
1396 4682 1632 4736 tandem
1650 4680 1843 4735 Domi-

175 4793 293 4832 nus
327 4776 515 4831 Jesus
545 4791 867 4845 pauperum
900 4773 1366 4845 deprecationem
1413 4770 1749 4839 exaudiens,
1782 4770 1840 4824 S.

170 4864 441 4920 Joannis
473 4864 746 4935 precibus
779 4863 995 4917 factum
1027 4866 1117 4918 est
1173 4864 1237 4917 ut
1286 4880 1319 4915 a
1364 4859 1593 4915 diabolo
1624 4877 1737 4914 non
1770 4859 1840 4913 ad

168 4959 453 5027 tempus,
482 4956 547 5007 ut
576 4951 690 5007 alia
720 4967 971 5023 semper,
1005 4951 1105 5006 sed
1154 4954 1434 5022 perpetuo
1484 4950 1690 5005 Justus
1723 4946 1839 5016 ille,

170 5041 501 5099 monachis
531 5041 708 5097 etiam
741 5040 1109 5110 absentibus,
1140 5043 1197 5095 et
1237 5039 1561 5106 orantibus,
1594 5038 1840 5093 munda-

166 5137 372 5189 retur.
408 5130 557 5186 Hinc
588 5147 765 5203 quam
810 5128 1053 5185 Domino
1082 5128 1219 5185 Jesu
1255 5145 1426 5185 carus
1452 5131 1843 5199 acceptusque

172 5222 378 5277 fuerit
424 5220 683 5277 Joannes
731 5219 1167 5288 sanctissimus,
1214 5217 1525 5272 admiratio
1577 5215 1839 5271 omnium

164 5312 524 5368 testabatur
550 5326 563 5365 :
594 5325 726 5365 cum
748 5308 884 5364 inde
906 5309 1019 5379 [ad]
1045 5307 1465 5363 monasterium
1487 5305 1845 5361 contendens

165 5401 407 5457 Justus
435 5399 533 5455 ille
559 5398 802 5455 Joannis
836 5396 1203 5453 sanctitatem
1234 5395 1528 5451 laudando
1560 5394 1632 5449 ad
1655 5393 1847 5449 sidera

164 5489 516 5547 extolleret.
1461 5462 1504 5495 ”

249 5579 397 5633 162.
432 5579 537 5633 Vix
566 5576 989 5633 monasterium
1040 5576 1315 5631 omnibus
1363 5572 1495 5627 aliis
1537 5571 1728 5627 favore
1756 5572 1844 5625 in-

165 5667 479 5743 gentique
500 5666 713 5740 gaudio
734 5666 957 5739 passim
980 5661 1688 5735 comitantibus,petierat,
1713 5677 1847 5717 cum

1953 4681 2010 4733 te
2056 4676 2235 4732 talem
2280 4674 2506 4745 exhibe,
2571 4679 2635 4729 ut
2703 4673 2952 4741 labores,
3010 4672 3256 4741 inediae,
3305 4671 3600 4728 cruciatus

1955 4783 2158 4821 omnes
2189 4769 2425 4837 propter
2452 4768 2676 4832 Jesum,
2709 4761 2810 4832 qui
2841 4765 2897 4817 te
2942 4760 3297 4818 intolerabili
3335 4760 3598 4818 cruciatu

1954 4861 2009 4911 et
2039 4854 2383 4927 turpissima
2407 4851 2597 4908 crucis
2622 4855 2808 4908 morte
2833 4851 3099 4920 redemit,
3155 4850 3401 4908 tolerare
3429 4850 3595 4907 velis.

1954 4945 2057 5001 Cui
2087 4944 2183 5000 ille
2207 4964 2221 4998 :
2255 4943 2531 4999 Mandata
2546 4941 2641 4997 Dei
2661 4940 3101 5014 omnipotentis,
3122 4945 3408 5014 quantum
3429 4940 3490 4997 in
3504 4957 3598 4996 me

1951 5034 2061 5090 erit
2084 5032 2301 5101 studio,
2317 5031 2514 5088 labore
2536 5031 2745 5087 tenebo
2766 5031 3205 5104 observaboque
3220 5046 3233 5087 :
3249 5029 3437 5087 sancti
3460 5045 3597 5086 vero

1951 5122 2198 5180 Joannis
2227 5120 2509 5177 beneﬁcia
2529 5120 2589 5175 in
2611 5121 2802 5193 corde,
2827 5121 2886 5175 in
2908 5137 3027 5189 ore,
3052 5120 3110 5175 in
3134 5118 3342 5190 oculis,
3365 5134 3599 5190 semper

1952 5213 2223 5278 habeam,
2249 5210 2486 5266 curabo.
2516 5210 2695 5266 Vobis
2726 5227 2858 5267 vero
2889 5226 2992 5282 pro
3021 5213 3204 5279 tanta,
3246 5226 3365 5281 qua
3410 5208 3471 5263 in
3503 5223 3600 5263 me

1954 5302 2044 5359 usi
2077 5300 2240 5369 estis,
2273 5298 2633 5372 benignitate
2665 5304 2722 5356 et
2752 5299 3082 5370 clementia,
3111 5297 3400 5355 Dominus
3424 5296 3598 5354 Jesus

1954 5390 2195 5464 praemia
2225 5389 2403 5461 digna
2434 5388 2599 5445 ferat.
2636 5389 2772 5444 Inde
2830 5405 3051 5444 omnes.
3114 5404 3180 5444 se
3220 5387 3471 5461 benigne
3504 5403 3599 5443 ac-

1956 5484 2152 5552 ceptos
2179 5478 2386 5549 [fuisse
2406 5477 2651 5548 testati,]
2673 5476 2892 5550 gratias
2921 5481 3124 5550 agunt,
3151 5481 3209 5534 et
3235 5477 3297 5533 in
3324 5477 3598 5551 patriam,

1953 5571 2230 5625 virtutem
2260 5566 2505 5623 Joannis
2552 5565 2909 5621 sanctissimi
2958 5566 3176 5639 ubique
3217 5565 3600 5640 praedicantes

1956 5664 2012 5716 et
2043 5655 2403 5727 extollentes,
2437 5655 2782 5722 concedunt,
