4002 6170
349 284 499 369 εςεςδὲ

394 466 401 475 .
1016 421 1192 476 PARS
1234 422 1325 477 lX.

430 511 533 566 105
560 510 875 566 Plebanum
910 512 1224 579 quemdam
1256 513 1311 567 S.
1340 512 1583 567 Joannis
1605 514 1800 584 oppidi
1825 513 1995 588 (102),

358 603 416 657 ἱη
447 599 764 671 superioris
792 599 926 654 Arni
956 600 1115 659 Valle
1148 604 1266 671 siti,
1301 607 1535 673 captum
1572 620 1604 657 a
1633 604 1894 662 daemone
1924 608 1996 662 ad

355 692 465 747 hoc
495 694 549 743 S.
586 689 778 744 Mariae
810 694 1232 749 monasterium
1264 694 1521 749 vinctum
1553 697 1725 764 atque
1748 700 1998 754 tractum

356 779 708 850 accepimus.
743 778 1088 837 Sciscitante
1120 783 1299 854 igitur
1348 782 1648 838 sacerdote
1694 788 1997 854 monacho,

355 869 577 925 caeteris
610 874 766 925 metu
802 872 1096 942 percussis
1125 892 1136 929 :
1173 874 1334 929 Unde
1367 874 1486 931 haec
1518 874 1619 928 tibi
1668 875 1932 947 audacia,
1967 896 1998 934 o

355 956 605 1024 daemon,
657 960 763 1030 [ut]
817 960 1241 1033 presbyterum,
1293 966 1473 1023 sacris
1535 968 1853 1039 imbutum,
1890 971 1999 1024 Deo

354 1053 637 1120 praesente
669 1049 1005 1106 otferentem
1038 1052 1412 1117 sacrificium,
1438 1057 1662 1129 ingredi
1686 1058 1768 1113 sis
1796 1074 1996 1113 ausus.

352 1137 455 1192 Cui
481 1138 707 1193 daemon
730 1138 920 1210 [dixit]
943 1140 1085 1195 satis
1108 1141 1271 1196 illum
1294 1143 1391 1197 diu
1416 1161 1516 1215 per
1537 1146 1833 1201 licentiam
1852 1150 1999 1201 nutu

353 1225 569 1292 divino,
595 1225 952 1282 facinoribus
981 1228 1257 1285 omnibus
1289 1238 1625 1302 coapertum
1652 1234 1958 1305 pertulisse
1982 1251 1996 1302 ;

354 1330 415 1370 se
433 1332 588 1369 nunc
610 1314 682 1370 ob
705 1314 949 1387 furtum,
973 1316 1146 1388 paulo
1167 1323 1300 1374 ante
1324 1320 1381 1373 in
1406 1322 1463 1375 S.
1489 1322 1671 1378 Maria
1692 1340 1837 1378 nova
1853 1323 1998 1394 (163)

354 1404 429 1458 ha
454 1404 465 1457 l
501 1402 699 1474 inique
730 1408 1146 1475 perpetratum,
1176 1424 1288 1461 non
1319 1413 1383 1463 ut
1405 1411 1789 1481 sacerdotem,
1814 1413 1913 1466 sed
1938 1415 2003 1467 ut

352 1508 604 1562 nequam
635 1496 970 1565 tetrumque
1001 1494 1296 1551 hominem
1329 1498 1647 1569 possidere.
1704 1500 1804 1555 Ille
1844 1500 2001 1556 enim

356 1585 507 1635 recte
538 1580 753 1636 dicitur
782 1584 1072 1650 sacerdos,
1098 1586 1197 1655 qui
1231 1603 1311 1651 se,
1342 1592 1405 1641 ut
1434 1590 1792 1644 sacerdotem
1817 1591 1999 1659 decet,

353 1669 537 1741 gerit;
572 1670 671 1725 ubi
703 1670 857 1725 enim
889 1689 921 1726 a
950 1672 1369 1753 bonobomine
1400 1677 1822 1733 consuetudine
1850 1678 2003 1733 mala

354 1759 413 1813 in
445 1775 687 1830 pravum
722 1759 1104 1826 abstrahitur,
1160 1763 1376 1818 desinit
1423 1781 1549 1820 esse
1580 1767 1870 1821 sacerdos.
1902 1770 2003 1824 Est

353 1846 508 1902 enim
543 1847 863 1902 sacerdotis
895 1847 1267 1920 sacrilegium
1292 1867 1482 1923 agere,
1509 1852 1828 1925 altarisque
1850 1855 2003 1911 dona

352 1934 584 2003 furtive,
618 1934 860 2005 clamve,
893 1934 982 1990 vel
1016 1938 1221 2007 quovis
1253 1941 1424 1996 modo
1449 1940 1737 2013 diripere?
1759 1943 2004 2015 Moxque

352 2023 504 2079 male
537 2024 731 2079 ablata
762 2024 821 2078 in
854 2041 1028 2080 suum
1062 2027 1331 2083 restituat
1362 2029 1577 2100 locum,
1610 2032 2003 2104 deincepsque

350 2115 549 2167 caveat
576 2130 587 2179 ;
622 2129 728 2167 nos
756 2129 888 2168 vero
920 2113 1044 2170 sine
1074 2117 1317 2186 strepitu
1350 2118 1572 2189 absque
1604 2137 1838 2177 rumore
1884 2122 2002 2178 ullo

348 2199 461 2256 alio
493 2202 933 2258 contendemus.
965 2203 1020 2257 Si
1056 2204 1253 2260 minus
1283 2211 1575 2263 certamen
1626 2209 1686 2263 in
1719 2226 1826 2266 nos
1874 2228 2002 2282 pre-

348 2306 560 2362 cesque
591 2291 920 2347 funduntur
950 2294 1270 2350 incassum.
1297 2300 1443 2369 Ergo
1468 2315 1579 2352 non
1612 2316 1786 2366 unus,
1814 2299 1893 2355 ait
1914 2317 2004 2355 sa-

350 2379 572 2449 cerdos,
607 2381 707 2433 sed
740 2379 938 2451 plures
970 2383 1131 2439 estis.

425 2468 548 2520 106.
581 2467 731 2521 Tum
762 2468 990 2524 damon
1022 2471 1320 2542 conticuit,
1355 2490 1461 2530 nec
1493 2475 1645 2530 ultra
1668 2477 1738 2531 ab
1772 2477 1898 2548 ipso
1916 2495 2004 2533 sa-

356 2556 559 2609 cerdos
592 2556 915 2612 monachus
947 2558 1218 2628 precibus
1249 2560 1333 2615 vel
1362 2562 1411 2615 vi
1437 2563 1675 2617 verbum
1703 2564 1889 2619 ullum
1912 2582 2006 2620 va-

354 2643 466 2697 luit
494 2641 868 2713 exsculpere:
918 2662 983 2701 eo
1036 2662 1156 2701 rem
1207 2647 1481 2705 diremit:
1538 2652 2002 2721 coujurationem

355 2748 489 2786 vero
522 2731 581 2785 in
605 2730 758 2786 diem
782 2737 1083 2804 posterum
1111 2738 1317 2791 statuit
1338 2738 1589 2794 differre.
1616 2741 1854 2796 Interim
1877 2741 2003 2812 ipse

362 2837 539 2891 quam
571 2820 825 2876 maxime
856 2824 1098 2892 occulte,
1133 2830 1196 2880 ut
1224 2825 1530 2897 religiosus
1550 2827 1679 2885 talis
1703 2830 1893 2901 negoti
1912 2848 2002 2886 ar-

361 2908 520 2974 tifex,
553 2926 675 2964 rem
703 2926 736 2964 a
764 2909 1032 2980 plebano,
1067 2917 1129 2968 ut
1175 2914 1445 2970 diabolus
1495 2917 1735 2989 dixerat,
1760 2919 1845 2974 ita
1874 2937 2004 2976 esse

358 2997 662 3069 cognovit:
690 3014 865 3068 quem
884 2999 976 3055 his
998 3002 1185 3057 verbis
1200 3002 1492 3076 castigans
1515 3005 1629 3061 ait:
1652 3008 1759 3062 llal
1782 3008 2000 3077 infelix,

357 3100 476 3155 qua
507 3085 751 3140 audacia
780 3086 901 3142 haec
932 3088 1214 3145 nefariam
1242 3095 1466 3149 tentare
1487 3094 1741 3167 voluisti,
1764 3113 1898 3152 cum
1921 3098 2003 3155 sis

356 3173 449 3245 ipe
482 3174 797 3229 sacerdos?
828 3174 970 3230 Vide
1002 3178 1240 3248 posthac
1272 3198 1473 3238 caveas
1506 3200 1579 3239 ne
1628 3184 1760 3240 aliis
1808 3188 2003 3259 majus
2035 3157 2077 3223 Ο

356 3261 681 3318 atrociusve
710 3263 781 3318 de
811 3268 867 3319 te
897 3266 1228 3339 exemplum
1290 3270 1478 3326 detur.
1524 3273 1773 3329 Additur
1812 3277 2006 3332 verbis

354 3349 705 3407 miraculum
734 3368 745 3406 :
782 3352 881 3424 qui
914 3354 1070 3410 enim
1102 3361 1330 3428 captus,
1354 3363 1589 3431 totoque
1616 3378 1853 3433 corpore
1880 3366 2005 3420 vin-

353 3444 479 3493 ctus
511 3438 625 3494 huc
647 3443 1054 3511 contenderat,
1091 3445 1228 3500 data
1260 3446 1393 3514 fide,
1443 3449 1732 3521 quidquid
1765 3452 2006 3525 indigne

354 3527 695 3597 abstulerat,
730 3531 1120 3602 redditurum,
1154 3534 1585 3607 honestumque
1634 3538 1836 3609 [quod]
1860 3541 2006 3597 foret

356 3615 598 3691 posthac
630 3617 943 3688 facturum,
976 3621 1125 3677 liber
1154 3622 1584 3696 incolumisque
1604 3643 1736 3681 cum
1762 3629 1885 3685 suis
1908 3631 2005 3685 do-

357 3720 519 3762 mum
541 3707 825 3764 concessit
847 3709 1143 3781 propriam
1170 3727 1181 3764 :
1204 3712 1394 3767 adhuc
1411 3712 1585 3769 etiam
1610 3714 2003 3787 illum,quem-

359 3812 473 3867 praa
503 3814 565 3853 se
595 3798 835 3865 ferebat,
868 3796 928 3851 in
960 3796 1120 3853 vultu
1155 3804 1211 3853 et
1243 3800 1386 3855 facie
1428 3818 1667 3857 servans
1699 3804 2001 3875 pallorem.

432 3886 551 3941 107.
577 3886 661 3940 Ex
690 3884 927 3940 Aretina
958 3887 1189 3942 civitate
1222 3905 1531 3961 germanos
1583 3896 1721 3959 tres,
1754 3910 2004 3964 quorum

356 3991 541 4029 unum
574 3991 607 4029 a
637 3974 923 4029 daemonio
955 3980 1193 4047 captum
1225 3978 1530 4033 constabat
1593 3981 1757 4048 satis,
1808 3982 1915 4037 hoc
1944 3988 1998 4039 S.

358 4062 553 4118 Marias
604 4063 1025 4118 monasterium
1076 4064 1291 4121 adiisse
1343 4068 1695 4138 accepimus.
1720 4072 2003 4127 Caeterum

355 4166 540 4220 operae
556 4150 809 4221 pretium
832 4154 938 4216 est,
960 4151 1174 4221 quibus
1196 4154 1736 4225 artibus,quibusve
1761 4159 2005 4216 fallaciis

355 4237 626 4293 diabolus
658 4238 905 4295 miseros
938 4240 1212 4297 mortales
1255 4243 1579 4301 subducere
1624 4251 1824 4317 tentet,
1871 4250 2005 4304 dili-

354 4329 557 4399 genter
587 4327 900 4383 advertere.
922 4329 1067 4383 Nam
1091 4346 1223 4385 cum
1251 4330 1439 4403 prima
1461 4336 1864 4405 conjuratione
1887 4340 2006 4396 dis-

355 4431 586 4471 cessum
621 4433 783 4472 more
808 4434 913 4473 suo
946 4418 1252 4475 simularet
1286 4421 1534 4490 daemon,
1580 4425 1689 4479 etsi
1740 4443 1773 4480 a
1802 4444 2003 4484 mona-

1408 291 1469 350 S.
1516 290 1839 351 JOANNIS
1888 288 2331 352 GUALBERTI
2377 291 2708 353 ABBATIS

3638 287 3751 346 85’)

2027 427 2082 489 Α
2110 422 2378 494 spinetis,
2403 424 2619 495 quibus
2642 423 2760 478 haec
2778 422 2903 478 loca
2922 420 3142 493 passim
3169 419 3492 487 abundant,
3513 416 3753 476 minime

2108 511 2396 584 impediri.
2430 512 2574 568 Nam
2608 530 2720 568 non
2758 517 2913 567 recto
2936 511 3188 577 tramite,
3224 510 3324 565 sed
3355 525 3457 581 per
3477 508 3644 563 devia
3666 510 3746 565 in-

2110 600 2265 657 culta
2294 601 2669 673 saltuosaque
2698 602 2821 657 loca
2851 600 3069 657 cursim
3102 600 3211 654 iter
3241 598 3591 670 arripuerat.

2184 692 2303 745 108.
2336 690 2754 746 Cunctantibus
2786 690 2929 756 suis,
2964 704 3218 760 eumque
3264 704 3564 758 nusquam
3609 704 3741 758 gen-

2108 783 2255 834 tium
2288 780 2746 851 (exploraverant
2779 779 2934 833 enim
2963 778 3160 833 omnia
3215 775 3547 849 diligenter)
3594 792 3744 847 repe-

2110 869 2433 937 rientibus;
2467 886 2589 924 rem
2622 870 2705 924 uti
2740 873 2880 933 erat,
2914 868 3167 939 [nempe]
3200 867 3396 937 ipsum
3432 882 3612 937 quam
3659 883 3743 919 ra-

2111 959 2253 1029 ptim
2283 961 2480 1030 fugam
2516 976 2772 1030 parasse,
2807 973 3147 1030 persensere
3175 956 3433 1010 tandem.
3469 956 3546 1009 Eo
3596 971 3743 1025 expe-

2110 1049 2239 1117 diti,
2271 1066 2435 1103 arma
2463 1048 2723 1103 celeriter
2752 1050 3027 1118 arripere,
3059 1046 3167 1100 etsi
3202 1062 3314 1100 nox
3368 1044 3739 1110 tenebrosior,

2111 1137 2300 1208 solito,
2333 1138 2414 1203 id,
2446 1138 2601 1207 quod
2633 1136 2781 1191 lucis
2812 1152 2939 1191 esse
2962 1138 3170 1207 potest,
3192 1133 3335 1188 cmlo
3360 1132 3623 1203 undique
3646 1150 3743 1186 nu-

2112 1227 2282 1281 bibus
2299 1228 3032 1298 obscuro,negaret,tamen
3050 1226 3195 1279 Jesu
3210 1221 3550 1295 Virginique
3565 1223 3743 1276 Maria:

2112 1316 2284 1370 matri
2315 1316 2443 1386 ejus
2476 1332 2545 1370 ex
2574 1314 2799 1370 intimis
2845 1314 3037 1369 cordis
3083 1312 3142 1367 in
3185 1328 3245 1367 re
3296 1316 3419 1367 tam
3468 1311 3647 1365 atroci
3691 1329 3745 1367 se

2111 1405 2608 1474 commendantes,
2642 1404 2736 1459 alii
2756 1404 2887 1470 alio,
2916 1419 3030 1475 quo
3052 1402 3161 1457 sibi
3178 1400 3599 1473 persuaderent
3620 1417 3744 1455 eum

2111 1492 2390 1563 tenuisse,
2423 1497 2588 1548 nocte
2618 1498 2737 1547 tota
2768 1491 3029 1563 palantes
3085 1494 3487 1560 errantesque,
3551 1505 3742 1543 nemus

2112 1599 2284 1638 omne
2317 1581 2573 1653 undique
2602 1581 2939 1637 lustravere.
2970 1580 3149 1652 Igitur
3192 1579 3380 1652 primo
3414 1593 3589 1633 mane
3616 1578 3740 1646 (non

2113 1672 2239 1727 sine
2269 1671 2509 1727 numine
2542 1671 2737 1725 divino
2769 1671 2987 1741 actum)
3018 1668 3259 1741 quidam
3290 1685 3359 1723 ex
3390 1667 3463 1722 iis
3496 1668 3556 1723 S.
3591 1665 3746 1721 llilla-

2113 1778 2243 1815 rum
2276 1761 2448 1831 (164),
2480 1760 2658 1831 hujus
2682 1761 2737 1815 S.
2760 1759 2953 1814 Maria:
2970 1757 3305 1813 monasterii
3329 1756 3525 1812 locum
3558 1771 3742 1828 penes,

2110 1850 2356 1905 errando
2388 1853 2684 1921 vagantes,
2720 1848 3004 1904 rusticum
3037 1846 3353 1918 quemdam
3373 1844 3615 1901 obvium
3647 1844 3743 1898 ha-

2110 1940 2307 2005 buere,
2342 1939 2441 2010 qui
2475 1938 2820 1993 necessitate
2851 1942 3093 2009 urgente
3118 1940 3250 1991 ante
3272 1934 3460 1991 lucem
3488 1934 3598 1989 iter
3618 1949 3742 2005 pou-

2110 2032 2227 2083 tem
2259 2027 2568 2099 Arrignani
2593 2028 2781 2097 juxta,
2816 2026 2913 2081 ubi
2950 2024 3129 2080 miser
3160 2024 3254 2080 ille
3284 2023 3519 2079 insania
3546 2024 3744 2078 ductus

2110 2115 2483 2172 volutabatur
2525 2116 2741 2183 arenis,
2789 2114 3013 2170 habuit.
3066 2114 3219 2177 Quos
3266 2117 3531 2167 errantes
3579 2111 3746 2166 armis

2112 2211 2244 2261 ante
2276 2205 2428 2260 diem
2462 2205 2783 2270 admirans,
2812 2204 3047 2260 horrore
3080 2203 3354 2274 perfusus
3386 2200 3619 2272 inquit:
3660 2200 3751 2254 Eia

2113 2311 2230 2365 quo
2261 2294 2632 2349 tenetisiter?
2656 2293 2757 2347 llic
2781 2291 3300 2364 repentinus,citus
3320 2294 3752 2360 nocturnusque

2114 2400 2323 2439 cursus
2353 2384 2492 2455 quid
2512 2383 2667 2451 velit,
2694 2383 2741 2437 si
2770 2382 2948 2437 menti
2973 2387 3084 2449 est,
3110 2380 3420 2435 declarate.
3443 2378 3555 2433 Vix
3580 2394 3755 2450 pauca

2114 2472 2234 2527 haec
2262 2472 2366 2542 illi,
2400 2477 2683 2527 nocturno
2717 2472 2914 2527 labore
2945 2471 3274 2542 diurnoque
3304 2468 3508 2525 dolore
3549 2467 3748 2536 affecti,

2115 2562 2343 2617 dedere.
2376 2562 2477 2615 Hei
2507 2561 2753 2617 miseros
2784 2560 3354 2631 infelicesquesupra
3374 2574 3584 2613 omnes
3607 2572 3753 2611 mor-

2114 2650 2292 2706 tales!
2331 2668 2436 2705 nos
2468 2667 2835 2721 germanum,
2870 2668 2904 2705 a
2928 2650 3215 2705 daemonio
3245 2653 3507 2719 captum,
3542 2645 3641 2717 qui
3671 2646 3753 2699 in-

2114 2744 2281 2795 caute
2311 2756 2343 2794 a
2376 2740 2543 2795 nobis
2573 2756 2642 2794 ex
2671 2738 2851 2794 Vallis
2879 2738 3177 2794 Umbrosae
3211 2735 3569 2792 monasterio
3596 2734 3753 2797 abiit,

2114 2845 2319 2885 somno
2344 2828 2774 2898 itineribusque
2805 2827 3146 2900 asperrimis
3173 2826 3636 2891 attriti,errando
3659 2840 3755 2896 per

2114 2917 2240 2973 loca
2270 2918 2421 2973 invia
2437 2916 2772 2987 sequimur;
2799 2933 2913 2988 quo
2939 2916 3103 2971 iverit
3123 2914 3465 2987 ignoramus
3489 2913 3751 2986 penitus:

2113 3006 2195 3062 ita
2218 3007 2375 3061 enim
2406 3005 2580 3061 variis
2612 3005 2771 3060 curis
2799 3003 3310 3075 anxietatibusque
3338 3001 3651 3071 efﬁcimur,
3692 3004 3754 3055 ut

2114 3111 2357 3165 prorsus
2389 3094 2570 3149 nostri
2604 3092 2765 3148 obliti
2800 3092 3007 3149 simus.

2187 3183 2311 3237 109.
2342 3184 2414 3237 At
2443 3180 2545 3237 ille
2573 3182 2844 3236 eumdem
2886 3196 3015 3237 esse
3056 3179 3421 3249 existimans,
3476 3194 3641 3250 quem
3691 3176 3749 3231 in

2115 3287 2290 3326 arena
2322 3269 2678 3326 volutantem
2710 3269 3030 3338 invenerat,
3050 3269 3275 3341 inquit:
3319 3268 3402 3323 Ne
3460 3264 3750 3339 paveatis;

2115 3360 2322 3415 fortem
2358 3359 2618 3413 animum
2652 3359 2866 3430 geratis
2890 3375 2989 3413 oro
3022 3384 3036 3426 ς
3067 3358 3269 3413 sciatis
3299 3358 3637 3423 Jesum,me
3662 3372 3759 3409 su-

2115 3448 2505 3520 perveniente,
2537 3464 2638 3502 vos
2670 3447 3011 3519 respexisse.
3064 3447 3209 3502 Nam
3258 3447 3516 3518 profecto
3560 3447 3611 3499 is
3649 3449 3753 3509 est,

2114 3553 2287 3608 quem
2322 3535 2493 3607 paulo
2521 3541 2653 3591 ante
2676 3536 2734 3591 in
2759 3536 2951 3592 littore
2972 3540 3209 3609 pontem
3232 3552 3412 3608 prope
3433 3535 3754 3608 projectum

2113 3626 2331 3696 reperi:
2362 3643 2497 3681 eum
2528 3625 2685 3681 enim
2734 3642 2868 3681 cum
2912 3625 3245 3691 adivissem,
3305 3624 3498 3680 insani
3551 3622 3754 3695 capitis

2114 3714 2381 3785 quaedam
2415 3720 2541 3769 tum
2574 3730 2743 3786 agere
2781 3720 2908 3768 tum
2953 3713 3164 3769 dicere.
3220 3716 3271 3768 Is
3324 3722 3414 3769 est
3462 3712 3747 3785 profecto:

2114 3803 2407 3874 quacirca,
2443 3804 2490 3858 si
2526 3802 2731 3874 placet,
2782 3804 2895 3858 duc
2944 3820 3049 3858 nos
3093 3803 3163 3857 ad
3197 3819 3365 3858 eum:
3394 3801 3505 3857 loci
3534 3802 3747 3856 enimet

2113 3893 2338 3948 itineris
2352 3891 2584 3965 penitus
2607 3892 2817 3963 ignari,
2838 3908 2954 3963 quo
2970 3892 3323 3947 tendendum
3349 3892 3751 3947 sitnescimus.

2114 3982 2335 4037 Ducam
2368 3981 2631 4051 libenter,
2665 3981 2711 4036 si
2745 3980 2909 4053 prius
2940 3981 3200 4052 corporis
3229 3980 3381 4037 vires
3414 3980 3575 4036 domi
3602 3996 3755 4046 mea,

2115 4088 2241 4141 qua:
2268 4088 2382 4125 non
2411 4069 2581 4141 longe
2613 4070 2810 4138 distat,
2846 4068 3396 4143 redintegraveritis.
3448 4069 3538 4124 Nil
3592 4073 3755 4141 potus

2116 4158 2349 4214 cibusve
2381 4163 2633 4230 saperet,
2669 4158 2779 4213 nisi
2811 4174 3090 4231 germano
3123 4158 3378 4213 invento.
3414 4158 3521 4214 tibi
3565 4164 3758 4213 tamen

2115 4247 2334 4320 gratias
2365 4246 2615 4319 agimus,
2649 4252 2901 4317 orantes,
2935 4251 3189 4319 coeptum
3224 4264 3610 4320 properemus
3636 4248 3760 4312 iter,

2117 4354 2187 4391 ne
2220 4353 2440 4390 moram
2467 4336 2763 4407 agitando,
2796 4335 3031 4391 interim
3066 4336 3283 4408 aliquid
3318 4337 3541 4392 oriatur
3562 4336 3724 4392 mali.

2188 4428 2309 4480 110.
2344 4426 2444 4481 His
2478 4425 2585 4480 iter
2616 4424 3050 4492 festinantibus,
3084 4424 3250 4480 laetus
3282 4426 3347 4481 ﬁt
3378 4426 3614 4481 obviam
3648 4427 3762 4480 fra-

356 4504 481 4560 chis
515 4506 622 4577 [ut]
652 4511 939 4576 caverent,
971 4508 1158 4564 edocti
1188 4511 1410 4581 [essent
1435 4511 1618 4583 socii],
1646 4518 1837 4571 tamen
1864 4516 1924 4571 in
1944 4534 2005 4573 re
2036 4520 2081 4584 D
2114 4518 2220 4570 ter.
2256 4515 2407 4579 Hiin
2455 4514 2903 4569 admirationem
2954 4514 3138 4586 prius,
3201 4513 3336 4569 inde
3384 4514 3443 4569 in
3498 4514 3753 4569 laetitiam

354 4610 562 4665 parum
596 4595 773 4665 cauti,
807 4612 922 4667 quo
952 4597 1143 4663 vellet,
1178 4598 1424 4655 liberum
1467 4600 1549 4657 ire
1591 4604 1998 4673 permiserunt.

356 4683 419 4738 In
443 4681 648 4755 primis
668 4682 1076 4742 lassitudinem
1105 4688 1341 4759 fingere,
1364 4690 1409 4744 si
1436 4691 1568 4761 quis
1592 4695 1788 4747 tamen
1811 4694 2005 4751 obser-

355 4776 533 4839 varet,
569 4771 789 4839 fallere,
820 4773 995 4830 lentis
1025 4777 1307 4848 gradibus
1340 4778 1423 4834 ire
1450 4796 1461 4833 :
1487 4782 1721 4835 demum
1751 4781 2005 4839 ubisuos

358 4863 552 4915 mente
581 4878 714 4915 cum
743 4861 927 4916 oculis
959 4863 1186 4919 deditos
1218 4865 1331 4920 alio
1365 4866 1729 4940 intelligeret,
1785 4874 1842 4923 et
1876 4871 2003 4940 jam

356 4948 615 5005 tenebris
648 4949 953 5020 paululum
1006 4953 1241 5020 exortis,
1295 4971 1362 5008 ex
1412 4956 1735 5027 composito
1768 4958 1905 5014 dare
1943 4959 2002 5014 in

357 5038 533 5108 pedes
566 5042 852 5110 quantum
885 5039 1130 5110 quibat;
1167 5041 1395 5098 frutetis
1426 5060 1559 5100 vero
1590 5046 1885 5103 arbustive
1915 5046 2002 5103 vel

382 5283 392 5295 .
427 5214 899 5296 (16:2)‘0ppidum
927 5217 1036 5296 hoc
1070 5217 1249 5296 situm
1282 5224 1389 5289 est,
1414 5224 1480 5276 ut
1508 5236 1575 5277 ex
1605 5223 1835 5296 mappis
1883 5224 2001 5280 col-

354 5283 492 5361 l_igo,
516 5283 673 5361 inter
695 5283 917 5345 Arnum
942 5289 1275 5361 rivulosque
1304 5283 1385 5346 ex'
1402 5306 1467 5347 eo
1495 5298 1651 5350 ortos
1674 5283 2000 5353 ex‘adverso

354 5356 542 5409 Terrae
568 5359 755 5415 Novae.

426 5427 570 5551 (102)
608 5432 881 5509 Suspicor
928 5431 1085 5487 hunc
1138 5433 1330 5489 locum
1386 5449 1513 5489 esse
1558 5438 1854 5506 eumdem,
1900 5440 1998 5510 qui

455 5516 525 5551 ΗΟ
558 5500 771 5551 dieitur
799 5504 853 5551 S.
887 5503 951 5551 Μ-
988 5506 1229 5551 Nmmllu-
1267 5507 1532 5551 Rilnamm
1579 5513 1667 5551 nat
1716 5509 1867 5551 inlnr
1896 5528 1998 5551 vn-

354 5500 525 5578 vulgo
558 5500 771 5555 dgcitur
799 5503 951 5578 S._1‘ll.
985 5506 1230 5578 Novella,
1266 5507 1532 5578 situsque
1579 5513 1667 5563 est
1716 5500 1867 5565 inter
1896 5500 1999 5567 va-

353 5572 469 5626 rios
499 5587 722 5636 omnes,
764 5573 953 5628 medio
985 5576 1101 5630 fere
1130 5577 1333 5633 itinere
1366 5572 1515 5635 inter
1554 5578 1908 5639 Florentiam
1940 5588 1998 5639 et

2115 4604 2285 4673 versi,
2315 4603 2467 4658 datis
2499 4604 2866 4673 acceptisque
2897 4604 3138 4669 dextris,
3167 4620 3283 4675 prae
3314 4603 3521 4659 laetitia
3566 4616 3747 4673 neque

2112 4692 2401 4765 lacrymas
2431 4696 2628 4747 tenere
2655 4696 2922 4763 poterant
2950 4708 2962 4746 :
2997 4709 3065 4747 ex
3096 4692 3310 4764 quibus
3344 4710 3505 4748 unus
3528 4692 3713 4764 inquit
3733 4708 3752 4745 :

2119 4782 2237 4847 Dic,
2272 4782 2469 4851 frater,
2492 4780 2821 4835 curanobis
2840 4780 3030 4836 abiisti
3050 4781 3076 4837 ‘I
3098 4783 3232 4846 Quae
3248 4786 3301 4836 te
3322 4781 3439 4837 huc
3462 4780 3763 4839 dementia

2114 4870 2304 4925 vexit?
2332 4870 2494 4925 Unde
2518 4870 2636 4924 haec
2666 4869 2935 4925 valetudo
2965 4875 3066 4925 tua
3096 4871 3285 4927 bona?
3316 4870 3481 4927 Unde
3512 4878 3639 4928 tam
3681 4888 3768 4928 re-

2113 4959 2318 5031 pente?
2352 4960 2431 5013 Ex
2458 4958 2597 5013 Jesu
2630 4958 3007 5030 Virginisque
3056 4960 3253 5015 Marias
3299 4964 3356 5015 et
3396 4960 3456 5016 S.
3500 4960 3758 5017 Joannis

2114 5046 2337 5102 meritis
2369 5046 2488 5102 haec
2515 5047 2666 5102 bona
2697 5052 2835 5101 sunt
2878 5049 3095 5117 omnia,
3146 5048 3363 5120 quibus
3414 5065 3508 5105 me
3552 5051 3765 5106 crebro

2112 5224 2439 5281 Volaterras
2452 5268 2464 5280 .

2181 5296 2328 5366 (164)
2362 5297 2548 5352 Locus
2578 5296 2691 5369 hic,
2728 5297 2921 5369 inquit
2960 5297 3224 5355 Lubinns
3254 5298 3314 5353 in
3350 5299 3516 5356 Brevi
3545 5301 3767 5356 notitia

2110 5368 2491 5441 abbatiarum
2522 5368 2696 5423 Italiae
2741 5368 2873 5441 pag.
2912 5370 3221 5441 l70,situs
3269 5375 3359 5425 est
3407 5371 3463 5425 in
3516 5371 3763 5427 dioecesi

2110 5440 2396 5515 Fesulana
2426 5456 2603 5515 prope
2632 5440 3327 5515 antiquum_Arignanum
3354 5443 3413 5499 in
3432 5446 3763 5515 appendice

2109 5512 2347 5582 montis,
2379 5512 2477 5583 qui
2509 5513 2581 5567 ab
2612 5514 2763 5568 Arno
2795 5512 3041 5569 flumine
3072 5512 3337 5570 alluitur.
