4002 6170
177 328 297 391 857

1760 332 1993 394 ACTA.

3461 327 3616 392 858'

176 461 613 532 commendans,
647 468 707 520 et
735 465 950 538 saepius
973 465 1149 531 idem,
1180 462 1411 521 diabolo
1442 463 1691 532 nolente,
1725 465 1816 520 fa-
1843 468 1897 534 Α
1926 468 2093 522 tusve
2119 463 2504 534 orationibus,
2537 481 2660 522 rem
2691 481 2947 536 omnem,
2979 481 3096 538 qua
3144 463 3242 521 ille
3270 464 3577 522 detineba—

174 554 360 617 ciens,
391 552 502 608 etsi
537 553 814 610 inimicus
866 555 963 610 ille
991 555 1220 628 generis
1252 555 1516 621 humani,
1549 555 1822 610 seductor

172 640 447 697 diabolus
480 658 573 696 me
593 644 920 710 suil'ocaret,
942 645 1001 698 in
1033 642 1201 714 plura
1229 644 1518 699 devexerit
1538 643 1818 714 pericula,

172 731 500 804 praesertim
533 731 632 787 ubi
661 731 828 787 littus
856 733 993 786 Arni
1029 733 1216 805 attigi,
1251 731 1331 787 nil
1363 731 1815 804 praetermiserit,

173 836 376 887 orans,
405 821 738 887 obsecrans,
781 821 1196 892 interdumque
1246 821 1547 886 minitans,
1580 821 1638 875 in
1688 838 1818 892 pro-

172 910 456 964 ﬂuentem
478 925 690 980 aquam
720 925 811 964 me
840 925 1184 982 mergerem.
1208 911 1324 981 Ego
1345 914 1579 966 econtra
1610 927 1711 980 pro
1736 910 1818 964 vi-

171 998 338 1052 ribus
370 997 429 1051 in
463 996 554 1051 his
584 997 1033 1054 difﬁcultatibus
1063 999 1268 1054 fortem
1291 1016 1496 1072 gerens
1527 999 1814 1067 animum,

169 1085 391 1141 millies
435 1085 661 1152 Jesum,
693 1085 994 1158 Virginem
1047 1089 1312 1152 Mariam,
1362 1103 1530 1157 opem
1583 1087 1818 1158 ferrent,

165 1175 464 1230 invocare.
498 1173 706 1230 Tulere
736 1176 970 1231 tandem
1021 1175 1194 1232 solita
1225 1176 1620 1232 misericordia
1649 1193 1814 1248 opem

165 1263 574 1335 auxiliumque
608 1280 620 1317 :
655 1280 794 1319 nam
824 1264 1267 1331 diabolus,Jesu
1299 1265 1672 1337 Virginisque
1703 1266 1817 1321 Ma-

165 1352 266 1408 riae
299 1352 490 1424 gratia
516 1353 792 1408 omnibus
839 1353 1062 1409 viribus
1093 1371 1155 1410 se
1203 1353 1518 1426 spoliatum
1552 1354 1818 1410 conside-

162 1459 330 1506 rans,
365 1458 471 1497 nec
502 1441 724 1497 malum
757 1459 906 1513 opus
955 1442 1273 1515 inceptum,
1310 1447 1373 1498 ut
1402 1443 1650 1506 volebat,
1687 1460 1820 1514 per-

162 1531 339 1586 ficere
371 1546 541 1602 posse
587 1531 894 1586 advertens
926 1548 1007 1598 se,
1039 1531 1100 1586 in
1131 1531 1279 1586 iram
1328 1549 1553 1600 versus,
1589 1533 1694 1602 [ut]
1727 1547 1819 1587 me

162 1620 504 1686 suﬂ'ocaret,
539 1619 596 1674 in
629 1623 844 1675 terram
898 1621 1168 1690 detrusit,
1202 1621 1450 1688 lanians,
1481 1622 1819 1692 discerpens

163 1709 396 1774 crebro,
439 1710 698 1780 corporis
750 1713 998 1764 mortem
1049 1714 1441 1781 aeternamque
1489 1710 1818 1765 damnatio-

163 1813 326 1866 nem,
360 1798 420 1852 ni
451 1813 485 1852 a
516 1797 787 1869 precibus
817 1798 1182 1864 desisterem,
1216 1797 1495 1854 minitans
1529 1815 1541 1854 :
1578 1799 1817 1854 demum

159 1887 382 1953 victus,
416 1886 695 1942 confusus
746 1886 804 1942 in
854 1903 976 1942 rem
1025 1887 1242 1942 malam
1293 1886 1579 1943 concessit
1627 1903 1817 1943 suam.

163 1975 285 2047 Ego
315 1974 427 2030 hoc
464 1975 594 2046 iter,
629 1975 737 2046 [ut]
770 1975 824 2030 S.
855 1976 1098 2031 Joannis
1149 1976 1388 2032 domum
1439 1975 1652 2032 iterum
1682 1975 1820 2031 visi-

158 2068 377 2133 tarem,
411 2061 564 2118 illico
616 2062 835 2136 arripui
871 2081 884 2119 :
919 2079 1006 2132 eo,
1041 2063 1180 2136 quia
1211 2081 1303 2120 me
1351 2064 1630 2136 sospitem
1663 2063 1818 2134 fecit,

158 2169 284 2208 una
316 2152 508 2208 redire
537 2169 609 2208 ne
638 2153 1016 2208 cunctemini.

225 2243 361 2297 111.
395 2240 465 2296 Hi
495 2249 644 2297 retro
676 2245 907 2308 euntes,
943 2242 1195 2314 benigne
1248 2259 1282 2297 a
1313 2242 1552 2312 rustico,
1584 2243 1656 2298 de
1703 2258 1816 2314 quo

157 2329 339 2402 paulo
373 2334 506 2385 ante
534 2330 776 2386 verbum
823 2331 954 2396 feci,
987 2331 1171 2386 habiti
1209 2332 1414 2402 [sunt].
1449 2332 1590 2402 Ejus
1622 2332 1820 2403 itaque

156 2420 588 2492 benignitatem
628 2420 1008 2488 admirantes,
1038 2426 1095 2476 et
1138 2437 1200 2476 se
1246 2421 1447 2475 itidem
1481 2426 1734 2487 acturos,
1767 2423 1817 2477 si

155 2509 403 2580 quando
434 2524 608 2564 casus
635 2509 910 2575 eveniret,
936 2508 1298 2580 pollicentes,
1323 2510 1392 2564 ad
1425 2509 1648 2566 Vallem
1683 2511 1815 2566 Um-

154 2598 400 2654 brosam
451 2597 721 2669 regressi,
771 2601 1071 2669 gratanter
1117 2615 1151 2652 a
1201 2598 1523 2665 monachis,
1575 2600 1818 2671 suisque

153 2687 367 2756 (iidem
400 2686 554 2741 enim
605 2685 746 2742 fessi
796 2686 1140 2758 fatigatique
1168 2687 1480 2758 redierant)
1514 2688 1818 2760 sanctique

153 2775 411 2832 Joannis
443 2775 714 2830 virtutem
747 2775 1394 2847 admirantes,eumque
1424 2777 1494 2832 ad
1515 2776 1706 2832 sidera
1727 2794 1818 2833 ex-

153 2865 454 2932 tollentes,
492 2863 707 2936 recepti
753 2869 910 2920 sunt.
945 2870 1170 2936 Itaque,
1205 2882 1365 2921 more
1395 2865 1589 2929 solito,
1625 2868 1683 2921 S.
1715 2867 1814 2921 Jo-

153 2955 330 3009 annis
364 2953 604 3009 brachio
658 2954 862 3010 devote
893 2953 1311 3026 humiliterque
1360 2954 1642 3025 osculato,
1676 2957 1814 3011 Are-

151 3045 346 3098 tinam
397 3041 507 3098 leti
541 3041 836 3098 civitatem
883 3047 1165 3114 petentes,
1198 3043 1443 3100 Joannis
1491 3043 1815 3100 beatissimi

151 3132 330 3188 obvio
363 3132 576 3204 cuique
606 3148 846 3188 narrare
878 3136 934 3188 et
980 3132 1298 3205 praedicare
1333 3131 1652 3201 miracula;
1686 3150 1812 3204 quas

1929 558 2046 623 tur,
2078 554 2304 626 aperuit
2330 572 2343 620 ;
2377 558 2548 610 antea
2567 557 2724 611 enim
2753 554 2921 610 illum
2953 554 3169 627 saepius
3198 553 3577 611 dissimulan-

1929 646 2047 698 tem
2079 649 2462 715 coarguerant
2509 645 2799 700 monachi.
2831 643 2954 699 Nisi
2985 644 3164 708 enim,
3196 644 3279 700 ait
3305 643 3424 712 ille,
3453 644 3576 700 haec

1927 732 2255 788 Christiano
2287 749 2446 788 more
2493 750 2602 788 sua
2650 732 2958 805 diligenter
2987 731 3206 788 scelera
3257 732 3432 788 fuerit
3461 737 3576 788 Deo

1929 821 2332 892 sacerdotique
2379 821 2667 886 confessa,
2717 823 2870 894 quod
2932 822 3152 893 pudore
3200 822 3355 876 malo
3400 822 3578 877 ducta

1927 910 2084 965 haud
2118 910 2236 982 egit
2281 927 2564 981 unquam,
2597 910 2646 966 si
2679 910 2877 981 superi
2925 909 3211 980 inferique
3240 914 3572 981 precentur,

1929 999 1974 1053 si
2019 998 2342 1070 quidquam
2391 1003 2726 1054 sanctorum
2775 1003 2865 1054 est
2916 997 3318 1068 reliquiarum,
3374 997 3434 1052 in
3484 1015 3577 1053 me

1929 1093 2339 1159 congerantur,
2355 1089 2704 1144 contendam
2724 1089 2985 1144 minime.
3000 1087 3210 1143 Videat
3236 1087 3419 1158 igitur
3435 1086 3576 1158 quid

1930 1176 2086 1245 velit,
2119 1193 2192 1231 an
2222 1177 2331 1232 hac
2362 1177 2422 1232 in
2453 1177 2688 1244 vita,ita
2721 1181 2784 1232 ut
2812 1177 3005 1248 cmpit,
3023 1179 3280 1248 [peccata
3308 1175 3577 1231 commit-

1929 1267 2092 1337 tere],
2123 1283 2197 1321 an
2244 1265 2344 1320 illa
2389 1267 2673 1323 deserere.
2707 1266 2854 1322 Nam
2902 1265 3070 1322 facile
3118 1265 3302 1321 cuivis
3355 1263 3575 1320 malum

1928 1355 2154 1410 facinus
2177 1355 2484 1412 admittere
2508 1374 2521 1422 ;
2555 1360 2826 1411 caeterum
2859 1355 3002 1411 illud
3030 1355 3318 1426 deponere
3339 1352 3578 1410 difﬁcile

1927 1460 2056 1499 esse
2086 1445 2403 1516 asserebat,
2420 1445 2574 1516 quod
2601 1445 2874 1501 sacerdos
2891 1444 3211 1516 praesertim
3231 1443 3292 1498 in
3314 1444 3578 1498 daemone

1928 1533 2301 1604 [mirabatur]
2339 1551 2351 1588 :
2385 1550 2608 1601 verum,
2641 1533 2781 1589 Jesu
2827 1537 3090 1605 cogente,
3123 1531 3270 1586 illud
3302 1532 3533 1588 dicebat
3560 1547 3575 1588 :

1928 1623 2061 1691 quis
2091 1621 2249 1678 enim
2281 1621 2428 1677 alter
2456 1621 2780 1678 daemonem
2812 1623 2882 1677 ad
2916 1621 3164 1689 salubre
3193 1637 3340 1692 opus
3369 1618 3580 1692 impel-

1928 1692 2045 1764 lere
2076 1710 2189 1764 nisi
2223 1715 2371 1766 nutu
2402 1711 2598 1766 divino
2628 1710 2865 1766 valeret.

2004 1799 2126 1853 114.
2163 1800 2345 1855 Instat
2373 1799 2554 1871 igitur
2581 1800 2874 1869 sacerdos,
2909 1802 3045 1872 agat
3087 1799 3392 1855 hortatur:
3419 1799 3576 1855 affir-

1931 1903 2112 1953 mare,
2138 1887 2217 1942 nil
2248 1887 2568 1957 salubrius,
2588 1887 2670 1943 nil
2701 1887 2904 1944 utilius
2934 1888 3147 1944 animis
3175 1887 3520 1959 eorporique
3542 1904 3578 1942 a

1931 1977 2138 2048 quovis
2159 1976 2489 2033 Christiano
2522 1977 2643 2032 ﬁeri
2667 1993 2840 2050 posse
2868 1994 2881 2032 :
2918 1978 2989 2033 ad
3019 1977 3141 2032 haac
3173 1976 3404 2046 addere,
3429 1975 3576 2032 nihil

1927 2066 2138 2121 virium
2170 2066 2229 2121 in
2262 2083 2368 2122 nos
2398 2066 2720 2122 daemonem
2750 2066 2982 2137 habere,
3012 2067 3184 2123 modo
3211 2066 3354 2122 Jesu
3386 2065 3578 2122 Chris-

1927 2159 1985 2210 to
2017 2155 2186 2211 bonis
2216 2155 2492 2227 operibus
2539 2155 2948 2210 inhaareamus.
2983 2155 3084 2210 His
3117 2155 3314 2227 itaque
3361 2159 3418 2210 et
3445 2153 3577 2211 aliis

1929 2243 2234 2299 mulierem
2265 2245 2336 2300 ad
2368 2260 2563 2300 veram
2594 2244 3020 2300 confessionem
3051 2243 3336 2315 agendam
3367 2241 3576 2314 impel-

1929 2332 2032 2396 lit;
2065 2349 2244 2404 quam
2279 2333 2451 2388 corde
2504 2333 2679 2399 bono,
2715 2337 2907 2388 mente
2951 2332 3179 2403 integra
3225 2347 3394 2403 agere
3440 2347 3574 2386 cum

1929 2422 2252 2490 statuisset,
2276 2421 2430 2477 illico
2461 2439 2588 2477 eam
2621 2427 2742 2477 toto
2773 2437 3012 2492 corpore
3042 2419 3377 2476 incolumen
3410 2421 3576 2476 dese-

1928 2527 2063 2566 rens
2114 2511 2364 2580 daamon,
2412 2511 2550 2580 alio,
2599 2509 2846 2582 strepitu
2907 2508 3068 2565 nullo
3112 2525 3364 2580 voceque
3410 2507 3575 2564 nulla

1926 2599 2100 2666 edita,
2135 2600 2620 2673 indignabundus
2649 2599 2971 2654 contendit.
2995 2599 3111 2654 Nec
3141 2597 3414 2670 deinceps
3443 2613 3572 2653 eam

1927 2693 2232 2744 attrectare
2280 2687 2412 2759 [vel]
2460 2687 2685 2760 ingredi
2736 2705 2938 2750 ausus,
2989 2703 3233 2743 suorum
3283 2685 3573 2742 scelerum

1925 2777 2101 2849 digna
2146 2778 2510 2834 confessione
2557 2782 2808 2849 peracta.
2843 2780 2952 2833 Res
2981 2775 3110 2848 ipsa
3156 2775 3373 2831 hortari
3415 2774 3573 2830 vide-

1924 2867 2116 2934 batur,
2150 2867 2289 2938 quia
2318 2867 2453 2922 inde
2484 2883 2778 2922 summam
2812 2870 2938 2922 tum
2972 2865 3180 2921 animae
3207 2868 3334 2920 tum
3365 2878 3576 2937 corpo-

1927 2955 2008 3011 ris
2039 2955 2208 3012 nobis
2257 2956 2626 3011 vindicamus
2665 2955 2937 3021 salutem,
2971 2953 3208 3026 aliquod
3240 2953 3483 3009 verbum
3513 2952 3573 3009 in

1924 3044 2077 3100 calce
2107 3045 2287 3115 hujus
2319 3044 2586 3101 miraculi
2617 3045 2689 3100 de
2723 3045 2978 3117 perfecta
3020 3042 3385 3100 confessione
3414 3042 3577 3098 fecis-

1925 3149 2007 3202 se,
2039 3135 2474 3205 opportunitate
2497 3139 2855 3198 occurrente,
2888 3133 3000 3189 nisi
3051 3132 3190 3188 alibi
3239 3131 3370 3202 ipsa
3397 3129 3574 3188 latius

149 3221 461 3292 equidem,
485 3237 598 3276 non
631 3237 718 3288 ea,
751 3237 879 3292 quea
911 3204 1126 3294 acoepi,
1159 3223 1260 3278 sed
1293 3239 1419 3294 qua:
1452 3221 1638 3277 oculis
1669 3221 1807 3293 vidi,
1842 3204 1884 3272 C
1924 3237 2058 3278 cum
2081 3204 2267 3278 latine
2290 3227 2416 3277 tum
2465 3221 2634 3293 vulgo
2671 3220 2880 3277 litteris
2929 3220 3462 3277 mandavissemus.
3497 3220 3574 3275 Eo

149 3315 250 3364 tot
303 3313 582 3381 tantaque
631 3314 792 3380 sunt,
827 3317 890 3366 ut
938 3311 988 3366 si
1039 3310 1214 3366 velim
1265 3310 1464 3366 omnia
1510 3309 1819 3384 diligenter

147 3397 555 3470 perscribere,
579 3403 808 3470 tempus
854 3415 1033 3471 quam
1064 3415 1159 3455 res
1190 3399 1482 3455 maturius
1530 3415 1622 3454 me
1652 3399 1817 3454 dese-

146 3490 318 3542 reret
368 3503 386 3541 :
437 3502 502 3542 eo
548 3488 814 3559 quaedam
861 3487 1186 3544 illustriora
1235 3487 1527 3544 memoriae
1576 3489 1820 3560 prodere

144 3577 404 3644 curabo,
437 3580 494 3632 et
522 3577 591 3632 de
622 3577 716 3633 his
759 3578 1016 3649 parcius,
1049 3594 1226 3650 quam
1262 3594 1354 3633 res
1386 3577 1515 3650 ipsa
1545 3593 1818 3650 exposce-

146 3670 259 3722 ret.
294 3664 517 3721 Verum
549 3683 706 3722 nunc
737 3667 808 3721 ad
841 3666 1082 3738 reliqua.

224 3756 358 3809 112.
392 3754 650 3810 Alteram
693 3755 1002 3811 mulierem
1055 3757 1126 3811 de
1175 3755 1427 3826 Mugello
1478 3755 1628 3827 (165)
1658 3756 1816 3828 (pars

146 3844 433 3916 quaedam
484 3844 746 3908 Etruriae,
780 3861 959 3916 quam
992 3843 1244 3917 populus
1297 3845 1666 3900 Florentinus
1717 3861 1819 3916 per

145 3933 548 4006 magistratus
578 3934 978 4002 administrat)
1002 3934 1258 3990 vidimus
1289 3935 1361 3990 ad
1395 3933 1502 3990 hoc
1532 3939 1588 3990 S.
1623 3933 1816 3990 Maria

142 4021 590 4080 monasterium
615 4021 669 4077 vi
694 4023 952 4094 ductam,
973 4040 1150 4094 quam
1171 4023 1483 4096 plebecula}
1505 4023 1616 4079 illa:
1649 4023 1815 4078 adul-

143 4111 348 4167 terino
378 4126 482 4166 seu
531 4115 805 4182 corrupto
855 4112 1092 4167 nomine
1140 4111 1360 4167 Bellam
1406 4110 1815 4184 appellabant;

139 4206 436 4256 caeterum
465 4200 720 4256 Antonia
747 4216 883 4256 vero
923 4201 1161 4256 nomine
1192 4200 1306 4255 dici
1338 4201 1628 4273 [solebat].
1661 4201 1816 4256 Hanc

138 4289 454 4360 ejusmodi
487 4289 700 4361 speciei
731 4289 1027 4346 invaserat
1075 4290 1327 4357 daemon,
1360 4291 1468 4361 [ut]
1501 4289 1688 4360 facile,
1733 4291 1817 4345 di-

135 4377 284 4434 vino
317 4376 540 4434 auxilio
581 4378 880 4446 advocato,
915 4395 1031 4433 non
1082 4377 1268 4434 multo
1299 4377 1619 4434 certamine
1649 4379 1815 4433 cede-

137 4472 264 4533 ret;
305 4465 504 4535 facile,
540 4466 847 4522 monachis
876 4466 1034 4521 aliud
1088 4466 1453 4536 curantibus,
1487 4470 1614 4521 tum
1644 4465 1817 4521 iniret

1926 3309 2221 3382 inceptum
2251 3311 2323 3367 ad
2354 3326 2502 3382 opus
2531 3310 2862 3365 redeamus.

2612 3401 2794 3454 PARS
2832 3397 2898 3452 X.

1999 3487 2122 3544 115.
2169 3488 2280 3543 Sed
2329 3487 2550 3544 eisdem
2601 3488 2717 3543 fere
2756 3485 3122 3558 temporibus
3172 3484 3358 3556 puella
3416 3501 3575 3556 quae-

1926 3575 2061 3630 dam
2115 3575 2456 3647 parentibus
2505 3576 2694 3632 solum
2729 3574 3166 3639 comitantibus,
3198 3573 3484 3645 templum
3513 3577 3572 3628 8.

1925 3665 2114 3720 Mariae
2145 3665 2217 3720 de
2246 3664 2406 3720 Valle
2446 3665 2756 3732 Umbrosa,
2790 3663 2980 3737 gratia
3029 3665 3192 3719 bonae
3223 3661 3575 3719 valetudinis

1927 3755 2334 3821 recuperandae
2356 3754 2554 3810 adivit.
2569 3755 2731 3818 Quod
2754 3755 3010 3826 profecto
3033 3752 3384 3808 miraculum
3414 3751 3576 3824 (quia

1927 3841 2089 3914 pium
2123 3842 2571 3914 miserabileque
2603 3843 2732 3911 fuit)
2767 3848 2832 3898 ut
2860 3841 2948 3897 vel
2980 3846 3121 3898 tunc
3148 3841 3396 3896 videndo
3426 3841 3576 3914 pari-

1923 3936 2014 3987 ter
2042 3948 2198 3988 nunc
2228 3931 2439 3988 litteris
2470 3932 2805 3988 mandando
2851 3931 3142 4004 laerymas
3190 3931 3348 3986 haud
3378 3933 3575 3986 tenere

1925 4037 2188 4092 possum.
2217 4022 2372 4076 Hanc
2405 4020 2637 4076 unicam
2670 4025 2941 4093 parentes
2970 4020 3303 4086 habebant;
3335 4035 3485 4091 quae,
3510 4022 3576 4073 ut

1925 4111 1997 4165 ab
2029 4110 2176 4182 ipsis
2205 4109 2537 4181 accepimus
2561 4109 2683 4182 (qui
2717 4127 2914 4166 revera
2941 4109 3074 4165 boni
3108 4107 3426 4180 ﬁdelesque
3445 4123 3576 4164 esse

1925 4199 2314 4267 videbantur;
2359 4204 2654 4266 caeterum,
2687 4202 2751 4255 ut
2794 4216 2886 4256 res
2917 4199 3048 4272 ipsa
3085 4199 3259 4270 paulo
3309 4202 3443 4270 post
3472 4199 3572 4253 de-

1926 4287 2185 4360 claravit,
2220 4288 2375 4343 haud
2408 4289 2594 4360 erant)
2627 4289 2685 4344 in
2737 4288 2954 4345 teneris
2984 4287 3154 4344 annis
3203 4291 3364 4343 tanta
3393 4287 3575 4343 animi

1923 4377 2134 4432 virtute
2164 4377 2451 4434 instructa
2481 4377 2611 4446 luit,
2646 4381 2709 4432 ut
2740 4378 3020 4432 adversus
3050 4377 3252 4432 mundi
3283 4376 3574 4441 lascivias,

1924 4464 2250 4537 voluptates
2285 4471 2340 4520 et
2370 4465 2694 4530 illecebras,
2725 4482 2852 4538 quae
2883 4465 3260 4536 quandoque,
3294 4464 3408 4519 nisi
3439 4463 3573 4534 quis

135 4555 400 4611 iterum.
446 4553 547 4610 His
597 4554 776 4627 igitur
823 4554 1296 4610 dissensionibus
1347 4555 1696 4610 creberrime
1743 4556 1814 4610 ab
1847 4575 1895 4638 D
1927 4560 2147 4621 caveat,
2175 4571 2388 4626 corpus
2419 4555 2800 4625 animamque
2855 4553 3267 4609 miserabiliter
3295 4554 3572 4621 obruunt,

136 4646 360 4702 eodem
399 4645 662 4700 demone
708 4644 877 4712 actis,
912 4643 1340 4700 reversionibus
1370 4643 1571 4700 itidem
1605 4644 1820 4715 saepius

132 4733 425 4799 tentatis,
450 4733 579 4804 jam
632 4733 1056 4789 monachorum
1091 4732 1270 4788 animi
1301 4733 1528 4804 fatigati
1559 4735 1765 4804 [erant]
1801 4749 1815 4788 :

132 4823 312 4878 aliud
349 4821 608 4878 daemoni
657 4822 886 4891 durius,
918 4822 1014 4880 his
1047 4839 1178 4879 vero
1210 4821 1512 4877 difficilius
1543 4821 1817 4876 monachi

129 4912 407 4986 aggredi
438 4912 731 4968 nituntur.
769 4913 971 4984 Itaque
1001 4928 1070 4968 ex
1115 4916 1248 4967 voto
1280 4917 1336 4968 et
1368 4910 1658 4982 sententia
1687 4927 1817 4964 om-

126 5003 320 5058 nium
355 5001 515 5057 inter
543 5018 606 5056 se
660 5001 804 5056 inito
839 5000 1475 5074 consilio,‘singulares
1523 4999 1818 5072 supplica-

125 5091 353 5148 tiones
403 5090 562 5146 domi
593 5089 850 5162 forisque
895 5091 1065 5162 ﬁunt,
1096 5091 1167 5146 ad
1199 5090 1320 5145 haec
1367 5089 1665 5146 communi
1699 5106 1820 5145 om-

123 5181 320 5236 nium
379 5178 615 5252 singulo
667 5178 781 5247 die,
814 5178 1092 5234 diuturno
1140 5195 1273 5236 cum
1307 5179 1362 5238 S.
1397 5179 1642 5236 Joannis
1680 5179 1816 5234 bra-

117 5268 274 5325 chio
316 5267 484 5324 adito
517 5266 853 5323 certamine.

206 5358 356 5412 113.
390 5355 637 5413 Demum
669 5355 1204 5424 diabolus,meritis
1235 5356 1477 5413 Joannis
1499 5355 1555 5410 in
1585 5354 1814 5426 primis,

115 5447 281 5503 inde
320 5451 386 5500 et
429 5445 854 5502 monachorum
887 5446 1049 5501 intus
1097 5446 1353 5518 forisque
1387 5446 1577 5500 fessus
1611 5443 1813 5515 fatiga-

193 5551 717 5626 (165)7Mugellana
731 5554 914 5626 uallis,
934 5553 1106 5626 vulgo
1128 5553 1187 5626 νὶι
1208 5553 1461 5626 Mugeltp,
1486 5556 1574 5626 est
1595 5555 1816 5626 tractus

109 5623 442 5684 Hetrurite
466 5623 526 5682 in
550 5640 688 5698 agro
713 5623 1142 5683 Florentino'ad
1162 5626 1371 5683 Sevam
1392 5623 1817 5693 fluvium,inter

1929 4643 2173 4715 supplex
2204 4643 2448 4699 humilis
2469 4642 2695 4714 Virgini
2727 4642 2917 4696 Mariae
2943 4641 3173 4712 penitus
3198 4641 3395 4696 dedita
3423 4657 3572 4705 esse,

1930 4747 2128 4804 preces
2160 4731 2558 4803 quamplures,
2592 4731 2898 4800 variasque
2949 4731 3260 4793 orationes,
3295 4745 3442 4800 quas
3472 4729 3576 4784 do-

1928 4820 2009 4874 mi
2039 4819 2343 4890 didicerat,
2377 4821 2436 4874 in
2468 4818 2561 4875 sui
2593 4818 2872 4874 honorem
2903 4819 3199 4890 decusque
3228 4818 3460 4890 singulo
3482 4818 3578 4874 die

1926 4907 2432 4976 emittere,omnes
2461 4908 2648 4981 ipsius
2671 4905 2902 4980 vigilias
2931 4908 3182 4963 indictas
3198 4924 3300 4964 seu
3333 4907 3577 4964 minime

1929 5014 2076 5070 pane
2105 5002 2335 5053 tantum
2382 4996 2736 5069 lutuosaque
2765 5013 2919 5069 aqua
2975 5001 3246 5054 contenta
3263 4997 3571 5069 jejunare;

1926 5103 2116 5158 neque
2148 5086 2559 5158 salem,neque
2589 5085 2706 5142 alia
2728 5087 3095 5143 irritamenta
3112 5085 3261 5160 gulae
3293 5103 3572 5159 quaerere,

1926 5193 2031 5231 nec
2060 5176 2252 5231 virum
2286 5177 2520 5243 ducere,
2552 5193 2656 5232 nec
2685 5193 2887 5232 eorum
2916 5176 3102 5233 visere
3132 5175 3467 5248 spectacula
3487 5175 3573 5231 vel

1927 5270 2265 5334 conventus,
2287 5269 2559 5321 caeterum
2583 5282 2682 5320 eos
2710 5282 2983 5338 spernere
3013 5269 3114 5320 aut
3142 5265 3363 5336 fugere,
3393 5265 3442 5320 si
3469 5265 3574 5320 do-

1926 5370 2088 5409 mum
2122 5359 2402 5426 peterent,
2423 5353 2678 5410 latebras
2704 5354 2999 5426 inquirere
3021 5358 3077 5409 et
3107 5352 3277 5426 plura
3304 5353 3418 5410 alia
3445 5370 3574 5427 quas

1924 5442 2256 5514 religiosam
2289 5442 2544 5515 puellam
2578 5445 2805 5498 decent.

1924 5549 2296 5624 Apenninum
2328 5554 2585 5624 montem
2639 5551 2708 5605 ad
2754 5551 3233 5624 septentrionem,
3267 5555 3324 5608 et
3343 5556 3570 5610 Arnum

1925 5623 2168 5681 ﬂuvium
2201 5623 2272 5679 ad
2304 5622 2628 5680 meridiem.
