4022 6160
383 296 503 364 859

1434 304 1500 366 S.
1544 303 1871 368 JOANNIS
1916 301 2360 368 GUALBERTI
2400 305 2734 370 ABBATIS

3652 306 3782 371 >860

457 434 579 490 116.
610 436 772 491 Hanc
802 431 983 505 igitur
1024 432 1338 492 virtutibus
1369 436 1645 494 omnibus
1694 437 2026 493 redimitam
2057 437 2113 504 Α
2142 438 2450 511 pissimam
2464 438 2801 509 mortemob
2816 435 3035 495 scelera
3059 439 3256 493 nostra
3296 434 3746 494 deliniendacon

386 524 656 580 diabolus
670 523 766 578 Dei
785 528 931 577 nutu
964 523 1196 581 invasit.
1220 527 1362 582 Eam
1385 527 1442 582 in
1467 527 1673 600 primis
1695 527 1900 583 leviter
1920 532 2032 582 tor-

390 628 586 685 quere,
631 628 738 666 nec
765 629 801 667 a
830 612 1019 669 solitis
1065 615 1428 672 orationibus
1451 617 1811 689 jejuniisque
1842 618 2028 672 facere

386 701 658 757 alienam.
679 701 896 758 Verum
917 703 1211 761 interdum
1242 705 1544 762 oculorum
1576 707 1757 763 aciem
1779 712 2026 770 torvam,

383 790 611 846 vultum
628 791 953 865 faciemque
972 810 1325 869 exsanguem
1352 797 1509 864 dare,
1526 814 1626 852 ora
1647 797 1844 853 faetida
1882 813 2028 868 prm-

381 885 471 935 ter
497 880 737 936 solitum
769 882 1001 939 habere.
1035 883 1258 947 Quibus
1277 890 1548 958 parentes
1578 886 1884 958 paululum
1908 902 2033 957 per~

383 970 548 1035 moti,
586 971 772 1041 primo
804 972 911 1026 rati
966 974 1126 1040 [sunt
1154 976 1304 1045 esse]
1333 977 1607 1032 morbum
1655 975 1979 1030 naturalem
2015 991 2028 1030 :

384 1064 515 1130 post
544 1059 645 1113 ubi
693 1076 822 1115 eam
870 1077 985 1117 non
1017 1078 1250 1134 semper
1296 1066 1565 1120 eamdem
1608 1065 1807 1119 vident
1846 1080 2032 1135 neque

384 1147 669 1220 aequalem
719 1166 972 1221 manere,
1005 1152 1107 1206 sed
1138 1152 1307 1208 sicuti
1342 1171 1375 1208 a
1421 1154 1652 1209 diabolo
1692 1154 2034 1209 movebatur

387 1238 576 1309 magis
607 1239 913 1311 magisque
930 1241 1152 1296 variam
1183 1258 1326 1313 esse,
1343 1259 1532 1315 neque
1560 1244 1919 1315 interrogata
1939 1259 2031 1298 ve-

387 1342 518 1381 rum
552 1343 902 1398 responsum
954 1330 1114 1399 dare,
1147 1332 1247 1386 sed
1296 1331 1727 1388 dissimulando
1772 1331 2029 1398 variare;

388 1414 620 1487 cognita
635 1433 695 1471 re
709 1417 865 1487 (nam
890 1425 1062 1475 antea
1080 1420 1296 1492 saepius
1318 1421 1625 1477 audierant
1643 1421 1814 1494 signa
1838 1421 2035 1475 diabo-

386 1502 521 1575 lica)
552 1505 637 1560 sic
664 1506 724 1560 in
758 1507 963 1578 primis
994 1510 1400 1581 conjecturari,
1434 1516 1814 1583 properantes
1843 1509 2034 1565 Passi-

389 1592 633 1650 nianum
677 1598 1102 1653 monasterium
1150 1600 1326 1669 hujus
1375 1601 1619 1670 ordinis,
1652 1600 1807 1671 quod
1839 1604 1894 1653 S.
1928 1600 2034 1655 Mi-

390 1681 609 1739 chaelis
640 1684 871 1756 dicitur,
898 1688 1114 1742 adeunt
1139 1704 1207 1743 ex
1238 1689 1363 1743 suis
1385 1690 1647 1761 quidam.
1673 1689 1896 1752 Quibus
1919 1705 2035 1744 non

2138 531 2363 583 stanter
2392 527 2655 584 animove
2684 528 2930 601 ingenti,
2962 526 3070 583 etsi
3124 525 3352 581 dolores
3382 524 3775 584 intolerabiles

2139 617 2363 688 corpori
2406 616 2490 671 illi
2549 616 2919 673 sanctissimo
2965 616 3247 671 inferrent
3290 613 3501 683 Judaei,
3534 616 3775 686 perferre

2137 706 2338 762 voluit.
2373 707 2520 771 Quid
2553 707 2625 762 de
2653 706 2876 762 Joanne
2906 703 3213 777 Baptista?
3242 703 3389 769 Quid
3422 704 3493 759 de
3528 708 3777 760 Lauren-

2138 795 2220 851 tio
2244 796 2272 850 ‘I
2303 795 2424 867 qui,
2452 795 2611 852 velut
2635 795 2882 851 alienato
2916 812 2949 849 a
2978 809 3155 849 sensu
3188 793 3405 859 animo,
3434 795 3629 848 totum
3658 809 3779 848 cor-

2140 901 2251 957 pus
2282 901 2384 956 pro
2424 884 2658 940 nomine
2701 885 2842 940 Jesu
2875 888 3092 939 torrere
3137 899 3351 955 passus
3379 885 3485 936 est.
3520 880 3672 946 Quid
3714 883 3782 939 de

2140 973 2361 1029 caeteris
2390 973 2624 1046 inclytis
2647 972 3120 1044 beatissimisque
3149 971 3290 1027 viris
3311 970 3577 1026 dicemus
3604 971 3633 1023 ‘?
3662 971 3780 1040 qui-

2141 1063 2252 1119 bus
2269 1079 2515 1135 regnum
2536 1078 2690 1117 nunc
2709 1061 2986 1118 caelorum
3018 1062 3090 1117 ob
3113 1077 3318 1117 eorum
3337 1060 3546 1114 merita
3560 1063 3629 1114 et
3651 1075 3779 1130 prae-

2142 1152 2298 1208 clara
2343 1154 2498 1208 facta
2526 1156 2874 1220 exornatur;
2911 1152 3148 1223 quibus,
3180 1150 3239 1205 ni
3272 1148 3561 1222 patientiae
3598 1149 3781 1203 virtus

2143 1242 2476 1307 exstitisset,
2507 1247 2636 1296 tum
2668 1242 2962 1296 cruciatus
2992 1239 3287 1306 illos,tum
3318 1236 3785 1304 tartareos,mul-

2141 1334 2201 1385 to
2231 1330 2495 1385 duriores
2524 1328 3112 1400 inclementioresque
3141 1327 3485 1396 perferrent.

2219 1418 2342 1473 119.
2376 1418 2480 1473 His
2510 1422 2566 1473 et
2596 1417 2725 1473 aliis
2758 1417 2984 1473 animos
3009 1433 3210 1473 eorum
3243 1418 3483 1471 mmstos
3523 1429 3788 1470 arrexere

2144 1508 2471 1582 paululum.
2514 1508 2653 1563 Inde
2701 1508 2771 1562 ad
2821 1506 3126 1578 capellam,
3157 1509 3317 1561 extra
3363 1503 3783 1559 monasterium

2145 1600 2343 1666 sitam,
2374 1598 2662 1669 prodeunt
2682 1613 2904 1667 omnes,
2932 1595 3071 1651 hinc
3093 1593 3422 1661 saeculares,
3439 1594 3576 1648 inde
3601 1591 3782 1648 devoti

2145 1687 2423 1759 religiosi.
2469 1686 2824 1756 Conjuratur
2869 1686 3118 1752 daemon,
3150 1683 3594 1755 interrogatur:
3648 1684 3787 1736 tacet

387 1772 593 1843 procul
623 1789 656 1828 a
704 1774 880 1829 domo
912 1776 1133 1846 praefati
1181 1777 1522 1832 monasterii
1572 1794 1909 1833 mconomus
1940 1793 2035 1833 oc-
2062 1811 2113 1877 B
2144 1775 2264 1832 ille.
2298 1776 2546 1831 Demum
2579 1775 2637 1831 S.
2670 1774 2914 1830 Joannis
2942 1774 3238 1841 virtutem,
3271 1773 3460 1845 primo
3492 1770 3678 1877 etiam
3706 1768 3785 1824 in-

390 1876 650 1927 currens,
676 1876 737 1916 re
766 1862 1021 1931 cognita,
1045 1864 1116 1919 ab
1148 1865 1419 1921 instituto
1442 1866 1649 1923 itinere
1679 1867 1920 1922 domum
1944 1882 2032 1921 eo-

389 1965 521 2003 rum
553 1949 802 2005 divertit.
836 1952 983 2007 Eum
1013 1953 1070 2007 in
1105 1955 1332 2027 primis,
1363 1955 1507 2012 alios
1531 1956 1863 2028 praesertim
1898 1954 2032 2010 reli-

389 2037 584 2108 giosos
614 2038 767 2094 viros
798 2048 1068 2098 accurate
1099 2043 1486 2116 religioseque
1516 2046 1864 2101 habuerunt.

461 2127 582 2181 117.
615 2127 835 2184 Deinde
882 2132 1209 2188 monachus
1256 2132 1315 2188 in
1367 2134 1677 2205 cojecturis
1725 2131 2035 2205 sagacissi-

388 2230 522 2270 mus
552 2215 712 2288 (nam
743 2226 914 2274 antea
942 2219 1297 2277 diabolicum
1319 2238 1505 2296 genus
1536 2223 1646 2279 sibi
1677 2223 1749 2279 ob
1773 2223 2038 2293 frequen-

386 2304 530 2360 tiam
544 2310 846 2377 expertum
864 2309 1008 2380 erat)
1028 2311 1156 2382 conj
1167 2312 1532 2368 urationibus
1545 2312 1810 2384 aliisque,
1821 2313 2037 2385 quibus

391 2396 633 2463 utimur,
654 2397 844 2453 modis
865 2397 1054 2469 ipsam
1085 2401 1346 2455 daemone
1365 2408 1594 2472 captam
1618 2403 1905 2472 cognovit.
1927 2403 2037 2458 Eos

390 2483 590 2555 itaque
652 2485 981 2541 Passiniani
1030 2488 1476 2555 monasterium,
1525 2489 1626 2543 ubi
1677 2490 1734 2544 S.
1796 2490 2039 2546 Joannis

392 2589 602 2645 corpus
620 2573 936 2631 honoriﬁce
954 2576 1249 2648 sepultum
1281 2580 1488 2644 est,ire
1517 2583 1645 2633 tum
1677 2584 2037 2646 monet,tum

392 2662 679 2718 hortatur.
714 2664 907 2720 Rebus
956 2665 1139 2738 igitur
1184 2665 1498 2738 diligenter
1544 2668 1905 2739 compositis,
1936 2669 2038 2724 illa

392 2751 766 2822 Florentium,
799 2753 859 2808 hi
891 2756 960 2809 ad
995 2754 1153 2810 aliud
1184 2755 1606 2812 monasterium
1638 2758 2033 2813 contendunt:

394 2839 494 2912 qui
517 2841 754 2912 quidem
770 2844 920 2913 grati
950 2843 1146 2899 abbati
1170 2845 1779 2915 prmterinfortunium
1803 2863 2038 2903 casum-

394 2945 508 3000 que
533 2928 863 2997 mirabilem
885 2930 1044 2987 fuere
1068 2948 1081 2986 :
1106 2948 1175 2988 ex
1196 2935 1532 2989 monasterii
1557 2936 1713 2989 enim
1735 2936 1960 2991 colonis
1981 2940 2040 2991 et

395 3015 669 3088 agricolis
699 3033 932 3091 semper
960 3021 1096 3076 boni
1124 3021 1440 3095 ﬁdelesque
1470 3030 1934 3096 permanserant.
1959 3026 2038 3081 Eo

395 3103 666 3175 cupiente
682 3104 892 3162 abbate
913 3107 1032 3163 illic
1045 3108 1309 3166 divinum
1332 3112 1615 3167 auxilium
1637 3117 2037 3185 exspectantes

393 3193 715 3263 incassum,
749 3196 953 3252 multis
982 3198 1190 3255 diebus
1234 3205 1289 3255 et
1320 3199 1619 3258 laboribus
1650 3183 2032 3275 consumptis,
2067 3183 2111 3251 Ο

393 3281 464 3337 de
498 3283 922 3341 monachorum
976 3287 1243 3357 consilio,
1274 3288 1397 3344 solo
1427 3290 1658 3347 diabolo
1706 3295 1845 3347 tunc
1875 3293 2038 3363 quie-

393 3376 610 3442 scente,
644 3374 715 3428 ad
748 3373 856 3429 hoc
885 3376 944 3431 S.
981 3376 1173 3432 Mariae
1205 3380 1626 3435 monasterium
1672 3384 1838 3436 aetate
1868 3381 2039 3437 itine-

393 3477 571 3533 reque
603 3462 762 3532 fessi,
794 3465 1049 3521 tenebris
1071 3467 1219 3537 jam,
1255 3468 1351 3523 ubi
1398 3485 1626 3538 venere,
1656 3470 1871 3525 exortis
1904 3486 2039 3525 cum

392 3548 604 3606 litteris
634 3568 761 3623 qua)
793 3553 1020 3610 abbatis
1059 3556 1388 3612 Passiniani
1439 3559 1675 3613 nomine
1723 3559 2040 3614 mitteban-

390 3642 508 3709 tur,
523 3643 1046 3699 contenderunt.ln
1078 3643 1398 3701 hislitteris
1420 3647 1602 3702 abbas
1632 3664 1745 3703 non
1770 3655 2041 3720 parentes

395 3732 647 3798 tantum,
661 3736 936 3787 caeterum
949 3750 1150 3789 eorum
1167 3734 1348 3791 ﬁliam
1363 3752 1736 3807 summopere
1749 3753 2043 3792 commen-

395 3818 564 3887 dans,
596 3819 718 3876 haec
762 3821 918 3877 inter
959 3821 1186 3895 reliqua
1234 3824 1566 3896 [scribebat]
1601 3841 1614 3880 ε
1649 3825 1837 3897 Hujus
1886 3826 2042 3881 fama

398 3907 631 3964 virtutis
663 3911 887 3981 passim
938 3928 1053 3967 non
1088 3929 1293 3985 agrum
1342 3913 1753 3969 Passinianum
1786 3919 2039 3986 tantum,

396 3997 498 4051 sed
530 4002 587 4051 et
629 3997 909 4055 ﬁnitimos
958 4017 1162 4057 omnes
1193 4002 1536 4073 complevit;
1571 4003 1714 4058 adeo
1765 4004 1904 4057 dum
1933 4002 2043 4059 hoc

398 4084 459 4139 in
491 4088 848 4141 monasterio
896 4089 1323 4159 conjuraretur,
1359 4089 1528 4145 multi
1575 4092 1646 4146 ad
1676 4092 1784 4146 hoc
1816 4097 2040 4164 specta-

398 4174 597 4228 culum
631 4175 907 4232 mortales
937 4193 1114 4233 causa
1142 4178 1331 4249 ipsius
1374 4196 1689 4235 convenere
1718 4181 2040 4253 praesertim

397 4262 645 4333 proximi
688 4264 947 4336 quique;
975 4270 1032 4321 et
1063 4266 1251 4323 multa
1302 4267 1434 4340 alia,
1468 4286 1592 4340 quae
1622 4275 1724 4324 aut
1769 4270 2046 4326 benevola

399 4354 501 4406 aut
532 4351 700 4407 utilia
725 4369 854 4409 esse
875 4355 1166 4421 credebat,
1188 4356 1523 4428 scripsit,ut
1550 4359 1779 4415 animos
1810 4363 2043 4415 nostros

397 4440 630 4513 pietatis
661 4443 908 4516 cupidos
935 4444 1309 4501 vehementer
1337 4448 1692 4503 accenderet.

2142 1864 2505 1936 crepationes
2533 1863 2881 1935 crebrasque
2912 1863 3283 1935 probationes
3312 1860 3643 1917 sacerdotis
3674 1875 3786 1914 am-

2141 1955 2298 2026 plius
2329 1955 2474 2009 ferre
2503 1970 2617 2008 non
2650 1953 2867 2021 valens,
2893 1952 3307 2008 circumferens
3328 1950 3467 2006 hinc
3496 1949 3643 2004 inde
3674 1954 3784 2003 tru-

2143 2059 2240 2099 ces
2265 2042 2572 2097 minaciter
2592 2040 2811 2110 oculos,
2834 2040 2896 2095 in
2916 2040 3036 2096 haec
3056 2040 3293 2095 tandem
3317 2037 3787 2110 prorupitverba,

2144 2132 2282 2187 inde
2310 2132 2369 2186 in
2401 2135 2671 2203 parentes
2692 2129 2895 2201 puellaa
2926 2130 3087 2201 ipsos
3116 2127 3314 2184 oculos
3342 2128 3681 2199 ignivomos
3702 2127 3789 2181 de-

2146 2222 2332 2293 ﬁgens
2363 2220 2556 2292 inquit
2588 2236 2600 2275 :
2632 2218 2847 2275 Perditi
2877 2219 3195 2291 miserique
3225 2234 3417 2283 senes,
3450 2216 3555 2287 qui
3585 2216 3791 2271 vestris

2147 2309 2466 2367 sceleribus
2495 2309 2677 2365 ﬁliam
2704 2309 2958 2379 unicam,
2999 2308 3168 2380 longe
3195 2307 3356 2380 prius
3381 2305 3789 2371 excruciatam,

2148 2400 2385 2455 demum
2405 2400 2645 2470 perdere
2660 2397 2908 2454 curatis:
2929 2396 3181 2462 scelesti,
3204 2396 3425 2452 reddite
3447 2411 3578 2467 quae
3602 2393 3794 2449 furtim

2147 2487 2369 2544 clamve
2384 2487 2719 2543 monasterii
2735 2487 3106 2559 surripuistis
3126 2487 3298 2556 bona,
3312 2485 3450 2540 inde
3462 2483 3791 2549 discedam;

2148 2594 2316 2633 secus
2335 2580 2529 2632 autem
2553 2592 2752 2648 preces
2772 2575 3095 2647 incassum,
3111 2574 3340 2631 etiamsi
3359 2576 3553 2630 totum
3577 2586 3791 2627 annum

2148 2666 2392 2733 crucier,
2421 2667 2643 2721 ﬁerent.
2667 2665 2935 2721 Cunctati
2971 2664 3311 2737 aliquandiu
3332 2661 3790 2735 suntiniquissi-

2148 2755 2229 2811 mi
2258 2754 2363 2826 illi,
2388 2755 2538 2810 alius
2569 2754 2749 2810 alium
2772 2755 3327 2827 circumspectantes
3354 2751 3568 2808 :movit
3590 2750 3791 2807 deinde

2148 2844 2354 2916 pudor.
2388 2845 2607 2915 Itaque,
2634 2849 2762 2899 tum
2792 2843 3124 2912 vultu,tum
3154 2843 3318 2909 facie,
3337 2841 3527 2897 colore
3550 2840 3792 2912 aliisque

2148 2934 2410 3006 corporis
2442 2932 2628 3005 signis
2658 2950 2721 2990 se
2750 2950 2879 2990 reos
2925 2933 3072 2989 tanti
3103 2931 3341 2989 sceleris
3372 2931 3787 3005 patefecerunt.

2220 3025 2341 3078 120.
2365 3023 2505 3078 Rem
2527 3024 2821 3092 sacerdos,
2839 3039 3018 3095 quam
3033 3026 3202 3079 caute
3216 3020 3573 3094 sagaciterve
3586 3017 3787 3093 potuit,

2147 3112 2482 3185 exploravit,
2509 3129 2581 3168 ne
2612 3112 2768 3184 quod
2799 3116 2931 3168 ante
2960 3112 3201 3179 nemini,
3235 3110 3349 3166 nisi
3371 3127 3474 3183 per
3492 3108 3790 3165 diabolum

2148 3203 2449 3275 cognitum
2467 3203 2675 3273 fuerat,
2709 3218 2812 3273 per
2831 3200 3095 3257 omnium
3117 3217 3217 3257 ora
3236 3199 3512 3272 deinceps
3532 3213 3793 3254 versare-

2148 3295 2265 3346 tur.
2296 3294 2575 3346 Cmterum
2609 3306 2794 3362 operas
2842 3290 3095 3361 pretium
3127 3288 3258 3360 fuit,
3292 3304 3391 3344 eos
3421 3302 3611 3356 senes,
3644 3284 3793 3341 male

2149 3384 2391 3452 urgente
2412 3378 2786 3446 conscientia,
2809 3379 2867 3433 in
2898 3379 3060 3434 vultu
3081 3382 3320 3450 totoque
3343 3376 3602 3449 corporis
3625 3389 3791 3446 aspe-

2149 3475 2246 3526 ctu
2264 3469 2609 3524 immutatos
2629 3466 2842 3535 videre,
2869 3484 3002 3524 cum
3024 3468 3199 3523 etiam
3227 3465 3495 3522 diabolus
3516 3465 3681 3536 ipsos
3698 3478 3791 3536 per

2150 3558 2354 3632 puella:
2385 3575 2471 3624 os,
2505 3557 2606 3613 ubi
2638 3557 2907 3613 monachi
2962 3558 3114 3613 intro
3140 3556 3391 3630 ingressi
3423 3554 3659 3624 [erant],
3692 3552 3789 3607 hu-

2141 3648 2409 3721 jusmodi
2448 3647 2835 3703 insectaretur
2878 3646 3070 3701 verbis
3103 3663 3115 3700 :
3152 3646 3283 3714 Vos,
3315 3644 3571 3717 perversi
3601 3657 3783 3707 senes,

2150 3737 2328 3807 hujus
2348 3735 2549 3808 puellae
2568 3735 2998 3791 machinatores
3020 3733 3190 3802 mali;
3213 3750 3314 3790 vos
3335 3732 3516 3788 ﬁliam
3540 3736 3783 3787 vestram

2150 3827 2259 3881 hoc
2290 3825 2628 3881 discrimine
2655 3824 2864 3880 vestris
2913 3823 3230 3880 sceleribus
3279 3821 3598 3877 induxistis
3624 3846 3640 3888 ;
3670 3835 3782 3882 vos,

2151 3931 2284 3971 cum
2303 3914 2461 3971 aliud
2478 3914 2746 3969 clausum
2764 3913 2822 3968 in
2847 3918 3098 3984 pectore,
3113 3912 3273 3968 aliud
3295 3910 3354 3966 in
3377 3910 3581 3983 lingua
3599 3923 3784 3982 prom-

2151 4008 2341 4077 ptum,
2396 4002 2729 4075 hypocrita),
2764 4000 3016 4068 subdoli,
3063 4001 3230 4068 varii,
3286 3999 3600 4069 haberetis,
3650 4011 3785 4070 pene

2152 4092 2335 4147 ﬁliam
2364 4096 2618 4147 vestram
2648 4091 3004 4163 perdidistis.
3029 4091 3148 4146 Hoc
3177 4089 3476 4163 aegerrime
3507 4089 3784 4158 fero,quo-

2152 4183 2312 4239 niam
2343 4180 2670 4237 insanabile
2697 4184 2955 4237 vestrum
2979 4196 3263 4251 cognosco
3292 4177 3618 4251 ingenium,
3646 4176 3784 4229 hanc

2153 4273 2211 4327 in
2244 4288 2350 4326 suo
2383 4271 2438 4327 id
2475 4287 2712 4342 corpore
2761 4269 3030 4335 tolerare,
3062 4270 3218 4341 quod
3250 4268 3447 4324 meriti
3493 4266 3651 4323 estis.
3679 4262 3784 4318 Vo-

2150 4360 2392 4417 luissem
2423 4376 2525 4415 vos
2541 4365 2733 4414 vestro
2751 4357 3037 4430 supplicio
3061 4357 3330 4413 docuisse
3351 4356 3669 4412 humanum
3690 4367 3784 4423 ge-

2153 4467 2287 4518 nus,
2320 4466 2386 4505 ea
2433 4448 2701 4514 scelesta,
2734 4447 2977 4515 nefaria,
3012 4446 3296 4519 sacrilega
3337 4463 3487 4513 esse,
3520 4459 3643 4518 qua:
3667 4446 3782 4496 tam

470 4532 589 4588 118.
633 4533 924 4589 Postridie
973 4538 1169 4590 autem
1199 4536 1447 4591 adventu
1498 4536 1919 4593 monachorum
1950 4536 2044 4594 his
2072 4554 2122 4621 D
2152 4539 2371 4611 inique,
2406 4536 2570 4592 nulla
2601 4536 2946 4592 necessitate
2987 4540 3249 4608 urgente,
3282 4536 3425 4590 estis
3459 4527 3773 4621 perpetrati-

395 4622 638 4678 senibus
667 4623 880 4679 abortze
924 4622 1192 4698 lacrymze
1226 4642 1288 4679 se
1335 4626 1601 4693 miseros,
1633 4643 1695 4682 se
1724 4627 2036 4697 desolatos,

396 4713 555 4767 omni
587 4728 689 4785 spe
723 4713 1055 4781 destitutos,
1089 4714 1202 4770 nisi
1238 4715 1357 4771 ﬁlia
1390 4721 1628 4771 curetur
1656 4715 2040 4772 clamitantes.

395 4800 785 4857 Consolantur
799 4819 981 4873 aegros
996 4804 1174 4858 animi
1190 4806 1459 4860 monachi
1475 4805 1566 4860 his
1586 4806 1804 4861 verbis:
1824 4806 2043 4876 Patres,

397 4905 471 4944 ne
500 4889 608 4944 hoc
635 4891 1011 4963 impatienter
1039 4894 1539 4961 feratis,oramus,
1576 4911 1711 4950 cum
1744 4895 2044 4967 Scriptura

397 4977 595 5033 divina
621 4985 865 5036 lestetur
909 4979 1111 5036 Jesum
1153 4982 1597 5055 Redemptorem
1622 4988 1912 5052 nostrum,
1943 5000 2043 5040 eos

400 5085 547 5140 quos
577 5068 766 5142 diligit
797 5087 1059 5142 quosque
1082 5071 1153 5126 ad
1184 5071 1362 5127 vitam
1390 5072 1819 5144 praeordinavit,
1843 5090 2044 5130 excru-

398 5157 571 5231 ciare,
592 5159 769 5216 variis
797 5159 1381 5232 intolerabilibusque
1403 5161 1757 5218 cruciatibus
1787 5164 2036 5220 afﬁcere.

396 5247 511 5303 Nec
540 5249 792 5319 injuria;
826 5249 1103 5321 cumipse
1132 5249 1295 5305 solus
1315 5266 1429 5304 non
1461 5254 1688 5306 tantum
1720 5252 2037 5324 honus,sed

397 5337 685 5407 perfectus
707 5339 897 5410 (cujus
928 5340 1159 5395 bonitas
1182 5356 1296 5393 non
1328 5354 1395 5393 ex
1425 5339 1708 5396 accidenti
1737 5341 1912 5410 dono,
1936 5343 2035 5398 sed

396 5424 725 5480 essentialis
757 5432 811 5481 et
843 5432 1058 5484 aeterna
1074 5429 1123 5484 ei
1157 5429 1533 5498 inest)tamen
1566 5428 1768 5500 frigus,
1797 5432 2033 5498 famem,

396 5513 579 5583 sitim,
612 5514 931 5586 eodemque
961 5523 1219 5590 tempore
1241 5518 1498 5590 inopiam
1530 5521 1588 5572 et
1616 5518 1872 5575 laborem
1894 5521 2035 5576 tole-

398 5617 545 5675 rare,
580 5601 815 5660 demum
848 5621 1050 5664 cruces
1078 5610 1486 5679 tormentaque
1516 5606 1797 5664 immania
1825 5624 1891 5665 ac
1921 5610 2043 5666 turi

2155 4629 2259 4685 His
2287 4627 2536 4699 aliisque
2557 4643 2654 4681 eos
2686 4625 2945 4692 silentes,
2973 4630 3236 4693 mmstos,
3263 4623 3464 4679 oculos
3494 4619 3645 4679 humi
3663 4631 3780 4690 pra

2154 4718 2375 4790 pudore
2406 4717 2626 4771 deﬁxos
2652 4719 2935 4784 tenentes,
2968 4714 3109 4786 quid
3137 4712 3616 4787 agerent,quidve
3641 4707 3784 4763 dice~

2153 4812 2282 4863 rent
2311 4806 2544 4878 penitus
2575 4803 2808 4870 oblitos,
2833 4821 2989 4859 nunc
3019 4808 3240 4859 stantes
3270 4819 3374 4875 per
3404 4800 3674 4875 capellam
3701 4812 3781 4851 er-

2152 4901 2369 4965 rantes,
2404 4896 2689 4951 insectare
2714 4893 3003 4949 instanter
3032 4892 3320 4948 diabolus.

2224 4985 2343 5039 121.
2363 4983 2504 5040 Hinc
2519 4982 2647 5038 luce
2661 4982 2874 5038 clarius
2889 4985 3141 5047 constat,
3160 4981 3399 5036 unicam
3414 4985 3781 5045 securamque

2148 5073 2329 5129 vitam
2362 5089 2465 5144 per
2490 5072 2766 5127 virtutem
2798 5086 2948 5142 esse,
2967 5086 3104 5127 cum
3134 5069 3391 5142 corrupti
3424 5083 3618 5124 mores
3637 5065 3781 5120 acto.

2149 5179 2272 5219 rem
2313 5161 2599 5233 instigent
2645 5175 2895 5231 semper,
2927 5163 2985 5215 et
3033 5175 3168 5215 cum
3216 5159 3387 5216 bonis
3418 5158 3594 5229 bona,
3628 5150 3780 5242 malis:

2151 5251 2307 5308 mala.
2328 5254 2535 5323 praesto
2569 5250 2706 5306 sint.
2729 5249 2895 5305 Nunc
2918 5252 3113 5331 aptam
3136 5249 3208 5305 ad
3231 5250 3480 5305 miseros
3503 5246 3781 5316 senes,qu1

2156 5343 2292 5397 data
2323 5340 2437 5395 ﬁde
2470 5356 2531 5394 se
2564 5338 2760 5395 omnia
2810 5338 2961 5394 male
2992 5338 3188 5395 ablata
3234 5337 3518 5410 paulatim
3549 5334 3780 5412 propriis

2148 5430 2404 5486 dominis
2434 5428 2809 5485 restituturos
2832 5428 3153 5495 ﬁrmare,si
3188 5428 3777 5498 fmdum,inutileque,

2146 5524 2213 5575 ut
2243 5524 2389 5584 erat.
2422 5522 2723 5574 censerent
2755 5533 2766 5572 :
2801 5517 3013 5573 Habita
3041 5518 3205 5590 prius
3235 5534 3479 5573 suorum
3511 5515 3778 5573 scelerum

2145 5626 2262 5670 non
2276 5608 2401 5666 sine
2420 5606 2696 5680 lacrymis
2708 5606 3326 5677 eonfessione,daemon
3342 5606 3508 5666 nullo
3524 5603 3778 5679 strepitu,
