4022 6160
241 245 366 308 865

1842 249 2072 313 ACTA.

3541 259 3662 349 εδδ

239 379 410 446 Quod
443 392 581 433 cum
612 377 816 433 decani
861 380 1213 451 praeceptum
1270 382 1597 436 reverenter
1653 380 1899 453 agitaret
1927 387 1982 454 Α
2013 385 2198 453 erant,
2252 397 2430 454 quam
2477 383 2678 441 festive
2707 385 2982 458 peractis,
3032 385 3257 457 infelix,
3300 388 3511 459 judicii
3559 391 3660 448 Dei

243 468 552 534 sacerdos,
585 465 855 522 diabolus
885 467 1116 524 interim
1159 485 1274 523 non
1330 468 1650 541 quiescere,
1698 486 1900 526 verum

237 575 349 632 per
382 575 450 613 os
484 555 710 630 puella,
746 558 920 612 modo
943 559 1185 628 juvenes
1211 575 1538 626 conversos,
1573 561 1744 614 modo
1793 561 1902 614 bu-

232 645 460 703 bulcos
492 645 741 718 benigne
770 645 1085 718 appellare,
1111 648 1250 718 joca
1289 665 1422 703 cum
1453 647 1535 704 eis
1593 664 1784 720 agere,
1815 647 1903 703 in-

231 736 422 792 sidiis
445 734 706 808 palliatis
739 734 936 790 omnia
956 740 1408 808 tentare,eorum
1431 737 1660 794 animos
1689 739 1761 793 ad
1781 755 1903 794 rem

234 831 493 898 turpem
522 824 700 880 variis
731 823 921 880 modis
952 824 1188 895 illicere,
1221 826 1367 882 nihil
1399 828 1552 899 quod
1585 828 1658 882 ad
1691 832 1905 882 tetrum

234 916 489 972 facinus
529 914 669 969 utile
699 918 951 986 putaret,
976 915 1327 988 relinquere.
1359 917 1422 971 Ei
1455 917 1640 972 multa
1657 917 1902 989 agitanti

233 1006 388 1062 Jesu
421 1003 654 1060 volente
684 1002 831 1058 nihil
858 1019 994 1058 cum
1053 1006 1392 1077 procederet
1446 1005 1653 1061 statuit
1706 994 1908 1061 mona-

239 1094 462 1162 chum,
493 1093 629 1148 inde
653 1091 870 1164 saepius
913 1088 1341 1162 transeuntem,
1401 1095 1496 1149 cui
1554 1094 1908 1166 gallinarum

243 1201 400 1240 cura
433 1181 751 1238 commissa
781 1181 993 1254 fuerat,
1045 1183 1285 1256 alloqui.
1340 1185 1654 1240 Observato
1715 1186 1912 1255 itaque

245 1272 572 1345 diligenter
599 1276 884 1344 tempore,
917 1288 1052 1327 cum
1077 1289 1110 1328 a
1139 1272 1315 1344 pullis
1343 1272 1576 1346 gallinae
1604 1273 1912 1346 pascendis

248 1363 495 1430 rediret,
527 1359 644 1434 [ad]
665 1377 800 1416 eum
835 1360 1037 1431 ita,sui
1054 1362 1396 1433 parentibus
1425 1367 1752 1436 opportune
1784 1362 1914 1418 aliis

255 1450 514 1525 negotiis
547 1449 806 1520 intentis,
838 1449 928 1505 vel
959 1454 1024 1505 ut
1054 1451 1382 1520 dicebatur,
1415 1451 1724 1525 paululum
1755 1453 1916 1524 quie-

258 1539 587 1608 scentibus,
612 1555 856 1596 exorsus
881 1543 970 1595 est
1001 1555 1014 1594 ε
1043 1541 1258 1596 Antoni
1291 1541 1468 1597 frater
1499 1542 1659 1613 (nam
1700 1556 1914 1597 nomen

259 1629 615 1685 creberrime
637 1628 928 1684 audiendo
953 1627 1278 1700 didicerat),
1312 1629 1566 1699 fortuna,
1591 1632 1638 1686 si
1671 1630 1758 1685 vir
1787 1647 1916 1686 esse

257 1717 428 1786 velis,
481 1716 739 1790 praelati
781 1715 1090 1789 dulcisque
1146 1718 1421 1775 facinoris
1481 1736 1684 1776 casum
1735 1719 1895 1774 dedit

257 1805 530 1863 Postulat
558 1805 884 1863 monachus
914 1821 1140 1863 casum.
1188 1807 1305 1864 Hac
1334 1807 1559 1864 scilicet
1617 1812 1783 1865 nocte
1842 1809 1913 1865 ad

260 1897 523 1972 puellam
555 1897 705 1976 hanc
736 1897 1104 1970 ingrediaris,
1137 1902 1194 1954 et
1225 1898 1369 1954 mihi
1403 1899 1606 1954 credas
1637 1897 1787 1964 volo,
1824 1913 1917 1953 me

258 1987 491 2044 volente
523 1985 668 2041 nihil
692 1986 934 2058 periculi
965 1987 1445 2043 imminere.Cum
1477 1987 1801 2043 monachus
1824 1986 1919 2043 ille

255 2078 378 2149 jam
413 2075 636 2132 diaboli
667 2080 787 2132 arte
817 2074 1098 2147 irretitus,
1131 2081 1186 2132 et
1240 2076 1452 2132 virtute
1503 2077 1814 2147 castitatis,
1847 2077 1918 2132 ad

263 2163 578 2221 libidinem
621 2163 874 2233 illectus,
920 2170 1149 2236 portam
1182 2165 1523 2222 monasterii
1555 2165 1789 2237 singulo
1819 2183 1920 2222 ve-

265 2271 440 2328 spere
469 2253 666 2310 claudi
695 2254 994 2323 diceret,et
1028 2254 1086 2310 id
1126 2254 1366 2310 minime
1397 2253 1722 2311 executioni
1755 2270 1922 2310 man-

272 2345 399 2400 dari
431 2361 626 2417 posse,
659 2343 741 2400 ait
772 2344 998 2400 daemon
1032 2361 1045 2400 :
1083 2344 1192 2399 Fac
1240 2344 1566 2416 periculum
1598 2347 1668 2401 de
1720 2349 1923 2401 caetero

273 2433 423 2489 nihil
456 2434 561 2490 tibi
592 2432 670 2490 sit
689 2450 840 2489 cura:
866 2450 878 2489 :
910 2448 1044 2489 mea
1072 2432 1229 2489 enim
1262 2437 1384 2490 arte
1405 2439 1634 2506 portam
1669 2435 1926 2505 undique

275 2523 542 2580 invenies
571 2525 882 2595 patentem.

355 2613 480 2668 1311.
513 2612 614 2668 His
645 2611 838 2680 dictis,
869 2611 1195 2668 monachus
1225 2628 1404 2683 quam
1463 2612 1762 2669 celerrime
1792 2628 1923 2685 pro-

276 2701 947 2774 perans,monasterium
977 2717 1180 2756 versus
1211 2700 1314 2770 ire;
1349 2718 1573 2757 moram
1595 2702 1752 2758 enim
1775 2701 1930 2758 ultra

275 2790 455 2848 solito
488 2790 719 2846 fecerat.
744 2788 975 2845 Domini
1007 2789 1186 2862 igitur
1234 2789 1419 2846 multa
1448 2806 1647 2846 secum
1694 2791 1930 2848 volvens

274 2880 338 2935 in
371 2879 598 2935 incerto
622 2878 854 2948 habere,
878 2879 1163 2950 quidnam
1193 2895 1224 2935 e
1243 2880 1642 2952 duobus,quae
1677 2881 1928 2936 seorsim

275 2969 336 3024 in
392 2973 593 3024 mente
640 2968 963 3038 certabant,
1009 2967 1269 3040 eligeret.
1321 2967 1466 3024 Nam
1507 2969 1565 3024 in
1599 2987 1717 3025 una
1768 2975 1931 3041 parte

277 3057 440 3114 mala
471 3056 740 3129 voluptas
773 3056 966 3128 puella
995 3057 1167 3129 potiri
1199 3059 1402 3130 quovis
1435 3059 1604 3114 modo
1636 3059 1928 3131 cupiebat;

1900 1759 2000 1828 3B

2013 487 2244 543 semper
2272 473 2594 543 praesentis,
2619 479 2678 529 et
2707 475 3107 546 professionis,
3140 478 3295 547 quod
3329 479 3522 548 majus
3550 485 3660 548 est,

2014 577 2191 632 quam
2223 577 2417 617 coram
2450 562 2577 634 ipso
2607 569 2666 618 et
2696 565 2915 620 sanctis
2944 566 3073 636 ejus
3112 583 3175 622 se
3216 567 3661 624 observaturum

2005 650 2324 720 juraverat,
2359 650 2597 720 oblitus,
2639 668 2782 721 rem,
2817 654 2964 709 duce
3012 653 3265 722 diabolo,
3298 659 3521 712 tentare
3574 662 3668 714 est

2016 755 2218 795 ausus.
2250 740 2334 794 Ad
2380 745 2606 812 portam
2639 742 2819 812 igitur
2847 743 3181 798 monasterii
3219 745 3476 810 veniens,
3509 762 3664 812 eam,

2019 832 2084 882 ut
2113 827 2341 882 daemon
2373 828 2618 893 dixerat,
2647 833 2941 900 patentem
2973 832 3206 901 reperit.
3233 831 3446 887 Verum
3479 833 3662 904 preci-

2017 917 2128 972 bus
2158 915 2403 971 Joannis
2434 917 2812 983 sanctissimi,
2841 917 2939 989 qui
2971 934 3168 974 servos
3198 936 3337 974 suos
3368 922 3666 993 decusque

2018 1003 2360 1060 monasterii
2373 1004 2596 1077 jugiter
2615 1009 2862 1075 tutatur,
2885 1007 3108 1061 factum
3129 1013 3241 1072 est,
3266 1013 3332 1062 ut
3353 1019 3546 1064 metus
3573 1027 3670 1081 pa-

2016 1111 2236 1166 vorque
2265 1095 2472 1166 ingens
2503 1111 2636 1150 eum
2669 1094 2983 1152 invaderet.
3017 1101 3094 1151 Eo
3136 1096 3506 1154 vehementer
3534 1115 3668 1170 per-

2021 1183 2281 1251 territus,
2315 1199 2442 1240 sese
2471 1200 2648 1255 quam
2684 1185 2917 1256 raptim,
2951 1185 3101 1241 ostio
3131 1190 3384 1258 patente,
3417 1191 3483 1241 ut
3524 1192 3671 1255 erat,

2023 1271 2245 1339 relicto,
2279 1273 2336 1328 in
2387 1275 2699 1344 coquinam
2749 1273 2930 1340 dedit,
2961 1273 3160 1346 ibique
3189 1275 3358 1348 signo
3388 1278 3581 1332 crucis
3611 1293 3674 1334 se

2024 1361 2319 1429 muniens,
2365 1361 2530 1417 ﬂexis
2578 1361 2846 1434 genibus,
2887 1364 3129 1434 orando,
3162 1366 3447 1437 trepidus,
3481 1367 3672 1423 adhuc

2024 1451 2288 1508 divinum
2322 1450 2634 1522 implorare
2661 1451 2965 1508 auxilium.

2096 1541 2218 1595 137.
2254 1541 2451 1612 Ipsum
2484 1556 2589 1612 ego
2621 1545 2842 1612 postea,
2868 1540 3070 1598 multis
3099 1544 3508 1614 praesentibus,
3533 1562 3674 1617 prae-

2025 1630 2317 1685 dicantem
2350 1627 2566 1698 audivi,
2598 1645 2660 1685 se
2712 1646 3014 1702 nunquam
3065 1633 3272 1701 majori
3325 1633 3564 1690 horrore
3617 1641 3674 1690 et

2025 1725 2276 1774 tremore
2305 1718 2576 1773 affectum
2612 1733 2624 1772 :
2677 1719 2870 1774 visum
2911 1720 3067 1774 enim
3111 1721 3300 1776 fuerat
3351 1723 3484 1794 sibi,
3517 1725 3670 1796 quod

2027 1809 2299 1864 horresco
2347 1807 2623 1875 referens,
2655 1809 2927 1863 umbram
2967 1811 3285 1879 quamdam
3319 1817 3506 1866 atram
3539 1813 3674 1868 hor-

2027 1899 2409 1968 rendamque,
2443 1896 2640 1952 oculos
2671 1896 2886 1968 ignitos
2935 1913 3049 1970 pra:
3101 1915 3164 1954 se
3215 1900 3516 1966 ferentem,
3552 1900 3676 1956 sul-

2028 1987 2321 2059 phureum
2370 1985 2833 2058 pestiferumque
2891 1986 3122 2042 fumum
3172 1988 3414 2045 naribus
3465 1989 3676 2046 hiulcis

2029 2077 2319 2145 edentem,
2354 2075 2548 2147 ipsum
2590 2074 2870 2147 insequi:
2925 2093 3040 2147 quo
3088 2081 3270 2133 totam
3327 2083 3556 2134 noctem
3605 2081 3677 2135 ad

2032 2164 2353 2220 matutinas
2375 2163 2549 2220 horas
2571 2181 2757 2236 usque
2779 2164 3224 2221 formidolosum
3253 2171 3310 2221 et
3330 2172 3678 2224 trementem

2033 2270 2096 2309 se
2125 2253 2302 2308 etiam
2335 2257 2744 2325 pernoctasse;
2779 2253 2887 2308 hoc
2931 2252 2990 2308 in
3031 2254 3227 2310 animo
3258 2255 3432 2311 etiam
3467 2257 3680 2329 saepius

2033 2341 2301 2407 volvisse,
2325 2357 2386 2398 se
2417 2341 2824 2396 dormitorium
2857 2345 3038 2410 extra,
3062 2343 3204 2399 dum
3236 2343 3424 2400 caeteri
3447 2345 3681 2402 decum-

2035 2433 2202 2500 bunt,
2257 2431 2377 2485 fore
2425 2446 2750 2502 nunquam.
2806 2430 3090 2487 Caeterum
3148 2433 3402 2490 domnus
3457 2437 3683 2507 Gaspar

2038 2521 2218 2592 Prior,
2236 2521 2307 2575 de
2324 2536 2439 2592 quo
2458 2535 2636 2591 supra
2649 2519 2891 2575 verbum
2908 2520 3394 2592 fecimus,ostium
3413 2521 3680 2579 clausum

2035 2609 2298 2666 invenit:
2335 2626 2470 2664 nam
2504 2607 2840 2663 monasterii
2875 2608 3108 2681 [claves]
3139 2625 3372 2682 semper
3401 2611 3472 2666 ad
3507 2613 3682 2668 deca-

2038 2716 2182 2755 num
2208 2716 2312 2754 seu
2336 2698 2406 2753 ad
2433 2697 2687 2754 Priorem
2714 2697 3074 2753 deferuntur.
3097 2699 3294 2770 Neque
3324 2699 3432 2756 hoc
3453 2700 3684 2758 silentio

2040 2788 2506 2862 praetereundum
2531 2791 2690 2858 puto,
2709 2788 2860 2859 quod
2882 2804 3015 2843 cum
3037 2789 3178 2843 forte
3195 2788 3337 2844 alias
3361 2791 3684 2847 monachus

2039 2879 2150 2934 iste
2181 2877 2462 2933 Antonius
2493 2877 2627 2944 iter,
2659 2877 2759 2932 ubi
2791 2877 3016 2932 daemon
3048 2881 3172 2933 erat
3199 2878 3270 2933 de
3302 2879 3510 2950 majori
3542 2897 3685 2952 prae-

2039 2973 2205 3039 cepto
2258 2967 2536 3034 haberet;
2581 2981 2713 3021 eum
2760 2965 2850 3021 his
2879 2966 3070 3022 verbis
3101 2965 3369 3023 irrideret
3405 2969 3635 3024 daemon
3670 2985 3683 3025 :

2039 3056 2162 3111 Vah
2187 3053 2199 3110 l
2230 3055 2495 3112 omnium
2518 3054 2920 3127 ignavissima,
2942 3055 3280 3128 nulliusque
3302 3056 3469 3129 pretii
3493 3057 3690 3114 formi-

279 3151 339 3202 at
373 3148 432 3202 in
467 3146 653 3202 altera
680 3145 858 3201 timor
873 3146 994 3218 Dei,
1026 3147 1118 3202 sui
1150 3147 1479 3218 dedecus,si
1512 3146 1572 3202 in
1605 3164 1664 3203 re
1695 3164 1929 3219 capere-
1961 3135 2004 3200 C
2043 3145 2263 3211 dolose,
2295 3143 2395 3215 qui
2426 3143 2730 3199 mulierem
2777 3143 3033 3216 puellam
3081 3144 3241 3200 adire
3292 3163 3408 3202 non
3458 3148 3637 3203 audes
3671 3163 3684 3202 :

280 3241 403 3304 tur,
430 3236 683 3292 carceris
713 3237 1020 3309 asperitas,
1051 3253 1123 3292 ne
1153 3240 1272 3292 tam
1304 3236 1628 3309 pessimum
1660 3237 1934 3309 aggrede-

287 3332 473 3396 retur,
509 3325 758 3392 facinus,
792 3326 1198 3394 deterrebant;
1231 3326 1369 3382 vicit
1421 3331 1614 3382 tamen
1666 3326 1726 3381 in
1767 3325 1934 3382 avido

290 3415 525 3488 ingenio
542 3415 866 3487 pessimum
880 3415 1299 3471 consilium.Eo
1323 3415 1500 3486 hujus
1514 3416 1564 3472 ei
1589 3415 1936 3487 participem

285 3505 512 3562 faciens
536 3503 1069 3572 neminem,statuit
1096 3505 1339 3577 id,quod
1362 3504 1525 3560 nefas
1555 3501 1938 3577 erat,quoquo

287 3595 465 3652 modo
497 3598 849 3666 perpetrare.
880 3594 1030 3650 Casu
1087 3611 1154 3650 eo
1210 3594 1305 3649 die
1363 3593 1626 3666 coquinae
1678 3593 1936 3649 ofﬁcium

288 3683 583 3739 familiare
615 3700 853 3750 munus,
882 3685 1035 3756 quod
1069 3682 1130 3738 in
1161 3683 1439 3756 religione
1497 3699 1807 3739 commune
1839 3699 1935 3739 ne-

286 3773 521 3846 gotium
553 3772 850 3842 omnibus,
883 3775 950 3827 ut
976 3773 1179 3844 regula
1207 3773 1641 3839 dictitat,etiam
1673 3771 1940 3827 sacerdo-

285 3863 475 3926 tibus,
511 3860 606 3916 his
634 3863 866 3916 tantum
897 3860 998 3932 qui
1031 3862 1255 3932 majora
1285 3865 1492 3918 curant
1511 3860 1834 3928 amotis,ad
1861 3861 1944 3933 ip-

287 3969 429 4008 sum
462 3949 668 4006 ordine
699 3950 1197 4006 vicissitudinario
1227 3952 1533 4022 pertinere.

365 4039 780 4104 135.0uocirca
800 4040 1023 4112 optima
1033 4040 1124 4096 via
1134 4041 1203 4096 ad
1218 4039 1672 4112 perpetrandum
1686 4039 1943 4106 inventa,

287 4135 626 4202 Gasparum
656 4129 1228 4195 monachum,virum
1259 4127 1730 4202 religiosum,qui
1753 4146 1949 4185 mona-

294 4219 545 4274 chorum
577 4224 718 4274 tunc
749 4235 951 4274 curam
983 4223 1040 4273 et
1056 4219 1377 4290 prmsertim
1401 4219 1686 4289 juvenum
1710 4218 1950 4290 gerebat

288 4308 391 4365 his
423 4307 614 4365 verbis
645 4307 908 4364 adoritur
937 4308 1032 4362 :Si
1053 4309 1287 4379 justum
1319 4307 1622 4374 est,Pater,
1649 4312 1705 4362 et
1735 4307 1785 4362 si
1810 4307 1951 4364 libet

291 4397 711 4453 dormitorium
743 4401 924 4463 extra,
975 4397 1113 4468 quia
1166 4397 1311 4452 mihi
1369 4394 1556 4451 multa
1605 4395 1952 4452 incumbunt

2043 3250 2297 3306 quonam
2331 3237 2497 3304 pacto
2527 3231 2716 3287 virum
2761 3233 3162 3303 aggredereris
3211 3238 3502 3290 armatum
3523 3235 3552 3289 ?
3581 3235 3689 3289 Abi

2045 3340 2160 3396 quo
2191 3322 2402 3392 dignus
2431 3338 2494 3376 es
2524 3337 2656 3375 cum
2703 3321 2850 3376 istac
2898 3325 3000 3375 tua
3045 3320 3360 3376 timiditate
3392 3321 3687 3390 muliebri,

2045 3429 2356 3483 meamque
2377 3426 2544 3482 opem
2573 3409 2816 3482 posthac
2843 3426 2912 3464 ne
2933 3413 3190 3482 expetas,
3216 3426 3286 3464 ne
3311 3411 3598 3482 inquiras,
3623 3428 3693 3468 ex

2048 3519 2183 3576 quo,
2208 3506 2275 3556 ut
2301 3499 2637 3571 voluissem,
2663 3497 2857 3570 puella
2885 3497 2993 3553 hac
3018 3499 3188 3554 modo
3211 3515 3325 3554 non
3355 3515 3418 3554 es
3449 3498 3690 3572 potitus.

2048 3590 2370 3647 Monachus
2398 3605 2532 3644 vero
2565 3587 2731 3662 signo
2763 3587 2954 3644 crucis
2985 3587 3156 3654 facto,
3182 3588 3239 3642 in
3273 3588 3480 3660 primis
3512 3591 3694 3646 surda

2049 3678 2445 3754 pertransiens
2483 3695 2641 3747 aure,
2674 3678 2746 3732 ad
2796 3677 3190 3749 peragendum
3236 3677 3356 3741 ivit,
3393 3678 3548 3749 quod
3581 3678 3694 3734 sibi

2051 3771 2402 3840 imperatum
2435 3767 2642 3839 fuerat,
2680 3766 2964 3822 officium.

2125 3859 2245 3914 138.
2277 3858 2380 3912 Est
2407 3860 2464 3912 et
2501 3855 2680 3925 aliud,
2715 3855 2893 3927 quod,
2927 3871 3145 3926 quaeso,
3178 3853 3428 3912 libenter
3474 3853 3694 3911 audite.

2051 3949 2308 4006 Joannes
2353 3944 2594 4017 quidam
2642 3960 2980 4014 conversus,
3013 3944 3112 4016 qui
3144 3943 3299 4000 cellis
3328 3944 3562 4001 vinariae
3593 3959 3697 4015 pro

2055 4035 2438 4095 exterioribus
2477 4033 2652 4090 rebus
2692 4032 2966 4089 curandis
3015 4037 3280 4105 praeerat,
3311 4034 3398 4090 vir
3443 4033 3700 4106 profecto

2056 4125 2321 4198 simplex,
2355 4140 2488 4179 cum
2539 4123 2796 4195 quodam
2825 4123 3051 4194 vesperi
3083 4122 3464 4195 quamplures
3495 4139 3702 4194 super-

2053 4215 2353 4272 venissent
2381 4212 2662 4285 hospites,
2694 4217 2752 4268 et
2794 4229 3109 4268 conversus
3137 4212 3284 4268 alter
3314 4211 3702 4286 Augustinus,

2057 4307 2267 4376 dequo
2294 4319 2474 4375 supra
2494 4302 2738 4357 verbum
2760 4301 3025 4372 fecimus,
3051 4301 3144 4358 cui
3167 4301 3464 4374 negotium
3487 4300 3580 4356 bis
3604 4301 3704 4355 de-

2061 4393 2305 4450 serendo
2353 4390 2684 4447 necessaria
2730 4389 3062 4459 injunctum
3114 4390 3325 4455 fuerat,
3375 4387 3708 4460 hospitibus

293 4487 564 4560 negocia,
599 4487 920 4558 quiescam.
955 4490 1097 4542 Cum
1130 4485 1225 4542 ille
1257 4485 1445 4558 primo
1496 4489 1825 4541 commotus
1857 4485 1947 4540 in-
1981 4506 2028 4571 D
2061 4481 2192 4538 aliis
2213 4479 2819 4547 inserviret;Joannes
2840 4475 3490 4547 isteillorum,quicum
3513 4473 3711 4547 puella

295 4576 474 4634 solita
505 4592 589 4646 re,
622 4576 679 4631 id
713 4575 874 4632 nullo
905 4579 1095 4648 pacto,
1135 4580 1193 4631 et
1239 4575 1529 4648 praecipue
1574 4575 1646 4630 ob
1699 4575 1950 4631 aliorum

295 4664 635 4738 exemplum
667 4682 784 4721 non
816 4665 1017 4721 decere
1047 4668 1354 4733 assereret,
1370 4668 1426 4719 et
1455 4667 1678 4720 caveret
1707 4663 1764 4718 id
1795 4667 1952 4736 pete-

296 4755 551 4827 re,quod
584 4754 860 4811 indecens
899 4759 1056 4813 esset
1087 4773 1101 4823 ;
1134 4759 1192 4810 et
1221 4755 1406 4812 iratus
1438 4753 1782 4820 monachus,
1802 4753 1947 4809 nihil

299 4861 569 4916 unquam
601 4844 672 4900 ob
705 4861 813 4900 sua
843 4845 901 4899 in
935 4861 1068 4900 eum
1103 4843 1358 4916 plurima
1404 4843 1706 4899 benefacta
1748 4859 1950 4898 conse-

297 4939 534 5002 cutum,
570 4933 786 4988 diceret
819 4959 834 4999 ς
868 4934 1103 4989 demum
1168 4951 1344 5006 super
1373 4933 1480 4989 hoc
1539 4931 1742 4987 multis
1800 4931 1954 4987 ultro

296 5022 568 5094 citroque
598 5022 789 5078 verbis
821 5022 1210 5094 consumptis,
1243 5023 1468 5095 Gaspar
1498 5021 1684 5093 ipsius
1735 5021 1953 5094 impor-

296 5111 486 5168 nitate
517 5111 732 5178 victus,
766 5112 908 5184 quia
937 5111 1081 5167 nihil
1102 5111 1365 5184 periculi,
1397 5111 1752 5166 monasterio
1785 5111 1959 5166 undi-

297 5217 416 5275 que
451 5199 657 5256 clauso
687 5205 745 5256 et
779 5201 1031 5270 munito,
1076 5187 1430 5267 immine/ret,
1490 5215 1625 5255 eum
1685 5200 1956 5266 missum,

299 5307 509 5348 secum
545 5294 607 5345 ut
637 5295 792 5346 esset
821 5290 932 5346 hac
965 5290 1314 5356 conditione,
1350 5288 1506 5344 fecit.
1543 5287 1646 5344 llle
1675 5305 1738 5344 se
1765 5288 1963 5343 omnia

304 5380 628 5446 facturum,
663 5379 838 5436 etiam
870 5383 927 5435 et
955 5381 1181 5452 majora
1211 5377 1510 5452 pollicens,
1534 5375 1701 5432 laetus
1732 5377 1804 5432 ab
1835 5375 1962 5449 ipso

307 5466 481 5524 abiit.

386 5557 513 5629 136,
548 5557 867 5632 Diligenter
922 5560 1103 5634 igitur
1159 5559 1454 5629 omnibus,
1513 5571 1641 5628 quae
1699 5554 1963 5627 coquinae

2060 4575 2231 4644 capta
2251 4587 2284 4625 a
2305 4570 2567 4625 daemone
2586 4570 2772 4632 erant,
2788 4582 2990 4622 curam
3009 4565 3201 4637 ccepit.
3217 4565 3491 4620 Deierens
3513 4563 3712 4633 itaque

2062 4661 2147 4718 eis
2181 4657 2527 4724 necessaria,
2561 4657 2706 4711 forte
2751 4658 2974 4726 patrem
3021 4669 3245 4718 senem,
3276 4651 3506 4708 diabolo
3559 4650 3712 4706 vires

2063 4748 2533 4812 administrante,
2567 4745 2676 4799 hoc
2725 4743 2920 4799 animo
2971 4741 3103 4814 [ut]
3152 4741 3348 4813 ipsum
3405 4741 3715 4796 suﬂ'ocaret

2062 4839 2182 4894 ﬁlia
2212 4851 2488 4910 aggressa
2517 4833 2706 4889 fuerat
2735 4831 3056 4899 incassum,
3087 4835 3274 4887 matre
3305 4830 3547 4901 insuper
3575 4827 3714 4884 totis

2062 4928 2286 4984 viribus
2312 4923 2633 4992 annitente,
2657 4925 2977 4989 oranteque
2997 4936 3232 4993 semper
3254 4918 3458 4987 ﬁliam,
3487 4934 3556 4973 ne
3585 4923 3712 4973 tan-

2067 5023 2190 5074 tum
2210 5021 2452 5086 tamque
2472 5014 2686 5066 tetrum
2717 5009 2947 5065 facinus
2965 5009 3024 5065 in
3046 5012 3343 5082 parentem
3363 5006 3717 5063 admitteret.

2066 5107 2214 5163 Nam
2237 5101 2425 5160 caeteri
2449 5105 2588 5156 tunc
2611 5099 2882 5166 aberant;
2903 5099 3057 5170 quod
3080 5097 3418 5154 admisisset
3438 5095 3717 5168 profecto,

2067 5195 2128 5252 ni
2159 5208 2494 5257 conversus,
2527 5190 2792 5244 invocato
2825 5188 3061 5244 nomine
3089 5191 3248 5255 Jesu,
3284 5203 3350 5242 ac
3401 5185 3527 5242 suis
3576 5200 3723 5241 usus

2068 5285 2291 5342 viribus
2339 5297 2491 5350 eam,
2538 5277 2838 5351 aegerrime
2887 5282 3107 5343 tamen,
3139 5295 3173 5331 a
3222 5273 3725 5348 patrisviolentis

2072 5371 2474 5445 complexibus
2500 5367 2902 5425 abstraxisset.

2148 5464 2268 5519 139.
2302 5460 2517 5516 Verum
2540 5473 2673 5513 cum
2690 5457 2814 5527 jam
2840 5455 3168 5512 discessum
3195 5460 3461 5529 parasset
3492 5469 3728 5511 conver-

2077 5570 2200 5628 sus,
2231 5551 2446 5607 iterum
2477 5545 2674 5621 puella
2704 5548 2851 5602 nutu
2883 5544 3099 5604 diaboli
3131 5546 3388 5606 atrocius
3419 5543 3592 5604 solito
3623 5558 3728 5614 pa-
