4022 6160
352 270 468 331 867

1405 261 1470 322 8,
1516 260 1841 324 JOANNIS
1888 258 2333 323 GUALBERTI
2378 258 2715 320 ABBA'I‘IS

3639 253 3755 317 868

353 406 525 471 trem,
557 404 805 457 mortem
835 397 1036 454 crebro
1078 395 1426 463 minitando,
1458 395 1814 468 aggreditur.
1850 394 1997 465 Inje-
2029 393 2084 461 Α
2112 393 2207 449 vix
2259 394 2330 449 ad
2378 392 2566 449 bovile
2611 404 2818 463 usque,
2852 388 3005 460 quod
3050 403 3163 444 non
3193 387 3448 445 multum
3477 387 3754 462 distabat,

355 495 513 546 cerat
529 491 685 545 enim
704 504 916 543 manus
933 486 993 541 in
1012 484 1233 559 gulam.
1248 484 1351 539 Ille
1368 484 1518 540 intro
1535 484 1998 556 quamprimum,

355 584 543 636 matre
602 575 1026 644 conclamante,
1088 575 1342 641 rediens,
1401 576 1749 639 daemonem,
1814 589 1883 629 ea
1945 573 2000 626 vi

355 671 576 734 amota,
597 670 664 722 ut
692 664 882 722 solent
913 664 1246 721 sacerdotes
1275 668 1333 719 et
1362 663 1637 736 religiosi,
1658 662 1999 734 vulgaribus

356 761 555 812 tamen
601 754 794 810 verbis
846 753 1197 825 (litterarum
1227 752 1382 807 enim
1414 752 1656 823 ignarus
1684 751 1830 822 erat)
1862 767 1997 805 con-

339 845 543 915 jurare
564 828 759 916 capit.
785 844 847 898 In
881 858 1055 914 quem
1079 842 1305 896 daemon
1336 840 1499 896 vultu
1523 840 1705 896 atroci
1730 838 1999 895 terribili-

343 934 575 1005 busque
617 932 801 988 oculis
833 948 916 998 se,
949 936 1015 986 ut
1045 930 1171 1003 ipse
1201 930 1409 985 solitus
1440 935 1565 985 erat
1596 931 1825 995 referre,
1859 945 1994 984 con-

341 1026 576 1078 vertens
591 1021 810 1093 inquit:
827 1021 1022 1090 Asine,
1040 1018 1545 1087 bubulce,nullius
1562 1019 1777 1075 valoris
1794 1018 1992 1084 homo,

342 1111 498 1166 unde
547 1111 668 1166 haec
713 1110 821 1164 tibi
877 1109 1141 1179 audacia,
1176 1126 1267 1175 ne,
1302 1114 1367 1163 ut
1418 1108 1674 1181 religiosi
1714 1107 1992 1176 assolent,

344 1200 659 1271 conjures?
690 1199 800 1254 Abi
830 1198 969 1253 hinc
1000 1197 1061 1253 in
1092 1215 1324 1254 crucem
1357 1202 1542 1268 tuam,
1575 1202 1632 1253 et
1672 1202 1843 1253 tuum
1876 1213 1991 1251 non

345 1287 595 1345 aliorum
617 1304 863 1360 peragas
882 1288 1179 1359 negotium
1200 1305 1212 1354 ;
1239 1292 1295 1343 et
1314 1286 1364 1343 si
1382 1287 1625 1342 ulterius
1642 1285 1855 1353 bellua,
1875 1303 1991 1342 non

344 1376 541 1443 homo,
567 1377 907 1450 perrexeris,
933 1376 1077 1431 mihi
1100 1377 1289 1444 crede,
1314 1381 1415 1432 tuo
1447 1376 1734 1448 supplicio
1757 1374 1992 1431 docebis

344 1465 673 1523 humanum
720 1483 926 1540 genus,
961 1466 1101 1537 quid
1150 1465 1393 1538 periculi
1445 1465 1751 1520 immineat
1798 1464 1991 1520 divina

340 1557 638 1625 tractanti,
672 1556 787 1611 nisi
818 1556 1002 1611 sacris
1032 1554 1196 1627 prius
1227 1554 1494 1610 initiatus
1525 1554 1717 1610 fuerit.

414 1691 536 1745 140.
570 1694 637 1746 At
682 1705 997 1745 conversus
1046 1692 1103 1743 et
1149 1689 1445 1743 teterrimo
1488 1686 1791 1742 daemoniis
1820 1704 1988 1758 aspe,

2113 499 2321 555 repens
2353 478 2693 555 p'crvencrit.

2183 602 2303 655 142.
2338 600 2461 663 Quo
2492 602 2729 671 repente
2762 596 3075 667 subitoque
3118 612 3254 651 casu
3299 598 3603 667 stupentes
3634 593 3755 667 alii,

2110 689 2212 760 qui
2252 691 2435 757 erant,
2468 685 2728 756 bubulci,
2762 686 2916 740 unde
2963 684 3072 740 hoc
3114 683 3247 752 sibi,
3279 683 3369 739 vel
3414 701 3547 756 quae
3589 688 3757 739 tanta

2108 777 2304 850 ipsum
2325 781 2592 833 tenuerat
2615 793 2797 842 mora,
2824 773 3210 840 sciscitantes,
3236 789 3453 845 pavens
3475 778 3755 831 tremens-

2106 884 2218 940 que
2248 867 2438 922 adhuc
2483 866 2649 938 ipsis,
2685 864 2783 936 qui
2834 864 2943 918 hoc
2989 863 3144 918 idem
3194 863 3367 934 paulo
3418 866 3577 929 ante,
3607 863 3756 918 dum

2107 974 2330 1012 moram
2362 955 2638 1021 traheret,
2672 954 3155 1025 conjectaverant,
3187 968 3310 1007 rem
3355 969 3611 1020 omnem,
3644 952 3758 1009 hac

2103 1045 2230 1119 lege
2279 1046 2539 1101 dicerent
2575 1043 2814 1111 nemini,
2849 1041 3097 1115 aperuit.
3130 1041 3345 1097 Verum
3394 1058 3509 1097 non
3565 1042 3756 1098 multo

2101 1139 2361 1207 tempore
2395 1139 2547 1207 post,
2571 1150 2705 1188 cum
2737 1134 2805 1187 de
2835 1130 2982 1187 istac
3014 1130 3209 1203 puella
3238 1130 3754 1200 sermocinaretur,

2103 1224 2272 1295 quasi
2290 1240 2392 1296 pro
2408 1221 2687 1277 miraculo
2701 1221 2822 1276 haec
2839 1221 3040 1276 eadem
3054 1219 3344 1275 Antonius
3362 1222 3755 1292 praesentibus

2102 1311 2404 1369 nonnullis
2451 1310 2802 1383 praedicavit.
2836 1310 2955 1365 Iloc
2984 1309 3040 1365 S.
3073 1308 3319 1365 Joannis
3362 1310 3635 1381 precibus
3670 1310 3754 1365 fa-

2102 1406 2259 1457 ctum
2274 1399 2419 1456 nulli
2440 1405 2707 1455 nostrum
2724 1398 2969 1454 dubium
2985 1397 3367 1465 exstitit,cum
3386 1398 3474 1453 sui
3489 1398 3753 1470 Ordinis,

2098 1491 2390 1565 praecipue
2420 1488 2598 1560 hujus
2630 1486 2991 1557 monasterii,
3023 1488 3200 1543 decus
3245 1488 3548 1559 honosque
3595 1505 3748 1544 curae

2098 1586 2189 1637 est
2210 1598 2221 1635 :
2249 1585 2315 1637 ut
2334 1580 2460 1653 ipse
2478 1582 2535 1635 et
2554 1576 2651 1634 alii
2678 1578 2920 1650 posthac
2944 1577 3015 1632 ad
3040 1576 3381 1648 bujusmodi
3401 1578 3746 1650 turpissima

2099 1674 2296 1725 essent
2325 1669 2646 1724 tardiorees
2674 1665 2764 1724 vel
2795 1670 3063 1722 caverent
3091 1682 3105 1721 :
3140 1682 3277 1721 nam
3309 1666 3503 1722 ausim
3534 1666 3741 1735 dicere,

337 1783 437 1835 ctu
468 1783 525 1834 et
552 1779 731 1833 minis
760 1778 889 1848 ejus
920 1794 1036 1832 non
1069 1794 1243 1847 parvo
1273 1776 1481 1831 timore
1502 1780 1827 1848 correptus,
1848 1754 1984 1832 inde
2017 1769 2068 1834 Β
2097 1757 2273 1848 “119m
2324 1773 2446 1813 rem
2478 1762 2634 1848 Fu“
2684 1755 2775 1848 ΫθῙ
2822 1758 2954 1828 Ροει
2999 1758 3255 1812 tentasse
3285 1754 3605 1848 Πθαξίηθων
3637 1755 3744 1811 “Si

340 1884 518 1938 quam
546 1867 759 1939 raptim
781 1866 961 1921 abire.
988 1868 1169 1932 Quem
1194 1882 1368 1921 senex
1394 1864 1542 1937 parti
1573 1882 1692 1921 suae
1715 1865 1988 1921 diffidens

341 1970 693 2027 magnopere
706 1971 891 2025 orare,
911 1952 1049 2009 illuc
1072 1953 1258 2009 alium
1283 1969 1351 2009 ex
1370 1952 1642 2009 bubulcis
1666 1970 1768 2010 seu
1791 1954 1991 2010 subul-

341 2044 425 2100 cis
474 2060 576 2116 per
619 2044 758 2100 Jesu
807 2042 1021 2098 Christi
1070 2042 1438 2099 clementiam
1489 2044 1705 2113 mittat,
1738 2048 1794 2099 et
1831 2043 1987 2100 illico

341 2149 517 2189 suum
584 2148 841 2205 praesens
907 2130 1233 2203 periculum
1292 2132 1509 2187 decano
1568 2132 1989 2204 inouachisque

339 2220 645 2277 enuntiare
675 2221 927 2275 studeat.
952 2219 1114 2283 Quod
1145 2220 1240 2276 ille
1261 2220 1568 2292 diligenter
1596 2225 1825 2277 oratum
1858 2237 1984 2293 per-

340 2325 542 2381 agens,
574 2309 895 2364 Antonium
944 2310 1259 2381 quemdam
1312 2326 1380 2365 ex
1433 2309 1704 2366 bubulcis
1735 2309 1873 2366 illuc
1902 2310 1985 2367 ire

332 2397 548 2470 jussit;
572 2413 814 2470 remque
836 2414 1069 2453 omnem
1093 2398 1301 2453 deinde
1320 2398 1472 2454 Patri
1496 2399 1713 2456 decano
1736 2401 1982 2471 aperuit.

338 2486 593 2542 Mittitur
639 2487 836 2543 statim
886 2488 1179 2552 sacerdos,
1214 2488 1335 2559 qui,
1368 2488 1450 2542 uti
1492 2490 1723 2559 justum
1776 2491 1983 2556 fuerat,

338 2575 595 2647 puellam
628 2575 777 2632 stola
807 2576 1151 2632 sacerdotali
1190 2576 1635 2649 eircumligavit,
1668 2582 1725 2633 et
1776 2578 1985 2635 deinde

336 2669 631 2736 parentes,
655 2682 728 2720 ne
750 2665 997 2721 ulterius
1024 2666 1358 2733 formident,
1380 2683 1647 2737 monens,
1670 2666 1909 2739 insuper
1930 2671 1987 2723 et

335 2753 589 2809 bubulco
604 2754 997 2826 imperans,ad
1018 2771 1191 2811 suum
1206 2754 1449 2809 solitum
1464 2756 1742 2810 concedat
1757 2754 1981 2823 locum;

335 2842 475 2913 quia
501 2843 625 2914 jam
660 2842 911 2897 multum
945 2843 1131 2897 noctis
1161 2848 1462 2913 peractum
1493 2847 1635 2912 erat,
1661 2861 1835 2915 quam
1869 2845 1982 2900 cito

334 2930 395 2985 in
428 2931 852 2986 monasterium
884 2929 1074 2987 rediit.
1108 2931 1252 2985 Hinc
1284 2930 1449 2987 facile
1480 2931 1724 3003 intelligi
1768 2937 1980 3004 potest,

335 3020 505 3091 cujus
524 3020 761 3076 virtutis
781 3025 839 3076 et
860 3020 1128 3092 potentiae
1150 3020 1271 3075 sint
1291 3019 1448 3075 stolae
1468 3038 1666 3087 sacra),
1680 3025 1736 3076 et
1753 3026 1979 3092 caetera,

2099 1846 2294 1903 multa:
2318 1851 2374 1902 et
2398 1845 2560 1901 vultu
2586 1847 2854 1902 modesto
2871 1849 2929 1901 et
2955 1848 3197 1901 venusto
3218 1844 3485 1901 venerint
3503 1850 3563 1900 et
3581 1848 3745 1900 aetate

2098 1936 2324 2008 integra
2369 1934 2597 2008 puellae,
2629 1952 2762 1991 cum
2819 1953 2852 1990 a
2897 1933 3152 2006 diabolo,
3181 1936 3308 1989 tum
3352 1932 3486 1989 aliis
3526 1932 3744 1989 morbis

2098 2042 2413 2097 oppressae.

2172 2132 2291 2186 143.
2326 2132 2437 2187 Sed
2467 2132 2540 2186 ad
2585 2131 2905 2201 diabolum,
2938 2131 3039 2202 qui
3071 2131 3265 2187 Lisam
3297 2129 3554 2205 puellam
3585 2130 3744 2187 inva-

2097 2226 2271 2288 serat,
2297 2221 2625 2275 redeamus.
2651 2220 2796 2275 Cum
2819 2219 2997 2287 enim,
3022 2224 3088 2276 ut
3118 2236 3299 2292 supra
3323 2220 3606 2291 diximus,
3617 2222 3742 2291 jam

2096 2310 2370 2365 omnibus
2399 2309 2523 2364 suis
2553 2308 2779 2364 viribus
2807 2308 3146 2378 destitutus,
3176 2309 3354 2364 etiam
3384 2325 3492 2366 nec
3533 2310 3743 2366 mutire

2096 2399 2353 2471 amplius
2384 2400 2642 2466 auderet,
2667 2397 2901 2454 nivibus
2930 2402 3145 2454 Austro
3178 2398 3355 2454 flante
3384 2397 3739 2470 liquefactis,

2096 2490 2189 2544 die
2211 2488 2485 2560 quadam,
2508 2503 2611 2541 nec
2634 2504 2777 2542 aura
2795 2487 3033 2558 quidem
3056 2487 3338 2559 spirante,
3354 2504 3561 2543 sereno
3578 2487 3736 2551 caelo,

2094 2595 2241 2651 aegre
2289 2577 2359 2631 ad
2411 2575 2715 2647 capellam,
2749 2575 3000 2632 summis
3039 2576 3281 2648 viribus,
3313 2576 3547 2632 diabolo
3580 2594 3649 2633 ne
3679 2576 3729 2631 id

2092 2668 2257 2722 ﬁeret
2285 2666 2608 2730 annitente,
2640 2665 2912 2729 trahitur,
2946 2669 3004 2721 et
3035 2666 3105 2720 de
3136 2681 3296 2721 more
3325 2682 3461 2720 cum
3492 2670 3547 2720 S.
3570 2665 3735 2722 Joan-

2092 2756 2184 2811 nis
2217 2754 2471 2825 brachio,
2496 2755 2880 2825 praesentibus
2910 2755 3214 2811 monachis
3238 2755 3559 2827 devotaque
3580 2754 3731 2827 psal-

2092 2845 2369 2912 lentibus,
2402 2847 2459 2899 et
2506 2844 2872 2911 canentibus,
2905 2846 2962 2900 in
3009 2860 3234 2900 moram
3265 2843 3503 2917 longam
3535 2845 3730 2915 conju-

2092 2934 2272 2990 rando
2291 2936 2346 2988 et
2366 2932 2911 2988 anathematizando
2928 2937 3234 3004 torquetur
3253 2951 3265 2985 :
3290 2950 3423 2989 cum
3440 2934 3597 2990 enim
3608 2933 3727 3005 jam

2091 3021 2427 3079 discedendi
2450 3025 2684 3093 tempus
2707 3023 2958 3093 adesset,
2983 3022 3248 3094 pristinis
3270 3023 3491 3079 viribus
3521 3038 3727 3079 resum-

334 3108 551 3180 quibus
582 3109 911 3165 sacerdotes
951 3112 1255 3180 ornantur,
1288 3110 1429 3164 dum
1483 3109 1606 3166 suis
1655 3110 1982 3182 funguntur
2011 3136 2054 3203 Ο
2092 3112 2206 3184 ptis
2238 3110 2558 3167 exclamare
2588 3115 2844 3182 repente,
2878 3110 3244 3181 debacchari,
3270 3112 3527 3168 convicia
3556 3111 3724 3167 male-

333 3196 564 3265 officiis,
585 3198 697 3253 (ide
720 3202 937 3264 tamen,
957 3202 1022 3254 ut
1046 3197 1111 3253 ﬁt
1131 3198 1189 3253 in
1214 3199 1434 3254 caeteris
1457 3200 1629 3255 rebus
1651 3200 1973 3272 praemissa.

333 3287 480 3365 Nam
511 3286 799 3355 diabolus,
827 3287 928 3360 qui
958 3291 1130 3343 antea
1158 3288 1318 3343 ferox
1346 3287 1402 3343 in
1436 3305 1606 3345 senes
1642 3288 1771 3345 illos
1804 3290 1976 3345 mise-

332 3375 547 3432 rabiles
596 3377 802 3444 fuerat,
850 3376 910 3432 in
960 3376 1106 3432 alios
1154 3394 1285 3433 vero
1335 3379 1510 3433 verba
1558 3378 1980 3435 contumeliosa

334 3465 576 3536 dixerat,
610 3465 760 3520 stola
798 3465 1221 3538 circumligata,
1256 3472 1320 3522 ut
1348 3467 1625 3538 diximus,
1659 3468 1979 3538 demissus,

332 3553 597 3620 humilis,
630 3554 992 3627 impotensve
1022 3556 1286 3623 effectus,
1323 3560 1503 3611 totam
1537 3559 1766 3612 noctem
1818 3557 1981 3611 duxit

333 3642 615 3713 quietam.

407 3777 528 3832 141.
562 3776 815 3833 Additur
846 3776 981 3832 huic
1010 3781 1068 3833 et
1097 3776 1253 3832 aliud
1283 3776 1655 3833 miraculum.
1681 3778 1827 3833 Nam
1862 3783 1981 3832 An-

332 3865 532 3921 tonius
561 3865 660 3921 ille
689 3864 1001 3932 bubulcus,
1034 3883 1208 3937 quem
1240 3865 1413 3937 paulo
1462 3870 1595 3920 ante
1648 3865 1978 3935 retulimus,

334 3954 429 4008 cui
450 3955 629 4010 boum
651 3971 789 4010 cura
807 3970 941 4009 cum
960 3954 1092 4010 aliis
1109 3954 1463 4025 quibusdam
1489 3955 1754 4025 injuncta
1772 3956 1980 4023 fuerat,

336 4042 493 4111 turpi
524 4057 723 4096 amore
752 4041 954 4112 puellae
975 4047 1201 4113 captus,
1225 4058 1426 4097 secum
1456 4043 1514 4097 in
1543 4047 1736 4098 mente
1757 4043 1981 4100 volvere

334 4128 527 4200 coepit,
552 4145 670 4200 qua
687 4128 781 4184 via
800 4134 999 4201 posset
1016 4129 1167 4185 clam
1198 4130 1539 4202 parentibus
1561 4131 1748 4203 ipsius
1775 4132 1981 4204 puellae

334 4216 509 4289 potiri
539 4218 873 4273 concubitu.-
909 4218 1055 4275 Nam
1098 4234 1232 4274 cum
1280 4220 1543 4274 moribus
1592 4224 1718 4275 tum
1772 4226 1982 4278 natura

334 4304 673 4362 rusticanus
695 4310 817 4362 erat
847 4307 1066 4379 [esset].
1099 4306 1239 4379 quid
1261 4306 1505 4379 periculi
1530 4310 1603 4364 ob
1631 4309 1845 4365 diaboli
1871 4327 1977 4367 sae-

330 4393 536 4451 vitiam
564 4394 922 4464 immineret,
956 4396 1196 4452 minime
1243 4397 1529 4469 cogitans,
1560 4414 1759 4455 verum
1809 4399 1979 4455 volu-

2090 3201 2361 3271 dictaque
2382 3199 2592 3268 dicere,
2614 3198 2784 3255 solito
2807 3199 2976 3271 pejus
2999 3200 3254 3272 puellam
3276 3218 3514 3258 sursum
3535 3199 3723 3257 tollere

2090 3288 2283 3362 coepit.

2161 3397 2282 3451 144.
2314 3394 2738 3465 Accedentibus
2771 3395 2949 3467 igitur
2993 3396 3313 3466 nonnullis,
3344 3397 3445 3470 qui
3492 3397 3723 3454 aderant

2087 3485 2424 3550 familiares,
2440 3484 2735 3539 montanis
2754 3484 3154 3556 ferocissimis,
3171 3502 3298 3541 eam
3321 3487 3573 3543 maximo
3595 3502 3716 3542 cum

2085 3573 2283 3629 labore
2327 3573 2421 3628 vix
2469 3572 2676 3628 sistere
2702 3573 3054 3643 valentibus,
3087 3591 3191 3646 pro
3220 3580 3480 3648 tempore
3510 3576 3722 3648 quievit

2089 3663 2335 3718 daemon.
2366 3662 2625 3718 Tandem
2656 3662 2714 3717 S.
2744 3655 2992 3718 Joannis
3023 3664 3294 3721 virtutem
3328 3665 3583 3737 amplius
3614 3682 3725 3721 non

2087 3753 2302 3821 ferens,
2336 3750 2448 3806 alio
2498 3751 2717 3823 ingenti
2753 3768 2886 3807 cum
2919 3752 3169 3808 stridore
3199 3755 3505 3810 concessit.
3541 3754 3732 3810 Puella

2089 3855 2220 3894 vero
2251 3856 2281 3894 e
2312 3839 2584 3894 manibus
2615 3840 2939 3895 tenentium
2972 3840 3253 3913 paulatim
3286 3842 3581 3914 prolapsa,
3609 3843 3733 3910 diu,

2088 3928 2175 3983 uti
2197 3928 2305 3982 hac
2330 3928 2449 3982 vita
2469 3927 2703 3983 mortali
2733 3929 2931 3984 functa
2952 3947 3133 4001 supra
3156 3929 3412 3986 ecclesiae
3433 3931 3741 4002 pavimen-

2086 4020 2215 4072 tum
2237 4015 2445 4088 jacuit.
2471 4016 2717 4072 Demum
2749 4034 3019 4090 surgens,
3039 4019 3180 4075 Jesu
3211 4019 3269 4074 in
3294 4020 3524 4092 primis,
3546 4021 3744 4095 Virgi-

2088 4105 2266 4177 nique
2300 4105 2515 4171 Mariae,
2538 4111 2597 4160 et
2627 4106 2686 4161 S.
2717 4107 2929 4163 Joanni
2962 4107 3180 4181 gratias
3208 4124 3409 4180 agens,
3437 4109 3575 4165 laeta
3605 4128 3748 4168 cum

2088 4194 2214 4249 suis
2245 4193 2487 4249 domum
2519 4194 2819 4267 propriam
2850 4195 3169 4251 contendit.
3201 4196 3437 4265 Verum,
3471 4201 3753 4257 nondum

2087 4282 2276 4338 tribus
2307 4282 2612 4339 mensibus
2642 4283 2907 4356 expletis,
2932 4285 3143 4340 iterum
3171 4284 3327 4342 idem
3350 4286 3581 4343 daemon
3616 4305 3753 4345 eam

2088 4372 2345 4429 atrocius
2374 4371 2545 4429 solito
2577 4372 2812 4429 invasit.

332 4487 552 4555 ptatem
586 4483 802 4540 malam
835 4489 1061 4541 tantum
1095 4485 1321 4558 explere
1351 4486 1615 4559 cupiens.
1640 4487 1762 4543 Sibi
1793 4489 1981 4545 multa
2010 4506 2065 4571 D_
2162 4488 2285 4541 145.
2320 4487 2396 4543 Eo
2419 4491 2691 4560 parentes
2715 4487 2961 4543 nimium
2984 4490 3266 4562 percussi,
3287 4490 3427 4562 quid
3446 4490 3509 4546 in
3537 4491 3756 4562 hujus-

333 4572 578 4645 agitanti
613 4573 730 4629 haec
759 4574 980 4646 optima
1006 4575 1101 4631 via
1130 4575 1256 4631 visa
1294 4579 1401 4643 est,
1435 4576 1659 4631 aditum
1694 4577 1980 4644 fenestrae,

334 4676 462 4731 qum
510 4665 734 4732 partem
784 4662 1130 4734 respiciebat
1159 4662 1519 4729 inferiorem,
1551 4663 1726 4719 scalis
1774 4664 1981 4736 positis

333 4751 599 4817 tentare;
631 4766 759 4821 qua
798 4750 1034 4822 quidem
1084 4752 1341 4807 fenestra
1388 4752 1641 4824 pessulo,
1675 4770 1774 4808 seu
1826 4769 1978 4823 sera,

334 4836 497 4891 nullo
528 4838 772 4894 artificio
812 4840 1005 4911 inepte
1054 4842 1196 4896 adeo
1247 4841 1645 4912 claudebatur,
1680 4847 1745 4896 ut
1790 4842 1980 4913 quivis

254 4974 273 4998 ,
335 4929 460 4979 arte
481 4925 728 4982 callidus
759 4928 830 4982 de
860 4945 979 4983 una
1009 4929 1082 4983 ad
1112 4930 1286 4985 aliam
1320 4935 1543 5002 partem
1578 4932 1853 5001 [movere]
1886 4949 1978 4987 va-

332 5012 543 5069 luisset
588 5031 690 5086 per
736 5016 916 5071 rimas
965 5016 1151 5088 ipsius
1196 5019 1481 5073 fenestram
1520 5020 1632 5073 llac
1662 5020 1859 5090 itaque
1888 5020 1982 5076 via

335 5119 459 5158 rem
490 5102 587 5158 ille
617 5105 853 5177 aggredi
899 5121 1033 5160 cum
1081 5105 1370 5176 cmpisset,
1404 5111 1461 5161 et
1498 5108 1748 5178 jamjam
1795 5109 1867 5163 ad
1918 5109 1978 5163 id

335 5190 682 5260 devenisset,
717 5196 783 5247 ut
811 5193 1062 5249 fenestra
1092 5193 1435 5264 aperiretur,
1458 5195 1727 5252 diabolus
1758 5196 1978 5252 circum

338 5279 630 5337 scalarum
660 5283 879 5354 gradus
908 5281 1179 5348 volitans,
1204 5282 1287 5337 sic
1315 5299 1449 5338 eum
1480 5286 1891 5355 perterrefecit,
1917 5290 1981 5341 ut

333 5369 592 5423 tremens
620 5374 740 5444 toto
784 5388 1043 5445 corpore,
1077 5371 1323 5443 pedibus
1370 5372 1545 5429 etiam
1595 5381 1653 5429 et
1705 5376 1979 5432 manibus

335 5470 513 5511 suum
538 5456 793 5514 ofﬁcium
825 5476 941 5516 non
971 5461 1080 5516 rite
1099 5459 1532 5533 peragentibus,
1554 5463 1623 5517 ad
1657 5468 1871 5521 terram
1897 5482 1981 5521 re-

334 5546 507 5626 pente
536 5542 763 5619 lapsus,
788 5564 900 5605 uno
931 5565 1099 5607 crure
1127 5565 1275 5624 pene
1305 5550 1510 5619 fracto,
1534 5550 1707 5609 scalis
1738 5552 1975 5625 relictis,

2092 4576 2251 4631 modi
2298 4593 2359 4632 re
2406 4577 2587 4632 atroci
2630 4582 2887 4649 agerent,
2920 4594 3035 4649 quo
3076 4595 3137 4635 se
3166 4584 3471 4652 verterent,
3505 4582 3744 4653 penitus

2090 4664 2457 4735 ignorabant.
2492 4665 2614 4720 Huc
2662 4666 2849 4721 redire
2895 4683 2994 4722 eos
3042 4668 3323 4739 pudebat,
3354 4669 3468 4724 alio
3508 4687 3564 4725 se
3596 4687 3740 4727 con-

2090 4752 2257 4821 ferre,
2291 4754 2400 4809 etsi
2431 4754 2747 4809 necessitas
2777 4761 3027 4828 cogeret,
3063 4762 3279 4826 tamen,
3313 4759 3453 4829 quia
3500 4764 3555 4813 et
3583 4759 3741 4817 vires

2089 4847 2146 4897 et
2167 4843 2425 4915 pecuniae
2448 4843 2640 4916 longis
2660 4843 2969 4900 itineribus
2985 4847 3108 4916 jam
3133 4846 3460 4919 absumptae
3485 4849 3737 4917 fuerant,

2088 4932 2457 4987 verebantur.
2491 4934 2693 5005 Itaque
2725 4934 2782 4987 in
2816 4950 2875 4989 re
2905 4934 3085 4990 dubia
3116 4953 3230 4991 non
3264 4937 3519 5004 defuere,
3552 4939 3657 5009 qui
3685 4944 3735 4995 et

2088 5021 2352 5092 pecuniis
2374 5026 2425 5077 et
2442 5022 2716 5091 jumento
2738 5023 2953 5079 ferrent
2974 5040 3164 5096 opem.
3187 5025 3291 5081 His
3314 5043 3448 5099 ergo
3473 5028 3581 5083 hoc
3617 5044 3729 5083 mo-

2088 5110 2407 5165 nasterium
2433 5110 2643 5166 iterum
2669 5113 2999 5183 petentibus
3016 5130 3129 5169 non
3154 5100 3456 5171 cessavere
3473 5116 3722 5177 comites,

2087 5215 2223 5269 pars
2256 5198 2657 5255 misericordia
2703 5200 3039 5273 pietateque
3069 5201 3262 5271 illecti,
3298 5220 3435 5276 pars
3464 5203 3718 5275 cupidine

2086 5287 2313 5343 visendi
2334 5287 2450 5344 tale
2472 5293 2529 5343 ct
2549 5293 2777 5344 tantum
2801 5291 3223 5347 monasterium
3244 5293 3303 5347 in
3329 5297 3484 5347 terra
3506 5292 3715 5347 deserta

2087 5376 2147 5431 in
2176 5376 2301 5433 loco
2334 5377 2591 5434 horroris
2620 5383 2675 5434 et
2705 5383 2883 5435 vasta:
2903 5380 3238 5436 solitudinis
3269 5381 3450 5437 situm
3477 5397 3490 5435 :
3522 5381 3713 5436 adven-

2086 5470 2212 5522 tum
2246 5484 2495 5539 quorum
2535 5472 2771 5541 propter
2819 5469 3101 5525 damonis
3153 5470 3409 5525 reditum
3463 5466 3714 5527 monachi

2088 5557 2389 5629 aegerrime
2417 5558 2688 5628 ferentes,
2721 5560 3053 5616 statuerunt
3090 5558 3274 5633 intus,
3306 5558 3447 5619 foris
3500 5571 3714 5638 quoquq
