4002 6170
197 285 304 345 869

1775 284 1974 346 ACTA
1989 331 2002 344 .

3469 299 3587 358 870

202 417 362 475 modo
391 415 632 483 orando,
661 415 1068 487 supplicando,
1090 415 1284 486 ipsum
1315 415 1638 470 daemonem
1671 432 1828 472 acer-
1857 420 1914 486 Α
1945 420 2240 489 recreatis,
2275 421 2477 476 tandiu
2522 423 2890 481 orationibus
2920 430 2976 481 et
3006 427 3277 498 precibus
3323 429 3591 502 instaret,

202 509 336 562 rime
369 506 734 576 impugnare.

266 594 386 650 146.
421 594 566 648 Cum
601 593 779 665 igitur
811 594 946 649 hinc
993 594 1126 647 inde
1173 609 1407 648 summa
1434 593 1487 646 vi
1520 594 1841 648 decertare-

196 691 309 746 tur,
341 687 397 738 et
425 682 671 738 Joannis
717 681 1072 738 sanctissimi
1103 681 1344 736 virtutes
1375 699 1694 752 crucesque
1721 688 1840 737 tam

196 788 431 844 asperas
462 771 730 828 diabolus
786 771 1038 842 amplius
1069 772 1321 842 perferre
1367 788 1482 826 non
1535 776 1748 841 posset,
1784 771 1842 826 in

197 879 361 920 senes
391 861 548 927 illos,
583 867 851 932 parentes
889 859 1118 932 puellae,
1155 865 1348 915 truces
1378 860 1577 915 oculos
1607 877 1842 915 conver-

196 959 343 1017 tens,
370 967 476 1006 nec
509 950 753 1004 mortale
786 967 1024 1015 sonans,
1059 949 1253 1020 inquit
1276 968 1289 1004 :
1315 948 1498 1020 Iniqui
1524 950 1844 1020 perversive

193 1058 382 1105 senes,
401 1057 506 1094 cur
527 1055 620 1094 me
643 1038 1365 1109 ﬁliamque-vestram,vita
1386 1056 1418 1092 a
1435 1039 1597 1092 vobis
1621 1039 1770 1094 male
1792 1043 1848 1093 et

194 1130 448 1202 pessime
499 1128 792 1194 instituta,
819 1131 877 1182 in
907 1132 994 1182 tot
1039 1128 1350 1182 devexistis
1381 1127 1706 1182 tormenta?
1737 1129 1842 1181 Re-

192 1220 327 1285 dite,
358 1216 540 1273 redite
571 1217 642 1270 ad
675 1217 1130 1284 conscientiam;
1163 1217 1424 1272 facinora
1455 1216 1557 1271 illa
1587 1217 1844 1283 mucida,

190 1326 315 1380 quze
338 1307 500 1362 intus
522 1305 863 1375 latent,jam
888 1311 1302 1378 expurgate,ut
1326 1305 1676 1378 poenitentia:
1705 1305 1846 1361 acri-

192 1397 410 1462 monia,
434 1395 715 1450 virtuteve
746 1395 844 1448 Dei
877 1399 1178 1450 curentur.
1209 1395 1312 1449 His
1358 1395 1530 1449 dictis
1568 1394 1849 1449 conticuit

194 1489 442 1543 daemon.
480 1485 544 1539 Ili
591 1501 724 1540 vero
757 1484 969 1538 rubore
1000 1483 1249 1555 perfusi,
1281 1500 1398 1554 qua
1447 1488 1682 1555 potuere
1711 1500 1848 1537 con-

196 1575 461 1641 tritione,
492 1590 599 1629 sua
631 1577 868 1644 peccata
894 1572 1145 1628 confessi
1185 1578 1344 1628 sunt.
1370 1573 1447 1626 Ex
1478 1577 1615 1627 tunc
1645 1572 1844 1627 diabo-

197 1666 284 1720 lus
319 1662 506 1719 veluti
562 1663 760 1717 fumus
806 1662 969 1717 visus
1018 1667 1106 1716 est
1146 1677 1249 1733 per
1295 1661 1499 1732 puellae
1529 1678 1594 1716 os
1637 1676 1849 1731 supera

189 1758 407 1826 petere.
425 1754 558 1816 Quae
577 1751 815 1822 quidem
838 1750 1278 1806 devotissimam
1296 1755 1353 1805 et
1368 1750 1572 1805 utilem
1595 1765 1837 1804 suorum

189 1842 476 1898 scelerum
511 1841 569 1895 in
603 1840 710 1895 hoc
740 1841 797 1894 S.
827 1838 1023 1894 Mariae
1049 1839 1423 1909 monasterio,
1446 1839 1597 1893 sicut
1627 1855 1834 1910 paren-

189 1939 292 2000 tes,
345 1931 556 1986 habuit
586 1929 1034 1994 confessionem,
1074 1933 1130 1983 et
1160 1927 1405 1983 Domino
1435 1929 1573 1983 Jesu
1607 1927 1838 1993 deinde,

189 2023 283 2094 qui
321 2037 458 2076 eam
491 2019 777 2090 sospitem
806 2018 1040 2084 fecerat,
1075 2022 1140 2072 ut
1171 2035 1408 2088 sponso,
1443 2017 1707 2072 adhaesit.

852 2106 1032 2162 PARS
1075 2106 1192 2160 XII.

257 2201 392 2255 147.
411 2205 573 2252 Anus
597 2197 863 2268 qumdam
889 2197 958 2250 de
989 2197 1047 2251 S.
1074 2195 1266 2250 Mariae
1297 2200 1560 2251 Prunetze
1599 2196 1851 2266 regioni-

187 2291 322 2355 bus,
344 2287 555 2343 multis
573 2285 1159 2355 comitantibus,quia
1177 2302 1289 2339 non
1305 2286 1552 2339 obscuro
1575 2285 1698 2340 loco
1718 2288 1853 2358 nata

192 2376 468 2451 [erat],in
492 2376 764 2446 jumento
797 2374 1057 2445 undique
1084 2374 1324 2428 funibus
1346 2373 1738 2446 circumsepta
1771 2390 1856 2429 se-

188 2468 366 2530 dens,
393 2466 476 2520 sic
507 2465 578 2520 ad
611 2464 718 2519 hoc
752 2464 809 2518 S.
833 2463 1022 2517 Mariae
1066 2465 1490 2518 monasterium
1523 2463 1851 2518 concessit:

190 2573 381 2629 quam
412 2555 639 2609 damon
691 2553 832 2608 adeo
866 2553 1026 2608 ferox
1055 2553 1417 2624 demensque
1469 2553 1856 2617 invaserat,ut

188 2643 589 2718 praesentibus
612 2641 918 2697 monachis
938 2658 1071 2696 cum
1093 2640 1378 2712 reliquiis,
1393 2659 1425 2694 a
1443 2641 1849 2706 multis,etiam

190 2733 478 2788 manibus
504 2747 537 2786 a
566 2735 726 2801 tergo
753 2729 1045 2795 revinctis,
1072 2745 1174 2784 nec
1196 2730 1378 2784 teneri
1413 2746 1517 2784 nec
1542 2729 1691 2784 flecti
1725 2747 1853 2800 pos-

189 2828 301 2878 set.
332 2826 415 2875 Ee
446 2835 681 2875 necesse
717 2820 821 2874 fuit
844 2820 960 2888 [ad]
984 2817 1234 2874 abietem
1265 2819 1607 2889 quamdam,
1634 2837 1760 2889 quae
1793 2819 1853 2873 in

191 2910 426 2982 capella
456 2910 528 2964 ob
560 2925 773 2964 novum
815 2907 1126 2962 {editicium
1160 2907 1556 2978 peragendum
1586 2913 1712 2961 tum
1746 2907 1858 2962 sita

191 3000 393 3070 [erat],
421 2999 559 3053 fune
604 2997 1003 3052 circumducto
1037 2998 1208 3067 [eam]
1243 2995 1492 3064 irretire;
1540 3002 1597 3051 et
1640 2997 1722 3050 ita
1764 2996 1856 3051 vix

193 3089 328 3144 sisti
361 3088 650 3159 [poterat].
667 3085 862 3158 Operze
885 3086 1137 3158 pretium
1161 3085 1269 3140 erit
1289 3086 1792 3156 advertere,quam
1822 3103 1856 3141 a

1949 507 2235 578 quandiu,
2288 515 2389 564 aut
2440 511 2708 568 diabolus
2759 513 3106 570 alioversum
3161 519 3442 584 tenderet,
3491 527 3595 576 aut

1950 597 2075 651 dies
2116 597 2398 652 finiretur.
2435 601 2616 663 Quem
2665 602 2922 658 laborem
2971 606 3294 661 monachus
3342 625 3476 664 cum
3524 611 3592 665 li-

1950 685 2154 740 benter
2207 687 2414 754 obiret,
2461 695 2766 762 oraretque
2823 693 3204 760 incessanter,
3253 698 3426 753 ambo
3476 699 3596 768 (ille

1952 775 2334 844 conjurando,
2362 777 2457 831 hic
2501 779 2888 850 vociferando)
2921 782 3133 837 defessi
3187 791 3342 840 sunt.
3376 791 3594 842 Verum

1950 864 2188 918 tandem
2220 864 2374 919 Deus
2405 867 2779 937 omnipotens
2810 886 2878 924 ex
2908 869 3022 926 alio
3045 879 3444 943 prospectans,
3479 894 3605 931 mu-

1952 951 2080 1006 lieri
2139 953 2409 1023 precibus
2464 954 2712 1010 Joannis
2784 959 3142 1014 sanctissimi
3201 979 3370 1033 opem
3430 965 3604 1033 tulit;

1954 1057 2090 1094 nam
2147 1040 2299 1095 inter
2357 1043 2829 1111 conjurandum:
2868 1047 3068 1114 Exibo,
3132 1050 3344 1119 inquit,
3412 1053 3604 1121 exibo,

1958 1129 2108 1183 idem
2141 1130 2270 1183 dira
2297 1147 2432 1184 voce
2463 1133 2802 1202 geminans;
2838 1136 2978 1206 quia
3022 1137 3113 1190 hic
3165 1138 3411 1193 ulterius
3456 1158 3604 1207 esse,

1955 1219 2186 1272 etiamsi
2235 1220 2313 1274 sit
2362 1219 2651 1289 voluntas,
2715 1228 2970 1293 potestas
3019 1243 3133 1281 non
3186 1229 3378 1282 datur.
3440 1233 3600 1294 Quod

1957 1307 2126 1362 nobis
2161 1308 2242 1362 tui
2276 1309 2463 1363 exitus
2495 1310 2729 1381 signum
2761 1313 2949 1378 dabis,
2971 1314 3163 1385 inquit
3187 1319 3480 1374 sacerdos.
3505 1322 3604 1375 Ce-

1957 1413 2144 1462 reum,
2166 1396 2262 1451 ille
2283 1397 2428 1467 [ait],
2455 1400 2751 1454 ardentem
2774 1403 3165 1474 exstinguam.
3192 1405 3346 1461 Illico
3369 1424 3600 1463 cereum

1957 1501 2286 1555 accensum,
2332 1488 2521 1542 solum
2571 1505 2685 1543 non
2735 1492 3030 1557 exstinxit,
3063 1494 3164 1548 sed
3198 1497 3452 1566 quadam
3486 1498 3601 1552 im-

1959 1574 2237 1644 patientia
2295 1576 2528 1640 ductus,
2589 1579 2661 1632 ad
2719 1583 2932 1634 terram
2990 1581 3294 1638 detrusit:
3346 1585 3604 1642 haerebat

1958 1662 2112 1716 enim
2162 1663 2389 1733 parieti.
2423 1670 2588 1719 Anus
2618 1682 2752 1721 vera
2781 1667 2879 1722 diu
2908 1669 3067 1724 velut
3113 1672 3388 1728 defuncta
3438 1675 3601 1730 humi

1958 1755 2248 1821 prostrata
2268 1753 2496 1822 jacens,
2518 1771 2840 1826 exsurgens
2871 1760 3104 1814 tandem
3137 1761 3254 1815 Deo
3284 1769 3605 1835 sanctoque

1964 1840 2196 1906 Joanni,
2229 1841 2366 1896 inde
2414 1843 2582 1897 nobis
2621 1844 2841 1914 gratias
2885 1863 3090 1917 agens;
3143 1850 3382 1906 domum
3437 1871 3605 1909 suam

1963 1929 2093 1984 laeta
2125 1947 2241 1985 una
2270 1947 2404 1986 cum
2436 1932 2945 1990 sociis‘concessit.

2037 2021 2156 2075 150.
2176 2020 2444 2075 Vidimus
2463 2021 2520 2076 in
2540 2021 2648 2077 hoc
2670 2023 2726 2077 S.
2745 2023 2938 2078 Mariae
2964 2029 3318 2084 monasterio
3335 2036 3390 2086 et
3408 2032 3609 2102 aliam,

1965 2109 2022 2162 in
2041 2109 2334 2180 decrepita
2350 2115 2515 2164 (etate
2532 2113 3067 2185 constitutam,quse
3092 2134 3246 2173 nunc
3265 2136 3433 2176 secus
3455 2138 3607 2188 eam,

1965 2197 2034 2250 de
2066 2214 2181 2267 qua
2216 2215 2368 2251 nunc
2393 2200 2634 2253 verbum
2669 2201 2933 2267 fecimus,
2961 2219 2992 2256 a
3013 2204 3274 2260 dzemone
3297 2209 3612 2265 crudeliter

1963 2287 2362 2356 torquebatur.
2391 2287 2602 2342 Verum
2644 2306 3067 2360 nonnunquam
3100 2295 3303 2363 jocum
3335 2302 3392 2350 et
3424 2299 3608 2354 risum

1964 2376 2034 2430 de
2063 2392 2125 2430 se
2155 2376 2312 2441 dare,
2338 2393 2471 2430 cum
2501 2379 2972 2450 presbyterorum
3001 2398 3161 2437 more
3183 2384 3466 2455 hymnum
3490 2389 3609 2441 An-

1965 2464 2236 2534 gelicum,
2254 2465 2782 2537 Apostolorumque
2804 2469 3319 2542 symbolum,quod
3342 2475 3505 2530 festis
3526 2493 3613 2532 ce-

1964 2554 2536 2624 lebratisquediebus
2560 2555 3031 2621 dicitur,caneret
3051 2576 3164 2614 non
3188 2562 3608 2619 absurde.Cum

1966 2643 2147 2712 igitur
2168 2642 2339 2713 longa
2361 2644 2761 2713 conjuratione
2787 2646 3171 2718 frangeretur,
3199 2652 3435 2706 tandem
3464 2670 3611 2721 rem,

1966 2748 2070 2784 cur
2093 2748 2205 2784 non
2230 2731 2342 2785 alio
2363 2733 2723 2800 concederet,
2743 2733 2906 2789 nullo
2928 2737 3344 2808 interrogante,
3364 2743 3609 2808 aperuit.

1963 2820 2168 2874 Aiebat
2211 2821 2367 2874 enim
2397 2838 2408 2873 :
2445 2821 2588 2886 Nisi,
2623 2823 2776 2893 quod
2828 2823 2982 2879 intra
3009 2832 3200 2881 vestes
3231 2828 3408 2884 situm
3443 2831 3613 2886 breve

1965 2909 2112 2979 (168)
2140 2908 2299 2975 latet,
2325 2915 2692 2968 amoveatur:
2725 2911 2881 2982 hinc,
2911 2913 2959 2968 si
2989 2913 3216 2983 vellem,
3246 2933 3468 2987 nequeo
3493 2919 3611 2974 dis-

1966 2999 2187 3053 cedere.
2225 2998 2389 3052 Locis
2421 2999 2600 3070 igitur
2643 3001 2881 3072 abditis,
2915 3005 3210 3060 sacerdote
3236 3011 3293 3061 et
3322 3008 3378 3062 id
3413 3024 3614 3064 assen-

1967 3088 2166 3152 tiente,
2201 3088 2499 3149 scrutatis,
2542 3089 2786 3144 dissutis
2829 3093 3027 3159 etiam,
3052 3111 3167 3149 anu
3217 3095 3336 3165 illa,
3371 3115 3442 3153 ne
3473 3098 3614 3171 quid

194 3179 473 3232 daemone
494 3175 730 3232 assidue
752 3179 1110 3246 quateretur,
1137 3174 1385 3229 subinde
1407 3173 1658 3228 subnixu
1682 3174 1860 3230 extol-
1889 3164 1931 3230 C
1969 3177 2152 3239 fieret,
2195 3175 2554 3246 prohibente,
2588 3177 2888 3234 inventum
2938 3187 3045 3236 est.
3080 3186 3202 3247 Quo
3233 3191 3448 3249 amoto,
3483 3164 3618 3241 mox

198 3269 457 3331 teretur,
481 3265 801 3321 exclamare
841 3265 1054 3336 ipsam,
1079 3263 1343 3318 ululatus
1374 3262 1558 3319 aniles
1589 3264 1779 3328 edere,
1803 3280 1864 3318 se

205 3357 500 3410 miseram
555 3373 666 3426 pra
715 3354 912 3410 dolore
957 3354 1278 3420 clamitare,
1311 3352 1395 3407 ita
1443 3353 1740 3417 omnibus,
1765 3352 1866 3423 qui

203 3445 490 3509 aderant,
513 3449 568 3498 et
598 3443 1005 3499 misericordia
1037 3459 1163 3498 esse
1193 3447 1250 3497 et
1279 3442 1482 3497 terrori
1518 3459 1631 3498 non
1665 3459 1862 3513 parvo.

286 3534 418 3588 148.
448 3537 655 3588 Verum
678 3551 814 3588 cum
839 3531 1109 3598 daemoni,
1130 3533 1237 3586 etsi
1261 3531 1598 3603 ingentibus
1620 3533 1676 3586 S.
1696 3532 1868 3586 Joan-

195 3623 302 3679 nis
341 3623 555 3677 virtute
607 3623 934 3678 afliceretur
978 3621 1356 3687 cruciatibus,
1390 3621 1540 3676 vires
1589 3638 1702 3675 non
1755 3620 1866 3674 im-

194 3713 647 3781 minuerentur,
673 3712 789 3767 imo
834 3711 1023 3782 magis
1055 3710 1361 3781 magisque
1391 3716 1766 3781 augerentur,
1789 3710 1868 3764 ita

1974 3266 2200 3319 daemon
2233 3265 2494 3319 clamans
2523 3282 2659 3320 voce
2692 3284 2906 3338 magna
2935 3269 3048 3323 alio
3080 3273 3394 3326 contendit.

2049 3355 2168 3408 151.
2195 3353 2255 3408 Id
2280 3354 2449 3408 breve
2471 3355 2884 3425 conspeximus
2932 3358 3050 3412 fere
3071 3375 3274 3414 omnes
3302 3359 3480 3430 hujus
3503 3378 3622 3416 mo-

1977 3443 2217 3497 nasterii
2250 3442 2542 3497 monachi.
2569 3445 2704 3498 Erat
2733 3444 2888 3499 enim
2921 3445 3106 3502 signis
3129 3447 3304 3502 variis
3327 3449 3622 3504 characte-

1976 3532 2288 3602 risbusque
2305 3531 2660 3602 quibusdam
2687 3533 2742 3587 in
2768 3535 3021 3605 angulis,
3039 3535 3377 3592 nominibus
3398 3539 3622 3606 mixtis,

1973 3621 2331 3692 impressum
2356 3637 2486 3675 cera
2511 3621 2644 3676 alba
2676 3622 2906 3693 illisque
2927 3625 3396 3696 circumligatum
3420 3645 3432 3681 :
3453 3629 3624 3697 cujus

1976 3728 2091 3764 non
2106 3709 2304 3764 omnia
2325 3711 2425 3764 sed
2442 3711 2707 3780 quaedam
2724 3716 2889 3766 teneo
2907 3713 3415 3786 nomina,0g(169)
3429 3715 3627 3770 videli-

187 3801 462 3857 defessis
492 3801 1056 3870 omnibus,quieam
1097 3801 1354 3854 vinctam
1395 3799 1709 3881 habebant,
1744 3815 1868 3854 mo-

189 3891 387 3947 nachi
417 3891 708 3946 cantando
740 3895 798 3944 et
829 3890 1067 3958 orando,
1103 3888 1182 3942 ita
1213 3894 1277 3942 ut
1310 3889 1373 3942 fit
1405 3905 1654 3959 semper,
1690 3904 1868 3943 anum

185 3981 406 4052 ipsum
437 3984 648 4034 natura
667 3983 724 4034 et
746 3982 913 4033 aetate
938 3977 1271 4049 squalidam
1296 3981 1352 4032 et
1374 3977 1750 4046 horrendam,
1777 3977 1869 4031 cui

183 4071 394 4126 etiam
413 4067 687 4123 diabolus
712 4069 914 4135 feram,
930 4067 1369 4138 detormemque
1392 4067 1725 4122 reddiderat
1747 4083 1873 4138 spe-

193 4159 367 4215 ciem
396 4156 760 4228 oris,trepidi
793 4157 1124 4211 deserentes
1147 4155 1366 4210 rediere
1397 4155 1871 4211 intro.C:eterum

194 4249 322 4304 hoc
360 4245 696 4302 miserabile
727 4244 1130 4317 spectaculum
1163 4244 1457 4314 omnibus,
1478 4245 1578 4315 qui
1610 4245 1872 4309 aderant,

192 4336 450 4394 exstitit
473 4352 486 4390 :
515 4335 612 4390 ubi
634 4334 792 4389 enim
816 4333 1086 4388 monachi
1111 4349 1335 4388 cessere
1359 4334 1502 4387 forte
1524 4349 1626 4404 per
1647 4333 1873 4398 horam,
1984 4334 2128 4388 facie
2157 4335 2464 4404 specieque
2497 4334 2918 4402 boni,miseros
2941 4337 3218 4391 mortales
3240 4341 3297 4392 et
3325 4353 3511 4408 genus
3536 4337 3638 4392 fal-

190 4444 344 4482 eam
373 4425 605 4479 daemon
630 4424 790 4494 (nam
822 4422 1013 4477 soluta
1033 4426 1180 4489 erat)
1204 4421 1262 4475 in
1285 4438 1493 4492 gyrum
1522 4426 1761 4487 vertere,
1787 4421 1875 4476 in-
1986 4422 2102 4478 lere
2136 4422 2464 4476 humanum
2491 4440 2502 4476 :
2536 4422 2594 4476 id
2625 4438 2781 4488 vero,
2813 4429 2877 4478 ut
2907 4441 2998 4479 res
3029 4425 3340 4491 diabolica,
3365 4427 3481 4495 igni
3511 4425 3637 4480 dari

187 4512 699 4587 comparabiliter
729 4529 981 4578 movere,
1008 4515 1063 4566 et
1094 4512 1176 4565 ita
1206 4510 1474 4566 tartereis
1505 4511 1746 4565 vocibus
1776 4528 1877 4565 ex-
1910 4534 1953 4597 Ι)
1988 4511 2339 4582 imperatum
2372 4517 2479 4566 est.
2515 4512 2590 4564 Eo
2622 4511 2844 4582 liquido
2874 4518 3123 4581 constat,
3149 4513 3346 4568 brevia
3377 4529 3482 4567 nec
3514 4512 3638 4567 fieri

183 4606 502 4667 clamare,
527 4603 634 4671 [ut]
660 4605 887 4656 montes
910 4599 1205 4671 collesque
1235 4599 1430 4670 supini
1465 4604 1520 4653 ct
1541 4599 1877 4655 formidolo-
1991 4618 2094 4656 nec
2128 4601 2260 4656 ferri
2292 4601 2482 4669 licere,
2508 4601 2618 4654 nisi
2647 4618 2773 4671 quae
2801 4619 2834 4654 a
2867 4601 3049 4655 sacris
3081 4602 3403 4656 canonibus
3435 4617 3641 4655 conce-

185 4713 272 4750 se:
313 4708 511 4764 rupes
541 4707 735 4746 vocem
771 4689 1145 4760 reciprocam,
1168 4694 1231 4743 ut
1261 4693 1450 4744 Poetze
1482 4689 1668 4743 nostri
1701 4689 1876 4744 dicti-
1987 4691 2227 4753 duntur,
2258 4706 2384 4759 qua:
2418 4689 2655 4758 quidem
2689 4694 3050 4758 pertranseo,
3082 4705 3153 4741 ne
3183 4688 3381 4743 videar
3409 4688 3638 4760 regula-

181 4790 283 4840 tat
321 4781 652 4850 sententia,
687 4780 927 4834 reddere
957 4779 1306 4833 viderentur.
1990 4795 2080 4832 res
2123 4777 2566 4832 constitutiones
2609 4777 2801 4847 potius
2843 4793 3018 4847 quam
3053 4776 3328 4832 historias
3361 4779 3636 4832 scribere.

273 4871 549 4934 149.0ui
571 4887 702 4924 vero
726 4872 995 4941 parentes
1017 4873 1072 4923 et
1094 4868 1336 4923 comites
1369 4869 1630 4935 aderant,
1659 4867 1879 4938 ingenti
1990 4867 2415 4923 Incantationes
2455 4882 2586 4919 vero
2633 4870 2689 4920 et
2736 4882 2882 4936 quas
2912 4865 3164 4937 vulgatis
3204 4866 3398 4921 verbis
3445 4867 3641 4921 dixere

181 4969 473 5035 stupore
497 4956 1108 5030 percussi,cum,quid
1141 4956 1199 5010 in
1227 4958 1323 5011 tali
1356 4974 1414 5011 re
1435 4960 1692 5027 agerent,
1723 4956 1881 5027 peni-
1995 4957 2238 5026 magias,
2273 4956 2424 5025 apud
2457 4954 2820 5009 Christianos
2869 4972 3162 5026 nusquam
3211 4955 3473 5026 gentium
3508 4973 3639 5028 pro-

181 5060 299 5107 tus
337 5052 711 5122 ignorarent,
737 5059 962 5102 tantum
989 5046 1193 5100 divina:
1216 5046 1534 5100 clementiae
1566 5047 1623 5100 in
1655 5045 1880 5117 primis,
1993 5048 2223 5101 bantur.
2249 5045 2462 5098 Verum
2497 5061 2653 5098 nunc
2683 5045 2752 5099 ad
2788 5044 3034 5116 reliqua.

174 5144 356 5198 inde,
398 5140 457 5194 S,
483 5138 694 5193 Joanni
727 5142 783 5192 et
824 5135 1010 5202 nobis,
1043 5137 1146 5205 [ut]
1183 5151 1383 5191 eorum
1432 5137 1793 5202 miseremur,
1823 5152 1885 5191 se
2065 5136 2185 5188 153.
2212 5135 2292 5188 Ex
2312 5133 2508 5188 Galliae
2535 5133 2844 5205 (lisalpinre
2877 5135 3145 5205 partibus
3167 5133 3423 5189 nobilem
3447 5150 3648 5204 quem-

179 5227 788 5288 commendare.Cui
822 5224 1069 5280 miseria:
1102 5230 1155 5279 et
1180 5225 1424 5281 torturis
1451 5226 1631 5280 abbas
1652 5243 1884 5296 compa-
1996 5225 2152 5288 dam,
2178 5223 2276 5294 qui
2303 5240 2363 5276 se
2391 5223 2460 5276 ad
2494 5221 2690 5294 plures
2715 5225 2976 5292 jusserat
3006 5229 3344 5281 sanctorum
3373 5221 3646 5294 reliquias

177 5318 524 5389 tiens,uni
549 5333 616 5372 ex
638 5314 940 5371 monachis
962 5314 1255 5386 praecepit,
1277 5319 1359 5384 ut,
1383 5316 1726 5386 corporibus
1759 5315 1886 5370 cibo
1998 5312 2229 5378 deferri,
2255 5312 2478 5365 monitu
2522 5312 2892 5382 quorundam
2945 5317 3278 5366 nostrorum
3330 5310 3645 5366 monacho-

1977 3804 2068 3855 cet
2088 3804 2144 3854 et
2166 3799 2529 3870 Magog,quce
2553 3799 2609 3854 in
2632 3801 2878 3856 Joannis
2899 3802 3265 3874 evangelista:
3277 3803 3628 3876 Apocalypsi

1978 3888 2255 3960 leguntur
2294 3905 2306 3942 :
2347 3889 2856 3960 'l‘etagrammaton
2916 3892 3176 3962 insuper,
3225 3893 3470 3959 Adonai,
3524 3894 3627 3948 Sa-

1979 3977 2176 4043 baoth,
2201 3994 2328 4048 qua:
2360 3977 2597 4048 quidem
2630 3979 2888 4045 nomina,
2916 3985 2979 4034 ut
3010 3987 3218 4036 nostrae
3251 3983 3460 4037 docent
3482 3981 3631 4037 Scri-

1981 4066 2298 4138 pturee,l)ei
2323 4065 2519 4137 magni
2542 4067 2844 4122 sunt.Hzec
2876 4069 3012 4122 huic
3035 4070 3191 4140 operi
3216 4086 3317 4125 seu
3347 4070 3632 4126 miraculo

1980 4157 2236 4210 inserere
2267 4172 2381 4210 non
2415 4157 2518 4210 abs
2557 4173 2617 4211 re
2650 4156 2840 4211 visum
2875 4163 2984 4226 est,
3007 4163 3073 4213 ut
3101 4159 3290 4230 quivis
3321 4158 3633 4232 intelligat,

1984 4245 2305 4300 daemonem
2335 4246 2548 4317 saepius
2589 4253 2712 4300 tum
2742 4247 2931 4302 verbis
2965 4253 3091 4302 tum
3125 4250 3300 4304 rebus
3331 4250 3497 4321 ipsis,
3522 4250 3635 4306 sub

277 5442 458 5516 (168)
485 5445 590 5518 P_er
623 5442 775 5518 breve
800 5439 894 5518 hic
925 5437 1297 5518 intelligitur,
1319 5442 1383 5518 ut
1403 5437 1630 5518 opinor,
1652 5437 1888 5518 charac-

180 5509 300 5575 ter;
369 5509 642 5583 magicus
693 5513 750 5565 in
785 5512 954 5583 .brevt'
989 5509 1081 5583 vel
1127 5510 1402 5583 breviculo
1445 5509 1780 5581 descriptis,
1820 5510 1891 5565 de

181 5590 418 5672 plura
445 5581 622 5642 habet
650 5583 901 5655 Cangius
933 5581 992 5637 in
1021 5581 1334 5638 Glossario.

2073 5436 2217 5506 (109)
2250 5436 2322 5504 Og
2353 5438 2441 5488 est
2472 5451 2683 5489 nomen
2714 5435 2869 5505 regis
2899 5434 3108 5489 Basan.
3132 5437 3346 5490 Auctor
3367 5441 3520 5491 certe
3549 5453 3646 5491 vo-

1999 5509 2110 5563 luit
2141 5507 2332 5580 dicere
2362 5510 2482 5580 Gog
2511 5511 2574 5580 et
2597 5507 2825 5578 Magog,
2857 5507 2927 5580 de
2960 5507 3186 5580 quibus
3231 5507 3351 5580 agit
3378 5512 3433 5564 S.
3465 5507 3645 5564 Joan-

2003 5597 2109 5638 nes
2139 5579 2198 5633 in
2233 5578 2577 5652 Apocalypsi
2611 5593 2737 5650 cap.
2771 5594 2863 5651 xx,
2895 5578 3005 5650 $7.
