4002 6170
524 272 633 331 871
1566 268 1628 327 S.
1674 263 2003 327 JOANNIS
2050 261 2495 325 GUALBERTI
2542 262 2874 323 ABBATIS
3719 278 3798 339 θη

526 421 681 470 rum,
706 404 806 476 qui
835 418 933 458 eas
961 401 1020 455 in
1064 398 1435 455 monasteriis
1474 398 1740 454 incolunt
1780 396 2066 469 regiones,
2098 396 2169 451 ad
2198 396 2253 462 Α
2284 394 2376 449 nis
2408 392 2677 465 precibus
2721 393 2779 447 in
2810 393 2931 447 haec
2976 391 3211 447 tandem
3260 391 3575 454 furibundus
3615 410 3807 479 prorupit

528 493 683 548 istud
718 493 774 545 S.
810 489 1001 545 Mariae
1030 487 1452 543 monasterium
1488 503 1692 559 usque,
1718 486 1905 558 gratia
1936 501 2172 556 recupe-
2284 484 2462 538 verba
2494 500 2506 537 :
2542 483 2584 537 Ο
2617 482 2920 537 hominum
2970 480 3234 536 omnium
3264 480 3612 553 iniquissime,
3637 507 3717 547 cur
3746 511 3807 552 me

529 582 725 637 randaa
757 578 1047 642 sanitatis,
1072 579 1301 633 venisse
1329 583 1589 648 tempore
1610 576 1843 631 abbatis
1874 574 2172 645 Bernardi,
2286 577 2459 643 teque
2489 573 2545 627 in
2579 572 2684 627 has
2709 588 2912 626 cruces
2937 571 3339 641 horrendaque
3356 576 3612 632 tormenta
3628 581 3813 639 dedisti?

528 687 562 725 a
586 668 839 739 quodam
884 671 1084 722 nostro
1116 682 1391 721 converso
1429 666 1555 736 jam
1605 664 1899 736 decrepito
1946 663 2177 735 accepi-
2286 662 2450 716 Nosti
2482 661 2659 728 enim,
2686 678 2813 732 quae
2845 664 2957 714 Deo
2979 658 3232 714 etMatri
3264 659 3384 729 ejus
3406 663 3608 731 vovisti;
3629 673 3812 741 peropti.

527 772 683 812 mus.
707 754 810 809 Hic
833 754 931 810 ubi
965 754 1219 826 primum
1251 754 1554 809 ecclesiam
1581 754 1883 825 ingressus
1904 758 2011 822 est,
2036 769 2177 807 non-
2288 768 2380 806 me
2404 750 2597 818 calles,
2624 750 2721 805 sed
2746 748 3112 812 dissimulas,
3136 748 3381 818 perjure.
3402 749 3493 805 His
3513 751 3651 809 dictis
3665 758 3814 829 voluit,

526 846 668 901 dum
699 844 820 899 lata
851 848 1274 915 cruce,qua,ut
1295 860 1472 914 supra
1502 843 1718 898 dictum
1749 846 1857 910 est,
1883 843 2175 896 daemones
2288 840 2388 894 sed
2421 857 2535 894 non
2562 838 2765 908 valuit,
2798 839 2989 909 ipsum
3025 837 3094 891 ad
3128 842 3339 891 terram
3370 842 3594 896 tartarea
3616 844 3656 896 vi
3680 845 3816 903 detru-

524 935 930 1003 conjurantur,
949 932 1220 988 diabolus
1240 937 1365 987 tum
1392 932 1530 999 luci,
1556 936 1679 986 tum
1702 931 1945 986 Joannis
1969 929 2178 984 beatis-
2286 945 2417 983 sum
2451 929 2753 983 suﬂ‘ucare.

526 1024 661 1079 simi
689 1022 1055 1078 sanctitatem
1085 1021 1340 1092 amplius
1362 1021 1617 1092 perferre
1642 1037 1754 1075 non
1779 1019 2176 1087 valens,emis-
2358 1018 2479 1071 155.
2505 1016 2667 1071 Miles
2700 1014 2818 1086 ille,
2842 1014 2941 1071 ubi
2968 1015 3163 1070 divina
3194 1015 3404 1085 pietate
3433 1017 3688 1087 paululum
3706 1029 3817 1079 natu-

524 1130 591 1169 sa
612 1111 835 1185 ingenti
854 1127 1008 1179 voce,
1029 1110 1192 1165 abiit.
1212 1111 1345 1173 Quae
1366 1126 1494 1177 vox,
1517 1113 1582 1164 ut
1603 1109 1727 1181 ipse
1751 1124 2064 1164 conversus
2087 1124 2173 1162 re-
2285 1107 2435 1162 rales
2467 1122 2674 1161 sensus
2715 1106 3019 1171 revocavit,
3063 1120 3196 1159 cum
3231 1120 3265 1157 a
3295 1105 3556 1159 monacho
3585 1112 3817 1174 sacerdote,

528 1204 678 1257 terre
708 1199 915 1256 solitus
945 1208 1085 1267 eral,
1110 1199 1253 1254 adeo
1277 1197 1559 1253 terribilis
1581 1203 1637 1253 et
1656 1202 1910 1253 tartarea
1929 1195 2173 1262 exstitit,
2285 1196 2333 1249 si
2373 1195 2515 1266 quid
2562 1195 2676 1249 voti
2724 1194 2841 1249 Deo
2898 1192 3275 1264 obligaretur,
3310 1198 3625 1263 moneretur,
3652 1197 3731 1267 [ut]
3754 1216 3819 1270 per

526 1297 590 1345 ut
618 1307 843 1357 omnes,
864 1289 964 1361 qui
996 1295 1136 1343 tunc
1166 1288 1347 1342 cultui
1381 1286 1577 1342 divino
1610 1286 2024 1351 inserviebant,
2049 1285 2176 1340 red-
2285 1284 2706 1339 confessionem
2740 1282 3009 1355 aperiret,
3036 1281 3238 1337 habita
3259 1297 3489 1337 suorum
3515 1282 3743 1340 scelerum
3759 1288 3819 1341 de.

523 1379 738 1435 diderit
768 1378 1068 1433 attonitos.
1101 1376 1203 1430 Vir
1231 1375 1329 1431 ille
1373 1376 1639 1431 beneficii
1672 1374 1893 1446 accepti
1928 1390 2176 1441 memor,
2282 1377 2415 1429 vota
2461 1373 2847 1437 confessione,
2877 1376 3098 1437 votum,
3125 1386 3242 1442 quo
3276 1370 3490 1441 Virgini
3520 1372 3677 1427 Maria:
3714 1380 3819 1430 tene

525 1485 641 1524 non
676 1483 912 1539 parvam
944 1466 1202 1538 pecuniae
1232 1466 1621 1536 quantitatem
1654 1465 1855 1519 devote
1884 1480 2061 1535 super
2088 1462 2172 1517 al-
2284 1462 2475 1527 batur,
2513 1478 2595 1526 se,
2625 1462 2723 1516 ubi
2769 1461 3025 1532 primum
3059 1476 3265 1531 sospes
3297 1461 3524 1514 domum
3558 1462 3820 1532 repedasset,

522 1563 647 1614 tare
676 1573 900 1629 ponens
922 1555 1170 1611 obtulit:
1199 1555 1297 1625 qui
1328 1554 1463 1610 inde
1494 1553 1810 1609 liberaliter
1831 1570 1964 1608 cum
1999 1551 2173 1607 sociis
2284 1550 2606 1606 executioni
2672 1551 3091 1605 mandaturum
3160 1548 3449 1620 pollicitus
3500 1553 3594 1604 est.
3641 1552 3731 1615 Qua
3777 1567 3824 1606 ex

524 1647 782 1713 habitus,
816 1643 1095 1716 postridie
1144 1643 1372 1698 cunctis
1421 1643 1493 1697 de
1542 1657 1701 1696 more
1740 1640 2012 1706 visitatis,
2046 1657 2171 1711 quae
2283 1640 2455 1694 corde
2486 1639 2873 1710 promissione
2922 1636 3171 1693 ﬁdeliter
3206 1637 3479 1709 justeque
3506 1638 3637 1703 data,
3660 1639 3822 1693 damon

522 1740 725 1792 sancta
753 1739 911 1801 sunt,
935 1733 1101 1793 locis.
1126 1733 1299 1786 etiam
1324 1730 1809 1786 anachoretarum
1846 1729 2171 1784 humilibus
2204 1769 2251 1833 B
2282 1728 2505 1799 absque
2535 1728 2731 1783 miseri
2766 1728 3019 1783 hominis
3050 1730 3298 1792 tortura,
3332 1726 3471 1781 nihil
3500 1728 3756 1782 mussitans
3777 1728 3823 1781 ad

520 1823 771 1889 cellulis,
804 1822 862 1875 in
897 1821 1195 1892 Liguriam
1243 1820 1388 1874 bene
1436 1818 1759 1874 instructus
1806 1822 1862 1873 et
1913 1819 2172 1873 admira-
2204 1815 2251 1833 “
2287 1815 2432 1872 alias
2465 1833 2528 1872 se
2560 1816 2806 1871 contulit
2855 1816 3138 1888 regiones.
3174 1815 3321 1870 Hinc
3352 1815 3532 1887 quivis
3553 1815 3823 1870 Christianus

521 1914 676 1968 tione
706 1910 915 1983 plenus
945 1914 1072 1963 tum
1105 1907 1214 1964 loci
1247 1907 1571 1973 devotibne,
1596 1912 1721 1962 tum
1748 1906 2171 1962 monachorum
2286 1905 2451 1978 plene
2481 1904 2756 1977 intelligit
2784 1903 3201 1976 quid’periculi
3232 1905 3314 1959 sit
3342 1904 3571 1974 vovisse,
3600 1921 3699 1971 nec,
3716 1904 3751 1957 si
3772 1904 3825 1957 ia-

518 2000 835 2057 virtutibus
862 1998 1170 2054 concessit.
2283 1994 2469 2050 cultas
2523 1995 2658 2050 data
2716 1999 2824 2061 est,
2860 1994 3094 2066 ignavia
3142 1994 3234 2048 vel
3295 1992 3530 2061 malitia,
3558 2009 3645 2048 seu
3683 1992 3824 2063 saepius

593 2091 713 2146 153.
738 2088 821 2144 Ad
852 2087 981 2154 hoc,
1008 2103 1081 2141 ne
1118 2085 1209 2141 cui
1256 2085 1312 2139 id
1360 2085 1627 2140 mirabile
1679 2101 1778 2136 seu
1832 2083 2170 2139 incredibile
2286 2083 2495 2139 mentis
2528 2083 2921 2154 perversitate,
2950 2100 3064 2138 non
3112 2081 3440 2138 reddidisse
3468 2086 3660 2136 votum.
3682 2080 3824 2135 Verum

517 2180 882 2246 existeret,et
902 2176 1060 2231 aliud
1086 2174 1270 2230 multo
1299 2178 1493 2245 majus
1521 2174 1833 2245 prmdictus
1855 2190 2168 2229 conversus
2281 2174 2327 2227 si
2362 2172 2573 2245 partim
2602 2172 2673 2226 de
2704 2172 2796 2228 his
2828 2172 2972 2227 votis
3002 2188 3132 2242 quae
3160 2170 3432 2241 viderim,
3460 2185 3637 2241 quzeve
3662 2168 3823 2223 audive-

513 2270 727 2326 referre
758 2266 968 2324 solitus
997 2270 1138 2322 erat.
1162 2264 1365 2319 Aiebat
1395 2264 1577 2329 enim,
1600 2263 1917 2335 quemdam
1948 2279 2169 2318 merca.
2279 2262 2389 2317 rim
2447 2261 2645 2334 digna,
2696 2260 2905 2316 litteris
2964 2262 3248 2315 mandare
3301 2260 3641 2323 statuissem,
3679 2262 3819 2321 metus,

511 2365 698 2417 torem
739 2356 1099 2429 prmdivitem
1139 2354 1212 2408 de
1250 2353 1521 2425 Unguriaa
1574 2353 1839 2424 partibus
1869 2352 2163 2419 Venetiae,
2278 2367 2453 2423 quam
2486 2350 2785 2421 miracula,
2812 2350 3101 2405 maturius
3127 2365 3222 2405 me
3256 2350 3554 2404 desereret.
3579 2352 3643 2401 Eo
3667 2346 3718 2400 ad
3742 2342 3819 2398 reli-

510 2450 649 2505 inde
688 2447 851 2502 Pisas
878 2444 1047 2515 (170),
1071 2444 1178 2512 [ut]
1208 2446 1451 2497 Romam
1503 2442 1738 2496 tandem
1793 2445 2032 2512 peteret,
2066 2456 2162 2495 co-
2274 2456 2411 2512 qua,
2436 2458 2582 2511 quae,
2617 2439 2675 2494 ni
2709 2438 2895 2504 fallor,
2923 2456 3036 2494 non
3068 2438 3363 2494 minorem
3383 2436 3680 2510 legentibus
3703 2439 3744 2488 et
3762 2432 3821 2486 ad-

511 2535 858 2592 mitantibus
891 2531 1115 2596 multis,
1140 2530 1466 2601 navigasse.
1496 2531 1676 2594 Quem
1704 2546 1837 2584 cum
1862 2529 2009 2583 Pisis
2041 2529 2160 2583 dre-
2272 2530 2642 2584 mirationem
2673 2532 2728 2583 et
2760 2527 3068 2583 utilitatem
3099 2527 3399 2598 prioribus
3431 2526 3652 2581 allatura
3673 2527 3785 2578 sunt.

510 2640 647 2680 mon
680 2620 1011 2684 invasisset,
1034 2634 1287 2689 eumque
1307 2622 1604 2687 torqueret
1630 2618 1858 2687 acriter,
1882 2617 2026 2672 adeo
2050 2618 2157 2688 [ut]
2341 2621 2460 2673 156.
2492 2619 2582 2673 Me
2632 2618 2689 2671 in
2745 2616 2953 2689 puerili
3002 2620 3169 2671 aetate
3220 2615 3554 2679 constituto,
3584 2630 3694 2669 cum
3729 2626 3821 2664 non-

506 2729 575 2768 ex
600 2710 773 2767 sociis
794 2709 989 2781 ipsum
1012 2706 1250 2779 aggredi
1274 2707 1514 2761 auderet
1544 2722 1714 2760 nemo
1735 2706 1977 2773 (multos
1998 2705 2153 2759 enim
2266 2706 2464 2774 nullis,
2484 2708 2584 2778 qui
2606 2706 2796 2761 adhuc
2817 2709 3155 2777 supersunt,
3178 2704 3509 2772 monachis,
3527 2704 3591 2758 de
3612 2703 3815 2758 Senatum

508 2798 809 2857 morsibus
829 2796 1083 2869 graviter
1110 2794 1553 2864 attrectaverat),
1575 2794 1810 2848 demum
1844 2795 2151 2864 cujusdam
2264 2797 2411 2867 (172)
2436 2797 2699 2867 partibus
2722 2795 3058 2850 adolescens
3081 2794 3331 2865 quidam
3356 2810 3471 2849 non
3495 2796 3733 2847 tantuma
3751 2786 3821 2839 da-

507 2886 703 2944 Pisani
749 2885 951 2941 fraude
979 2884 1273 2955 deceptus,
1301 2883 1439 2937 fune
1484 2888 1804 2953 catenaque
1850 2881 2067 2955 ligatus
2098 2887 2155 2937 et
2264 2901 2434 2940 mone
2484 2888 2709 2955 captus,
2742 2899 2940 2938 verum
2991 2883 3165 2937 etiam
3218 2882 3584 2954 paralyticus,
3616 2882 3767 2933 mutus
3785 2878 3820 2927 et

506 2977 579 3031 ad
609 2974 803 3030 varias
843 2971 1018 3028 Italiae
1050 2976 1262 3043 partes,
1288 2970 1389 3025 ubi
1434 2974 1775 3026 Sanctorum
1825 2970 1949 3026 loca
1980 2972 1995 3041 ζ
2001 2973 2151 3042 esse]
2262 2976 2547 3044 surdus,a
2569 2972 2999 3045 parentibus,S.
3021 2971 3277 3027 Joannis
3310 2968 3597 3025 miraculis
3616 2972 3663 3023 et
3686 2960 3823 3037 prodi-

506 3062 870 3129 audiverant,
893 3061 1205 3126 adductus,
1233 3076 1338 3114 nec
1360 3063 1554 3114 tamen
1577 3059 1905 3127 convalens,
1930 3059 2147 3115 intuitu
2260 3063 2372 3134 giis
2402 3062 2696 3135 impulsis,
2723 3061 2793 3115 ad
2828 3061 2984 3115 istud
3017 3064 3073 3114 S.
3100 3060 3306 3115 Mariae
3333 3057 3823 3117 monasterium,non

484 3152 901 3225 .quorumdam
931 3150 1242 3217 bonorum,
1274 3148 1383 3203 hoc
1414 3148 1472 3203 S.
1506 3148 1697 3203 Mariae
1728 3149 2149 3205 monasterium
2182 3135 2224 3200 C
2265 3168 2440 3223 parva
2470 3151 2776 3206 hominum
2808 3151 2979 3204 turba
3029 3150 3305 3205 inaudita
3339 3165 3399 3205 re
3430 3152 3617 3211 tracta,
3643 3145 3689 3198 in
3713 3139 3826 3197 cistis

505 3258 641 3297 cum
692 3240 866 3297 sociis
914 3238 1110 3294 adivit.
1142 3238 1287 3293 Huic
1324 3241 1450 3293 erat
1492 3237 1796 3308 interpres,
1832 3239 1931 3309 qui
1982 3238 2152 3293 modo
2256 3242 2525 3311 jumento
2549 3239 2932 3311 superpositis
2953 3239 3250 3293 deductus
3273 3244 3382 3293 est.
3406 3236 3549 3291 Proh
3567 3235 3677 3289 Jesu
3695 3226 3825 3284 bone!

503 3330 707 3397 latina,
742 3330 916 3384 modo
948 3332 1211 3383 materna
1238 3326 1441 3398 lingua
1480 3344 1619 3382 suos
1665 3344 1869 3382 omnes
1904 3328 2155 3399 aperiret
2262 3330 2401 3401 quid
2435 3328 2839 3384 admirationis
2870 3327 3081 3399 quidve
3124 3325 3547 3383 amaritudinis
3576 3316 3825 3377 mortalium

506 3435 828 3476 sermones.
846 3418 961 3473 Nec
979 3417 1177 3473 statim
1200 3415 1387 3481 hic,ut
1408 3416 2150 3488 supradictus,sospitatem
2264 3420 2558 3475 mentibus
2580 3419 2716 3472 dare
2748 3423 3008 3473 nostram
3041 3417 3374 3489 imaginem
3404 3416 3693 3486 spirantem
3714 3412 3757 3462 et
3774 3404 3825 3456 vi-

508 3509 761 3581 recepit:
794 3508 894 3563 sed
927 3506 1116 3577 quivis
1148 3506 1206 3559 in
1236 3504 1417 3559 atroci
1447 3505 1765 3560 certamine
1786 3506 2153 3576 consumptis
2260 3508 2587 3573 vam,omni
2617 3508 3013 3563 membrorum
3039 3506 3239 3562 officio
3265 3507 3550 3579 privatam
3572 3506 3622 3557 et
3638 3500 3821 3553 daemone

507 3596 735 3665 diebus,
759 3596 1008 3662 daemon,
1043 3609 1169 3649 sese
1212 3593 1324 3648 alio
1356 3608 1795 3661 concessurum,
1828 3610 1932 3649 nec
1982 3611 2152 3661 posse
2262 3597 2540 3669 repletam
2565 3593 2925 3667 conspicere!
2960 3594 3099 3659 Quis
3122 3612 3389 3667 usquam
3420 3593 3661 3665 gentium
3688 3585 3825 3653 hujus-

505 3686 750 3745 Joannis
780 3683 1142 3740 sanctissimi
1172 3683 1447 3737 virtutem
1480 3682 1733 3752 amplius
1765 3684 2038 3753 perferre,
2070 3684 2150 3739 fa-
2260 3687 2417 3741 modi
2450 3682 2698 3741 audivitl
2723 3685 2861 3749 Quis
2884 3684 3143 3756 aspexit?
3167 3686 3320 3750 Quis
3345 3701 3461 3740 non
3493 3677 3685 3753 ingenti
3700 3670 3824 3730 admi-

502 3781 681 3833 tetur.
705 3773 1051 3831 Sciscitante
1088 3772 1407 3839 sacerdote,
1433 3771 1589 3842 quod
1622 3770 1877 3842 signum,
1903 3772 2002 3827 ubi
2029 3773 2149 3828 dis-
2258 3774 2481 3830 ratione
2511 3775 2859 3843 afficeretur,
2892 3789 3007 3827 non
3046 3776 3290 3829 tantum
3342 3770 3588 3844 propriis
3614 3764 3753 3822 oculis
3772 3758 3827 3810 vi-

502 3866 735 3922 cederet
764 3864 947 3929 daret,
969 3862 1087 3917 ait:
1116 3860 1389 3916 Audietur
1436 3860 1508 3914 ab
1558 3860 1855 3916 omnibus.
1898 3861 1966 3915 Et
1994 3860 2148 3917 illico
2258 3864 2471 3931 dendo,
2516 3863 2615 3918 sed
2666 3861 3002 3934 accipiendo
3052 3862 3307 3918 auribus
3325 3862 3354 3916 ‘2
3400 3860 3507 3916 Ubi
3554 3856 3752 3931 primum
3784 3846 3827 3899 in

505 3952 740 4025 capellas
792 3948 1279 4015 tintinnabulum,
1314 3947 1546 4004 nemine
1602 3948 1799 4003 funem
1859 3948 2145 4020 trahente,
2257 3951 2498 4024 parvula
2527 3950 2790 4016 ecclesia,
2816 3966 2943 4021 quas
2989 3954 3150 4005 extra
3204 3950 3627 4007 monasterium
3653 3943 3740 3999 sita
3758 3938 3829 3997 est.

504 4042 742 4113 signum
773 4038 1102 4101 fecit.Quod
1127 4037 1361 4109 signum
1391 4036 1801 4104 omnibus,sed
1830 4037 2145 4108 praesertim
2259 4041 2462 4096 matris
2503 4044 2559 4096 et
2601 4039 2849 4095 aliarum
2910 4038 3231 4095 mulierum
3283 4040 3501 4112 gratia,
3522 4051 3637 4109 quae
3686 4028 3829 4103 pietate

505 4128 633 4185 suis
664 4126 1041 4183 admirationi
1080 4125 1357 4190 existens,
1381 4124 1481 4196 qui
1520 4125 1667 4181 forte
1706 4142 2031 4196 numquam
2060 4128 2143 4182 vel
2258 4134 2488 4197 coactae,
2514 4130 2623 4185 iter
2661 4146 2780 4184 una
2823 4144 3109 4201 aggressa
3143 4129 3394 4184 fuerant
3423 4128 3481 4183 in
3512 4125 3721 4199 grabato
3753 4118 3832 4169 toto

503 4234 636 4272 raro
665 4215 1007 4286 hujusmodi
1038 4213 1305 4286 prodigia
1333 4214 1617 4270 viderant.
1648 4216 1823 4270 Deum
1856 4231 1992 4287 ergo
2014 4233 2145 4271 san-
2258 4235 2495 4291 corpore
2546 4223 2765 4274 stratus
2814 4198 2967 4274 esset
2994 4218 3153 4289 (nam
3190 4218 3428 4287 sedere,
3462 4198 3593 4287 quia
3634 4198 3831 4291 pandi?"

503 4312 781 4377 ctumque
800 4304 1084 4360 Joannem
1107 4303 1537 4369 benedicentes,
1562 4303 1782 4359 rediere
1802 4286 1987 4377 Pisas,
2012 4306 2147 4361 inde
2256 4286 2379 4375 cus,
2406 4308 2559 4363 haud
2593 4308 2857 4380 poterat),
2880 4286 3035 4361 illico
3065 4305 3213 4363 illuc
3247 4324 3313 4363 re
3337 4286 3495 4362 nova
3509 4300 3683 4365 illecti,
3702 4286 3834 4368 [multi

500 4396 769 4459 Romam.
801 4397 1095 4465 postremo
1126 4391 1184 4447 in
1216 4391 1466 4463 patriam
1497 4394 1811 4464 propriam.
2254 4397 2588 4464 adveniunt,
2637 4401 2709 4463 et]
2768 4412 3205 4461 conversorum,
3265 4395 3693 4457 monachorum,
3735 4380 3833 4435 alio-

572 4483 796 4539 154.De
816 4481 1108 4538 Casentini
1133 4481 1423 4552 partibus,
1446 4482 1557 4551 [ex]
1589 4482 1822 4553 oppido,
1847 4484 2001 4553 quod
2032 4483 2141 4539 Ro-
2172 4504 2222 4566 Ι)
2254 4502 2503 4558 rumque
2533 4486 2809 4558 opiﬁcum
2858 4490 2916 4540 et
2961 4489 3419 4553 montanorum,
3462 4484 3559 4556 qui
3601 4475 3745 4535 variis
3777 4469 3836 4521 ἰη-

499 4590 669 4629 mena
691 4573 840 4644 (171)
861 4570 1093 4639 dicitur,
1120 4568 1364 4625 militem
1389 4570 1703 4642 quemdam
1737 4588 1841 4641 pro
1864 4571 2142 4643 sospitate
2253 4576 2606 4632 cumbebant
2636 4574 2905 4647 negotiis,
2935 4574 2999 4628 fit
3029 4590 3393 4630 concursus.

493 4663 812 4720 obtinenda
832 4660 1086 4716 vidimus
1107 4658 1466 4716 concessisse
1490 4660 1559 4714 ad
1584 4659 1693 4714 hoc
1719 4660 1777 4715 S.
1802 4660 1990 4714 Maria
2016 4677 2143 4717 mo-
2327 4666 2447 4719 167.
2472 4664 2576 4718 Hic
2606 4662 2713 4718 etsi
2758 4679 2933 4734 opera
2961 4662 3202 4729 diaboli,
3242 4668 3312 4717 ut
3341 4661 3619 4729 diximus,
3638 4647 3837 4711 omnium

493 4751 818 4807 nasterium
846 4766 859 4803 :
898 4750 997 4821 qui
1029 4766 1063 4803 a
1091 4753 1255 4804 tanto
1286 4748 1672 4819 torquebatur
1701 4749 1983 4817 daemone,
2016 4754 2080 4805 ut
2110 4768 2143 4805 a
2253 4753 2510 4825 corporis
2544 4753 2939 4806 membrorum
2968 4751 3156 4806 officio
3193 4752 3555 4822 privaretur,
3579 4754 3730 4802 tamen
3754 4734 3841 4788 lin-

492 4839 697 4895 multis
727 4839 906 4894 etiam
935 4836 1648 4907 ierocissimisjuvenibus
1669 4838 1761 4892 vix
1781 4838 1921 4893 dum
1945 4842 2141 4910 conju-
2250 4859 2366 4913 gua
2394 4840 2899 4913 ipsius,dzemonis
2922 4841 3135 4895 virtute
3167 4840 3514 4911 plurimum
3537 4838 3591 4893 in
3613 4849 3669 4890 eo
3686 4828 3838 4899 vigere-

493 4934 742 4993 raretur,
774 4926 1019 4981 detineri
1055 4930 1271 4997 posset.
1298 4929 1511 4981 Verum
1542 4942 1676 4981 cum
1718 4927 1843 4997 jam
1891 4927 2008 4982 fere
2042 4943 2143 4998 per
2251 4931 2395 4985 Nam
2428 4930 2756 4985 indecentia
2798 4930 2857 4984 in
2909 4934 3088 4984 Deum
3140 4933 3203 4984 et
3263 4930 3326 4985 S.
3360 4930 3641 4985 Joannem
3669 4914 3841 4989 (virtute

492 5015 753 5071 triduum
787 5014 991 5069 multis
1013 5014 1485 5081 tormentis,tum
1519 5019 1849 5083 cruce,tum
1882 5015 1941 5071 S.
1967 5016 2139 5070 Joan-
2249 5020 2404 5076 enim
2438 5020 2623 5090 ipsius
2651 5008 3053 5090 torquebatur)
3076 5017 3275 5074 edere.
3303 5023 3452 5074 Cum
3485 5016 3655 5088 igitur
3672 5022 3764 5065 non
3780 5014 3842 5073 Ρι·

492 5104 584 5161 nis
614 5103 855 5161 brachio
877 5103 1121 5159 affectus
1159 5105 1331 5167 esset,
1364 5101 1502 5157 Jesu
1543 5102 1772 5170 virtute,
1796 5108 1853 5159 et
1879 5103 1937 5159 S.
1960 5103 2137 5159 Joan-
2248 5125 2380 5163 rum
2403 5106 3095 5179 laboris,ut)sospitatem
3119 5108 3240 5163 reci
3252 5106 3581 5180 peret,dies
3601 5100 3843 5160 noctesline

560 5266 707 5339 (170)
730 5264 879 5321 Urbs
911 5263 1190 5339 Hetruriaa
1215 5262 1354 5339 olim
1384 5261 1595 5339 virtute
1626 5261 1833 5319 bellica
1856 5280 2139 5339 memora-
2318 5266 2466 5339 (171)
2490 5266 2674 5321 Locus
2706 5265 2801 5339 hic
2833 5266 2983 5322 situs
3012 5266 3192 5339 estin
3232 5272 3433 5323 tractu
3467 5249 3846 5339 Casentinoplf:

490 5318 645 5402 bilis,
662 5318 977 5410 adArnum
1003 5335 1244 5410 fluvium
1269 5334 1722 5410 interﬂuentem,
1743 5318 2136 5410 acujusbstio
2246 5318 2593 5393 caairnu—m'
2612 5318 3652 5410 fluviumrmqualiflere—intervallo
3680 5347 3709 5385 a
3731 5318 3844 5376 V8“?

489 5422 591 5462 sex
622 5406 975 5464 milliaribus
1008 5407 1066 5462 in
1114 5411 1307 5462 ortum
1340 5405 1539 5473 distat.
1572 5406 1650 5461 De
1696 5405 1940 5478 reliquis
1971 5408 2135 5478 locis,
2245 5411 2534 5465 Umbrosa
2563 5413 2620 5464 et
2648 5426 2842 5465 eremo
2868 5405 3339 5466 Camaldulensi.

489 5494 616 5560 qua:
647 5478 1192 5560 hiememorantur,
1222 5493 1391 5549 agere
1420 5472 1662 5560 nonest
1699 5472 1864 5560 opus,
1889 5496 2023 5536 cum
2056 5472 2136 5535 ita
2262 5553 2276 5560 _
2312 5483 2464 5553 (172)
2488 5481 2663 5560 ᾃεηέε,
2686 5481 2857 5560 vulgo
2881 5482 3068 5560 Stena,
3092 5482 3243 5539 urbs
3274 5480 3564 5539 Hetruria:
3584 5475 3715 5534 satis
3732 5472 3844 5527 nota:

488 5548 629 5614 nota
656 5550 775 5608 sint
806 5556 869 5608 ut
890 5548 1283 5623 explicatione
1303 5566 1420 5607 non
1450 5548 1774 5622 indigeant.
2245 5548 2462 5627 de‘qua
2490 5548 2702 5611 iterum
2732 5548 2903 5611 an'tea
2932 5554 3045 5627 egi.
