  <div class='ocr_page' id='page_1' title='image "/cluster/home/n/w/nwhite01/storage/ocr_20150623/146/hvd.32044054760053/442.png"; bbox 0 0 4002 6170; ppageno 0'>
   <div class='ocr_carea' id='block_1_1' title="bbox 221 298 334 357">
    <p class='ocr_par' dir='ltr' id='par_1_1' title="bbox 221 298 334 357">
     <span class='ocr_line' id='line_1_1' title="bbox 221 298 334 357; baseline -0.018 0"><span class='ocrx_word' id='word_1_1' title='bbox 221 298 334 357; x_wconf 79' lang='lat'>873</span> 
     </span>
    </p>
   </div>
   <div class='ocr_carea' id='block_1_2' title="bbox 1804 301 2031 358">
    <p class='ocr_par' dir='ltr' id='par_1_2' title="bbox 1804 301 2031 358">
     <span class='ocr_line' id='line_1_2' title="bbox 1804 301 2031 358; baseline 0 -2"><span class='ocrx_word' id='word_1_2' title='bbox 1804 301 2031 358; x_wconf 69' lang='grc' dir='ltr'>ΛΗΊἈ.</span> 
     </span>
    </p>
   </div>
   <div class='ocr_carea' id='block_1_3' title="bbox 3490 309 3621 375">
    <p class='ocr_par' dir='ltr' id='par_1_3' title="bbox 3490 309 3621 375">
     <span class='ocr_line' id='line_1_3' title="bbox 3490 309 3621 375; baseline 0.023 -3"><span class='ocrx_word' id='word_1_3' title='bbox 3490 309 3621 375; x_wconf 46' lang='grc'>4174</span> 
     </span>
    </p>
   </div>
   <div class='ocr_carea' id='block_1_4' title="bbox 223 429 3626 512">
    <p class='ocr_par' dir='ltr' id='par_1_4' title="bbox 223 429 3626 512">
     <span class='ocr_line' id='line_1_4' title="bbox 223 429 3626 512; baseline 0.004 -26"><span class='ocrx_word' id='word_1_4' title='bbox 223 429 1120 499; x_wconf 85' lang='lat' dir='ltr'>orando,conjurando,instando</span> <span class='ocrx_word' id='word_1_5' title='bbox 1151 429 1554 501; x_wconf 83' lang='lat' dir='ltr'>singularibus</span> <span class='ocrx_word' id='word_1_6' title='bbox 1582 431 1685 500; x_wconf 83' lang='lat' dir='ltr'>(ita</span> <span class='ocrx_word' id='word_1_7' title='bbox 1706 430 1861 488; x_wconf 89' lang='lat' dir='ltr'>enim</span> <span class='ocrx_word' id='word_1_8' title='bbox 1894 435 1944 497; x_wconf 86' lang='grc' dir='ltr'><strong>Α</strong></span> <span class='ocrx_word' id='word_1_9' title='bbox 1979 431 2060 485; x_wconf 85' lang='lat' dir='ltr'>ita</span> <span class='ocrx_word' id='word_1_10' title='bbox 2095 432 2273 488; x_wconf 87' lang='lat' dir='ltr'>fuisse</span> <span class='ocrx_word' id='word_1_11' title='bbox 2303 452 2334 488; x_wconf 89' lang='lat' dir='ltr'>a</span> <span class='ocrx_word' id='word_1_12' title='bbox 2364 436 2502 491; x_wconf 86' lang='lat' dir='ltr'>viris</span> <span class='ocrx_word' id='word_1_13' title='bbox 2533 438 2646 493; x_wconf 88' lang='lat' dir='ltr'>ﬁde</span> <span class='ocrx_word' id='word_1_14' title='bbox 2676 440 2993 512; x_wconf 88' lang='lat' dir='ltr'>dignis,qui</span> <span class='ocrx_word' id='word_1_15' title='bbox 3025 441 3082 496; x_wconf 90' lang='lat' dir='ltr'>in</span> <span class='ocrx_word' id='word_1_16' title='bbox 3115 442 3430 500; x_wconf 87' lang='lat' dir='ltr'>S.Joannis</span> <span class='ocrx_word' id='word_1_17' title='bbox 3464 447 3626 502; x_wconf 89' lang='lat' dir='ltr'>festi-</span> 
     </span>
    </p>
   </div>
   <div class='ocr_carea' id='block_1_5' title="bbox 221 519 1860 592">
    <p class='ocr_par' dir='ltr' id='par_1_5' title="bbox 221 519 1860 592">
     <span class='ocr_line' id='line_1_5' title="bbox 221 519 1860 592; baseline 0 -20"><span class='ocrx_word' id='word_1_18' title='bbox 221 523 570 590; x_wconf 70' lang='lat' dir='ltr'>praeceptum</span> <span class='ocrx_word' id='word_1_19' title='bbox 606 520 1122 592; x_wconf 69' lang='lat' dir='ltr'>luerat)suppliciis</span> <span class='ocrx_word' id='word_1_20' title='bbox 1158 519 1424 574; x_wconf 80' lang='lat' dir='ltr'>monachi</span> <span class='ocrx_word' id='word_1_21' title='bbox 1456 519 1860 590; x_wconf 75' lang='lat' dir='ltr'>pertulissent;</span> 
     </span>
    </p>
   </div>
   <div class='ocr_carea' id='block_1_6' title="bbox 219 607 1860 681">
    <p class='ocr_par' dir='ltr' id='par_1_6' title="bbox 219 607 1860 681">
     <span class='ocr_line' id='line_1_6' title="bbox 219 607 1860 681; baseline 0.001 -19"><span class='ocrx_word' id='word_1_22' title='bbox 219 609 450 662; x_wconf 88' lang='lat' dir='ltr'>demum</span> <span class='ocrx_word' id='word_1_23' title='bbox 499 607 674 662; x_wconf 85' lang='lat' dir='ltr'>Jesus</span> <span class='ocrx_word' id='word_1_24' title='bbox 704 608 986 664; x_wconf 84' lang='lat' dir='ltr'>Dominus</span> <span class='ocrx_word' id='word_1_25' title='bbox 1017 613 1215 664; x_wconf 83' lang='lat' dir='ltr'>noster</span> <span class='ocrx_word' id='word_1_26' title='bbox 1261 609 1412 679; x_wconf 86' lang='lat' dir='ltr'>[ejus</span> <span class='ocrx_word' id='word_1_27' title='bbox 1447 609 1722 664; x_wconf 80' lang='lat' dir='ltr'>misertus</span> <span class='ocrx_word' id='word_1_28' title='bbox 1751 609 1860 681; x_wconf 79' lang='lat' dir='ltr'>est]</span> 
     </span>
    </p>
   </div>
   <div class='ocr_carea' id='block_1_7' title="bbox 217 696 1864 768">
    <p class='ocr_par' dir='ltr' id='par_1_7' title="bbox 217 696 1864 768">
     <span class='ocr_line' id='line_1_7' title="bbox 217 696 1864 768; baseline 0.001 -17"><span class='ocrx_word' id='word_1_29' title='bbox 217 696 486 768; x_wconf 85' lang='lat' dir='ltr'>precibus</span> <span class='ocrx_word' id='word_1_30' title='bbox 521 696 813 767; x_wconf 82' lang='lat' dir='ltr'>imprimis</span> <span class='ocrx_word' id='word_1_31' title='bbox 839 698 1080 753; x_wconf 84' lang='lat' dir='ltr'>Joannis</span> <span class='ocrx_word' id='word_1_32' title='bbox 1110 698 1460 765; x_wconf 83' lang='lat' dir='ltr'>beatissimi,</span> <span class='ocrx_word' id='word_1_33' title='bbox 1487 698 1621 752; x_wconf 90' lang='lat' dir='ltr'>inde</span> <span class='ocrx_word' id='word_1_34' title='bbox 1652 698 1762 752; x_wconf 83' lang='lat' dir='ltr'>ﬁde</span> <span class='ocrx_word' id='word_1_35' title='bbox 1784 697 1864 753; x_wconf 85' lang='lat' dir='ltr'>la-</span> 
     </span>
    </p>
   </div>
   <div class='ocr_carea' id='block_1_8' title="bbox 216 784 1861 856">
    <p class='ocr_par' dir='ltr' id='par_1_8' title="bbox 216 784 1861 856">
     <span class='ocr_line' id='line_1_8' title="bbox 216 784 1861 856; baseline 0.001 -16"><span class='ocrx_word' id='word_1_36' title='bbox 216 784 545 856; x_wconf 80' lang='lat' dir='ltr'>crymisque</span> <span class='ocrx_word' id='word_1_37' title='bbox 577 802 836 855; x_wconf 89' lang='lat' dir='ltr'>suorum,</span> <span class='ocrx_word' id='word_1_38' title='bbox 873 787 1190 856; x_wconf 62' lang='lat' dir='ltr'>praesertim</span> <span class='ocrx_word' id='word_1_39' title='bbox 1224 786 1429 841; x_wconf 81' lang='lat' dir='ltr'>matris</span> <span class='ocrx_word' id='word_1_40' title='bbox 1464 802 1476 841; x_wconf 94' lang='lat'><strong>:</strong></span> <span class='ocrx_word' id='word_1_41' title='bbox 1512 786 1655 841; x_wconf 81' lang='lat' dir='ltr'>nihil</span> <span class='ocrx_word' id='word_1_42' title='bbox 1705 787 1861 842; x_wconf 91' lang='lat' dir='ltr'>enim</span> 
     </span>
    </p>
   </div>
   <div class='ocr_carea' id='block_1_9' title="bbox 213 873 1863 946">
    <p class='ocr_par' dir='ltr' id='par_1_9' title="bbox 213 873 1863 946">
     <span class='ocr_line' id='line_1_9' title="bbox 213 873 1863 946; baseline 0.001 -19"><span class='ocrx_word' id='word_1_43' title='bbox 213 878 479 928; x_wconf 83' lang='lat' dir='ltr'>votorum</span> <span class='ocrx_word' id='word_1_44' title='bbox 513 873 882 944; x_wconf 66' lang='lat' dir='ltr'>praetermisit</span> <span class='ocrx_word' id='word_1_45' title='bbox 900 892 912 940; x_wconf 87' lang='lat'>;</span> <span class='ocrx_word' id='word_1_46' title='bbox 931 875 1213 946; x_wconf 78' lang='lat' dir='ltr'>paulatim</span> <span class='ocrx_word' id='word_1_47' title='bbox 1246 875 1863 946; x_wconf 83' lang='lat' dir='ltr'>adolescens,propriis</span> 
     </span>
    </p>
   </div>
   <div class='ocr_carea' id='block_1_10' title="bbox 211 962 1862 1034">
    <p class='ocr_par' dir='ltr' id='par_1_10' title="bbox 211 962 1862 1034">
     <span class='ocr_line' id='line_1_10' title="bbox 211 962 1862 1034; baseline 0.002 -17"><span class='ocrx_word' id='word_1_48' title='bbox 211 962 471 1033; x_wconf 91' lang='lat' dir='ltr'>corporis</span> <span class='ocrx_word' id='word_1_49' title='bbox 501 962 708 1017; x_wconf 85' lang='lat' dir='ltr'>ofﬁciis</span> <span class='ocrx_word' id='word_1_50' title='bbox 757 967 813 1017; x_wconf 89' lang='lat' dir='ltr'>et</span> <span class='ocrx_word' id='word_1_51' title='bbox 841 962 1062 1018; x_wconf 89' lang='lat' dir='ltr'>viribus</span> <span class='ocrx_word' id='word_1_52' title='bbox 1095 965 1473 1034; x_wconf 80' lang='lat' dir='ltr'>recuperatis,</span> <span class='ocrx_word' id='word_1_53' title='bbox 1507 969 1564 1019; x_wconf 86' lang='lat' dir='ltr'>et</span> <span class='ocrx_word' id='word_1_54' title='bbox 1604 965 1862 1020; x_wconf 60' lang='lat' dir='ltr'>daemone</span> 
     </span>
    </p>
   </div>
   <div class='ocr_carea' id='block_1_11' title="bbox 209 1049 1863 1130">
    <p class='ocr_par' dir='ltr' id='par_1_11' title="bbox 209 1049 1863 1130">
     <span class='ocr_line' id='line_1_11' title="bbox 209 1049 1863 1130; baseline 0.001 -24"><span class='ocrx_word' id='word_1_55' title='bbox 209 1056 347 1106; x_wconf 87' lang='lat' dir='ltr'>Jesu</span> <span class='ocrx_word' id='word_1_56' title='bbox 380 1049 594 1130; x_wconf 73' lang='lat' dir='ltr'>Christi</span> <span class='ocrx_word' id='word_1_57' title='bbox 620 1051 1132 1125; x_wconf 83' lang='lat' dir='ltr'>virtute(mcnachi</span> <span class='ocrx_word' id='word_1_58' title='bbox 1157 1069 1270 1107; x_wconf 91' lang='lat' dir='ltr'>non</span> <span class='ocrx_word' id='word_1_59' title='bbox 1306 1069 1542 1123; x_wconf 87' lang='lat' dir='ltr'>parvam</span> <span class='ocrx_word' id='word_1_60' title='bbox 1571 1057 1863 1109; x_wconf 80' lang='lat' dir='ltr'>traxerant</span> 
     </span>
    </p>
   </div>
   <div class='ocr_carea' id='block_1_12' title="bbox 210 1139 1860 1212">
    <p class='ocr_par' dir='ltr' id='par_1_12' title="bbox 210 1139 1860 1212">
     <span class='ocr_line' id='line_1_12' title="bbox 210 1139 1860 1212; baseline 0.002 -18"><span class='ocrx_word' id='word_1_61' title='bbox 210 1142 457 1205; x_wconf 87' lang='lat' dir='ltr'>moram)</span> <span class='ocrx_word' id='word_1_62' title='bbox 499 1139 715 1210; x_wconf 89' lang='lat' dir='ltr'>fugato,</span> <span class='ocrx_word' id='word_1_63' title='bbox 749 1139 1063 1195; x_wconf 90' lang='lat' dir='ltr'>Dominum</span> <span class='ocrx_word' id='word_1_64' title='bbox 1118 1157 1220 1212; x_wconf 89' lang='lat' dir='ltr'>per</span> <span class='ocrx_word' id='word_1_65' title='bbox 1249 1158 1310 1196; x_wconf 90' lang='lat' dir='ltr'>se</span> <span class='ocrx_word' id='word_1_66' title='bbox 1345 1141 1640 1210; x_wconf 84' lang='lat' dir='ltr'>laudabat,</span> <span class='ocrx_word' id='word_1_67' title='bbox 1674 1144 1860 1198; x_wconf 91' lang='lat' dir='ltr'>omni-</span> 
     </span>
    </p>
   </div>
   <div class='ocr_carea' id='block_1_13' title="bbox 205 1227 1331 1300">
    <p class='ocr_par' dir='ltr' id='par_1_13' title="bbox 205 1227 1331 1300">
     <span class='ocr_line' id='line_1_13' title="bbox 205 1227 1331 1300; baseline 0.001 -17"><span class='ocrx_word' id='word_1_68' title='bbox 205 1230 435 1300; x_wconf 89' lang='lat' dir='ltr'>busque</span> <span class='ocrx_word' id='word_1_69' title='bbox 465 1227 914 1284; x_wconf 83' lang='lat' dir='ltr'>admirationem</span> <span class='ocrx_word' id='word_1_70' title='bbox 947 1229 1036 1284; x_wconf 87' lang='lat' dir='ltr'>sui</span> <span class='ocrx_word' id='word_1_71' title='bbox 1065 1229 1331 1285; x_wconf 85' lang='lat' dir='ltr'>faciebat.</span> 
     </span>
    </p>
   </div>
   <div class='ocr_carea' id='block_1_14' title="bbox 275 1318 1860 1392">
    <p class='ocr_par' dir='ltr' id='par_1_14' title="bbox 275 1318 1860 1392">
     <span class='ocr_line' id='line_1_14' title="bbox 275 1318 1860 1392; baseline 0.002 -21"><span class='ocrx_word' id='word_1_72' title='bbox 275 1319 402 1372; x_wconf 85' lang='lat'>158.</span> <span class='ocrx_word' id='word_1_73' title='bbox 427 1318 506 1371; x_wconf 86' lang='lat' dir='ltr'>Eo</span> <span class='ocrx_word' id='word_1_74' title='bbox 534 1322 804 1387; x_wconf 88' lang='lat' dir='ltr'>parentes</span> <span class='ocrx_word' id='word_1_75' title='bbox 835 1333 950 1389; x_wconf 82' lang='lat' dir='ltr'>prae</span> <span class='ocrx_word' id='word_1_76' title='bbox 979 1319 1193 1390; x_wconf 87' lang='lat' dir='ltr'>gaudio</span> <span class='ocrx_word' id='word_1_77' title='bbox 1223 1323 1343 1374; x_wconf 87' lang='lat' dir='ltr'>toto</span> <span class='ocrx_word' id='word_1_78' title='bbox 1366 1335 1605 1392; x_wconf 88' lang='lat' dir='ltr'>corpore</span> <span class='ocrx_word' id='word_1_79' title='bbox 1626 1320 1860 1391; x_wconf 80' lang='lat' dir='ltr'>gestire,</span> 
     </span>
    </p>
   </div>
   <div class='ocr_carea' id='block_1_15' title="bbox 205 1405 1861 1478">
    <p class='ocr_par' dir='ltr' id='par_1_15' title="bbox 205 1405 1861 1478">
     <span class='ocr_line' id='line_1_15' title="bbox 205 1405 1861 1478; baseline 0.002 -18"><span class='ocrx_word' id='word_1_80' title='bbox 205 1407 404 1478; x_wconf 88' lang='lat' dir='ltr'>ipsum</span> <span class='ocrx_word' id='word_1_81' title='bbox 433 1405 730 1477; x_wconf 80' lang='lat' dir='ltr'>amplecti,</span> <span class='ocrx_word' id='word_1_82' title='bbox 764 1407 1036 1462; x_wconf 89' lang='lat' dir='ltr'>osculari.</span> <span class='ocrx_word' id='word_1_83' title='bbox 1073 1408 1180 1472; x_wconf 86' lang='lat' dir='ltr'>Qui</span> <span class='ocrx_word' id='word_1_84' title='bbox 1212 1408 1474 1475; x_wconf 88' lang='lat' dir='ltr'>aderant,</span> <span class='ocrx_word' id='word_1_85' title='bbox 1503 1409 1651 1463; x_wconf 84' lang='lat' dir='ltr'>tanti</span> <span class='ocrx_word' id='word_1_86' title='bbox 1685 1409 1861 1464; x_wconf 88' lang='lat' dir='ltr'>mira-</span> 
     </span>
    </p>
   </div>
   <div class='ocr_carea' id='block_1_16' title="bbox 206 1494 1863 1566">
    <p class='ocr_par' dir='ltr' id='par_1_16' title="bbox 206 1494 1863 1566">
     <span class='ocr_line' id='line_1_16' title="bbox 206 1494 1863 1566; baseline 0.002 -16"><span class='ocrx_word' id='word_1_87' title='bbox 206 1494 318 1550; x_wconf 85' lang='lat' dir='ltr'>culi</span> <span class='ocrx_word' id='word_1_88' title='bbox 352 1499 591 1566; x_wconf 84' lang='lat' dir='ltr'>stupore</span> <span class='ocrx_word' id='word_1_89' title='bbox 633 1495 915 1566; x_wconf 84' lang='lat' dir='ltr'>percussi.</span> <span class='ocrx_word' id='word_1_90' title='bbox 949 1496 1006 1550; x_wconf 92' lang='lat' dir='ltr'>S.</span> <span class='ocrx_word' id='word_1_91' title='bbox 1041 1496 1328 1552; x_wconf 81' lang='lat' dir='ltr'>Joannem</span> <span class='ocrx_word' id='word_1_92' title='bbox 1363 1497 1530 1553; x_wconf 88' lang='lat' dir='ltr'>miris</span> <span class='ocrx_word' id='word_1_93' title='bbox 1585 1497 1863 1553; x_wconf 85' lang='lat' dir='ltr'>laudibus</span> 
     </span>
    </p>
   </div>
   <div class='ocr_carea' id='block_1_17' title="bbox 187 1583 1859 1656">
    <p class='ocr_par' dir='ltr' id='par_1_17' title="bbox 187 1583 1859 1656">
     <span class='ocr_line' id='line_1_17' title="bbox 187 1583 1859 1656; baseline 0 -16"><span class='ocrx_word' id='word_1_94' title='bbox 187 1585 271 1640; x_wconf 85' lang='lat' dir='ltr'>-ad</span> <span class='ocrx_word' id='word_1_95' title='bbox 305 1583 522 1640; x_wconf 74' lang='lat' dir='ltr'>cmlum</span> <span class='ocrx_word' id='word_1_96' title='bbox 564 1583 858 1639; x_wconf 84' lang='lat' dir='ltr'>extollere.</span> <span class='ocrx_word' id='word_1_97' title='bbox 892 1584 1176 1650; x_wconf 87' lang='lat' dir='ltr'>Tandem,</span> <span class='ocrx_word' id='word_1_98' title='bbox 1211 1585 1445 1641; x_wconf 88' lang='lat' dir='ltr'>silentio</span> <span class='ocrx_word' id='word_1_99' title='bbox 1495 1587 1650 1656; x_wconf 91' lang='lat' dir='ltr'>dato,</span> <span class='ocrx_word' id='word_1_100' title='bbox 1682 1587 1859 1642; x_wconf 88' lang='lat' dir='ltr'>talem</span> 
     </span>
    </p>
   </div>
   <div class='ocr_carea' id='block_1_18' title="bbox 204 1672 1864 1741">
    <p class='ocr_par' dir='ltr' id='par_1_18' title="bbox 204 1672 1864 1741">
     <span class='ocr_line' id='line_1_18' title="bbox 204 1672 1864 1741; baseline 0.001 -12"><span class='ocrx_word' id='word_1_101' title='bbox 204 1674 398 1741; x_wconf 86' lang='lat' dir='ltr'>Pater,</span> <span class='ocrx_word' id='word_1_102' title='bbox 425 1672 804 1728; x_wconf 82' lang='lat' dir='ltr'>audientibus</span> <span class='ocrx_word' id='word_1_103' title='bbox 835 1672 1306 1738; x_wconf 87' lang='lat' dir='ltr'>cunctis,habuit</span> <span class='ocrx_word' id='word_1_104' title='bbox 1337 1675 1658 1730; x_wconf 87' lang='lat' dir='ltr'>orationem</span> <span class='ocrx_word' id='word_1_105' title='bbox 1685 1693 1698 1730; x_wconf 90' lang='lat'><strong>:</strong></span> <span class='ocrx_word' id='word_1_106' title='bbox 1723 1674 1864 1730; x_wconf 82' lang='lat' dir='ltr'>Plis-</span> 
     </span>
    </p>
   </div>
   <div class='ocr_carea' id='block_1_19' title="bbox 202 1762 1941 1866">
    <p class='ocr_par' dir='ltr' id='par_1_19' title="bbox 202 1762 1941 1866">
     <span class='ocr_line' id='line_1_19' title="bbox 202 1762 1941 1866; baseline -0.001 -47"><span class='ocrx_word' id='word_1_107' title='bbox 202 1764 356 1819; x_wconf 87' lang='lat' dir='ltr'>sime</span> <span class='ocrx_word' id='word_1_108' title='bbox 403 1762 566 1828; x_wconf 85' lang='lat' dir='ltr'>Jesu,</span> <span class='ocrx_word' id='word_1_109' title='bbox 597 1779 632 1817; x_wconf 90' lang='lat' dir='ltr'>a</span> <span class='ocrx_word' id='word_1_110' title='bbox 661 1778 775 1833; x_wconf 86' lang='lat' dir='ltr'>quo</span> <span class='ocrx_word' id='word_1_111' title='bbox 823 1778 996 1817; x_wconf 90' lang='lat' dir='ltr'>omne</span> <span class='ocrx_word' id='word_1_112' title='bbox 1026 1763 1268 1828; x_wconf 90' lang='lat' dir='ltr'>bonum,</span> <span class='ocrx_word' id='word_1_113' title='bbox 1301 1769 1358 1817; x_wconf 87' lang='lat' dir='ltr'>et</span> <span class='ocrx_word' id='word_1_114' title='bbox 1396 1763 1522 1818; x_wconf 90' lang='lat' dir='ltr'>sine</span> <span class='ocrx_word' id='word_1_115' title='bbox 1552 1780 1667 1834; x_wconf 92' lang='lat' dir='ltr'>quo</span> <span class='ocrx_word' id='word_1_116' title='bbox 1716 1762 1862 1818; x_wconf 90' lang='lat' dir='ltr'>nihil</span> <span class='ocrx_word' id='word_1_117' title='bbox 1893 1802 1941 1866; x_wconf 83' lang='lat' dir='ltr'><strong>B</strong></span> 
     </span>
    </p>
   </div>
   <div class='ocr_carea' id='block_1_20' title="bbox 202 1850 1864 1920">
    <p class='ocr_par' dir='ltr' id='par_1_20' title="bbox 202 1850 1864 1920">
     <span class='ocr_line' id='line_1_20' title="bbox 202 1850 1864 1920; baseline 0 -13"><span class='ocrx_word' id='word_1_118' title='bbox 202 1855 456 1920; x_wconf 88' lang='lat' dir='ltr'>rectum,</span> <span class='ocrx_word' id='word_1_119' title='bbox 491 1855 612 1906; x_wconf 90' lang='lat' dir='ltr'>toto</span> <span class='ocrx_word' id='word_1_120' title='bbox 643 1851 835 1919; x_wconf 88' lang='lat' dir='ltr'>corde,</span> <span class='ocrx_word' id='word_1_121' title='bbox 868 1855 987 1906; x_wconf 89' lang='lat' dir='ltr'>tota</span> <span class='ocrx_word' id='word_1_122' title='bbox 1017 1854 1230 1920; x_wconf 89' lang='lat' dir='ltr'>mente,</span> <span class='ocrx_word' id='word_1_123' title='bbox 1263 1851 1402 1906; x_wconf 91' lang='lat' dir='ltr'>totis</span> <span class='ocrx_word' id='word_1_124' title='bbox 1430 1850 1652 1906; x_wconf 89' lang='lat' dir='ltr'>viribus</span> <span class='ocrx_word' id='word_1_125' title='bbox 1683 1854 1740 1907; x_wconf 89' lang='lat' dir='ltr'>te</span> <span class='ocrx_word' id='word_1_126' title='bbox 1769 1852 1864 1907; x_wconf 91' lang='lat' dir='ltr'>be-</span> 
     </span>
    </p>
   </div>
   <div class='ocr_carea' id='block_1_21' title="bbox 205 1938 1862 2011">
    <p class='ocr_par' dir='ltr' id='par_1_21' title="bbox 205 1938 1862 2011">
     <span class='ocr_line' id='line_1_21' title="bbox 205 1938 1862 2011; baseline 0 -16"><span class='ocrx_word' id='word_1_127' title='bbox 205 1940 471 2006; x_wconf 85' lang='lat' dir='ltr'>nedieto,</span> <span class='ocrx_word' id='word_1_128' title='bbox 517 1939 711 2006; x_wconf 89' lang='lat' dir='ltr'>laudo,</span> <span class='ocrx_word' id='word_1_129' title='bbox 762 1938 1094 2011; x_wconf 85' lang='lat' dir='ltr'>magniﬁco,</span> <span class='ocrx_word' id='word_1_130' title='bbox 1127 1939 1222 2010; x_wconf 88' lang='lat' dir='ltr'>qui</span> <span class='ocrx_word' id='word_1_131' title='bbox 1278 1955 1378 2010; x_wconf 89' lang='lat' dir='ltr'>per</span> <span class='ocrx_word' id='word_1_132' title='bbox 1406 1955 1638 1994; x_wconf 88' lang='lat' dir='ltr'>servum</span> <span class='ocrx_word' id='word_1_133' title='bbox 1691 1944 1862 1996; x_wconf 89' lang='lat' dir='ltr'>tuum</span> 
     </span>
    </p>
   </div>
   <div class='ocr_carea' id='block_1_22' title="bbox 196 2027 1860 2101">
    <p class='ocr_par' dir='ltr' id='par_1_22' title="bbox 196 2027 1860 2101">
     <span class='ocr_line' id='line_1_22' title="bbox 196 2027 1860 2101; baseline 0.001 -17"><span class='ocrx_word' id='word_1_134' title='bbox 196 2034 491 2084; x_wconf 83' lang='lat' dir='ltr'>Joannem</span> <span class='ocrx_word' id='word_1_135' title='bbox 541 2027 948 2084; x_wconf 79' lang='lat' dir='ltr'>beatissimum</span> <span class='ocrx_word' id='word_1_136' title='bbox 981 2027 1318 2098; x_wconf 88' lang='lat' dir='ltr'>hujusmodi</span> <span class='ocrx_word' id='word_1_137' title='bbox 1376 2028 1641 2101; x_wconf 88' lang='lat' dir='ltr'>prodigia</span> <span class='ocrx_word' id='word_1_138' title='bbox 1672 2030 1860 2098; x_wconf 89' lang='lat' dir='ltr'>nobis,</span> 
     </span>
    </p>
   </div>
   <div class='ocr_carea' id='block_1_23' title="bbox 202 2116 1862 2190">
    <p class='ocr_par' dir='ltr' id='par_1_23' title="bbox 202 2116 1862 2190">
     <span class='ocr_line' id='line_1_23' title="bbox 202 2116 1862 2190; baseline 0 -17"><span class='ocrx_word' id='word_1_139' title='bbox 202 2119 304 2190; x_wconf 87' lang='lat' dir='ltr'>[ut]</span> <span class='ocrx_word' id='word_1_140' title='bbox 342 2123 403 2172; x_wconf 90' lang='lat' dir='ltr'>te</span> <span class='ocrx_word' id='word_1_141' title='bbox 435 2117 626 2189; x_wconf 87' lang='lat' dir='ltr'>magis</span> <span class='ocrx_word' id='word_1_142' title='bbox 674 2117 976 2189; x_wconf 85' lang='lat' dir='ltr'>magisque</span> <span class='ocrx_word' id='word_1_143' title='bbox 1006 2116 1317 2172; x_wconf 87' lang='lat' dir='ltr'>laudemus</span> <span class='ocrx_word' id='word_1_144' title='bbox 1368 2118 1628 2172; x_wconf 82' lang='lat' dir='ltr'>ostendis</span> <span class='ocrx_word' id='word_1_145' title='bbox 1660 2136 1673 2174; x_wconf 93' lang='lat'><strong>:</strong></span> <span class='ocrx_word' id='word_1_146' title='bbox 1707 2119 1862 2189; x_wconf 93' lang='lat' dir='ltr'>quod</span> 
     </span>
    </p>
   </div>
   <div class='ocr_carea' id='block_1_24' title="bbox 195 2206 1860 2280">
    <p class='ocr_par' dir='ltr' id='par_1_24' title="bbox 195 2206 1860 2280">
     <span class='ocr_line' id='line_1_24' title="bbox 195 2206 1860 2280; baseline -0.001 -18"><span class='ocrx_word' id='word_1_147' title='bbox 195 2208 464 2280; x_wconf 87' lang='lat' dir='ltr'>profecto</span> <span class='ocrx_word' id='word_1_148' title='bbox 491 2207 552 2261; x_wconf 88' lang='lat' dir='ltr'>in</span> <span class='ocrx_word' id='word_1_149' title='bbox 606 2206 726 2261; x_wconf 86' lang='lat' dir='ltr'>ﬁlio</span> <span class='ocrx_word' id='word_1_150' title='bbox 758 2221 888 2261; x_wconf 90' lang='lat' dir='ltr'>meo</span> <span class='ocrx_word' id='word_1_151' title='bbox 918 2206 1203 2263; x_wconf 82' lang='lat' dir='ltr'>hactenus</span> <span class='ocrx_word' id='word_1_152' title='bbox 1253 2207 1490 2276; x_wconf 89' lang='lat' dir='ltr'>misero,</span> <span class='ocrx_word' id='word_1_153' title='bbox 1524 2224 1679 2263; x_wconf 88' lang='lat' dir='ltr'>nunc</span> <span class='ocrx_word' id='word_1_154' title='bbox 1710 2207 1860 2262; x_wconf 86' lang='lat' dir='ltr'>felici</span> 
     </span>
    </p>
   </div>
   <div class='ocr_carea' id='block_1_25' title="bbox 191 2293 1865 2366">
    <p class='ocr_par' dir='ltr' id='par_1_25' title="bbox 191 2293 1865 2366">
     <span class='ocr_line' id='line_1_25' title="bbox 191 2293 1865 2366; baseline -0.002 -13"><span class='ocrx_word' id='word_1_155' title='bbox 191 2314 259 2353; x_wconf 86' lang='lat' dir='ltr'>ea</span> <span class='ocrx_word' id='word_1_156' title='bbox 288 2295 594 2365; x_wconf 84' lang='lat' dir='ltr'>felicitate,</span> <span class='ocrx_word' id='word_1_157' title='bbox 631 2312 758 2366; x_wconf 74' lang='lat' dir='ltr'>quis</span> <span class='ocrx_word' id='word_1_158' title='bbox 788 2309 924 2350; x_wconf 90' lang='lat' dir='ltr'>vera</span> <span class='ocrx_word' id='word_1_159' title='bbox 954 2293 1202 2350; x_wconf 82' lang='lat' dir='ltr'>felicitas</span> <span class='ocrx_word' id='word_1_160' title='bbox 1233 2294 1343 2349; x_wconf 93' lang='lat' dir='ltr'>dici</span> <span class='ocrx_word' id='word_1_161' title='bbox 1375 2299 1434 2350; x_wconf 92' lang='lat' dir='ltr'>et</span> <span class='ocrx_word' id='word_1_162' title='bbox 1463 2300 1652 2366; x_wconf 88' lang='lat' dir='ltr'>potest</span> <span class='ocrx_word' id='word_1_163' title='bbox 1681 2300 1739 2351; x_wconf 91' lang='lat' dir='ltr'>et</span> <span class='ocrx_word' id='word_1_164' title='bbox 1769 2296 1865 2350; x_wconf 90' lang='lat' dir='ltr'>de-</span> 
     </span>
    </p>
   </div>
   <div class='ocr_carea' id='block_1_26' title="bbox 194 2382 1864 2456">
    <p class='ocr_par' dir='ltr' id='par_1_26' title="bbox 194 2382 1864 2456">
     <span class='ocr_line' id='line_1_26' title="bbox 194 2382 1864 2456; baseline -0.001 -16"><span class='ocrx_word' id='word_1_165' title='bbox 194 2385 288 2440; x_wconf 87' lang='lat' dir='ltr'>bet</span> <span class='ocrx_word' id='word_1_166' title='bbox 347 2382 630 2455; x_wconf 78' lang='lat' dir='ltr'>intelligo.</span> <span class='ocrx_word' id='word_1_167' title='bbox 683 2384 761 2437; x_wconf 79' lang='lat' dir='ltr'>Eo</span> <span class='ocrx_word' id='word_1_168' title='bbox 813 2383 961 2438; x_wconf 76' lang='lat' dir='ltr'>bona</span> <span class='ocrx_word' id='word_1_169' title='bbox 1011 2383 1174 2449; x_wconf 88' lang='lat' dir='ltr'>Jesu,</span> <span class='ocrx_word' id='word_1_170' title='bbox 1224 2387 1408 2455; x_wconf 90' lang='lat' dir='ltr'>tuque</span> <span class='ocrx_word' id='word_1_171' title='bbox 1456 2383 1632 2456; x_wconf 88' lang='lat' dir='ltr'>Virgo</span> <span class='ocrx_word' id='word_1_172' title='bbox 1681 2384 1864 2440; x_wconf 88' lang='lat' dir='ltr'>Maria</span> 
     </span>
    </p>
   </div>
   <div class='ocr_carea' id='block_1_27' title="bbox 191 2471 1860 2546">
    <p class='ocr_par' dir='ltr' id='par_1_27' title="bbox 191 2471 1860 2546">
     <span class='ocr_line' id='line_1_27' title="bbox 191 2471 1860 2546; baseline -0.001 -18"><span class='ocrx_word' id='word_1_173' title='bbox 191 2471 834 2546; x_wconf 86' lang='lat' dir='ltr'>gloriosissima,etiam</span> <span class='ocrx_word' id='word_1_174' title='bbox 855 2477 912 2526; x_wconf 89' lang='lat' dir='ltr'>et</span> <span class='ocrx_word' id='word_1_175' title='bbox 931 2476 994 2525; x_wconf 91' lang='lat' dir='ltr'>tu</span> <span class='ocrx_word' id='word_1_176' title='bbox 1029 2472 1283 2527; x_wconf 88' lang='lat' dir='ltr'>Joannes</span> <span class='ocrx_word' id='word_1_177' title='bbox 1307 2471 1860 2541; x_wconf 85' lang='lat' dir='ltr'>beatissime,ﬁlium</span> 
     </span>
    </p>
   </div>
   <div class='ocr_carea' id='block_1_28' title="bbox 192 2559 1862 2633">
    <p class='ocr_par' dir='ltr' id='par_1_28' title="bbox 192 2559 1862 2633">
     <span class='ocr_line' id='line_1_28' title="bbox 192 2559 1862 2633; baseline -0.002 -14"><span class='ocrx_word' id='word_1_178' title='bbox 192 2579 402 2619; x_wconf 86' lang='lat' dir='ltr'>meum</span> <span class='ocrx_word' id='word_1_179' title='bbox 425 2577 648 2633; x_wconf 88' lang='lat' dir='ltr'>nosque</span> <span class='ocrx_word' id='word_1_180' title='bbox 679 2577 883 2616; x_wconf 88' lang='lat' dir='ltr'>omnes</span> <span class='ocrx_word' id='word_1_181' title='bbox 914 2559 971 2614; x_wconf 88' lang='lat' dir='ltr'>in</span> <span class='ocrx_word' id='word_1_182' title='bbox 998 2565 1215 2616; x_wconf 88' lang='lat' dir='ltr'>rectam</span> <span class='ocrx_word' id='word_1_183' title='bbox 1248 2561 1399 2616; x_wconf 90' lang='lat' dir='ltr'>viam</span> <span class='ocrx_word' id='word_1_184' title='bbox 1426 2566 1482 2616; x_wconf 88' lang='lat' dir='ltr'>et</span> <span class='ocrx_word' id='word_1_185' title='bbox 1507 2562 1579 2616; x_wconf 90' lang='lat' dir='ltr'>ad</span> <span class='ocrx_word' id='word_1_186' title='bbox 1613 2561 1862 2632; x_wconf 83' lang='lat' dir='ltr'>patriam</span> 
     </span>
    </p>
   </div>
   <div class='ocr_carea' id='block_1_29' title="bbox 197 2648 1861 2721">
    <p class='ocr_par' dir='ltr' id='par_1_29' title="bbox 197 2648 1861 2721">
     <span class='ocr_line' id='line_1_29' title="bbox 197 2648 1861 2721; baseline -0.002 -13"><span class='ocrx_word' id='word_1_187' title='bbox 197 2653 443 2708; x_wconf 85' lang='lat' dir='ltr'>tandem</span> <span class='ocrx_word' id='word_1_188' title='bbox 476 2651 760 2706; x_wconf 86' lang='lat' dir='ltr'>deducere</span> <span class='ocrx_word' id='word_1_189' title='bbox 788 2648 1129 2721; x_wconf 65' lang='lat' dir='ltr'>idignemini</span> <span class='ocrx_word' id='word_1_190' title='bbox 1165 2666 1177 2703; x_wconf 92' lang='lat'>:</span> <span class='ocrx_word' id='word_1_191' title='bbox 1209 2649 1511 2720; x_wconf 86' lang='lat' dir='ltr'>vobisque,</span> <span class='ocrx_word' id='word_1_192' title='bbox 1549 2651 1712 2704; x_wconf 86' lang='lat' dir='ltr'>Pater</span> <span class='ocrx_word' id='word_1_193' title='bbox 1750 2650 1861 2704; x_wconf 83' lang='lat' dir='ltr'>Ab-</span> 
     </span>
    </p>
   </div>
   <div class='ocr_carea' id='block_1_30' title="bbox 197 2738 1862 2810">
    <p class='ocr_par' dir='ltr' id='par_1_30' title="bbox 197 2738 1862 2810">
     <span class='ocr_line' id='line_1_30' title="bbox 197 2738 1862 2810; baseline -0.002 -13"><span class='ocrx_word' id='word_1_194' title='bbox 197 2743 304 2798; x_wconf 86' lang='lat' dir='ltr'>bas</span> <span class='ocrx_word' id='word_1_195' title='bbox 340 2745 402 2796; x_wconf 90' lang='lat' dir='ltr'>et</span> <span class='ocrx_word' id='word_1_196' title='bbox 446 2739 740 2809; x_wconf 88' lang='lat' dir='ltr'>monachi,</span> <span class='ocrx_word' id='word_1_197' title='bbox 772 2755 920 2810; x_wconf 90' lang='lat' dir='ltr'>quos</span> <span class='ocrx_word' id='word_1_198' title='bbox 947 2739 1020 2794; x_wconf 91' lang='lat' dir='ltr'>ad</span> <span class='ocrx_word' id='word_1_199' title='bbox 1053 2738 1395 2808; x_wconf 88' lang='lat' dir='ltr'>hujusmodi</span> <span class='ocrx_word' id='word_1_200' title='bbox 1443 2738 1862 2810; x_wconf 88' lang='lat' dir='ltr'>dignissimum</span> 
     </span>
    </p>
   </div>
   <div class='ocr_carea' id='block_1_31' title="bbox 195 2827 1864 2900">
    <p class='ocr_par' dir='ltr' id='par_1_31' title="bbox 195 2827 1864 2900">
     <span class='ocr_line' id='line_1_31' title="bbox 195 2827 1864 2900; baseline -0.002 -14"><span class='ocrx_word' id='word_1_201' title='bbox 195 2830 474 2886; x_wconf 86' lang='lat' dir='ltr'>ofﬁcium</span> <span class='ocrx_word' id='word_1_202' title='bbox 499 2828 674 2900; x_wconf 86' lang='lat' dir='ltr'>elegit</span> <span class='ocrx_word' id='word_1_203' title='bbox 703 2827 991 2898; x_wconf 86' lang='lat' dir='ltr'>Deus,nos</span> <span class='ocrx_word' id='word_1_204' title='bbox 1018 2831 1335 2899; x_wconf 87' lang='lat' dir='ltr'>nostraque</span> <span class='ocrx_word' id='word_1_205' title='bbox 1354 2827 1864 2897; x_wconf 87' lang='lat' dir='ltr'>commendamus,</span> 
     </span>
    </p>
   </div>
   <div class='ocr_carea' id='block_1_32' title="bbox 191 2915 1867 2974">
    <p class='ocr_par' dir='ltr' id='par_1_32' title="bbox 191 2915 1867 2974">
     <span class='ocr_line' id='line_1_32' title="bbox 191 2915 1867 2974; baseline -0.003 0"><span class='ocrx_word' id='word_1_206' title='bbox 191 2925 264 2974; x_wconf 92' lang='lat' dir='ltr'>ut</span> <span class='ocrx_word' id='word_1_207' title='bbox 299 2922 574 2974; x_wconf 89' lang='lat' dir='ltr'>nostrum</span> <span class='ocrx_word' id='word_1_208' title='bbox 609 2932 898 2972; x_wconf 85' lang='lat' dir='ltr'>memores</span> <span class='ocrx_word' id='word_1_209' title='bbox 931 2915 990 2970; x_wconf 90' lang='lat' dir='ltr'>in</span> <span class='ocrx_word' id='word_1_210' title='bbox 1020 2915 1296 2970; x_wconf 89' lang='lat' dir='ltr'>omnibus</span> <span class='ocrx_word' id='word_1_211' title='bbox 1324 2916 1538 2971; x_wconf 87' lang='lat' dir='ltr'>vestris</span> <span class='ocrx_word' id='word_1_212' title='bbox 1569 2931 1697 2971; x_wconf 89' lang='lat' dir='ltr'>esse</span> <span class='ocrx_word' id='word_1_213' title='bbox 1728 2915 1867 2970; x_wconf 89' lang='lat' dir='ltr'>veli-</span> 
     </span>
    </p>
   </div>
   <div class='ocr_carea' id='block_1_33' title="bbox 195 3002 1864 3076">
    <p class='ocr_par' dir='ltr' id='par_1_33' title="bbox 195 3002 1864 3076">
     <span class='ocr_line' id='line_1_33' title="bbox 195 3002 1864 3076; baseline -0.001 -14"><span class='ocrx_word' id='word_1_214' title='bbox 195 3008 276 3062; x_wconf 87' lang='lat' dir='ltr'>tis</span> <span class='ocrx_word' id='word_1_215' title='bbox 310 3024 325 3060; x_wconf 91' lang='lat'><strong>:</strong></span> <span class='ocrx_word' id='word_1_216' title='bbox 365 3006 608 3076; x_wconf 87' lang='lat' dir='ltr'>insuper</span> <span class='ocrx_word' id='word_1_217' title='bbox 636 3004 759 3075; x_wconf 90' lang='lat' dir='ltr'>ipse</span> <span class='ocrx_word' id='word_1_218' title='bbox 787 3004 961 3059; x_wconf 89' lang='lat' dir='ltr'>Jesus</span> <span class='ocrx_word' id='word_1_219' title='bbox 992 3020 1096 3076; x_wconf 90' lang='lat' dir='ltr'>pro</span> <span class='ocrx_word' id='word_1_220' title='bbox 1142 3002 1247 3059; x_wconf 90' lang='lat' dir='ltr'>tali</span> <span class='ocrx_word' id='word_1_221' title='bbox 1276 3009 1557 3075; x_wconf 87' lang='lat' dir='ltr'>tantoque</span> <span class='ocrx_word' id='word_1_222' title='bbox 1586 3004 1864 3060; x_wconf 89' lang='lat' dir='ltr'>beneﬁcio</span> 
     </span>
    </p>
   </div>
   <div class='ocr_carea' id='block_1_34' title="bbox 197 3092 1860 3165">
    <p class='ocr_par' dir='ltr' id='par_1_34' title="bbox 197 3092 1860 3165">
     <span class='ocr_line' id='line_1_34' title="bbox 197 3092 1860 3165; baseline -0.002 -14"><span class='ocrx_word' id='word_1_223' title='bbox 197 3097 260 3151; x_wconf 91' lang='lat' dir='ltr'>in</span> <span class='ocrx_word' id='word_1_224' title='bbox 296 3098 613 3150; x_wconf 88' lang='lat' dir='ltr'>Beatorum</span> <span class='ocrx_word' id='word_1_225' title='bbox 648 3093 834 3165; x_wconf 87' lang='lat' dir='ltr'>patria</span> <span class='ocrx_word' id='word_1_226' title='bbox 863 3109 968 3165; x_wconf 91' lang='lat' dir='ltr'>pro</span> <span class='ocrx_word' id='word_1_227' title='bbox 1004 3092 1172 3148; x_wconf 91' lang='lat' dir='ltr'>nobis</span> <span class='ocrx_word' id='word_1_228' title='bbox 1203 3093 1496 3148; x_wconf 90' lang='lat' dir='ltr'>restituat.</span> <span class='ocrx_word' id='word_1_229' title='bbox 1530 3093 1631 3148; x_wconf 87' lang='lat' dir='ltr'>His</span> <span class='ocrx_word' id='word_1_230' title='bbox 1659 3093 1860 3160; x_wconf 85' lang='lat' dir='ltr'>ﬁnitis,</span> 
     </span>
    </p>
   </div>
   <div class='ocr_carea' id='block_1_35' title="bbox 1974 522 3622 602">
    <p class='ocr_par' dir='ltr' id='par_1_35' title="bbox 1974 522 3622 602">
     <span class='ocr_line' id='line_1_35' title="bbox 1974 522 3622 602; baseline 0.011 -29"><span class='ocrx_word' id='word_1_231' title='bbox 1974 522 2169 588; x_wconf 81' lang='lat' dir='ltr'>vitate,</span> <span class='ocrx_word' id='word_1_232' title='bbox 2204 525 2316 578; x_wconf 89' lang='lat' dir='ltr'>voti</span> <span class='ocrx_word' id='word_1_233' title='bbox 2350 527 2549 583; x_wconf 88' lang='lat' dir='ltr'>emissi</span> <span class='ocrx_word' id='word_1_234' title='bbox 2581 531 2788 600; x_wconf 88' lang='lat' dir='ltr'>gratia,</span> <span class='ocrx_word' id='word_1_235' title='bbox 2823 531 2973 587; x_wconf 90' lang='lat' dir='ltr'>hanc</span> <span class='ocrx_word' id='word_1_236' title='bbox 3004 533 3197 589; x_wconf 88' lang='lat' dir='ltr'>adiere</span> <span class='ocrx_word' id='word_1_237' title='bbox 3235 535 3439 602; x_wconf 72' lang='lat' dir='ltr'>aedem,</span> <span class='ocrx_word' id='word_1_238' title='bbox 3476 535 3622 592; x_wconf 89' lang='lat' dir='ltr'>rela-</span> 
     </span>
    </p>
   </div>
   <div class='ocr_carea' id='block_1_36' title="bbox 1973 615 2242 666">
    <p class='ocr_par' dir='ltr' id='par_1_36' title="bbox 1973 615 2242 666">
     <span class='ocr_line' id='line_1_36' title="bbox 1973 615 2242 666; baseline 0.007 -2"><span class='ocrx_word' id='word_1_239' title='bbox 1973 615 2098 664; x_wconf 86' lang='lat' dir='ltr'>tum</span> <span class='ocrx_word' id='word_1_240' title='bbox 2134 617 2242 666; x_wconf 85' lang='lat' dir='ltr'>est.</span> 
     </span>
    </p>
   </div>
   <div class='ocr_carea' id='block_1_37' title="bbox 2049 701 3624 786">
    <p class='ocr_par' dir='ltr' id='par_1_37' title="bbox 2049 701 3624 786">
     <span class='ocr_line' id='line_1_37' title="bbox 2049 701 3624 786; baseline 0.011 -33"><span class='ocrx_word' id='word_1_241' title='bbox 2049 701 2169 754; x_wconf 81' lang='lat'>160.</span> <span class='ocrx_word' id='word_1_242' title='bbox 2206 701 2666 762; x_wconf 87' lang='lat' dir='ltr'>Molendinarius</span> <span class='ocrx_word' id='word_1_243' title='bbox 2697 709 2936 778; x_wconf 89' lang='lat' dir='ltr'>quidam</span> <span class='ocrx_word' id='word_1_244' title='bbox 2970 711 3040 766; x_wconf 92' lang='lat' dir='ltr'>de</span> <span class='ocrx_word' id='word_1_245' title='bbox 3067 710 3217 767; x_wconf 92' lang='lat' dir='ltr'>valle</span> <span class='ocrx_word' id='word_1_246' title='bbox 3249 713 3388 767; x_wconf 85' lang='lat' dir='ltr'>Arni</span> <span class='ocrx_word' id='word_1_247' title='bbox 3421 713 3492 768; x_wconf 91' lang='lat' dir='ltr'>de</span> <span class='ocrx_word' id='word_1_248' title='bbox 3522 729 3624 786; x_wconf 85' lang='lat' dir='ltr'>op-</span> 
     </span>
    </p>
   </div>
   <div class='ocr_carea' id='block_1_38' title="bbox 1973 788 3624 868">
    <p class='ocr_par' dir='ltr' id='par_1_38' title="bbox 1973 788 3624 868">
     <span class='ocr_line' id='line_1_38' title="bbox 1973 788 3624 868; baseline 0.01 -27"><span class='ocrx_word' id='word_1_249' title='bbox 1973 788 2108 859; x_wconf 91' lang='lat' dir='ltr'>pido</span> <span class='ocrx_word' id='word_1_250' title='bbox 2139 789 2404 846; x_wconf 80' lang='lat' dir='ltr'>videlicet</span> <span class='ocrx_word' id='word_1_251' title='bbox 2438 793 2712 865; x_wconf 62' lang='lat' dir='ltr'>Laneism,</span> <span class='ocrx_word' id='word_1_252' title='bbox 2745 797 2837 851; x_wconf 89' lang='lat' dir='ltr'>die</span> <span class='ocrx_word' id='word_1_253' title='bbox 2885 799 3139 868; x_wconf 88' lang='lat' dir='ltr'>quadam</span> <span class='ocrx_word' id='word_1_254' title='bbox 3166 800 3306 856; x_wconf 89' lang='lat' dir='ltr'>dum</span> <span class='ocrx_word' id='word_1_255' title='bbox 3339 801 3624 857; x_wconf 88' lang='lat' dir='ltr'>molendi-</span> 
     </span>
    </p>
   </div>
   <div class='ocr_carea' id='block_1_39' title="bbox 1974 884 3622 960">
    <p class='ocr_par' dir='ltr' id='par_1_39' title="bbox 1974 884 3622 960">
     <span class='ocr_line' id='line_1_39' title="bbox 1974 884 3622 960; baseline 0.011 -31"><span class='ocrx_word' id='word_1_256' title='bbox 1974 893 2115 930; x_wconf 92' lang='lat' dir='ltr'>num</span> <span class='ocrx_word' id='word_1_257' title='bbox 2148 884 2309 933; x_wconf 85' lang='lat' dir='ltr'>extra</span> <span class='ocrx_word' id='word_1_258' title='bbox 2358 897 2559 952; x_wconf 88' lang='lat' dir='ltr'>sospes</span> <span class='ocrx_word' id='word_1_259' title='bbox 2591 884 2694 955; x_wconf 84' lang='lat' dir='ltr'>[in]</span> <span class='ocrx_word' id='word_1_260' title='bbox 2726 884 2885 957; x_wconf 91' lang='lat' dir='ltr'>ligno</span> <span class='ocrx_word' id='word_1_261' title='bbox 2917 888 3169 957; x_wconf 88' lang='lat' dir='ltr'>quodam</span> <span class='ocrx_word' id='word_1_262' title='bbox 3210 889 3622 960; x_wconf 85' lang='lat' dir='ltr'>decumberet;</span> 
     </span>
    </p>
   </div>
   <div class='ocr_carea' id='block_1_40' title="bbox 1973 965 3624 1050">
    <p class='ocr_par' dir='ltr' id='par_1_40' title="bbox 1973 965 3624 1050">
     <span class='ocr_line' id='line_1_40' title="bbox 1973 965 3624 1050; baseline 0.009 -31"><span class='ocrx_word' id='word_1_263' title='bbox 1973 965 2071 1020; x_wconf 92' lang='lat' dir='ltr'>ubi</span> <span class='ocrx_word' id='word_1_264' title='bbox 2122 968 2390 1036; x_wconf 84' lang='lat' dir='ltr'>surrexit,</span> <span class='ocrx_word' id='word_1_265' title='bbox 2428 987 2616 1041; x_wconf 83' lang='lat' dir='ltr'>neque</span> <span class='ocrx_word' id='word_1_266' title='bbox 2665 988 2832 1029; x_wconf 89' lang='lat' dir='ltr'>mens</span> <span class='ocrx_word' id='word_1_267' title='bbox 2881 991 3068 1046; x_wconf 86' lang='lat' dir='ltr'>neque</span> <span class='ocrx_word' id='word_1_268' title='bbox 3113 982 3318 1032; x_wconf 81' lang='lat' dir='ltr'>caetera</span> <span class='ocrx_word' id='word_1_269' title='bbox 3365 979 3624 1050; x_wconf 87' lang='lat' dir='ltr'>corporis</span> 
     </span>
    </p>
   </div>
   <div class='ocr_carea' id='block_1_41' title="bbox 1973 1055 3625 1139">
    <p class='ocr_par' dir='ltr' id='par_1_41' title="bbox 1973 1055 3625 1139">
     <span class='ocr_line' id='line_1_41' title="bbox 1973 1055 3625 1139; baseline 0.01 -32"><span class='ocrx_word' id='word_1_270' title='bbox 1973 1055 2236 1110; x_wconf 88' lang='lat' dir='ltr'>membra</span> <span class='ocrx_word' id='word_1_271' title='bbox 2253 1057 2397 1112; x_wconf 85' lang='lat' dir='ltr'>satis</span> <span class='ocrx_word' id='word_1_272' title='bbox 2415 1076 2590 1113; x_wconf 91' lang='lat' dir='ltr'>suum</span> <span class='ocrx_word' id='word_1_273' title='bbox 2612 1060 2873 1116; x_wconf 90' lang='lat' dir='ltr'>ofﬁcium</span> <span class='ocrx_word' id='word_1_274' title='bbox 2897 1064 3212 1134; x_wconf 89' lang='lat' dir='ltr'>agere,imo</span> <span class='ocrx_word' id='word_1_275' title='bbox 3233 1065 3347 1120; x_wconf 88' lang='lat' dir='ltr'>huc</span> <span class='ocrx_word' id='word_1_276' title='bbox 3369 1065 3625 1139; x_wconf 85' lang='lat' dir='ltr'>illucque</span> 
     </span>
    </p>
   </div>
   <div class='ocr_carea' id='block_1_42' title="bbox 1973 1142 3625 1222">
    <p class='ocr_par' dir='ltr' id='par_1_42' title="bbox 1973 1142 3625 1222">
     <span class='ocr_line' id='line_1_42' title="bbox 1973 1142 3625 1222; baseline 0.008 -26"><span class='ocrx_word' id='word_1_277' title='bbox 1973 1142 2384 1200; x_wconf 85' lang='lat' dir='ltr'>debacchando</span> <span class='ocrx_word' id='word_1_278' title='bbox 2416 1163 2666 1215; x_wconf 90' lang='lat' dir='ltr'>currere,</span> <span class='ocrx_word' id='word_1_279' title='bbox 2693 1154 2748 1204; x_wconf 87' lang='lat' dir='ltr'>et</span> <span class='ocrx_word' id='word_1_280' title='bbox 2778 1154 2843 1204; x_wconf 89' lang='lat' dir='ltr'>ut</span> <span class='ocrx_word' id='word_1_281' title='bbox 2871 1151 3076 1222; x_wconf 89' lang='lat' dir='ltr'>paucis</span> <span class='ocrx_word' id='word_1_282' title='bbox 3105 1152 3625 1221; x_wconf 84' lang='lat' dir='ltr'>absolvam,insani</span> 
     </span>
    </p>
   </div>
   <div class='ocr_carea' id='block_1_43' title="bbox 1971 1231 3623 1314">
    <p class='ocr_par' dir='ltr' id='par_1_43' title="bbox 1971 1231 3623 1314">
     <span class='ocr_line' id='line_1_43' title="bbox 1971 1231 3623 1314; baseline 0.008 -30"><span class='ocrx_word' id='word_1_283' title='bbox 1971 1231 2178 1302; x_wconf 89' lang='lat' dir='ltr'>capitis</span> <span class='ocrx_word' id='word_1_284' title='bbox 2227 1237 2282 1288; x_wconf 89' lang='lat' dir='ltr'>st</span> <span class='ocrx_word' id='word_1_285' title='bbox 2327 1234 2492 1289; x_wconf 88' lang='lat' dir='ltr'>stulti</span> <span class='ocrx_word' id='word_1_286' title='bbox 2542 1235 2797 1294; x_wconf 90' lang='lat' dir='ltr'>hominis</span> <span class='ocrx_word' id='word_1_287' title='bbox 2844 1239 3038 1295; x_wconf 87' lang='lat' dir='ltr'>ofﬁcia</span> <span class='ocrx_word' id='word_1_288' title='bbox 3106 1241 3177 1296; x_wconf 90' lang='lat' dir='ltr'>de</span> <span class='ocrx_word' id='word_1_289' title='bbox 3225 1257 3288 1296; x_wconf 89' lang='lat' dir='ltr'>se</span> <span class='ocrx_word' id='word_1_290' title='bbox 3347 1243 3623 1314; x_wconf 79' lang='lat' dir='ltr'>praebere.</span> 
     </span>
    </p>
   </div>
   <div class='ocr_carea' id='block_1_44' title="bbox 1971 1319 3628 1402">
    <p class='ocr_par' dir='ltr' id='par_1_44' title="bbox 1971 1319 3628 1402">
     <span class='ocr_line' id='line_1_44' title="bbox 1971 1319 3628 1402; baseline 0.008 -28"><span class='ocrx_word' id='word_1_291' title='bbox 1971 1319 2175 1387; x_wconf 89' lang='lat' dir='ltr'>Quem,</span> <span class='ocrx_word' id='word_1_292' title='bbox 2209 1323 2306 1393; x_wconf 89' lang='lat' dir='ltr'>qui</span> <span class='ocrx_word' id='word_1_293' title='bbox 2363 1331 2838 1395; x_wconf 87' lang='lat' dir='ltr'>supervenerant,</span> <span class='ocrx_word' id='word_1_294' title='bbox 2873 1327 3006 1384; x_wconf 91' lang='lat' dir='ltr'>dolo</span> <span class='ocrx_word' id='word_1_295' title='bbox 3037 1329 3209 1400; x_wconf 88' lang='lat' dir='ltr'>vique</span> <span class='ocrx_word' id='word_1_296' title='bbox 3245 1331 3628 1402; x_wconf 86' lang='lat' dir='ltr'>comprehen-</span> 
     </span>
    </p>
   </div>
   <div class='ocr_carea' id='block_1_45' title="bbox 1973 1409 3628 1486">
    <p class='ocr_par' dir='ltr' id='par_1_45' title="bbox 1973 1409 3628 1486">
     <span class='ocr_line' id='line_1_45' title="bbox 1973 1409 3628 1486; baseline 0.009 -24"><span class='ocrx_word' id='word_1_297' title='bbox 1973 1409 2200 1476; x_wconf 87' lang='lat' dir='ltr'>dentes,</span> <span class='ocrx_word' id='word_1_298' title='bbox 2230 1412 2440 1468; x_wconf 88' lang='lat' dir='ltr'>vinetis</span> <span class='ocrx_word' id='word_1_299' title='bbox 2471 1430 2505 1467; x_wconf 90' lang='lat' dir='ltr'>a</span> <span class='ocrx_word' id='word_1_300' title='bbox 2547 1417 2709 1486; x_wconf 91' lang='lat' dir='ltr'>tergo</span> <span class='ocrx_word' id='word_1_301' title='bbox 2757 1416 3054 1485; x_wconf 90' lang='lat' dir='ltr'>manibus,</span> <span class='ocrx_word' id='word_1_302' title='bbox 3084 1419 3156 1473; x_wconf 86' lang='lat' dir='ltr'>ad</span> <span class='ocrx_word' id='word_1_303' title='bbox 3188 1418 3296 1474; x_wconf 90' lang='lat' dir='ltr'>hoc</span> <span class='ocrx_word' id='word_1_304' title='bbox 3340 1420 3401 1474; x_wconf 90' lang='lat' dir='ltr'>S.</span> <span class='ocrx_word' id='word_1_305' title='bbox 3436 1419 3628 1477; x_wconf 60' lang='lat' dir='ltr'>Maria</span> 
     </span>
    </p>
   </div>
   <div class='ocr_carea' id='block_1_46' title="bbox 1975 1499 3627 1578">
    <p class='ocr_par' dir='ltr' id='par_1_46' title="bbox 1975 1499 3627 1578">
     <span class='ocr_line' id='line_1_46' title="bbox 1975 1499 3627 1578; baseline 0.008 -28"><span class='ocrx_word' id='word_1_306' title='bbox 1975 1499 2418 1565; x_wconf 83' lang='lat' dir='ltr'>monasterium,</span> <span class='ocrx_word' id='word_1_307' title='bbox 2453 1501 2892 1571; x_wconf 83' lang='lat' dir='ltr'>vociferantem,</span> <span class='ocrx_word' id='word_1_308' title='bbox 2926 1510 3002 1573; x_wconf 89' lang='lat' dir='ltr'>et,</span> <span class='ocrx_word' id='word_1_309' title='bbox 3037 1521 3152 1576; x_wconf 92' lang='lat' dir='ltr'>quo</span> <span class='ocrx_word' id='word_1_310' title='bbox 3201 1507 3388 1578; x_wconf 90' lang='lat' dir='ltr'>ibant,</span> <span class='ocrx_word' id='word_1_311' title='bbox 3421 1523 3627 1564; x_wconf 86' lang='lat' dir='ltr'>omnes</span> 
     </span>
    </p>
   </div>
   <div class='ocr_carea' id='block_1_47' title="bbox 1974 1586 3626 1663">
    <p class='ocr_par' dir='ltr' id='par_1_47' title="bbox 1974 1586 3626 1663">
     <span class='ocr_line' id='line_1_47' title="bbox 1974 1586 3626 1663; baseline 0.008 -23"><span class='ocrx_word' id='word_1_312' title='bbox 1974 1591 2168 1656; x_wconf 87' lang='lat' dir='ltr'>partes</span> <span class='ocrx_word' id='word_1_313' title='bbox 2199 1586 2555 1645; x_wconf 88' lang='lat' dir='ltr'>clamoribus</span> <span class='ocrx_word' id='word_1_314' title='bbox 2589 1593 3168 1663; x_wconf 86' lang='lat' dir='ltr'>replentem,traxere</span> <span class='ocrx_word' id='word_1_315' title='bbox 3195 1595 3626 1653; x_wconf 85' lang='lat' dir='ltr'>invitum.Cum</span> 
     </span>
    </p>
   </div>
   <div class='ocr_carea' id='block_1_48' title="bbox 1971 1675 3628 1753">
    <p class='ocr_par' dir='ltr' id='par_1_48' title="bbox 1971 1675 3628 1753">
     <span class='ocr_line' id='line_1_48' title="bbox 1971 1675 3628 1753; baseline 0.008 -24"><span class='ocrx_word' id='word_1_316' title='bbox 1971 1675 2128 1729; x_wconf 89' lang='lat' dir='ltr'>enim</span> <span class='ocrx_word' id='word_1_317' title='bbox 2161 1676 2293 1746; x_wconf 89' lang='lat' dir='ltr'>quis</span> <span class='ocrx_word' id='word_1_318' title='bbox 2338 1682 2510 1744; x_wconf 87' lang='lat' dir='ltr'>esset,</span> <span class='ocrx_word' id='word_1_319' title='bbox 2545 1684 2600 1734; x_wconf 89' lang='lat' dir='ltr'>et</span> <span class='ocrx_word' id='word_1_320' title='bbox 2630 1695 2736 1734; x_wconf 91' lang='lat' dir='ltr'>cur</span> <span class='ocrx_word' id='word_1_321' title='bbox 2766 1685 3071 1753; x_wconf 83' lang='lat' dir='ltr'>tantopere</span> <span class='ocrx_word' id='word_1_322' title='bbox 3119 1684 3401 1740; x_wconf 89' lang='lat' dir='ltr'>miserum</span> <span class='ocrx_word' id='word_1_323' title='bbox 3434 1685 3628 1742; x_wconf 87' lang='lat' dir='ltr'>homi-</span> 
     </span>
    </p>
   </div>
   <div class='ocr_carea' id='block_1_49' title="bbox 1972 1767 3626 1844">
    <p class='ocr_par' dir='ltr' id='par_1_49' title="bbox 1972 1767 3626 1844">
     <span class='ocr_line' id='line_1_49' title="bbox 1972 1767 3626 1844; baseline 0.009 -28"><span class='ocrx_word' id='word_1_324' title='bbox 1972 1779 2103 1817; x_wconf 90' lang='lat' dir='ltr'>nem</span> <span class='ocrx_word' id='word_1_325' title='bbox 2150 1767 2467 1836; x_wconf 88' lang='lat' dir='ltr'>torqueret,</span> <span class='ocrx_word' id='word_1_326' title='bbox 2515 1785 2548 1822; x_wconf 82' lang='grc' dir='ltr'>α</span> <span class='ocrx_word' id='word_1_327' title='bbox 2598 1770 2897 1825; x_wconf 86' lang='lat' dir='ltr'>sacerdote</span> <span class='ocrx_word' id='word_1_328' title='bbox 2949 1770 3441 1844; x_wconf 86' lang='lat' dir='ltr'>interrogaretur;</span> <span class='ocrx_word' id='word_1_329' title='bbox 3473 1778 3626 1843; x_wconf 85' lang='lat' dir='ltr'>tum,</span> 
     </span>
    </p>
   </div>
   <div class='ocr_carea' id='block_1_50' title="bbox 1973 1850 3631 1935">
    <p class='ocr_par' dir='ltr' id='par_1_50' title="bbox 1973 1850 3631 1935">
     <span class='ocr_line' id='line_1_50' title="bbox 1973 1850 3631 1935; baseline 0.008 -29"><span class='ocrx_word' id='word_1_330' title='bbox 1973 1850 2054 1906; x_wconf 90' lang='lat' dir='ltr'>ait</span> <span class='ocrx_word' id='word_1_331' title='bbox 2084 1852 2309 1907; x_wconf 65' lang='lat' dir='ltr'>diemon</span> <span class='ocrx_word' id='word_1_332' title='bbox 2344 1870 2356 1908; x_wconf 90' lang='lat'>:</span> <span class='ocrx_word' id='word_1_333' title='bbox 2388 1855 2479 1909; x_wconf 81' lang='lat' dir='ltr'>Me</span> <span class='ocrx_word' id='word_1_334' title='bbox 2510 1855 2646 1910; x_wconf 91' lang='lat' dir='ltr'>hinc</span> <span class='ocrx_word' id='word_1_335' title='bbox 2677 1856 2965 1928; x_wconf 85' lang='lat' dir='ltr'>expellere</span> <span class='ocrx_word' id='word_1_336' title='bbox 2995 1859 3237 1915; x_wconf 87' lang='lat' dir='ltr'>minime</span> <span class='ocrx_word' id='word_1_337' title='bbox 3266 1863 3340 1916; x_wconf 85' lang='lat' dir='ltr'>ad</span> <span class='ocrx_word' id='word_1_338' title='bbox 3370 1879 3472 1918; x_wconf 88' lang='lat' dir='ltr'>vos</span> <span class='ocrx_word' id='word_1_339' title='bbox 3504 1877 3631 1935; x_wconf 88' lang='lat' dir='ltr'>per-</span> 
     </span>
    </p>
   </div>
   <div class='ocr_carea' id='block_1_51' title="bbox 1972 1940 3629 2024">
    <p class='ocr_par' dir='ltr' id='par_1_51' title="bbox 1972 1940 3629 2024">
     <span class='ocr_line' id='line_1_51' title="bbox 1972 1940 3629 2024; baseline 0.008 -30"><span class='ocrx_word' id='word_1_340' title='bbox 1972 1940 2138 2007; x_wconf 90' lang='lat' dir='ltr'>tinet,</span> <span class='ocrx_word' id='word_1_341' title='bbox 2171 1943 2270 2012; x_wconf 93' lang='lat' dir='ltr'>qui</span> <span class='ocrx_word' id='word_1_342' title='bbox 2304 1958 2496 1998; x_wconf 88' lang='lat' dir='ltr'>veram</span> <span class='ocrx_word' id='word_1_343' title='bbox 2531 1943 2775 2015; x_wconf 77' lang='lat' dir='ltr'>professi</span> <span class='ocrx_word' id='word_1_344' title='bbox 2809 1947 2951 2002; x_wconf 90' lang='lat' dir='ltr'>estis</span> <span class='ocrx_word' id='word_1_345' title='bbox 3001 1947 3362 2020; x_wconf 89' lang='lat' dir='ltr'>religionem,</span> <span class='ocrx_word' id='word_1_346' title='bbox 3392 1957 3451 2006; x_wconf 90' lang='lat' dir='ltr'>et</span> <span class='ocrx_word' id='word_1_347' title='bbox 3481 1967 3629 2024; x_wconf 86' lang='lat' dir='ltr'>quos</span> 
     </span>
    </p>
   </div>
   <div class='ocr_carea' id='block_1_52' title="bbox 1971 2029 3630 2112">
    <p class='ocr_par' dir='ltr' id='par_1_52' title="bbox 1971 2029 3630 2112">
     <span class='ocr_line' id='line_1_52' title="bbox 1971 2029 3630 2112; baseline 0.008 -29"><span class='ocrx_word' id='word_1_348' title='bbox 1971 2029 2330 2100; x_wconf 88' lang='lat' dir='ltr'>nisijustum</span> <span class='ocrx_word' id='word_1_349' title='bbox 2347 2048 2517 2103; x_wconf 82' lang='lat' dir='ltr'>agere</span> <span class='ocrx_word' id='word_1_350' title='bbox 2534 2032 2690 2088; x_wconf 89' lang='lat' dir='ltr'>haud</span> <span class='ocrx_word' id='word_1_351' title='bbox 2715 2034 2880 2090; x_wconf 89' lang='lat' dir='ltr'>decet</span> <span class='ocrx_word' id='word_1_352' title='bbox 2899 2051 2911 2102; x_wconf 92' lang='lat'><strong>;</strong></span> <span class='ocrx_word' id='word_1_353' title='bbox 2927 2036 3114 2091; x_wconf 85' lang='lat' dir='ltr'>furem</span> <span class='ocrx_word' id='word_1_354' title='bbox 3133 2038 3293 2093; x_wconf 91' lang='lat' dir='ltr'>enim</span> <span class='ocrx_word' id='word_1_355' title='bbox 3315 2055 3630 2112; x_wconf 86' lang='lat' dir='ltr'>aggressus</span> 
     </span>
    </p>
   </div>
   <div class='ocr_carea' id='block_1_53' title="bbox 1971 2119 3628 2200">
    <p class='ocr_par' dir='ltr' id='par_1_53' title="bbox 1971 2119 3628 2200">
     <span class='ocr_line' id='line_1_53' title="bbox 1971 2119 3628 2200; baseline 0.008 -29"><span class='ocrx_word' id='word_1_356' title='bbox 1971 2134 2104 2172; x_wconf 88' lang='lat' dir='ltr'>sum</span> <span class='ocrx_word' id='word_1_357' title='bbox 2136 2119 2335 2174; x_wconf 90' lang='lat' dir='ltr'>crebro</span> <span class='ocrx_word' id='word_1_358' title='bbox 2383 2122 2786 2188; x_wconf 88' lang='lat' dir='ltr'>mentientem,</span> <span class='ocrx_word' id='word_1_359' title='bbox 2819 2123 3121 2196; x_wconf 90' lang='lat' dir='ltr'>Deumque</span> <span class='ocrx_word' id='word_1_360' title='bbox 3150 2127 3325 2181; x_wconf 90' lang='lat' dir='ltr'>etiam</span> <span class='ocrx_word' id='word_1_361' title='bbox 3358 2145 3628 2200; x_wconf 79' lang='lat' dir='ltr'>saepenu-</span> 
     </span>
    </p>
   </div>
   <div class='ocr_carea' id='block_1_54' title="bbox 1971 2208 3625 2284">
    <p class='ocr_par' dir='ltr' id='par_1_54' title="bbox 1971 2208 3625 2284">
     <span class='ocr_line' id='line_1_54' title="bbox 1971 2208 3625 2284; baseline 0.007 -24"><span class='ocrx_word' id='word_1_362' title='bbox 1971 2223 2132 2262; x_wconf 89' lang='lat' dir='ltr'>mero</span> <span class='ocrx_word' id='word_1_363' title='bbox 2165 2208 2694 2280; x_wconf 85' lang='lat' dir='ltr'>blasphemantem.</span> <span class='ocrx_word' id='word_1_364' title='bbox 2730 2215 2813 2265; x_wconf 86' lang='lat' dir='ltr'>Ita</span> <span class='ocrx_word' id='word_1_365' title='bbox 2843 2228 2993 2280; x_wconf 90' lang='lat' dir='ltr'>esse,</span> <span class='ocrx_word' id='word_1_366' title='bbox 3027 2215 3403 2270; x_wconf 89' lang='lat' dir='ltr'>audientibus</span> <span class='ocrx_word' id='word_1_367' title='bbox 3435 2216 3625 2284; x_wconf 89' lang='lat' dir='ltr'>nobis,</span> 
     </span>
    </p>
   </div>
   <div class='ocr_carea' id='block_1_55' title="bbox 1972 2297 3625 2370">
    <p class='ocr_par' dir='ltr' id='par_1_55' title="bbox 1972 2297 3625 2370">
     <span class='ocr_line' id='line_1_55' title="bbox 1972 2297 3625 2370; baseline 0.005 -20"><span class='ocrx_word' id='word_1_368' title='bbox 1972 2297 2335 2351; x_wconf 84' lang='lat' dir='ltr'>afﬁrmavere</span> <span class='ocrx_word' id='word_1_369' title='bbox 2357 2297 2981 2370; x_wconf 89' lang='lat' dir='ltr'>quamplures.Verum</span> <span class='ocrx_word' id='word_1_370' title='bbox 3014 2316 3147 2356; x_wconf 90' lang='lat' dir='ltr'>cum</span> <span class='ocrx_word' id='word_1_371' title='bbox 3185 2304 3455 2358; x_wconf 88' lang='lat' dir='ltr'>sacerdos</span> <span class='ocrx_word' id='word_1_372' title='bbox 3474 2303 3625 2360; x_wconf 86' lang='lat' dir='ltr'>clam</span> 
     </span>
    </p>
   </div>
   <div class='ocr_carea' id='block_1_56' title="bbox 1973 2383 3627 2462">
    <p class='ocr_par' dir='ltr' id='par_1_56' title="bbox 1973 2383 3627 2462">
     <span class='ocr_line' id='line_1_56' title="bbox 1973 2383 3627 2462; baseline 0.005 -24"><span class='ocrx_word' id='word_1_373' title='bbox 1973 2383 2106 2438; x_wconf 90' lang='lat' dir='ltr'>aliis</span> <span class='ocrx_word' id='word_1_374' title='bbox 2135 2400 2267 2438; x_wconf 92' lang='lat' dir='ltr'>eum</span> <span class='ocrx_word' id='word_1_375' title='bbox 2300 2386 2370 2439; x_wconf 91' lang='lat' dir='ltr'>ab</span> <span class='ocrx_word' id='word_1_376' title='bbox 2404 2386 2742 2456; x_wconf 88' lang='lat' dir='ltr'>bujusmodi</span> <span class='ocrx_word' id='word_1_377' title='bbox 2790 2387 3026 2443; x_wconf 85' lang='lat' dir='ltr'>nefariis</span> <span class='ocrx_word' id='word_1_378' title='bbox 3054 2387 3162 2461; x_wconf 88' lang='lat' dir='ltr'>[ut]</span> <span class='ocrx_word' id='word_1_379' title='bbox 3189 2405 3388 2446; x_wconf 83' lang='lat' dir='ltr'>cavere</span> <span class='ocrx_word' id='word_1_380' title='bbox 3431 2391 3627 2462; x_wconf 86' lang='lat' dir='ltr'>vellet,</span> 
     </span>
    </p>
   </div>
   <div class='ocr_carea' id='block_1_57' title="bbox 1975 2473 3626 2549">
    <p class='ocr_par' dir='ltr' id='par_1_57' title="bbox 1975 2473 3626 2549">
     <span class='ocr_line' id='line_1_57' title="bbox 1975 2473 3626 2549; baseline 0.005 -23"><span class='ocrx_word' id='word_1_381' title='bbox 1975 2473 2502 2541; x_wconf 84' lang='lat' dir='ltr'>moneret,demum</span> <span class='ocrx_word' id='word_1_382' title='bbox 2536 2479 2670 2545; x_wconf 91' lang='lat' dir='ltr'>post</span> <span class='ocrx_word' id='word_1_383' title='bbox 2691 2475 3095 2547; x_wconf 90' lang='lat' dir='ltr'>triduum,quo</span> <span class='ocrx_word' id='word_1_384' title='bbox 3120 2481 3380 2549; x_wconf 84' lang='lat' dir='ltr'>tempore</span> <span class='ocrx_word' id='word_1_385' title='bbox 3399 2480 3626 2535; x_wconf 62' lang='lat' dir='ltr'>daemon</span> 
     </span>
    </p>
   </div>
   <div class='ocr_carea' id='block_1_58' title="bbox 1972 2561 3626 2637">
    <p class='ocr_par' dir='ltr' id='par_1_58' title="bbox 1972 2561 3626 2637">
     <span class='ocr_line' id='line_1_58' title="bbox 1972 2561 3626 2637; baseline 0.005 -22"><span class='ocrx_word' id='word_1_386' title='bbox 1972 2578 2106 2615; x_wconf 91' lang='lat' dir='ltr'>eum</span> <span class='ocrx_word' id='word_1_387' title='bbox 2140 2561 2349 2615; x_wconf 85' lang='lat' dir='ltr'>acriter</span> <span class='ocrx_word' id='word_1_388' title='bbox 2376 2563 2633 2617; x_wconf 79' lang='lat' dir='ltr'>vexando</span> <span class='ocrx_word' id='word_1_389' title='bbox 2667 2565 3012 2628; x_wconf 86' lang='lat' dir='ltr'>torserat,de</span> <span class='ocrx_word' id='word_1_390' title='bbox 3043 2581 3105 2620; x_wconf 89' lang='lat' dir='ltr'>se</span> <span class='ocrx_word' id='word_1_391' title='bbox 3137 2582 3251 2620; x_wconf 90' lang='lat' dir='ltr'>non</span> <span class='ocrx_word' id='word_1_392' title='bbox 3284 2581 3460 2637; x_wconf 90' lang='lat' dir='ltr'>parvo</span> <span class='ocrx_word' id='word_1_393' title='bbox 3489 2568 3626 2624; x_wconf 79' lang='lat' dir='ltr'>dato</span> 
     </span>
    </p>
   </div>
   <div class='ocr_carea' id='block_1_59' title="bbox 1973 2650 3626 2726">
    <p class='ocr_par' dir='ltr' id='par_1_59' title="bbox 1973 2650 3626 2726">
     <span class='ocr_line' id='line_1_59' title="bbox 1973 2650 3626 2726; baseline 0.005 -22"><span class='ocrx_word' id='word_1_394' title='bbox 1973 2650 2143 2722; x_wconf 89' lang='lat' dir='ltr'>signo</span> <span class='ocrx_word' id='word_1_395' title='bbox 2175 2650 2462 2720; x_wconf 86' lang='lat' dir='ltr'>(fenestrae</span> <span class='ocrx_word' id='word_1_396' title='bbox 2513 2651 2667 2706; x_wconf 88' lang='lat' dir='ltr'>enim</span> <span class='ocrx_word' id='word_1_397' title='bbox 2704 2657 2927 2722; x_wconf 87' lang='lat' dir='ltr'>partem</span> <span class='ocrx_word' id='word_1_398' title='bbox 2963 2653 3152 2725; x_wconf 83' lang='lat' dir='ltr'>fregit)</span> <span class='ocrx_word' id='word_1_399' title='bbox 3185 2654 3329 2710; x_wconf 88' lang='lat' dir='ltr'>abiit</span> <span class='ocrx_word' id='word_1_400' title='bbox 3358 2671 3474 2726; x_wconf 92' lang='lat' dir='ltr'>quo</span> <span class='ocrx_word' id='word_1_401' title='bbox 3507 2667 3626 2712; x_wconf 84' lang='lat' dir='ltr'>me-</span> 
     </span>
    </p>
   </div>
   <div class='ocr_carea' id='block_1_60' title="bbox 1972 2737 3626 2801">
    <p class='ocr_par' dir='ltr' id='par_1_60' title="bbox 1972 2737 3626 2801">
     <span class='ocr_line' id='line_1_60' title="bbox 1972 2737 3626 2801; baseline 0.005 -10"><span class='ocrx_word' id='word_1_402' title='bbox 1972 2737 2121 2793; x_wconf 89' lang='lat' dir='ltr'>ritus</span> <span class='ocrx_word' id='word_1_403' title='bbox 2167 2743 2276 2793; x_wconf 90' lang='lat' dir='ltr'>est.</span> <span class='ocrx_word' id='word_1_404' title='bbox 2310 2738 2388 2793; x_wconf 91' lang='lat' dir='ltr'>Eo</span> <span class='ocrx_word' id='word_1_405' title='bbox 2439 2738 2902 2795; x_wconf 89' lang='lat' dir='ltr'>molendinarius</span> <span class='ocrx_word' id='word_1_406' title='bbox 2933 2740 3030 2796; x_wconf 91' lang='lat' dir='ltr'>ille</span> <span class='ocrx_word' id='word_1_407' title='bbox 3050 2742 3210 2798; x_wconf 82' lang='lat' dir='ltr'>Jesu</span> <span class='ocrx_word' id='word_1_408' title='bbox 3240 2748 3298 2799; x_wconf 88' lang='lat' dir='ltr'>et</span> <span class='ocrx_word' id='word_1_409' title='bbox 3326 2744 3383 2799; x_wconf 89' lang='lat' dir='ltr'>S.</span> <span class='ocrx_word' id='word_1_410' title='bbox 3415 2744 3626 2801; x_wconf 88' lang='lat' dir='ltr'>Joanni</span> 
     </span>
    </p>
   </div>
   <div class='ocr_carea' id='block_1_61' title="bbox 1973 2825 3629 2899">
    <p class='ocr_par' dir='ltr' id='par_1_61' title="bbox 1973 2825 3629 2899">
     <span class='ocr_line' id='line_1_61' title="bbox 1973 2825 3629 2899; baseline 0.005 -19"><span class='ocrx_word' id='word_1_411' title='bbox 1973 2825 2192 2897; x_wconf 85' lang='lat' dir='ltr'>gratias</span> <span class='ocrx_word' id='word_1_412' title='bbox 2215 2831 2480 2899; x_wconf 89' lang='lat' dir='ltr'>agens,et</span> <span class='ocrx_word' id='word_1_413' title='bbox 2510 2832 2665 2883; x_wconf 86' lang='lat' dir='ltr'>artes</span> <span class='ocrx_word' id='word_1_414' title='bbox 2692 2834 2749 2884; x_wconf 90' lang='lat' dir='ltr'>et</span> <span class='ocrx_word' id='word_1_415' title='bbox 2776 2845 2967 2885; x_wconf 87' lang='lat' dir='ltr'>mores</span> <span class='ocrx_word' id='word_1_416' title='bbox 2991 2831 3233 2887; x_wconf 90' lang='lat' dir='ltr'>domum</span> <span class='ocrx_word' id='word_1_417' title='bbox 3253 2833 3486 2889; x_wconf 90' lang='lat' dir='ltr'>rediens</span> <span class='ocrx_word' id='word_1_418' title='bbox 3505 2849 3629 2889; x_wconf 81' lang='lat' dir='ltr'>mu-</span> 
     </span>
    </p>
   </div>
   <div class='ocr_carea' id='block_1_62' title="bbox 1973 2917 2603 2970">
    <p class='ocr_par' dir='ltr' id='par_1_62' title="bbox 1973 2917 2603 2970">
     <span class='ocr_line' id='line_1_62' title="bbox 1973 2917 2603 2970; baseline 0 0"><span class='ocrx_word' id='word_1_419' title='bbox 1973 2917 2134 2970; x_wconf 87' lang='lat' dir='ltr'>tavit.</span> <span class='ocrx_word' id='word_1_420' title='bbox 2599 2925 2603 2930; x_wconf 86' lang='lat'><em>‘</em></span> 
     </span>
    </p>
   </div>
   <div class='ocr_carea' id='block_1_63' title="bbox 2606 3006 2991 3062">
    <p class='ocr_par' dir='ltr' id='par_1_63' title="bbox 2606 3006 2991 3062">
     <span class='ocr_line' id='line_1_63' title="bbox 2606 3006 2991 3062; baseline 0.005 -2"><span class='ocrx_word' id='word_1_421' title='bbox 2606 3006 2790 3062; x_wconf 83' lang='lat' dir='ltr'><strong>PARS</strong></span> <span class='ocrx_word' id='word_1_422' title='bbox 2840 3008 2991 3062; x_wconf 87' lang='lat' dir='ltr'>XIII.</span> 
     </span>
    </p>
   </div>
   <div class='ocr_carea' id='block_1_64' title="bbox 2047 3093 3626 3172">
    <p class='ocr_par' dir='ltr' id='par_1_64' title="bbox 2047 3093 3626 3172">
     <span class='ocr_line' id='line_1_64' title="bbox 2047 3093 3626 3172; baseline 0.006 -25"><span class='ocrx_word' id='word_1_423' title='bbox 2047 3094 2170 3147; x_wconf 88' lang='lat'><strong>161.</strong></span> <span class='ocrx_word' id='word_1_424' title='bbox 2199 3094 2260 3149; x_wconf 96' lang='lat' dir='ltr'>In</span> <span class='ocrx_word' id='word_1_425' title='bbox 2283 3093 2483 3165; x_wconf 87' lang='lat' dir='ltr'>vigilia</span> <span class='ocrx_word' id='word_1_426' title='bbox 2502 3099 2557 3148; x_wconf 89' lang='lat' dir='ltr'>S.</span> <span class='ocrx_word' id='word_1_427' title='bbox 2584 3095 2796 3163; x_wconf 79' lang='lat' dir='ltr'>Mariae,</span> <span class='ocrx_word' id='word_1_428' title='bbox 2821 3113 2948 3168; x_wconf 85' lang='lat' dir='ltr'>quae</span> <span class='ocrx_word' id='word_1_429' title='bbox 2978 3099 3050 3154; x_wconf 91' lang='lat' dir='ltr'>ob</span> <span class='ocrx_word' id='word_1_430' title='bbox 3072 3099 3369 3171; x_wconf 87' lang='lat' dir='ltr'>ingentem</span> <span class='ocrx_word' id='word_1_431' title='bbox 3401 3100 3626 3172; x_wconf 85' lang='lat' dir='ltr'>copiam</span> 
     </span>
    </p>
   </div>
   <div class='ocr_carea' id='block_1_65' title="bbox 195 3165 3630 3260">
    <p class='ocr_par' dir='ltr' id='par_1_65' title="bbox 195 3165 3630 3260">
     <span class='ocr_line' id='line_1_65' title="bbox 195 3165 3630 3260; baseline 0.001 -20"><span class='ocrx_word' id='word_1_432' title='bbox 195 3183 474 3241; x_wconf 89' lang='lat' dir='ltr'>osculato</span> <span class='ocrx_word' id='word_1_433' title='bbox 503 3185 703 3239; x_wconf 90' lang='lat' dir='ltr'>devote</span> <span class='ocrx_word' id='word_1_434' title='bbox 735 3183 793 3238; x_wconf 91' lang='lat' dir='ltr'>S.</span> <span class='ocrx_word' id='word_1_435' title='bbox 824 3182 1070 3237; x_wconf 86' lang='lat' dir='ltr'>Joannis</span> <span class='ocrx_word' id='word_1_436' title='bbox 1103 3182 1359 3254; x_wconf 83' lang='lat' dir='ltr'>brachio,</span> <span class='ocrx_word' id='word_1_437' title='bbox 1379 3182 1490 3236; x_wconf 65' lang='grc' dir='ltr'>ἰξεῐὶ</span> <span class='ocrx_word' id='word_1_438' title='bbox 1524 3182 1581 3236; x_wconf 89' lang='lat' dir='ltr'>in</span> <span class='ocrx_word' id='word_1_439' title='bbox 1617 3181 1864 3252; x_wconf 89' lang='lat' dir='ltr'>patriam</span> <span class='ocrx_word' id='word_1_440' title='bbox 1896 3165 1938 3232; x_wconf 85' lang='lat' dir='ltr'>C</span> <span class='ocrx_word' id='word_1_441' title='bbox 1978 3181 2790 3252; x_wconf 70' lang='lat' dir='ltr'>nivis,quaeolimAventinum</span> <span class='ocrx_word' id='word_1_442' title='bbox 2806 3165 3630 3260; x_wconf 44' lang='lat' dir='ltr'>montem(17‘4)Romze,ipsius</span> 
     </span>
    </p>
   </div>
   <div class='ocr_carea' id='block_1_66' title="bbox 195 3271 1865 3343">
    <p class='ocr_par' dir='ltr' id='par_1_66' title="bbox 195 3271 1865 3343">
     <span class='ocr_line' id='line_1_66' title="bbox 195 3271 1865 3343; baseline -0.002 -13"><span class='ocrx_word' id='word_1_443' title='bbox 195 3274 582 3330; x_wconf 87' lang='lat' dir='ltr'>contendere.</span> <span class='ocrx_word' id='word_1_444' title='bbox 632 3273 795 3338; x_wconf 88' lang='lat' dir='ltr'>Quod</span> <span class='ocrx_word' id='word_1_445' title='bbox 844 3271 1176 3343; x_wconf 84' lang='lat' dir='ltr'>prodigium</span> <span class='ocrx_word' id='word_1_446' title='bbox 1248 3275 1419 3326; x_wconf 88' lang='lat' dir='ltr'>antea</span> <span class='ocrx_word' id='word_1_447' title='bbox 1467 3277 1586 3326; x_wconf 90' lang='lat' dir='ltr'>toto</span> <span class='ocrx_word' id='word_1_448' title='bbox 1654 3271 1865 3326; x_wconf 67' lang='lat' dir='ltr'>aesculo</span> 
     </span>
    </p>
   </div>
   <div class='ocr_carea' id='block_1_67' title="bbox 197 3359 1866 3427">
    <p class='ocr_par' dir='ltr' id='par_1_67' title="bbox 197 3359 1866 3427">
     <span class='ocr_line' id='line_1_67' title="bbox 197 3359 1866 3427; baseline -0.002 -11"><span class='ocrx_word' id='word_1_449' title='bbox 197 3362 572 3427; x_wconf 81' lang='lat' dir='ltr'>inauditum,</span> <span class='ocrx_word' id='word_1_450' title='bbox 600 3378 715 3416; x_wconf 89' lang='lat' dir='ltr'>non</span> <span class='ocrx_word' id='word_1_451' title='bbox 745 3365 976 3416; x_wconf 86' lang='lat' dir='ltr'>tantum</span> <span class='ocrx_word' id='word_1_452' title='bbox 1009 3359 1225 3415; x_wconf 81' lang='lat' dir='ltr'>civitati</span> <span class='ocrx_word' id='word_1_453' title='bbox 1261 3361 1567 3426; x_wconf 89' lang='lat' dir='ltr'>Senarum,</span> <span class='ocrx_word' id='word_1_454' title='bbox 1600 3360 1702 3415; x_wconf 90' lang='lat' dir='ltr'>sed</span> <span class='ocrx_word' id='word_1_455' title='bbox 1736 3360 1866 3414; x_wconf 89' lang='lat' dir='ltr'>ﬁni-</span> 
     </span>
    </p>
   </div>
   <div class='ocr_carea' id='block_1_68' title="bbox 198 3449 1868 3518">
    <p class='ocr_par' dir='ltr' id='par_1_68' title="bbox 198 3449 1868 3518">
     <span class='ocr_line' id='line_1_68' title="bbox 198 3449 1868 3518; baseline -0.002 -12"><span class='ocrx_word' id='word_1_456' title='bbox 198 3451 387 3506; x_wconf 83' lang='lat' dir='ltr'>timis</span> <span class='ocrx_word' id='word_1_457' title='bbox 417 3449 653 3518; x_wconf 87' lang='lat' dir='ltr'>cunctis,</span> <span class='ocrx_word' id='word_1_458' title='bbox 686 3450 787 3506; x_wconf 91' lang='lat' dir='ltr'>ubi</span> <span class='ocrx_word' id='word_1_459' title='bbox 819 3449 1185 3516; x_wconf 86' lang='lat' dir='ltr'>narrabatur,</span> <span class='ocrx_word' id='word_1_460' title='bbox 1220 3465 1465 3504; x_wconf 69' lang='lat' dir='ltr'>summa:</span> <span class='ocrx_word' id='word_1_461' title='bbox 1496 3449 1868 3505; x_wconf 87' lang='lat' dir='ltr'>admirationi</span> 
     </span>
    </p>
   </div>
   <div class='ocr_carea' id='block_1_69' title="bbox 195 3539 428 3596">
    <p class='ocr_par' dir='ltr' id='par_1_69' title="bbox 195 3539 428 3596">
     <span class='ocr_line' id='line_1_69' title="bbox 195 3539 428 3596; baseline -0.013 0"><span class='ocrx_word' id='word_1_462' title='bbox 195 3539 428 3596; x_wconf 75' lang='lat' dir='ltr'>extitit.</span> 
     </span>
    </p>
   </div>
   <div class='ocr_carea' id='block_1_70' title="bbox 273 3627 1867 3697">
    <p class='ocr_par' dir='ltr' id='par_1_70' title="bbox 273 3627 1867 3697">
     <span class='ocr_line' id='line_1_70' title="bbox 273 3627 1867 3697; baseline -0.001 -13"><span class='ocrx_word' id='word_1_463' title='bbox 273 3630 409 3684; x_wconf 88' lang='lat'>159.</span> <span class='ocrx_word' id='word_1_464' title='bbox 443 3632 583 3684; x_wconf 82' lang='lat' dir='ltr'>Rem</span> <span class='ocrx_word' id='word_1_465' title='bbox 632 3644 831 3684; x_wconf 88' lang='lat' dir='ltr'>revera</span> <span class='ocrx_word' id='word_1_466' title='bbox 879 3627 1212 3697; x_wconf 88' lang='lat' dir='ltr'>ridiculam,</span> <span class='ocrx_word' id='word_1_467' title='bbox 1257 3627 1412 3682; x_wconf 88' lang='lat' dir='ltr'>veris</span> <span class='ocrx_word' id='word_1_468' title='bbox 1465 3627 1640 3682; x_wconf 91' lang='lat' dir='ltr'>rebus</span> <span class='ocrx_word' id='word_1_469' title='bbox 1685 3628 1867 3682; x_wconf 89' lang='lat' dir='ltr'>verio-</span> 
     </span>
    </p>
   </div>
   <div class='ocr_carea' id='block_1_71' title="bbox 193 3716 1870 3789">
    <p class='ocr_par' dir='ltr' id='par_1_71' title="bbox 193 3716 1870 3789">
     <span class='ocr_line' id='line_1_71' title="bbox 193 3716 1870 3789; baseline -0.002 -14"><span class='ocrx_word' id='word_1_470' title='bbox 193 3736 335 3776; x_wconf 88' lang='lat' dir='ltr'>rem</span> <span class='ocrx_word' id='word_1_471' title='bbox 388 3721 605 3785; x_wconf 85' lang='lat' dir='ltr'>tamen,</span> <span class='ocrx_word' id='word_1_472' title='bbox 635 3734 764 3789; x_wconf 65' lang='lat' dir='ltr'>quae</span> <span class='ocrx_word' id='word_1_473' title='bbox 811 3723 1013 3772; x_wconf 90' lang='lat' dir='ltr'>nostra</span> <span class='ocrx_word' id='word_1_474' title='bbox 1041 3721 1390 3788; x_wconf 88' lang='lat' dir='ltr'>tempestate</span> <span class='ocrx_word' id='word_1_475' title='bbox 1439 3716 1671 3786; x_wconf 87' lang='lat' dir='ltr'>accidit,</span> <span class='ocrx_word' id='word_1_476' title='bbox 1705 3733 1870 3771; x_wconf 86' lang='lat' dir='ltr'>enar-</span> 
     </span>
    </p>
   </div>
   <div class='ocr_carea' id='block_1_72' title="bbox 191 3805 1871 3880">
    <p class='ocr_par' dir='ltr' id='par_1_72' title="bbox 191 3805 1871 3880">
     <span class='ocr_line' id='line_1_72' title="bbox 191 3805 1871 3880; baseline -0.002 -16"><span class='ocrx_word' id='word_1_477' title='bbox 191 3825 342 3864; x_wconf 90' lang='lat' dir='ltr'>rare</span> <span class='ocrx_word' id='word_1_478' title='bbox 392 3807 593 3880; x_wconf 83' lang='lat' dir='ltr'>glisco.</span> <span class='ocrx_word' id='word_1_479' title='bbox 625 3811 809 3862; x_wconf 84' lang='lat' dir='ltr'>Senex</span> <span class='ocrx_word' id='word_1_480' title='bbox 839 3807 1080 3877; x_wconf 86' lang='lat' dir='ltr'>quidam</span> <span class='ocrx_word' id='word_1_481' title='bbox 1123 3806 1194 3861; x_wconf 91' lang='lat' dir='ltr'>de</span> <span class='ocrx_word' id='word_1_482' title='bbox 1224 3805 1540 3876; x_wconf 71' lang='lat' dir='ltr'>Scarparizs</span> <span class='ocrx_word' id='word_1_483' title='bbox 1574 3807 1721 3877; x_wconf 86' lang='lat'>(173)</span> <span class='ocrx_word' id='word_1_484' title='bbox 1769 3822 1871 3877; x_wconf 87' lang='lat' dir='ltr'>op-</span> 
     </span>
    </p>
   </div>
   <div class='ocr_carea' id='block_1_73' title="bbox 193 3894 1872 3970">
    <p class='ocr_par' dir='ltr' id='par_1_73' title="bbox 193 3894 1872 3970">
     <span class='ocr_line' id='line_1_73' title="bbox 193 3894 1872 3970; baseline -0.001 -18"><span class='ocrx_word' id='word_1_485' title='bbox 193 3899 374 3970; x_wconf 89' lang='lat' dir='ltr'>pido,</span> <span class='ocrx_word' id='word_1_486' title='bbox 408 3897 520 3952; x_wconf 89' lang='lat' dir='ltr'>sito</span> <span class='ocrx_word' id='word_1_487' title='bbox 563 3896 621 3950; x_wconf 87' lang='lat' dir='ltr'>in</span> <span class='ocrx_word' id='word_1_488' title='bbox 655 3894 890 3968; x_wconf 86' lang='lat' dir='ltr'>Mugelli</span> <span class='ocrx_word' id='word_1_489' title='bbox 939 3895 1226 3968; x_wconf 87' lang='lat' dir='ltr'>partibus,</span> <span class='ocrx_word' id='word_1_490' title='bbox 1260 3896 1330 3950; x_wconf 89' lang='lat' dir='ltr'>ad</span> <span class='ocrx_word' id='word_1_491' title='bbox 1361 3900 1417 3949; x_wconf 81' lang='lat' dir='ltr'>S.</span> <span class='ocrx_word' id='word_1_492' title='bbox 1472 3895 1663 3950; x_wconf 91' lang='lat' dir='ltr'>Cresci</span> <span class='ocrx_word' id='word_1_493' title='bbox 1693 3894 1872 3950; x_wconf 85' lang='lat' dir='ltr'>eccle-</span> 
     </span>
    </p>
   </div>
   <div class='ocr_carea' id='block_1_74' title="bbox 193 3983 1877 4057">
    <p class='ocr_par' dir='ltr' id='par_1_74' title="bbox 193 3983 1877 4057">
     <span class='ocr_line' id='line_1_74' title="bbox 193 3983 1877 4057; baseline -0.003 -15"><span class='ocrx_word' id='word_1_494' title='bbox 193 3988 368 4043; x_wconf 84' lang='lat' dir='ltr'>siam</span> <span class='ocrx_word' id='word_1_495' title='bbox 408 3985 552 4057; x_wconf 79' lang='lat' dir='ltr'>[ivit]</span> <span class='ocrx_word' id='word_1_496' title='bbox 600 3984 915 4056; x_wconf 90' lang='lat' dir='ltr'>imprimis,</span> <span class='ocrx_word' id='word_1_497' title='bbox 951 4000 1078 4055; x_wconf 84' lang='lat' dir='ltr'>quae</span> <span class='ocrx_word' id='word_1_498' title='bbox 1125 4001 1193 4039; x_wconf 90' lang='lat' dir='ltr'>ea</span> <span class='ocrx_word' id='word_1_499' title='bbox 1235 3983 1295 4038; x_wconf 90' lang='lat' dir='ltr'>in</span> <span class='ocrx_word' id='word_1_500' title='bbox 1327 3983 1562 4054; x_wconf 89' lang='lat' dir='ltr'>regione</span> <span class='ocrx_word' id='word_1_501' title='bbox 1610 3984 1877 4039; x_wconf 88' lang='lat' dir='ltr'>dedicata</span> 
     </span>
    </p>
   </div>
   <div class='ocr_carea' id='block_1_75' title="bbox 191 4072 1876 4144">
    <p class='ocr_par' dir='ltr' id='par_1_75' title="bbox 191 4072 1876 4144">
     <span class='ocr_line' id='line_1_75' title="bbox 191 4072 1876 4144; baseline -0.002 -13"><span class='ocrx_word' id='word_1_502' title='bbox 191 4080 338 4143; x_wconf 82' lang='lat' dir='ltr'>est;</span> <span class='ocrx_word' id='word_1_503' title='bbox 381 4075 679 4144; x_wconf 87' lang='lat' dir='ltr'>inde,cum</span> <span class='ocrx_word' id='word_1_504' title='bbox 712 4073 868 4128; x_wconf 90' lang='lat' dir='ltr'>haud</span> <span class='ocrx_word' id='word_1_505' title='bbox 899 4089 1103 4144; x_wconf 88' lang='lat' dir='ltr'>sospes</span> <span class='ocrx_word' id='word_1_506' title='bbox 1134 4073 1316 4142; x_wconf 87' lang='lat' dir='ltr'>ﬁeret,</span> <span class='ocrx_word' id='word_1_507' title='bbox 1346 4073 1416 4127; x_wconf 91' lang='lat' dir='ltr'>ad</span> <span class='ocrx_word' id='word_1_508' title='bbox 1448 4072 1559 4127; x_wconf 92' lang='lat' dir='ltr'>hoc</span> <span class='ocrx_word' id='word_1_509' title='bbox 1590 4073 1648 4127; x_wconf 92' lang='lat' dir='ltr'>S.</span> <span class='ocrx_word' id='word_1_510' title='bbox 1685 4072 1876 4127; x_wconf 71' lang='lat' dir='ltr'>Maria:</span> 
     </span>
    </p>
   </div>
   <div class='ocr_carea' id='block_1_76' title="bbox 193 4161 1882 4232">
    <p class='ocr_par' dir='ltr' id='par_1_76' title="bbox 193 4161 1882 4232">
     <span class='ocr_line' id='line_1_76' title="bbox 193 4161 1882 4232; baseline -0.004 -12"><span class='ocrx_word' id='word_1_511' title='bbox 193 4163 652 4221; x_wconf 85' lang='lat' dir='ltr'>monasterium</span> <span class='ocrx_word' id='word_1_512' title='bbox 684 4162 1101 4218; x_wconf 81' lang='lat' dir='ltr'>concessit.llic</span> <span class='ocrx_word' id='word_1_513' title='bbox 1133 4161 1584 4232; x_wconf 82' lang='lat' dir='ltr'>brevipristinae</span> <span class='ocrx_word' id='word_1_514' title='bbox 1618 4161 1882 4216; x_wconf 84' lang='lat' dir='ltr'>redditur</span> 
     </span>
    </p>
   </div>
   <div class='ocr_carea' id='block_1_77' title="bbox 195 4249 1880 4322">
    <p class='ocr_par' dir='ltr' id='par_1_77' title="bbox 195 4249 1880 4322">
     <span class='ocr_line' id='line_1_77' title="bbox 195 4249 1880 4322; baseline -0.002 -13"><span class='ocrx_word' id='word_1_515' title='bbox 195 4253 488 4320; x_wconf 82' lang='lat' dir='ltr'>sanitati,</span> <span class='ocrx_word' id='word_1_516' title='bbox 521 4254 763 4308; x_wconf 92' lang='lat' dir='ltr'>domum</span> <span class='ocrx_word' id='word_1_517' title='bbox 794 4268 964 4306; x_wconf 88' lang='lat' dir='ltr'>suam</span> <span class='ocrx_word' id='word_1_518' title='bbox 999 4250 1166 4306; x_wconf 75' lang='lat' dir='ltr'>laetus</span> <span class='ocrx_word' id='word_1_519' title='bbox 1196 4250 1400 4305; x_wconf 89' lang='lat' dir='ltr'>abiens</span> <span class='ocrx_word' id='word_1_520' title='bbox 1433 4266 1444 4304; x_wconf 90' lang='lat'>:</span> <span class='ocrx_word' id='word_1_521' title='bbox 1480 4249 1649 4322; x_wconf 81' lang='lat' dir='ltr'>[sed],</span> <span class='ocrx_word' id='word_1_522' title='bbox 1683 4250 1880 4305; x_wconf 89' lang='lat' dir='ltr'>nescio</span> 
     </span>
    </p>
   </div>
   <div class='ocr_carea' id='block_1_78' title="bbox 193 4339 1881 4417">
    <p class='ocr_par' dir='ltr' id='par_1_78' title="bbox 193 4339 1881 4417">
     <span class='ocr_line' id='line_1_78' title="bbox 193 4339 1881 4417; baseline -0.004 -18"><span class='ocrx_word' id='word_1_523' title='bbox 193 4360 334 4417; x_wconf 83' lang='lat' dir='ltr'>qua</span> <span class='ocrx_word' id='word_1_524' title='bbox 369 4358 554 4398; x_wconf 86' lang='lat' dir='ltr'>causa</span> <span class='ocrx_word' id='word_1_525' title='bbox 597 4340 687 4396; x_wconf 88' lang='lat' dir='ltr'>vel</span> <span class='ocrx_word' id='word_1_526' title='bbox 719 4357 835 4411; x_wconf 89' lang='lat' dir='ltr'>quo</span> <span class='ocrx_word' id='word_1_527' title='bbox 861 4340 1002 4396; x_wconf 90' lang='lat' dir='ltr'>vitio</span> <span class='ocrx_word' id='word_1_528' title='bbox 1054 4340 1271 4394; x_wconf 85' lang='lat' dir='ltr'>factum</span> <span class='ocrx_word' id='word_1_529' title='bbox 1304 4339 1399 4409; x_wconf 91' lang='lat' dir='ltr'>sit,</span> <span class='ocrx_word' id='word_1_530' title='bbox 1433 4339 1492 4392; x_wconf 93' lang='lat' dir='ltr'>in</span> <span class='ocrx_word' id='word_1_531' title='bbox 1527 4354 1660 4394; x_wconf 91' lang='lat' dir='ltr'>eum</span> <span class='ocrx_word' id='word_1_532' title='bbox 1709 4339 1881 4410; x_wconf 84' lang='lat' dir='ltr'>paulo</span> 
     </span>
    </p>
   </div>
   <div class='ocr_carea' id='block_1_79' title="bbox 191 4426 1882 4505">
    <p class='ocr_par' dir='ltr' id='par_1_79' title="bbox 191 4426 1882 4505">
     <span class='ocr_line' id='line_1_79' title="bbox 191 4426 1882 4505; baseline -0.003 -18"><span class='ocrx_word' id='word_1_533' title='bbox 191 4436 349 4505; x_wconf 87' lang='lat' dir='ltr'>post</span> <span class='ocrx_word' id='word_1_534' title='bbox 387 4431 544 4486; x_wconf 87' lang='lat' dir='ltr'>idem</span> <span class='ocrx_word' id='word_1_535' title='bbox 593 4430 720 4502; x_wconf 89' lang='lat' dir='ltr'>ipse</span> <span class='ocrx_word' id='word_1_536' title='bbox 763 4430 990 4485; x_wconf 57' lang='lat' dir='ltr'>daemon</span> <span class='ocrx_word' id='word_1_537' title='bbox 1039 4428 1252 4483; x_wconf 88' lang='lat' dir='ltr'>iterum</span> <span class='ocrx_word' id='word_1_538' title='bbox 1303 4426 1545 4481; x_wconf 89' lang='lat' dir='ltr'>introiit.</span> <span class='ocrx_word' id='word_1_539' title='bbox 1578 4428 1760 4490; x_wconf 89' lang='lat' dir='ltr'>Quem</span> <span class='ocrx_word' id='word_1_540' title='bbox 1809 4427 1882 4482; x_wconf 90' lang='lat' dir='ltr'>ad</span> 
     </span>
    </p>
   </div>
   <div class='ocr_carea' id='block_1_80' title="bbox 190 4514 1962 4600">
    <p class='ocr_par' dir='ltr' id='par_1_80' title="bbox 190 4514 1962 4600">
     <span class='ocr_line' id='line_1_80' title="bbox 190 4514 1962 4600; baseline -0.005 -22"><span class='ocrx_word' id='word_1_541' title='bbox 190 4523 539 4596; x_wconf 67' lang='lat' dir='ltr'>praefatum</span> <span class='ocrx_word' id='word_1_542' title='bbox 573 4519 634 4574; x_wconf 87' lang='lat' dir='ltr'>S.</span> <span class='ocrx_word' id='word_1_543' title='bbox 657 4519 978 4582; x_wconf 86' lang='lat' dir='ltr'>Crescium,</span> <span class='ocrx_word' id='word_1_544' title='bbox 1011 4533 1146 4572; x_wconf 91' lang='lat' dir='ltr'>cum</span> <span class='ocrx_word' id='word_1_545' title='bbox 1182 4521 1453 4587; x_wconf 87' lang='lat' dir='ltr'>parentes</span> <span class='ocrx_word' id='word_1_546' title='bbox 1485 4514 1656 4586; x_wconf 90' lang='lat' dir='ltr'>longo</span> <span class='ocrx_word' id='word_1_547' title='bbox 1681 4515 1888 4571; x_wconf 89' lang='lat' dir='ltr'>itinere</span> <span class='ocrx_word' id='word_1_548' title='bbox 1915 4535 1962 4600; x_wconf 84' lang='lat' dir='ltr'><strong>D</strong></span> 
     </span>
    </p>
   </div>
   <div class='ocr_carea' id='block_1_81' title="bbox 188 4604 1888 4680">
    <p class='ocr_par' dir='ltr' id='par_1_81' title="bbox 188 4604 1888 4680">
     <span class='ocr_line' id='line_1_81' title="bbox 188 4604 1888 4680; baseline -0.006 -12"><span class='ocrx_word' id='word_1_549' title='bbox 188 4609 561 4680; x_wconf 87' lang='lat' dir='ltr'>hiemisque</span> <span class='ocrx_word' id='word_1_550' title='bbox 591 4605 979 4679; x_wconf 82' lang='lat' dir='ltr'>asperitate,si</span> <span class='ocrx_word' id='word_1_551' title='bbox 1002 4605 1117 4660; x_wconf 91' lang='lat' dir='ltr'>huc</span> <span class='ocrx_word' id='word_1_552' title='bbox 1137 4604 1888 4675; x_wconf 88' lang='lat' dir='ltr'>ooncessissent,perterriti</span> 
     </span>
    </p>
   </div>
   <div class='ocr_carea' id='block_1_82' title="bbox 191 4693 1891 4766">
    <p class='ocr_par' dir='ltr' id='par_1_82' title="bbox 191 4693 1891 4766">
     <span class='ocr_line' id='line_1_82' title="bbox 191 4693 1891 4766; baseline -0.005 -11"><span class='ocrx_word' id='word_1_553' title='bbox 191 4701 425 4756; x_wconf 87' lang='lat' dir='ltr'>denuo</span> <span class='ocrx_word' id='word_1_554' title='bbox 480 4696 878 4764; x_wconf 87' lang='lat' dir='ltr'>deduxissent,</span> <span class='ocrx_word' id='word_1_555' title='bbox 913 4693 1090 4766; x_wconf 91' lang='lat' dir='ltr'>petito</span> <span class='ocrx_word' id='word_1_556' title='bbox 1144 4695 1310 4766; x_wconf 89' lang='lat' dir='ltr'>signo</span> <span class='ocrx_word' id='word_1_557' title='bbox 1345 4710 1378 4747; x_wconf 89' lang='lat' dir='ltr'>a</span> <span class='ocrx_word' id='word_1_558' title='bbox 1433 4693 1755 4764; x_wconf 89' lang='lat' dir='ltr'>sacerdote,</span> <span class='ocrx_word' id='word_1_559' title='bbox 1789 4693 1891 4764; x_wconf 89' lang='lat' dir='ltr'>qui</span> 
     </span>
    </p>
   </div>
   <div class='ocr_carea' id='block_1_83' title="bbox 191 4783 1893 4857">
    <p class='ocr_par' dir='ltr' id='par_1_83' title="bbox 191 4783 1893 4857">
     <span class='ocr_line' id='line_1_83' title="bbox 191 4783 1893 4857; baseline -0.005 -11"><span class='ocrx_word' id='word_1_560' title='bbox 191 4806 354 4846; x_wconf 88' lang='lat' dir='ltr'>eum</span> <span class='ocrx_word' id='word_1_561' title='bbox 416 4786 840 4857; x_wconf 89' lang='lat' dir='ltr'>conjuraverat,</span> <span class='ocrx_word' id='word_1_562' title='bbox 892 4785 1084 4856; x_wconf 88' lang='lat' dir='ltr'>inquit</span> <span class='ocrx_word' id='word_1_563' title='bbox 1131 4784 1358 4838; x_wconf 59' lang='lat' dir='ltr'>dwmon</span> <span class='ocrx_word' id='word_1_564' title='bbox 1416 4799 1428 4838; x_wconf 91' lang='lat'>:</span> <span class='ocrx_word' id='word_1_565' title='bbox 1483 4786 1610 4838; x_wconf 82' lang='lat' dir='ltr'>Mox</span> <span class='ocrx_word' id='word_1_566' title='bbox 1657 4783 1893 4853; x_wconf 90' lang='lat' dir='ltr'>signum</span> 
     </span>
    </p>
   </div>
   <div class='ocr_carea' id='block_1_84' title="bbox 196 4872 1896 4943">
    <p class='ocr_par' dir='ltr' id='par_1_84' title="bbox 196 4872 1896 4943">
     <span class='ocr_line' id='line_1_84' title="bbox 196 4872 1896 4943; baseline -0.005 -9"><span class='ocrx_word' id='word_1_567' title='bbox 196 4876 617 4934; x_wconf 82' lang='lat' dir='ltr'>manifestum</span> <span class='ocrx_word' id='word_1_568' title='bbox 649 4875 885 4930; x_wconf 90' lang='lat' dir='ltr'>dabitur</span> <span class='ocrx_word' id='word_1_569' title='bbox 912 4917 924 4942; x_wconf 95' lang='lat'>,</span> <span class='ocrx_word' id='word_1_570' title='bbox 959 4878 1017 4928; x_wconf 89' lang='lat' dir='ltr'>et</span> <span class='ocrx_word' id='word_1_571' title='bbox 1046 4873 1200 4928; x_wconf 88' lang='lat' dir='ltr'>illico</span> <span class='ocrx_word' id='word_1_572' title='bbox 1235 4872 1490 4941; x_wconf 87' lang='lat' dir='ltr'>asinum,</span> <span class='ocrx_word' id='word_1_573' title='bbox 1513 4888 1690 4943; x_wconf 88' lang='lat' dir='ltr'>super</span> <span class='ocrx_word' id='word_1_574' title='bbox 1722 4887 1896 4942; x_wconf 92' lang='lat' dir='ltr'>quem</span> 
     </span>
    </p>
   </div>
   <div class='ocr_carea' id='block_1_85' title="bbox 191 4959 1898 5032">
    <p class='ocr_par' dir='ltr' id='par_1_85' title="bbox 191 4959 1898 5032">
     <span class='ocr_line' id='line_1_85' title="bbox 191 4959 1898 5032; baseline -0.006 -7"><span class='ocrx_word' id='word_1_575' title='bbox 191 4968 488 5030; x_wconf 79' lang='lat' dir='ltr'>sederat,</span> <span class='ocrx_word' id='word_1_576' title='bbox 521 4965 581 5018; x_wconf 92' lang='lat' dir='ltr'>in</span> <span class='ocrx_word' id='word_1_577' title='bbox 629 4964 854 5020; x_wconf 89' lang='lat' dir='ltr'>arboris</span> <span class='ocrx_word' id='word_1_578' title='bbox 887 4967 1094 5017; x_wconf 89' lang='lat' dir='ltr'>trunco</span> <span class='ocrx_word' id='word_1_579' title='bbox 1125 4961 1513 5032; x_wconf 88' lang='lat' dir='ltr'>suspendens,</span> <span class='ocrx_word' id='word_1_580' title='bbox 1547 4960 1693 5032; x_wconf 87' lang='lat' dir='ltr'>ipsis</span> <span class='ocrx_word' id='word_1_581' title='bbox 1737 4959 1898 5015; x_wconf 90' lang='lat' dir='ltr'>dolo-</span> 
     </span>
    </p>
   </div>
   <div class='ocr_carea' id='block_1_86' title="bbox 196 5047 1902 5120">
    <p class='ocr_par' dir='ltr' id='par_1_86' title="bbox 196 5047 1902 5120">
     <span class='ocr_line' id='line_1_86' title="bbox 196 5047 1902 5120; baseline -0.005 -8"><span class='ocrx_word' id='word_1_582' title='bbox 196 5073 354 5112; x_wconf 85' lang='lat' dir='ltr'>rem</span> <span class='ocrx_word' id='word_1_583' title='bbox 393 5053 660 5109; x_wconf 89' lang='lat' dir='ltr'>damnun</span> <span class='ocrx_word' id='word_1_584' title='bbox 692 5051 922 5108; x_wconf 88' lang='lat' dir='ltr'>illatum</span> <span class='ocrx_word' id='word_1_585' title='bbox 956 5056 1014 5107; x_wconf 89' lang='lat' dir='ltr'>et</span> <span class='ocrx_word' id='word_1_586' title='bbox 1044 5049 1248 5106; x_wconf 91' lang='lat' dir='ltr'>multis</span> <span class='ocrx_word' id='word_1_587' title='bbox 1279 5049 1462 5105; x_wconf 87' lang='lat' dir='ltr'>risum</span> <span class='ocrx_word' id='word_1_588' title='bbox 1499 5048 1765 5120; x_wconf 64' lang='lat' dir='ltr'>praebuit.</span> <span class='ocrx_word' id='word_1_589' title='bbox 1785 5047 1902 5104; x_wconf 88' lang='lat' dir='ltr'>Hoc</span> 
     </span>
    </p>
   </div>
   <div class='ocr_carea' id='block_1_87' title="bbox 287 5226 1905 5302">
    <p class='ocr_par' dir='ltr' id='par_1_87' title="bbox 287 5226 1905 5302">
     <span class='ocr_line' id='line_1_87' title="bbox 287 5226 1905 5302; baseline -0.002 -17"><span class='ocrx_word' id='word_1_590' title='bbox 287 5231 462 5302; x_wconf 88' lang='grc'>(173)</span> <span class='ocrx_word' id='word_1_591' title='bbox 487 5229 788 5302; x_wconf 76' lang='lat' dir='ltr'>Scarparia</span> <span class='ocrx_word' id='word_1_592' title='bbox 815 5229 930 5284; x_wconf 90' lang='lat' dir='ltr'>sita</span> <span class='ocrx_word' id='word_1_593' title='bbox 943 5232 1035 5283; x_wconf 88' lang='lat' dir='ltr'>est</span> <span class='ocrx_word' id='word_1_594' title='bbox 1061 5227 1118 5282; x_wconf 91' lang='lat' dir='ltr'>in</span> <span class='ocrx_word' id='word_1_595' title='bbox 1148 5243 1286 5302; x_wconf 88' lang='lat' dir='ltr'>agro</span> <span class='ocrx_word' id='word_1_596' title='bbox 1310 5227 1641 5299; x_wconf 90' lang='lat' dir='ltr'>Mugellano</span> <span class='ocrx_word' id='word_1_597' title='bbox 1663 5226 1833 5299; x_wconf 87' lang='lat' dir='ltr'>vulgo</span> <span class='ocrx_word' id='word_1_598' title='bbox 1862 5227 1905 5282; x_wconf 81' lang='lat' dir='ltr'>il</span> 
     </span>
    </p>
   </div>
   <div class='ocr_carea' id='block_1_88' title="bbox 195 5301 1327 5373">
    <p class='ocr_par' dir='ltr' id='par_1_88' title="bbox 195 5301 1327 5373">
     <span class='ocr_line' id='line_1_88' title="bbox 195 5301 1327 5373; baseline -0.008 -11"><span class='ocrx_word' id='word_1_599' title='bbox 195 5301 497 5372; x_wconf 57' lang='lat' dir='ltr'>ﬂagello,</span> <span class='ocrx_word' id='word_1_600' title='bbox 529 5303 600 5356; x_wconf 90' lang='lat' dir='ltr'>de</span> <span class='ocrx_word' id='word_1_601' title='bbox 633 5319 748 5373; x_wconf 91' lang='lat' dir='ltr'>quo</span> <span class='ocrx_word' id='word_1_602' title='bbox 779 5306 836 5356; x_wconf 91' lang='lat' dir='ltr'>et</span> <span class='ocrx_word' id='word_1_603' title='bbox 868 5318 1047 5372; x_wconf 90' lang='lat' dir='ltr'>supra</span> <span class='ocrx_word' id='word_1_604' title='bbox 1079 5301 1327 5373; x_wconf 82' lang='lat' dir='ltr'>egimus.</span> 
     </span>
    </p>
   </div>
   <div class='ocr_carea' id='block_1_89' title="bbox 291 5369 1906 5448">
    <p class='ocr_par' dir='ltr' id='par_1_89' title="bbox 291 5369 1906 5448">
     <span class='ocr_line' id='line_1_89' title="bbox 291 5369 1906 5448; baseline -0.006 -20"><span class='ocrx_word' id='word_1_605' title='bbox 291 5369 770 5448; x_wconf 23' lang='lat' dir='ltr'>(17&quot;1)‘Errat&#39;hic</span> <span class='ocrx_word' id='word_1_606' title='bbox 789 5369 1002 5448; x_wconf 72' lang='lat' dir='ltr'>Auctor</span> <span class='ocrx_word' id='word_1_607' title='bbox 1026 5369 1290 5448; x_wconf 74' lang='lat' dir='ltr'>ponendo</span> <span class='ocrx_word' id='word_1_608' title='bbox 1313 5377 1550 5448; x_wconf 68' lang='lat' dir='ltr'>montem</span> <span class='ocrx_word' id='word_1_609' title='bbox 1576 5369 1906 5448; x_wconf 56' lang='lat' dir='ltr'>Aventinum</span> 
     </span>
    </p>
   </div>
   <div class='ocr_carea' id='block_1_90' title="bbox 195 5441 1905 5522">
    <p class='ocr_par' dir='ltr' id='par_1_90' title="bbox 195 5441 1905 5522">
     <span class='ocr_line' id='line_1_90' title="bbox 195 5441 1905 5522; baseline -0.006 -20"><span class='ocrx_word' id='word_1_610' title='bbox 195 5441 338 5522; x_wconf 76' lang='lat' dir='ltr'>prb</span> <span class='ocrx_word' id='word_1_611' title='bbox 373 5446 520 5522; x_wconf 58' lang='lat' dir='ltr'>colle</span> <span class='ocrx_word' id='word_1_612' title='bbox 550 5443 977 5522; x_wconf 49' lang='lat' dir='ltr'>Exquilznonui</span> <span class='ocrx_word' id='word_1_613' title='bbox 1000 5441 1249 5522; x_wconf 78' lang='lat' dir='ltr'>multum</span> <span class='ocrx_word' id='word_1_614' title='bbox 1283 5443 1364 5522; x_wconf 83' lang='lat' dir='ltr'>ab</span> <span class='ocrx_word' id='word_1_615' title='bbox 1387 5441 1641 5522; x_wconf 65' lang='lat' dir='ltr'>invicem</span> <span class='ocrx_word' id='word_1_616' title='bbox 1661 5441 1905 5522; x_wconf 81' lang='lat' dir='ltr'>distant,</span> 
     </span>
    </p>
   </div>
   <div class='ocr_carea' id='block_1_91' title="bbox 193 5510 1906 5576">
    <p class='ocr_par' dir='ltr' id='par_1_91' title="bbox 193 5510 1906 5576">
     <span class='ocr_line' id='line_1_91' title="bbox 193 5510 1906 5576; baseline -0.005 -2"><span class='ocrx_word' id='word_1_617' title='bbox 193 5510 526 5576; x_wconf 53' lang='lat' dir='ltr'>amnibus</span> <span class='ocrx_word' id='word_1_618' title='bbox 559 5510 838 5571; x_wconf 77' lang='lat' dir='ltr'>Romanis</span> <span class='ocrx_word' id='word_1_619' title='bbox 870 5510 1015 5570; x_wconf 80' lang='lat' dir='ltr'>satis</span> <span class='ocrx_word' id='word_1_620' title='bbox 1049 5518 1252 5568; x_wconf 91' lang='lat' dir='ltr'>notum</span> <span class='ocrx_word' id='word_1_621' title='bbox 1284 5517 1391 5567; x_wconf 90' lang='lat' dir='ltr'>est.</span> <span class='ocrx_word' id='word_1_622' title='bbox 1422 5513 1486 5566; x_wconf 90' lang='lat' dir='ltr'>In</span> <span class='ocrx_word' id='word_1_623' title='bbox 1536 5510 1680 5565; x_wconf 91' lang='lat' dir='ltr'>colle</span> <span class='ocrx_word' id='word_1_624' title='bbox 1711 5515 1906 5565; x_wconf 86' lang='lat' dir='ltr'>autem</span> 
     </span>
    </p>
   </div>
   <div class='ocr_carea' id='block_1_92' title="bbox 194 5581 1907 5666">
    <p class='ocr_par' dir='ltr' id='par_1_92' title="bbox 194 5581 1907 5666">
     <span class='ocr_line' id='line_1_92' title="bbox 194 5581 1907 5666; baseline -0.008 -14"><span class='ocrx_word' id='word_1_625' title='bbox 194 5587 562 5666; x_wconf 83' lang='lat' dir='ltr'>Exquilino</span> <span class='ocrx_word' id='word_1_626' title='bbox 609 5588 669 5647; x_wconf 89' lang='lat' dir='ltr'>id</span> <span class='ocrx_word' id='word_1_627' title='bbox 700 5587 1035 5662; x_wconf 86' lang='lat' dir='ltr'>prodigium</span> <span class='ocrx_word' id='word_1_628' title='bbox 1086 5586 1307 5642; x_wconf 90' lang='lat' dir='ltr'>factum</span> <span class='ocrx_word' id='word_1_629' title='bbox 1349 5598 1478 5640; x_wconf 89' lang='lat' dir='ltr'>esse</span> <span class='ocrx_word' id='word_1_630' title='bbox 1526 5599 1594 5639; x_wconf 85' lang='lat' dir='ltr'>ex</span> <span class='ocrx_word' id='word_1_631' title='bbox 1620 5581 1907 5638; x_wconf 89' lang='lat' dir='ltr'>Breviaric</span> 
     </span>
    </p>
   </div>
   <div class='ocr_carea' id='block_1_93' title="bbox 580 5714 1146 5778">
    <p class='ocr_par' dir='ltr' id='par_1_93' title="bbox 580 5714 1146 5778">
     <span class='ocr_line' id='line_1_93' title="bbox 580 5714 1146 5778; baseline -0.012 0"><span class='ocrx_word' id='word_1_632' title='bbox 580 5717 838 5778; x_wconf 72' lang='grc' dir='ltr'>ΡΑτκοι.</span> <span class='ocrx_word' id='word_1_633' title='bbox 887 5714 1146 5775; x_wconf 78' lang='lat' dir='ltr'>CXLVI.</span> 
     </span>
    </p>
   </div>
   <div class='ocr_carea' id='block_1_94' title="bbox 1975 3269 3630 3346">
    <p class='ocr_par' dir='ltr' id='par_1_94' title="bbox 1975 3269 3630 3346">
     <span class='ocr_line' id='line_1_94' title="bbox 1975 3269 3630 3346; baseline 0.003 -20"><span class='ocrx_word' id='word_1_634' title='bbox 1975 3269 2229 3342; x_wconf 85' lang='lat' dir='ltr'>Virginis</span> <span class='ocrx_word' id='word_1_635' title='bbox 2260 3270 2546 3341; x_wconf 89' lang='lat' dir='ltr'>prodigio,</span> <span class='ocrx_word' id='word_1_636' title='bbox 2577 3273 2854 3326; x_wconf 90' lang='lat' dir='ltr'>secundis</span> <span class='ocrx_word' id='word_1_637' title='bbox 2884 3273 3064 3328; x_wconf 90' lang='lat' dir='ltr'>Nonis</span> <span class='ocrx_word' id='word_1_638' title='bbox 3094 3276 3344 3345; x_wconf 79' lang='lat' dir='ltr'>Augusti</span> <span class='ocrx_word' id='word_1_639' title='bbox 3375 3276 3630 3346; x_wconf 89' lang='lat' dir='ltr'>comple-</span> 
     </span>
    </p>
   </div>
   <div class='ocr_carea' id='block_1_95' title="bbox 1975 3359 3632 3427">
    <p class='ocr_par' dir='ltr' id='par_1_95' title="bbox 1975 3359 3632 3427">
     <span class='ocr_line' id='line_1_95' title="bbox 1975 3359 3632 3427; baseline 0.003 -14"><span class='ocrx_word' id='word_1_640' title='bbox 1975 3359 2078 3427; x_wconf 87' lang='lat' dir='ltr'>vit,</span> <span class='ocrx_word' id='word_1_641' title='bbox 2111 3359 2183 3413; x_wconf 92' lang='lat' dir='ltr'>de</span> <span class='ocrx_word' id='word_1_642' title='bbox 2213 3359 2351 3412; x_wconf 90' lang='lat' dir='ltr'>Nive</span> <span class='ocrx_word' id='word_1_643' title='bbox 2381 3359 2616 3413; x_wconf 90' lang='lat' dir='ltr'>dicitur.</span> <span class='ocrx_word' id='word_1_644' title='bbox 2651 3360 2704 3414; x_wconf 91' lang='lat' dir='ltr'>Is</span> <span class='ocrx_word' id='word_1_645' title='bbox 2735 3359 2889 3414; x_wconf 91' lang='lat' dir='ltr'>enim</span> <span class='ocrx_word' id='word_1_646' title='bbox 2924 3361 3111 3416; x_wconf 89' lang='lat' dir='ltr'>festus</span> <span class='ocrx_word' id='word_1_647' title='bbox 3141 3363 3266 3417; x_wconf 90' lang='lat' dir='ltr'>dies</span> <span class='ocrx_word' id='word_1_648' title='bbox 3297 3367 3353 3417; x_wconf 90' lang='lat' dir='ltr'>et</span> <span class='ocrx_word' id='word_1_649' title='bbox 3381 3363 3632 3418; x_wconf 90' lang='lat' dir='ltr'>celebra-</span> 
     </span>
    </p>
   </div>
   <div class='ocr_carea' id='block_1_96' title="bbox 1977 3445 3631 3520">
    <p class='ocr_par' dir='ltr' id='par_1_96' title="bbox 1977 3445 3631 3520">
     <span class='ocr_line' id='line_1_96' title="bbox 1977 3445 3631 3520; baseline 0.004 -19"><span class='ocrx_word' id='word_1_650' title='bbox 1977 3452 2073 3502; x_wconf 89' lang='lat' dir='ltr'>tus</span> <span class='ocrx_word' id='word_1_651' title='bbox 2105 3463 2206 3518; x_wconf 90' lang='lat' dir='ltr'>per</span> <span class='ocrx_word' id='word_1_652' title='bbox 2226 3445 2566 3517; x_wconf 90' lang='lat' dir='ltr'>religionem</span> <span class='ocrx_word' id='word_1_653' title='bbox 2589 3447 2980 3504; x_wconf 88' lang='lat' dir='ltr'>Christianam</span> <span class='ocrx_word' id='word_1_654' title='bbox 3003 3449 3246 3520; x_wconf 90' lang='lat' dir='ltr'>quintus</span> <span class='ocrx_word' id='word_1_655' title='bbox 3277 3451 3498 3506; x_wconf 91' lang='lat' dir='ltr'>mensis</span> <span class='ocrx_word' id='word_1_656' title='bbox 3520 3456 3631 3507; x_wconf 82' lang='lat' dir='ltr'>Au-</span> 
     </span>
    </p>
   </div>
   <div class='ocr_carea' id='block_1_97' title="bbox 1979 3534 3630 3608">
    <p class='ocr_par' dir='ltr' id='par_1_97' title="bbox 1979 3534 3630 3608">
     <span class='ocr_line' id='line_1_97' title="bbox 1979 3534 3630 3608; baseline 0.004 -19"><span class='ocrx_word' id='word_1_657' title='bbox 1979 3536 2136 3608; x_wconf 89' lang='lat' dir='ltr'>gusti</span> <span class='ocrx_word' id='word_1_658' title='bbox 2170 3552 2204 3590; x_wconf 89' lang='lat' dir='ltr'>a</span> <span class='ocrx_word' id='word_1_659' title='bbox 2231 3534 2596 3591; x_wconf 86' lang='lat' dir='ltr'>Christicolis</span> <span class='ocrx_word' id='word_1_660' title='bbox 2624 3541 2879 3592; x_wconf 86' lang='lat' dir='ltr'>notatur.</span> <span class='ocrx_word' id='word_1_661' title='bbox 2931 3538 3001 3592; x_wconf 90' lang='lat' dir='ltr'>Et</span> <span class='ocrx_word' id='word_1_662' title='bbox 3031 3555 3102 3593; x_wconf 89' lang='lat' dir='ltr'>ne</span> <span class='ocrx_word' id='word_1_663' title='bbox 3132 3539 3223 3593; x_wconf 92' lang='lat' dir='ltr'>cui</span> <span class='ocrx_word' id='word_1_664' title='bbox 3255 3539 3630 3596; x_wconf 88' lang='lat' dir='ltr'>admirationi</span> 
     </span>
    </p>
   </div>
   <div class='ocr_carea' id='block_1_98' title="bbox 1979 3624 3626 3702">
    <p class='ocr_par' dir='ltr' id='par_1_98' title="bbox 1979 3624 3626 3702">
     <span class='ocr_line' id='line_1_98' title="bbox 1979 3624 3626 3702; baseline 0.004 -22"><span class='ocrx_word' id='word_1_665' title='bbox 1979 3627 2056 3680; x_wconf 89' lang='lat' dir='ltr'>sit</span> <span class='ocrx_word' id='word_1_666' title='bbox 2085 3642 2177 3680; x_wconf 90' lang='lat' dir='ltr'>me</span> <span class='ocrx_word' id='word_1_667' title='bbox 2226 3625 2334 3680; x_wconf 91' lang='lat' dir='ltr'>hoc</span> <span class='ocrx_word' id='word_1_668' title='bbox 2366 3626 2425 3679; x_wconf 91' lang='lat' dir='ltr'>in</span> <span class='ocrx_word' id='word_1_669' title='bbox 2457 3624 2738 3681; x_wconf 90' lang='lat' dir='ltr'>miraculo</span> <span class='ocrx_word' id='word_1_670' title='bbox 2769 3631 2998 3682; x_wconf 89' lang='lat' dir='ltr'>tantum</span> <span class='ocrx_word' id='word_1_671' title='bbox 3055 3643 3316 3684; x_wconf 89' lang='lat' dir='ltr'>mensem</span> <span class='ocrx_word' id='word_1_672' title='bbox 3349 3630 3626 3702; x_wconf 91' lang='lat' dir='ltr'>diemque</span> 
     </span>
    </p>
   </div>
   <div class='ocr_carea' id='block_1_99' title="bbox 1981 3713 3626 3789">
    <p class='ocr_par' dir='ltr' id='par_1_99' title="bbox 1981 3713 3626 3789">
     <span class='ocr_line' id='line_1_99' title="bbox 1981 3713 3626 3789; baseline 0.002 -19"><span class='ocrx_word' id='word_1_673' title='bbox 1981 3720 2215 3770; x_wconf 89' lang='lat' dir='ltr'>notasse</span> <span class='ocrx_word' id='word_1_674' title='bbox 2245 3713 2552 3785; x_wconf 84' lang='lat' dir='ltr'>intelligat,</span> <span class='ocrx_word' id='word_1_675' title='bbox 2588 3731 2678 3769; x_wconf 88' lang='lat' dir='ltr'>res</span> <span class='ocrx_word' id='word_1_676' title='bbox 2710 3731 3042 3787; x_wconf 90' lang='lat' dir='ltr'>novumque</span> <span class='ocrx_word' id='word_1_677' title='bbox 3073 3717 3533 3789; x_wconf 89' lang='lat' dir='ltr'>prodigium,[ut]</span> <span class='ocrx_word' id='word_1_678' title='bbox 3567 3720 3626 3775; x_wconf 86' lang='lat' dir='ltr'>id</span> 
     </span>
    </p>
   </div>
   <div class='ocr_carea' id='block_1_100' title="bbox 1979 3803 3629 3880">
    <p class='ocr_par' dir='ltr' id='par_1_100' title="bbox 1979 3803 3629 3880">
     <span class='ocr_line' id='line_1_100' title="bbox 1979 3803 3629 3880; baseline 0.003 -20"><span class='ocrx_word' id='word_1_679' title='bbox 1979 3803 2706 3876; x_wconf 87' lang='lat' dir='ltr'>agerem,coegisse.Quod</span> <span class='ocrx_word' id='word_1_680' title='bbox 2740 3804 3011 3874; x_wconf 91' lang='lat' dir='ltr'>equidem</span> <span class='ocrx_word' id='word_1_681' title='bbox 3043 3805 3629 3880; x_wconf 90' lang='lat' dir='ltr'>horrendum,-pecto-</span> 
     </span>
    </p>
   </div>
   <div class='ocr_carea' id='block_1_101' title="bbox 1982 3893 3627 3963">
    <p class='ocr_par' dir='ltr' id='par_1_101' title="bbox 1982 3893 3627 3963">
     <span class='ocr_line' id='line_1_101' title="bbox 1982 3893 3627 3963; baseline 0.003 -15"><span class='ocrx_word' id='word_1_682' title='bbox 1982 3893 2263 3963; x_wconf 90' lang='lat' dir='ltr'>ribusque</span> <span class='ocrx_word' id='word_1_683' title='bbox 2308 3897 2520 3946; x_wconf 75' lang='lat' dir='ltr'>aeterne</span> <span class='ocrx_word' id='word_1_684' title='bbox 2563 3893 2916 3948; x_wconf 87' lang='lat' dir='ltr'>servandum</span> <span class='ocrx_word' id='word_1_685' title='bbox 2966 3894 3444 3952; x_wconf 78' lang='lat' dir='ltr'>animadvertetis</span> <span class='ocrx_word' id='word_1_686' title='bbox 3503 3913 3627 3952; x_wconf 91' lang='lat' dir='ltr'>oro.</span> 
     </span>
    </p>
   </div>
   <div class='ocr_carea' id='block_1_102' title="bbox 1985 3979 3634 4054">
    <p class='ocr_par' dir='ltr' id='par_1_102' title="bbox 1985 3979 3634 4054">
     <span class='ocr_line' id='line_1_102' title="bbox 1985 3979 3634 4054; baseline 0.002 -17"><span class='ocrx_word' id='word_1_687' title='bbox 1985 3982 2102 4037; x_wconf 91' lang='lat' dir='ltr'>Hoc</span> <span class='ocrx_word' id='word_1_688' title='bbox 2133 3981 2289 4036; x_wconf 90' lang='lat' dir='ltr'>enim</span> <span class='ocrx_word' id='word_1_689' title='bbox 2321 3981 2393 4035; x_wconf 89' lang='lat' dir='ltr'>ab</span> <span class='ocrx_word' id='word_1_690' title='bbox 2424 3979 2537 4035; x_wconf 92' lang='lat' dir='ltr'>alio</span> <span class='ocrx_word' id='word_1_691' title='bbox 2570 3997 2684 4035; x_wconf 93' lang='lat' dir='ltr'>non</span> <span class='ocrx_word' id='word_1_692' title='bbox 2718 3981 3042 4054; x_wconf 89' lang='lat' dir='ltr'>accepi,sed</span> <span class='ocrx_word' id='word_1_693' title='bbox 3075 3987 3140 4038; x_wconf 91' lang='lat' dir='ltr'>ut</span> <span class='ocrx_word' id='word_1_694' title='bbox 3171 3984 3426 4040; x_wconf 88' lang='lat' dir='ltr'>multum</span> <span class='ocrx_word' id='word_1_695' title='bbox 3460 3986 3634 4041; x_wconf 90' lang='lat' dir='ltr'>inter-</span> 
     </span>
    </p>
   </div>
   <div class='ocr_carea' id='block_1_103' title="bbox 1986 4068 3638 4144">
    <p class='ocr_par' dir='ltr' id='par_1_103' title="bbox 1986 4068 3638 4144">
     <span class='ocr_line' id='line_1_103' title="bbox 1986 4068 3638 4144; baseline 0.003 -20"><span class='ocrx_word' id='word_1_696' title='bbox 1986 4069 2090 4135; x_wconf 88' lang='lat' dir='ltr'>fui,</span> <span class='ocrx_word' id='word_1_697' title='bbox 2125 4068 2257 4140; x_wconf 87' lang='lat' dir='ltr'>legi,</span> <span class='ocrx_word' id='word_1_698' title='bbox 2277 4069 2600 4123; x_wconf 74' lang='lat' dir='ltr'>dznmoncm</span> <span class='ocrx_word' id='word_1_699' title='bbox 2633 4070 2951 4140; x_wconf 83' lang='lat' dir='ltr'>conjuravi.</span> <span class='ocrx_word' id='word_1_700' title='bbox 2970 4072 3046 4126; x_wconf 89' lang='lat' dir='ltr'>Ea</span> <span class='ocrx_word' id='word_1_701' title='bbox 3074 4071 3255 4144; x_wconf 87' lang='lat' dir='ltr'>igitur</span> <span class='ocrx_word' id='word_1_702' title='bbox 3284 4090 3463 4144; x_wconf 90' lang='lat' dir='ltr'>quam</span> <span class='ocrx_word' id='word_1_703' title='bbox 3493 4074 3638 4129; x_wconf 84' lang='lat' dir='ltr'>dixi-</span> 
     </span>
    </p>
   </div>
   <div class='ocr_carea' id='block_1_104' title="bbox 1989 4156 3641 4232">
    <p class='ocr_par' dir='ltr' id='par_1_104' title="bbox 1989 4156 3641 4232">
     <span class='ocr_line' id='line_1_104' title="bbox 1989 4156 3641 4232; baseline 0.002 -19"><span class='ocrx_word' id='word_1_704' title='bbox 1989 4174 2121 4213; x_wconf 91' lang='lat' dir='ltr'>mus</span> <span class='ocrx_word' id='word_1_705' title='bbox 2152 4157 2265 4227; x_wconf 91' lang='lat' dir='ltr'>die,</span> <span class='ocrx_word' id='word_1_706' title='bbox 2297 4156 2508 4211; x_wconf 91' lang='lat' dir='ltr'>mulier</span> <span class='ocrx_word' id='word_1_707' title='bbox 2557 4158 2824 4228; x_wconf 79' lang='lat' dir='ltr'>quaedam</span> <span class='ocrx_word' id='word_1_708' title='bbox 2857 4175 2891 4212; x_wconf 92' lang='lat' dir='ltr'>a</span> <span class='ocrx_word' id='word_1_709' title='bbox 2921 4159 3182 4215; x_wconf 67' lang='lat' dir='ltr'>daemone</span> <span class='ocrx_word' id='word_1_710' title='bbox 3223 4166 3411 4232; x_wconf 87' lang='lat' dir='ltr'>capta,</span> <span class='ocrx_word' id='word_1_711' title='bbox 3440 4176 3641 4218; x_wconf 87' lang='lat' dir='ltr'>revera</span> 
     </span>
    </p>
   </div>
   <div class='ocr_carea' id='block_1_105' title="bbox 1989 4244 3643 4319">
    <p class='ocr_par' dir='ltr' id='par_1_105' title="bbox 1989 4244 3643 4319">
     <span class='ocr_line' id='line_1_105' title="bbox 1989 4244 3643 4319; baseline 0.003 -18"><span class='ocrx_word' id='word_1_712' title='bbox 1989 4246 2144 4301; x_wconf 89' lang='lat' dir='ltr'>haud</span> <span class='ocrx_word' id='word_1_713' title='bbox 2178 4244 2450 4316; x_wconf 89' lang='lat' dir='ltr'>ignobilis</span> <span class='ocrx_word' id='word_1_714' title='bbox 2481 4245 2552 4300; x_wconf 91' lang='lat' dir='ltr'>de</span> <span class='ocrx_word' id='word_1_715' title='bbox 2580 4245 2780 4301; x_wconf 82' lang='lat' dir='ltr'>Calciae</span> <span class='ocrx_word' id='word_1_716' title='bbox 2801 4247 2948 4318; x_wconf 83' lang='grc'>(175)</span> <span class='ocrx_word' id='word_1_717' title='bbox 2964 4249 3326 4319; x_wconf 86' lang='lat' dir='ltr'>partibus,ut</span> <span class='ocrx_word' id='word_1_718' title='bbox 3356 4250 3414 4306; x_wconf 91' lang='lat' dir='ltr'>in</span> <span class='ocrx_word' id='word_1_719' title='bbox 3447 4251 3550 4307; x_wconf 88' lang='lat' dir='ltr'>tali</span> <span class='ocrx_word' id='word_1_720' title='bbox 3582 4267 3643 4306; x_wconf 89' lang='lat' dir='ltr'>re</span> 
     </span>
    </p>
   </div>
   <div class='ocr_carea' id='block_1_106' title="bbox 1993 4333 3642 4405">
    <p class='ocr_par' dir='ltr' id='par_1_106' title="bbox 1993 4333 3642 4405">
     <span class='ocr_line' id='line_1_106' title="bbox 1993 4333 3642 4405; baseline 0.003 -16"><span class='ocrx_word' id='word_1_721' title='bbox 1993 4335 2116 4389; x_wconf 84' lang='lat' dir='ltr'>fieri</span> <span class='ocrx_word' id='word_1_722' title='bbox 2167 4335 2380 4405; x_wconf 74' lang='lat' dir='ltr'>saepius</span> <span class='ocrx_word' id='word_1_723' title='bbox 2428 4333 2594 4398; x_wconf 92' lang='lat' dir='ltr'>solet,</span> <span class='ocrx_word' id='word_1_724' title='bbox 2641 4335 2844 4391; x_wconf 89' lang='lat' dir='ltr'>multis</span> <span class='ocrx_word' id='word_1_725' title='bbox 2893 4337 3312 4394; x_wconf 87' lang='lat' dir='ltr'>comitantibus</span> <span class='ocrx_word' id='word_1_726' title='bbox 3359 4341 3432 4394; x_wconf 91' lang='lat' dir='ltr'>ad</span> <span class='ocrx_word' id='word_1_727' title='bbox 3480 4341 3642 4396; x_wconf 88' lang='lat' dir='ltr'>istud</span> 
     </span>
    </p>
   </div>
   <div class='ocr_carea' id='block_1_107' title="bbox 1992 4422 3647 4483">
    <p class='ocr_par' dir='ltr' id='par_1_107' title="bbox 1992 4422 3647 4483">
     <span class='ocr_line' id='line_1_107' title="bbox 1992 4422 3647 4483; baseline 0.003 -5"><span class='ocrx_word' id='word_1_728' title='bbox 1992 4426 2050 4479; x_wconf 91' lang='lat' dir='ltr'>S.</span> <span class='ocrx_word' id='word_1_729' title='bbox 2084 4423 2276 4477; x_wconf 62' lang='lat' dir='ltr'>Maria:</span> <span class='ocrx_word' id='word_1_730' title='bbox 2307 4422 2729 4478; x_wconf 89' lang='lat' dir='ltr'>monasterium</span> <span class='ocrx_word' id='word_1_731' title='bbox 2780 4426 3097 4480; x_wconf 90' lang='lat' dir='ltr'>contendit.</span> <span class='ocrx_word' id='word_1_732' title='bbox 3128 4427 3273 4481; x_wconf 87' lang='lat' dir='ltr'>Cum</span> <span class='ocrx_word' id='word_1_733' title='bbox 3299 4428 3457 4482; x_wconf 89' lang='lat' dir='ltr'>enim</span> <span class='ocrx_word' id='word_1_734' title='bbox 3489 4446 3524 4482; x_wconf 90' lang='lat' dir='ltr'>a</span> <span class='ocrx_word' id='word_1_735' title='bbox 3553 4444 3647 4483; x_wconf 88' lang='lat' dir='ltr'>me</span> 
     </span>
    </p>
   </div>
   <div class='ocr_carea' id='block_1_108' title="bbox 1994 4509 3648 4583">
    <p class='ocr_par' dir='ltr' id='par_1_108' title="bbox 1994 4509 3648 4583">
     <span class='ocr_line' id='line_1_108' title="bbox 1994 4509 3648 4583; baseline 0.002 -16"><span class='ocrx_word' id='word_1_736' title='bbox 1994 4513 2052 4568; x_wconf 92' lang='lat' dir='ltr'>in</span> <span class='ocrx_word' id='word_1_737' title='bbox 2086 4511 2431 4566; x_wconf 89' lang='lat' dir='ltr'>Sanctorum</span> <span class='ocrx_word' id='word_1_738' title='bbox 2464 4509 2752 4582; x_wconf 89' lang='lat' dir='ltr'>sepulcro,</span> <span class='ocrx_word' id='word_1_739' title='bbox 2785 4513 2858 4566; x_wconf 91' lang='lat' dir='ltr'>de</span> <span class='ocrx_word' id='word_1_740' title='bbox 2889 4529 3004 4583; x_wconf 92' lang='lat' dir='ltr'>quo</span> <span class='ocrx_word' id='word_1_741' title='bbox 3034 4513 3173 4568; x_wconf 90' lang='lat' dir='ltr'>alibi</span> <span class='ocrx_word' id='word_1_742' title='bbox 3205 4515 3379 4569; x_wconf 89' lang='lat' dir='ltr'>latius</span> <span class='ocrx_word' id='word_1_743' title='bbox 3403 4517 3648 4570; x_wconf 88' lang='lat' dir='ltr'>verbum</span> 
     </span>
    </p>
   </div>
   <div class='ocr_carea' id='block_1_109' title="bbox 1999 4601 3653 4670">
    <p class='ocr_par' dir='ltr' id='par_1_109' title="bbox 1999 4601 3653 4670">
     <span class='ocr_line' id='line_1_109' title="bbox 1999 4601 3653 4670; baseline 0.001 -15"><span class='ocrx_word' id='word_1_744' title='bbox 1999 4601 2266 4669; x_wconf 87' lang='lat' dir='ltr'>fecimus,</span> <span class='ocrx_word' id='word_1_745' title='bbox 2297 4604 2436 4654; x_wconf 90' lang='lat' dir='ltr'>tunc</span> <span class='ocrx_word' id='word_1_746' title='bbox 2467 4605 2756 4670; x_wconf 84' lang='lat' dir='ltr'>prostrata</span> <span class='ocrx_word' id='word_1_747' title='bbox 2786 4601 3276 4670; x_wconf 87' lang='lat' dir='ltr'>conjuraretur,et</span> <span class='ocrx_word' id='word_1_748' title='bbox 3306 4607 3511 4657; x_wconf 89' lang='lat' dir='ltr'>mutus</span> <span class='ocrx_word' id='word_1_749' title='bbox 3542 4603 3653 4657; x_wconf 73' lang='lat' dir='ltr'>daa-</span> 
     </span>
    </p>
   </div>
   <div class='ocr_carea' id='block_1_110' title="bbox 2004 4688 3653 4760">
    <p class='ocr_par' dir='ltr' id='par_1_110' title="bbox 2004 4688 3653 4760">
     <span class='ocr_line' id='line_1_110' title="bbox 2004 4688 3653 4760; baseline 0.001 -16"><span class='ocrx_word' id='word_1_750' title='bbox 2004 4706 2139 4744; x_wconf 88' lang='lat' dir='ltr'>mon</span> <span class='ocrx_word' id='word_1_751' title='bbox 2171 4690 2428 4754; x_wconf 74' lang='lat' dir='ltr'>effectus,</span> <span class='ocrx_word' id='word_1_752' title='bbox 2459 4688 2723 4759; x_wconf 90' lang='lat' dir='ltr'>legendo,</span> <span class='ocrx_word' id='word_1_753' title='bbox 2745 4689 2964 4743; x_wconf 88' lang='lat' dir='ltr'>orando</span> <span class='ocrx_word' id='word_1_754' title='bbox 2995 4706 3098 4744; x_wconf 92' lang='lat' dir='ltr'>seu</span> <span class='ocrx_word' id='word_1_755' title='bbox 3130 4691 3490 4760; x_wconf 88' lang='lat' dir='ltr'>conjurando</span> <span class='ocrx_word' id='word_1_756' title='bbox 3523 4690 3653 4745; x_wconf 91' lang='lat' dir='ltr'>nul-</span> 
     </span>
    </p>
   </div>
   <div class='ocr_carea' id='block_1_111' title="bbox 2006 4776 3654 4847">
    <p class='ocr_par' dir='ltr' id='par_1_111' title="bbox 2006 4776 3654 4847">
     <span class='ocr_line' id='line_1_111' title="bbox 2006 4776 3654 4847; baseline 0.001 -16"><span class='ocrx_word' id='word_1_757' title='bbox 2006 4777 2130 4832; x_wconf 91' lang='lat' dir='ltr'>lum</span> <span class='ocrx_word' id='word_1_758' title='bbox 2183 4777 2346 4830; x_wconf 89' lang='lat' dir='ltr'>daret</span> <span class='ocrx_word' id='word_1_759' title='bbox 2374 4792 2745 4847; x_wconf 88' lang='lat' dir='ltr'>responsum,</span> <span class='ocrx_word' id='word_1_760' title='bbox 2780 4776 2924 4830; x_wconf 89' lang='lat' dir='ltr'>forte</span> <span class='ocrx_word' id='word_1_761' title='bbox 2973 4778 3207 4834; x_wconf 90' lang='lat' dir='ltr'>Ordinis</span> <span class='ocrx_word' id='word_1_762' title='bbox 3256 4783 3310 4834; x_wconf 88' lang='lat' dir='ltr'>S.</span> <span class='ocrx_word' id='word_1_763' title='bbox 3361 4778 3654 4835; x_wconf 88' lang='lat' dir='ltr'>Francisci</span> 
     </span>
    </p>
   </div>
   <div class='ocr_carea' id='block_1_112' title="bbox 2007 4865 3657 4936">
    <p class='ocr_par' dir='ltr' id='par_1_112' title="bbox 2007 4865 3657 4936">
     <span class='ocr_line' id='line_1_112' title="bbox 2007 4865 3657 4936; baseline 0.002 -16"><span class='ocrx_word' id='word_1_764' title='bbox 2007 4867 2122 4921; x_wconf 92' lang='lat' dir='ltr'>duo</span> <span class='ocrx_word' id='word_1_765' title='bbox 2155 4880 2538 4936; x_wconf 84' lang='lat' dir='ltr'>supervenere</span> <span class='ocrx_word' id='word_1_766' title='bbox 2590 4865 2840 4936; x_wconf 85' lang='lat' dir='ltr'>Fratres,</span> <span class='ocrx_word' id='word_1_767' title='bbox 2874 4865 2975 4936; x_wconf 91' lang='lat' dir='ltr'>qui</span> <span class='ocrx_word' id='word_1_768' title='bbox 3008 4883 3041 4921; x_wconf 88' lang='lat' dir='ltr'>a</span> <span class='ocrx_word' id='word_1_769' title='bbox 3074 4867 3270 4922; x_wconf 89' lang='lat' dir='ltr'>Fratre</span> <span class='ocrx_word' id='word_1_770' title='bbox 3297 4869 3488 4924; x_wconf 88' lang='lat' dir='ltr'>Marco</span> <span class='ocrx_word' id='word_1_771' title='bbox 3518 4873 3657 4923; x_wconf 89' lang='lat' dir='ltr'>tunc</span> 
     </span>
    </p>
   </div>
   <div class='ocr_carea' id='block_1_113' title="bbox 2009 4953 3661 5030">
    <p class='ocr_par' dir='ltr' id='par_1_113' title="bbox 2009 4953 3661 5030">
     <span class='ocr_line' id='line_1_113' title="bbox 2009 4953 3661 5030; baseline 0.001 -20"><span class='ocrx_word' id='word_1_772' title='bbox 2009 4955 2250 5010; x_wconf 87' lang='lat' dir='ltr'>cremita</span> <span class='ocrx_word' id='word_1_773' title='bbox 2280 4955 2338 5008; x_wconf 91' lang='lat' dir='ltr'>S.</span> <span class='ocrx_word' id='word_1_774' title='bbox 2373 4953 2565 5007; x_wconf 69' lang='lat' dir='ltr'>Mariae</span> <span class='ocrx_word' id='word_1_775' title='bbox 2596 4954 2666 5009; x_wconf 89' lang='lat' dir='ltr'>de</span> <span class='ocrx_word' id='word_1_776' title='bbox 2696 4958 2940 5010; x_wconf 89' lang='lat' dir='ltr'>Cascesa</span> <span class='ocrx_word' id='word_1_777' title='bbox 2968 4956 3290 5024; x_wconf 88' lang='lat' dir='ltr'>invitati,ad</span> <span class='ocrx_word' id='word_1_778' title='bbox 3325 4957 3511 5030; x_wconf 90' lang='lat' dir='ltr'>ipsius</span> <span class='ocrx_word' id='word_1_779' title='bbox 3535 4958 3661 5013; x_wconf 83' lang='lat' dir='ltr'>Vir-</span> 
     </span>
    </p>
   </div>
   <div class='ocr_carea' id='block_1_114' title="bbox 2013 5042 3188 5115">
    <p class='ocr_par' dir='ltr' id='par_1_114' title="bbox 2013 5042 3188 5115">
     <span class='ocr_line' id='line_1_114' title="bbox 2013 5042 3188 5115; baseline 0.002 -17"><span class='ocrx_word' id='word_1_780' title='bbox 2013 5044 2167 5115; x_wconf 89' lang='lat' dir='ltr'>ginis</span> <span class='ocrx_word' id='word_1_781' title='bbox 2198 5042 2390 5098; x_wconf 76' lang='lat' dir='ltr'>Maria:</span> <span class='ocrx_word' id='word_1_782' title='bbox 2427 5043 2639 5097; x_wconf 90' lang='lat' dir='ltr'>festum</span> <span class='ocrx_word' id='word_1_783' title='bbox 2665 5042 2750 5098; x_wconf 92' lang='lat' dir='ltr'>ire</span> <span class='ocrx_word' id='word_1_784' title='bbox 2779 5045 3188 5115; x_wconf 87' lang='lat' dir='ltr'>properabant.</span> 
     </span>
    </p>
   </div>
   <div class='ocr_carea' id='block_1_115' title="bbox 2014 5221 3260 5293">
    <p class='ocr_par' dir='ltr' id='par_1_115' title="bbox 2014 5221 3260 5293">
     <span class='ocr_line' id='line_1_115' title="bbox 2014 5221 3260 5293; baseline 0 -15"><span class='ocrx_word' id='word_1_785' title='bbox 2014 5225 2274 5278; x_wconf 85' lang='lat' dir='ltr'>Romano</span> <span class='ocrx_word' id='word_1_786' title='bbox 2307 5221 2552 5293; x_wconf 89' lang='lat' dir='ltr'>aliisque</span> <span class='ocrx_word' id='word_1_787' title='bbox 2583 5223 2982 5279; x_wconf 90' lang='lat' dir='ltr'>monumentis</span> <span class='ocrx_word' id='word_1_788' title='bbox 3013 5229 3260 5280; x_wconf 91' lang='lat' dir='ltr'>constat.</span> 
     </span>
    </p>
   </div>
   <div class='ocr_carea' id='block_1_116' title="bbox 2083 5292 3667 5378">
    <p class='ocr_par' dir='ltr' id='par_1_116' title="bbox 2083 5292 3667 5378">
     <span class='ocr_line' id='line_1_116' title="bbox 2083 5292 3667 5378; baseline 0.003 -30"><span class='ocrx_word' id='word_1_789' title='bbox 2083 5292 2476 5376; x_wconf 39' lang='lat' dir='ltr'>(17.5).Opinor</span> <span class='ocrx_word' id='word_1_790' title='bbox 2501 5311 2627 5375; x_wconf 76' lang='lat' dir='ltr'>esse</span> <span class='ocrx_word' id='word_1_791' title='bbox 2658 5296 2928 5378; x_wconf 82' lang='lat' dir='ltr'>eumdem</span> <span class='ocrx_word' id='word_1_792' title='bbox 2951 5295 3140 5378; x_wconf 79' lang='lat' dir='ltr'>locum</span> <span class='ocrx_word' id='word_1_793' title='bbox 3169 5296 3269 5378; x_wconf 86' lang='lat' dir='ltr'>qui</span> <span class='ocrx_word' id='word_1_794' title='bbox 3298 5298 3406 5378; x_wconf 80' lang='lat' dir='ltr'>sub</span> <span class='ocrx_word' id='word_1_795' title='bbox 3431 5298 3667 5378; x_wconf 82' lang='lat' dir='ltr'>nomine</span> 
     </span>
    </p>
   </div>
   <div class='ocr_carea' id='block_1_117' title="bbox 2012 5365 3668 5439">
    <p class='ocr_par' dir='ltr' id='par_1_117' title="bbox 2012 5365 3668 5439">
     <span class='ocr_line' id='line_1_117' title="bbox 2012 5365 3668 5439; baseline 0.001 -17"><span class='ocrx_word' id='word_1_796' title='bbox 2012 5368 2210 5423; x_wconf 73' lang='lat' dir='ltr'>Cascz‘a</span> <span class='ocrx_word' id='word_1_797' title='bbox 2239 5365 2563 5439; x_wconf 71' lang='lat' dir='ltr'>in_mappis</span> <span class='ocrx_word' id='word_1_798' title='bbox 2593 5366 2999 5439; x_wconf 88' lang='lat' dir='ltr'>geographicis</span> <span class='ocrx_word' id='word_1_799' title='bbox 3029 5365 3309 5422; x_wconf 85' lang='lat' dir='ltr'>statuitur</span> <span class='ocrx_word' id='word_1_800' title='bbox 3337 5370 3491 5425; x_wconf 89' lang='lat' dir='ltr'>inter</span> <span class='ocrx_word' id='word_1_801' title='bbox 3519 5371 3668 5426; x_wconf 88' lang='lat' dir='ltr'>duos</span> 
     </span>
    </p>
   </div>
   <div class='ocr_carea' id='block_1_118' title="bbox 2017 5435 3670 5511">
    <p class='ocr_par' dir='ltr' id='par_1_118' title="bbox 2017 5435 3670 5511">
     <span class='ocr_line' id='line_1_118' title="bbox 2017 5435 3670 5511; baseline 0.005 -20"><span class='ocrx_word' id='word_1_802' title='bbox 2017 5439 2175 5511; x_wconf 84' lang='lat' dir='ltr'>rivos</span> <span class='ocrx_word' id='word_1_803' title='bbox 2200 5453 2267 5490; x_wconf 86' lang='lat' dir='ltr'>ex</span> <span class='ocrx_word' id='word_1_804' title='bbox 2295 5435 2468 5492; x_wconf 84' lang='lat' dir='ltr'>ﬂuvie</span> <span class='ocrx_word' id='word_1_805' title='bbox 2514 5435 2669 5494; x_wconf 79' lang='lat' dir='ltr'>Arno</span> <span class='ocrx_word' id='word_1_806' title='bbox 2701 5435 2880 5504; x_wconf 78' lang='lat' dir='ltr'>ortos,</span> <span class='ocrx_word' id='word_1_807' title='bbox 2913 5455 3030 5495; x_wconf 91' lang='lat' dir='ltr'>non</span> <span class='ocrx_word' id='word_1_808' title='bbox 3078 5439 3278 5511; x_wconf 87' lang='lat' dir='ltr'>procul</span> <span class='ocrx_word' id='word_1_809' title='bbox 3308 5458 3341 5497; x_wconf 88' lang='lat' dir='ltr'>a</span> <span class='ocrx_word' id='word_1_810' title='bbox 3372 5441 3670 5499; x_wconf 82' lang='lat' dir='ltr'>montibus</span> 
     </span>
    </p>
   </div>
   <div class='ocr_carea' id='block_1_119' title="bbox 2017 5510 2423 5580">
    <p class='ocr_par' dir='ltr' id='par_1_119' title="bbox 2017 5510 2423 5580">
     <span class='ocr_line' id='line_1_119' title="bbox 2017 5510 2423 5580; baseline 0 -16"><span class='ocrx_word' id='word_1_811' title='bbox 2017 5510 2177 5564; x_wconf 74' lang='lat' dir='ltr'>Preti</span> <span class='ocrx_word' id='word_1_812' title='bbox 2203 5511 2423 5580; x_wconf 80' lang='lat' dir='ltr'>magni.</span> 
     </span>
    </p>
   </div>
   <div class='ocr_carea' id='block_1_120' title="bbox 3273 5712 3350 5776">
    <p class='ocr_par' dir='ltr' id='par_1_120' title="bbox 3273 5712 3350 5776">
     <span class='ocr_line' id='line_1_120' title="bbox 3273 5712 3350 5776; baseline 0.078 -6"><span class='ocrx_word' id='word_1_813' title='bbox 3273 5712 3350 5776; x_wconf 69' lang='grc'>28</span> 
     </span>
    </p>
   </div>
  </div>
