4022 6160
408 278 529 339 879

1467 265 1529 324 S.
1575 263 1901 325 JOANNIS
1949 261 2391 323 GUALBERTI
2440 259 2778 321 ABBATIS

3687 245 3787 308 880

408 412 596 481 ptam,
644 418 778 461 cum
836 400 1135 457 Florentia:
1177 398 1517 470 sospitatem
1579 412 1692 451 non
1747 395 2051 461 inveniret,
2086 398 2141 462 Α
2175 394 2287 448 mis
2336 393 2667 464 implorare.
2698 390 2915 445 Verum
2946 401 3082 441 cum
3122 381 3318 438 hocin
3352 380 3476 435 laco
3505 378 3656 434 idem
3685 382 3790 433 ten-

407 496 558 553 clam
589 508 766 565 quam
815 488 1023 561 potuit,
1056 492 1341 544 nocturno
1376 486 1593 543 scilicet
1632 489 1915 556 tempore,
1950 484 2057 538 hoc

409 585 468 641 S.
503 581 695 638 Marias
728 578 1148 635 monasterium
1182 576 1418 649 petiisse
1457 574 1731 630 vidimus.
1768 575 1923 627 Hanc
1956 570 2057 627 tali

411 673 792 742 occupaverat
842 668 1107 729 daemon;
1141 667 1438 721 interdum
1470 664 1598 719 miti
1635 662 1868 734 ingenio
1917 662 2058 717 adeo

412 777 560 827 esse,
588 758 791 829 jocari,
824 756 1084 823 facetias,
1111 755 1231 810 risu
1265 755 1473 827 dignas
1506 752 1863 807 urbanitates
1896 751 1967 805 de
2000 766 2061 805 se

414 849 572 917 dare,
606 852 662 903 et
709 845 1095 919 praesentibus
1126 843 1407 915 voluptati
1455 841 1671 913 pariter
1701 845 1756 895 et
1804 839 2061 894 admira-

408 936 557 993 tioni
588 933 1299 1003 existere.Nonnunquam
1331 928 1744 999 vero,mutatis
1777 928 2059 997 moribus,

411 1024 737 1098 praesertim
774 1023 912 1077 dum
954 1021 1377 1092 conjuraretur,
1413 1018 1655 1074 alteram
1688 1018 1947 1084 diceres;
1982 1016 2064 1071 ita

420 1114 578 1169 enim
627 1112 817 1185 specie
856 1110 1107 1165 crudelis
1154 1109 1519 1179 immitisque
1551 1106 1725 1167 effici,
1758 1105 1867 1177 [ιιι]
1921 1103 2066 1158 nihil

411 1200 711 1258 crudelius
760 1200 857 1272 qui
890 1201 1131 1256 aderant
1179 1215 1241 1253 se
1290 1196 1607 1268 aliquando
1651 1195 1865 1249 vidisse
1918 1194 2065 1247 tate-

409 1295 628 1347 rentur.
689 1292 813 1355 Qua
869 1289 1041 1343 modo
1098 1286 1257 1342 varia
1334 1283 1737 1341 vicissitudine
1795 1299 1928 1338 cum
1999 1298 2067 1336 ex

409 1379 627 1436 diaboli
675 1377 973 1433 voluntate
1003 1381 1234 1448 tempus
1266 1375 1564 1430 incassum
1614 1377 1917 1436 tereretur,
1949 1376 2067 1424 sta-

408 1472 651 1525 tuerunt
700 1482 832 1522 cum
861 1483 929 1521 ea
976 1465 1197 1537 privato
1249 1464 1688 1534 communique,
1740 1478 1872 1515 cum
1928 1460 2067 1514 foris

407 1561 537 1613 tum
592 1556 772 1623 domi,
826 1571 1087 1627 pugnare
1135 1554 1469 1609 certamine.
1522 1551 1695 1606 Fiunt
1768 1552 1948 1622 igitur
1998 1549 2069 1603 ad

407 1648 612 1703 Jesum
641 1662 840 1718 preces
869 1662 1007 1716 ;pro
1041 1660 1101 1699 se
1133 1642 1383 1714 quisque
1416 1642 1588 1696 modo
1621 1640 1923 1710 Virginem
1956 1638 2071 1692 Ma-

412 1736 584 1801 riam,
617 1734 858 1789 unicum
909 1749 974 1787 ac
1015 1730 1311 1802 singulare
1360 1730 1707 1785 miserorum
1754 1726 2067 1797 refugium,
2102 1772 2148 1836 Β

534 1824 549 1836 ς
616 1824 636 1836 .
926 1820 939 1836 ι
1041 1818 1075 1836 .-
1151 1819 1160 1828 ι
1207 1835 1244 1836 η
1688 1820 1899 1836 “wn
1943 1831 2063 1836 ,μμ

418 1824 591 1879 modo
611 1824 896 1877 Joannem
926 1818 1334 1873 beatissimum
1370 1816 1904 1888 appellareNerum
1937 1831 2070 1869 cum

419 1912 477 1965 in
512 1911 621 1965 hoc
655 1909 749 1981 pio
781 1924 951 1979 opere
975 1907 1100 1961 dies
1131 1904 1513 1976 quamplures
1546 1903 2075 1975 comsumpsisseut

420 1998 657 2068 frustra,
709 1997 765 2051 id
821 1996 990 2051 Pater
1036 1995 1231 2050 Abbas
1284 1993 1581 2065 aegerrime
1628 1993 1839 2059 ferens,
1891 1991 2075 2046 voluit

422 2089 528 2156 [ut]
562 2102 629 2141 ea
658 2085 751 2140 die
781 2083 1085 2157 (postridie
1118 2083 1275 2139 enim
1306 2083 1505 2154 fugam
1539 2082 1944 2150 adornabant),
1971 2080 2071 2134 diu

419 2176 640 2231 orando
673 2175 1051 2244 canendoque
1084 2171 1352 2227 monachi
1382 2171 1468 2227 vel
1500 2170 1845 2225 lassitudine
1892 2168 2076 2224 nimia

416 2266 849 2335 torquerentur,
882 2261 971 2317 vel
1024 2261 1081 2316 in
1114 2277 1237 2316 rem
1273 2277 1440 2317 suam
1475 2260 1690 2315 malam
1735 2259 2076 2315 concederet

422 2354 672 2409 damon.

489 2443 612 2497 172.
648 2441 746 2495 His
776 2440 955 2512 igitur
985 2440 1188 2494 devote
1234 2438 1639 2509 ferventerque
1672 2437 2072 2506 cantantibus,

420 2534 655 2585 tantum
688 2528 901 2582 virium
934 2531 1141 2599 praeter
1171 2526 1409 2581 solitum
1456 2526 1686 2581 mulieri
1718 2528 1943 2581 dmmon
1975 2526 2075 2581 ad-

425 2616 776 2682 ministrare,
810 2616 918 2688 [ut]
967 2614 1184 2686 plantis
1213 2617 1425 2687 pedum
1457 2615 1657 2669 altaris
1705 2614 1957 2669 scabello
1988 2614 2075 2668 in-

425 2706 578 2762 nixis
611 2706 826 2760 feroces
840 2706 1088 2776 juvenes
1119 2720 1362 2759 numero
1394 2703 1719 2775 decem,qui
1750 2720 1876 2758 eam
1913 2720 1946 2757 a
1968 2707 2079 2757 ter-

424 2811 497 2869 go
526 2793 581 2849 vi
613 2794 838 2859 sistere,
870 2792 1071 2864 procul
1104 2810 1231 2849 esse
1260 2798 1489 2864 cogeret
1521 2810 1532 2846 :
1572 2797 1721 2847 retro
1758 2792 2078 2861 modo,mo-

428 2884 501 2939 do
532 2883 673 2955 [eos]
696 2882 753 2935 in
789 2898 848 2937 se
881 2881 1173 2936 trudebat.
1202 2881 1385 2951 Opere
1414 2882 1666 2952 pretium
1698 2884 1822 2935 erat
1850 2880 2075 2935 vultum

426 2970 792 3037 horribilem,
826 2970 1033 3025 faciem
1079 2974 1332 3041 turpem,
1386 2974 1581 3026 truces
1629 2969 1846 3036 oculos,
1884 2974 2078 3023 motus

427 3058 831 3130 ineptissimos
855 3061 911 3112 et
933 3057 1349 3129 incompositos
1372 3076 1505 3113 cum
1528 3058 1725 3113 vultus
1746 3063 1871 3113 tum
1898 3059 2076 3113 totius

2174 488 2296 538 tare
2324 483 2618 538 videretur
2644 482 2893 545 daemon,
2914 476 3095 531 abbas
3126 472 3416 544 optimum
3447 470 3601 523 factu
3632 472 3791 535 ratus,

2169 572 2320 627 stola
2367 572 2565 643 gulam
2614 568 2880 625 mulieris
2947 564 3421 629 circumnectere,
3472 574 3547 613 ne
3593 558 3795 612 daemon

2169 658 2492 714 acrioribus
2540 656 2761 712 atfectis
2792 652 3119 719 tormentis,
3155 650 3203 705 si
3253 648 3513 719 spatium
3564 646 3795 715 daretur,

2171 763 2293 802 rem
2343 751 2663 818 perageret,
2700 762 2833 799 mox
2865 759 2993 798 eam
3028 738 3220 795 allerri
3244 738 3447 808 jussit.
3482 735 3594 790 Res
3632 734 3794 789 mira!

2171 838 2396 908 quoties
2427 836 2565 907 gula
2592 834 2741 891 stola
2771 828 3314 903 cingebatur,toties
3342 828 3569 880 daemon
3592 823 3800 877 inferio-

2171 942 2263 981 res
2293 931 2488 997 partes
2508 925 2595 980 vel
2630 923 2906 977 intestina
2927 925 3575 991 petere,nonnunquam
3608 913 3797 983 pedum

2172 1014 2258 1070 vel
2309 1030 2593 1069 manuum
2650 1018 2909 1067 extrema
2939 1009 3117 1063 adire.
3168 1005 3277 1061 Ubi
3310 1022 3376 1059 ea
3424 1003 3798 1067 amovebatnr,

2176 1120 2309 1157 mox
2356 1103 2553 1175 gulam
2596 1106 2874 1173 repetere.
2927 1100 3009 1153 En
3042 1101 3273 1169 quantae
3320 1093 3594 1165 [virtutis]
3648 1107 3800 1147 sacris

2174 1196 2361 1247 vestes
2391 1191 2715 1257 sint,facile
2745 1188 2994 1261 perspici
3025 1188 3131 1240 hoc
3164 1200 3279 1239 uno
3312 1179 3591 1237 miraculo
3622 1198 3655 1236 a
3684 1196 3804 1251 quo-

2176 1282 2504 1352 vis'potest.

2254 1372 2372 1425 174.
2408 1371 2551 1425 Cum
2602 1370 2783 1441 igitur
2812 1368 3040 1422 daemon
3074 1363 3358 1420 sacerdoti
3408 1361 3600 1417 verbis
3630 1358 3805 1431 fugam

2180 1460 2566 1531 promitteret,
2594 1465 2866 1514 caeterum
2899 1474 2961 1511 re
2991 1456 3118 1527 ipsa
3147 1454 3335 1510 acrior
3362 1451 3719 1521 ferociorque
3739 1450 3809 1501 in-

2178 1553 2381 1615 staret,
2417 1549 2776 1620 Spirituique
2806 1550 3007 1603 sancto
3039 1545 3196 1599 haud
3228 1544 3419 1599 locum
3451 1542 3634 1605 daret,
3658 1555 3809 1593 man-

2181 1638 2280 1691 dat
2310 1637 2587 1692 omnibus
2617 1637 2749 1691 aliis
2800 1633 3101 1689 monachis
3131 1633 3311 1687 abbas
3342 1647 3446 1703 pro
3476 1645 3540 1685 se
3579 1631 3811 1699 quisque

2181 1725 2638 1797 supplicationes
2686 1725 3092 1794 orationesque
3138 1722 3391 1787 habeat;
3424 1720 3579 1791 quod
3631 1718 3679 1774 si
3725 1733 3810 1773 nec

2181 1814 2264 1869 ita
2313 1815 2665 1885 procederet,
2695 1813 2929 1885 longam
2962 1829 3092 1867 cum
3128 1810 3358 1866 diabolo
3408 1808 3684 1864 certando
3715 1823 3811 1861 una

2183 1919 2386 1959 Omnes
2436 1920 2657 1957 moram
2690 1903 3007 1957 traherent.
3042 1901 3225 1964 Quam
3275 1916 3396 1954 rem
3429 1914 3563 1953 cum
3596 1900 3810 1951 strenue

2184 1991 2453 2046 monachi
2499 1995 2757 2063 agerent,
2789 1992 3028 2045 demum
3060 1990 3285 2043 dzemon
3317 1988 3396 2041 rei
3443 1987 3665 2042 exitum
3694 2002 3811 2039 sen-

2182 2081 2355 2145 tiens,
2389 2096 2476 2149 ea,
2510 2096 2625 2150 qua
2678 2080 2888 2151 potuit,
2919 2078 2975 2132 in
3029 2078 3303 2132 miseram
3335 2075 3640 2130 mulierem
3688 2091 3812 2128 usus

2183 2173 2271 2224 est
2299 2169 2512 2223 virtute
2546 2185 2557 2222 :
2593 2184 2727 2223 cum
2777 2167 2932 2223 enim
2966 2166 3098 2238 plus
3131 2166 3303 2220 solita
3329 2164 3527 2237 gulam
3570 2163 3811 2219 inflatam

2184 2258 2600 2329 turgidamque
2653 2258 2940 2321 redderet,
2995 2257 3137 2310 adeo
3203 2255 3560 2326 fatigabatur
3603 2253 3813 2321 mulier,

2184 2350 2293 2419 [ut]
2343 2346 2527 2402 oculis
2582 2347 2943 2415 sanguineis,
2992 2344 3250 2399 anhelitu
3283 2344 3502 2411 fuetido,
3537 2342 3705 2398 labiis
3734 2359 3811 2397 ex-

2186 2435 2417 2491 siccatis
2466 2441 2523 2489 et
2569 2435 2826 2506 pallidis,
2877 2439 2999 2490 toto
3050 2433 3299 2505 denique
3364 2432 3531 2487 vultu
3587 2437 3642 2487 et
3688 2432 3817 2486 facie

2185 2528 2443 2581 extrema
2492 2526 2696 2580 adesse
2758 2525 3089 2580 ostenderet
3130 2541 3142 2589 ;
3194 2523 3275 2577 ita
3322 2526 3387 2576 ut
3432 2522 3505 2576 de
3554 2538 3621 2577 ea
3668 2521 3816 2575 multi

2187 2619 2381 2668 actum
2436 2630 2564 2669 esse
2632 2617 2957 2669 censerent.
3013 2614 3113 2683 Eo,
3160 2612 3261 2684 qui
3312 2611 3577 2678 aderant,
3632 2626 3816 2665 omnes

2188 2702 2483 2758 Christum
2514 2706 2717 2757 Jesum
2752 2702 3199 2774 piissimamque
3229 2702 3357 2772 ejus
3386 2700 3682 2772 Virginem
3716 2693 3841 2755 Μαί

2188 2790 2335 2846 riam
2368 2792 2577 2846 saltem
2612 2791 2823 2847 animae
2853 2790 3102 2847 salutem
3132 2792 3357 2860 darent,
3390 2788 3661 2862 lacrymis
3687 2789 3815 2843 etfu-

2188 2881 2271 2936 sis
2303 2882 2748 2936 orare.Tandem
2782 2886 2914 2953 post
2945 2882 3495 2951 diuturnam,quam
3522 2880 3815 2933 adaemone

2188 2970 2245 3024 in
2276 2968 2413 3041 gula
2441 2969 2777 3039 pertulerat,
2810 2974 3117 3038 torturam,
3150 2970 3432 3024 carbones
3465 2969 3811 3039 nigerrimos,

2187 3058 2321 3129 pilis
2356 3059 2734 3129 conglobatos
2758 3058 3160 3130 spuens,illico
3183 3057 3499 3113 incolumis
3531 3056 3814 3127 facta[est],

426 3147 692 3219 corporis
722 3146 978 3219 aspicere
1009 3163 1020 3201 :
1060 3146 1255 3218 turpia
1285 3148 1341 3200 in
1378 3152 1557 3202 Deum
1602 3153 1919 3218 santosque
1950 3148 2078 3217 ejus
2111 3137 2151 3202 C
2192 3148 2419 3203 cunctis
2450 3148 2781 3202 inauditum
2806 3153 2861 3202 et
2884 3149 2955 3202 ab
2989 3148 3072 3202 eis
3094 3164 3397 3218 nunquam
3431 3146 3816 3217 visum[prodi-

432 3238 623 3307 edere,
652 3252 776 3309 qua:
810 3237 950 3290 dum
982 3237 1221 3307 accipio,
1254 3236 1551 3306 exhorreo,
1588 3254 1700 3292 non
1734 3238 1905 3291 modo
1939 3236 2085 3291 litte-

435 3326 517 3382 ris
568 3326 703 3381 dare
752 3326 966 3381 ausim.
1000 3326 1261 3397 Denique
1308 3326 1567 3381 bonitate
1596 3328 1737 3381 Jesu
1782 3326 2085 3396 sanctique

430 3416 675 3471 Joannis
707 3414 931 3470 meritis
964 3414 1238 3481 alio,voce
1272 3415 1491 3486 ingenti
1524 3416 2083 3486 emissa,concessit,

412 3504 744 3577 ‘mulierem
776 3507 1006 3559 tantum
1038 3503 1200 3558 illam
1233 3504 1398 3558 humi
1429 3509 1802 3574 prostratam,
1824 3506 1940 3559 vita
1972 3506 2088 3559 fere

436 3594 755 3649 extinctam
787 3593 1081 3649 deserens.
1117 3594 1250 3657 Quae
1284 3593 1459 3664 paulo
1492 3598 1623 3665 post
1653 3599 1918 3665 surgens‘
1954 3610 2087 3647 cum

438 3682 680 3737 ubinam
731 3681 993 3754 gentium
1043 3685 1216 3749 esset,
1264 3681 1403 3752 quid
1456 3682 1604 3736 cerei
1653 3682 1904 3751 accensi,
1951 3681 2089 3753 quid

439 3771 717 3845 Religiosi
771 3770 883 3825 sibi
915 3768 1146 3837 vellent,
1187 3770 1597 3839 admiraretur,
1631 3787 1691 3825 re
1722 3788 1755 3824 a
1784 3770 1908 3824 suis
1960 3769 2089 3823 dili-

437 3866 641 3935 genter
669 3859 919 3931 cognita,
954 3862 1067 3913 Deo
1099 3858 1317 3930 gratias
1350 3874 1529 3929 agens
1560 3858 2007 3928 contieuit.Conj
2021 3875 2095 3912 ux

438 3966 573 4005 vero
624 3964 790 4014 suus,
823 3948 908 4001 vir
941 3948 999 4000 in
1032 3945 1352 4017 Republica
1398 3945 1730 4000 Florentina
1760 3947 1903 4001 satis
1942 3964 2093 4017 prae-

444 4041 629 4104 stans,
661 4035 954 4091 oblatione
986 4051 1099 4089 non
1132 4051 1309 4105 parva
1338 4038 1393 4086 S.
1425 4034 1636 4088 Joanni
1670 4052 1771 4105 pro
1805 4040 1965 4090 tanto
1997 4036 2094 4090 be-

445 4125 653 4181 neticio
703 4124 857 4191 data,
907 4122 1074 4177 laetus
1137 4122 1508 4189 Florentiam,
1559 4140 1621 4177 se
1688 4129 1909 4190 sancta,
1961 4141 2095 4179 cum

437 4214 907 4283 interrogaretur
936 4210 1090 4265 unde
1120 4209 1599 4282 iret,peragrasse
1630 4211 1756 4267 loca
1786 4212 2098 4280 simulans,

447 4299 625 4356 venit.

518 4390 641 4444 173.
674 4388 927 4443 Alteram
959 4388 1029 4442 de
1060 4387 1261 4442 Castro
1311 4388 1675 4445 Bononiense
1708 4391 1852 4462 (181)
1887 4407 2097 4462 magno

2192 3238 2371 3309 gium]
2407 3237 3053 3307 admirantibus.[Tunc
3084 3236 3419 3306 illi],Jesum
3456 3240 3817 3305 sanctumque

2192 3327 2476 3382 Joannem
2508 3326 2823 3389 laudaudo,
2856 3325 3072 3397 expleri
3108 3326 3465 3398 nequibant:
3492 3325 3620 3379 inde
3646 3323 3697 3376 in
3731 3340 3796 3393 pa

2192 3416 2366 3471 triam
2400 3416 2536 3480 laeti,
2569 3416 2841 3470 virtutem
2896 3415 3139 3470 Joannis
3172 3414 3533 3470 sanctissimi
3572 3413 3814 3469 omnibus

2197 3506 2639 3559 occurrentibus
2672 3504 3072 3576 praedicantes,
3107 3504 3349 3560 rediere.

2839 3594 3021 3648 PARS
3072 3594 3210 3647 XIV.

2274 3682 2527 3736 175.Non
2544 3682 2729 3737 multo
2744 3682 3037 3753 post(nam
3053 3681 3149 3735 ille
3160 3699 3351 3736 annus
3365 3682 3644 3753 prodigiis
3656 3680 3815 3736 clarus

2201 3771 2669 3841 extitit)quidam
2704 3772 2773 3825 de
2804 3770 3329 3842 Valialla(182),cui
3364 3788 3575 3827 nomen
3610 3769 3814 3826 Bartho-

2201 3859 2403 3914 lomazc
2438 3860 2648 3926 fuerat,
2671 3860 2741 3914 ad
2773 3860 2882 3914 hoc
2911 3860 2968 3915 S.
3004 3860 3195 3914 Mariae
3226 3857 3815 3925 monasterium,haud

2202 3965 2379 4020 parva
2426 3947 2730 4001 hominum
2782 3949 2953 4002 turba
3000 3948 3332 4013 comitante,
3384 3949 3685 4005 concessit.
3732 3946 3816 4001 Hic

2204 4036 2378 4091 etiam
2428 4035 2667 4090 funibus
2700 4036 2960 4107 undique
3008 4041 3231 4109 septus,
3264 4037 3356 4091 vix
3388 4054 3420 4092 a
3450 4037 3819 4110 compluribus

2203 4126 2537 4195 juvenibus,
2572 4125 2670 4196 qui
2703 4125 2814 4180 sibi
2843 4125 3083 4180 comites
3114 4127 3448 4191 extiterant,
3473 4132 3531 4182 et
3562 4128 3657 4199 qui
3688 4124 3818 4181 domi

2205 4218 2344 4269 tunc
2374 4218 2540 4268 erant
2564 4218 2791 4285 (utpote
2839 4214 2937 4285 qui
2967 4215 3039 4269 ab
3071 4214 3274 4286 viginti
3305 4220 3361 4271 et
3390 4220 3519 4271 octo
3553 4215 3821 4289 spiritibus

2207 4301 2481 4373 malignis
2514 4303 3587 4375 torqueretur)detineri[poterat].0ui
3620 4305 3823 4377 quidem

2209 4392 2448 4464 pessimi
2481 4392 2724 4462 spiritus
2771 4393 3065 4448 interdum
3090 4394 3314 4464 jocum,
3347 4397 3694 4467 quandoque
3734 4399 3826 4446 ter-

444 4483 585 4535 natu
635 4477 964 4543 mulierem,
1015 4476 1384 4532 Anastasiam
1438 4478 1693 4549 nomine,
1727 4480 1929 4534 eodem
1982 4482 2099 4535 lere
2134 4503 2179 4566 D
2211 4497 2402 4536 rorem
2450 4481 2837 4550 praesentibus
2868 4481 3100 4537 inferre.
3134 4483 3276 4548 Quis
3322 4484 3479 4539 enim
3510 4489 3629 4539 tam
3670 4480 3830 4555 gravis

444 4572 705 4641 tempore
737 4567 807 4622 ad
840 4566 996 4621 istud
1028 4565 1287 4620 S.Mariae
1321 4567 1916 4635 monasterium,cum
1946 4574 2101 4623 esset

444 4675 479 4713 a
525 4658 785 4712 daemone
833 4659 1021 4727 capta,
1070 4655 1439 4710 contendisse
1506 4657 1858 4727 accepimus.
1910 4660 2095 4722 Quam

446 4746 719 4803 maximis
773 4745 1128 4800 cruciatibus
1160 4745 1451 4827 cruciasse
1495 4745 1816 4801 daemonem
1854 4763 2098 4819 semper

446 4837 537 4891 sui
590 4834 948 4899 asserebant,
984 4834 1083 4887 sed
1138 4832 1422 4904 praecipue
1468 4834 1610 4888 dum
1662 4834 1765 4889 has
1816 4834 2098 4889 finitimas

446 4924 964 4994 regiones,huucve
990 4938 1196 4993 agrum
1223 4923 1479 4993 primum
1506 4928 1643 4977 sunt
1666 4924 2099 4994 ingressi.Scepe

445 5012 661 5067 etenim
694 5028 937 5066 numero
971 5011 1233 5066 mulieris
1276 5012 1715 5067 suifocationem
1746 5013 1929 5077 veriti,
1964 5030 2098 5067 cum

446 5103 671 5157 daemon
722 5102 920 5171 gulam
970 5105 1212 5171 peteret,
1260 5104 1487 5154 tantum
1542 5101 1762 5155 caeteris
1836 5101 2100 5156 destituti

444 5190 698 5255 auxiliis,
730 5190 871 5245 Jesu
906 5188 1272 5260 Virginisque
1305 5187 1496 5242 Mariae
1544 5191 1882 5260 praesidium
1916 5190 2099 5263 lacry-

517 5331 960 5401 (181)0ppidum
994 5330 1051 5383 in
1084 5329 1301 5383 ditionc
1328 5330 1767 5396 Bononiensi,in
1804 5332 1894 5385 via
1926 5333 2102 5387 Ατῖωί-

448 5399 546 5527 Ιίειἰ
579 5399 1021 5457 ἱῑιῑθῐῖῚιϊιοΙωῐι
1070 5401 1140 5456 ad
1192 5416 1490 5465 occasum,
1524 5407 1580 5455 et
1634 5404 1966 5458 Faventiam
2024 5405 2096 5459 ad

452 5489 518 5527 or
548 5488 668 5525 um.

452 5488 668 5527 ortum.

521 5542 1008 5621 (182)Locatellus
1039 5542 1137 5598 lib.
1176 5561 1214 5614 ι,
1237 5560 1363 5615 cap.
1390 5544 1510 5611 107,
1536 5542 1617 5597 ait
1656 5546 1943 5603 i’alz’anam
1969 5564 2097 5603 esse

2211 4576 2332 4626 tam
2364 4571 2611 4641 rigidus,
2648 4574 2754 4640 [ut]
2786 4572 2855 4625 de
2887 4589 2949 4627 se
2980 4573 3165 4627 risum
3199 4590 3312 4627 non
3346 4574 3741 4639 dedisset,cum
3769 4586 3828 4623 ex

2207 4676 2304 4715 ore
2356 4660 2529 4714 unius
2562 4660 2753 4715 varias
2798 4676 2967 4725 voces
2998 4662 3155 4715 vario
3205 4666 3365 4716 motu
3399 4665 3575 4719 verba
3615 4662 3830 4718 edentes

2207 4748 2547 4820 accepisset,
2580 4749 2659 4803 ita
2709 4754 2772 4804 ut
2803 4751 3107 4821 populum,
3140 4769 3251 4805 non
3289 4769 3473 4807 unum
3525 4754 3834 4825 loquentem

2209 4843 2442 4909 putares
2466 4838 2492 4890 ?
2516 4838 2581 4891 Et
2612 4838 2785 4892 etiam
2818 4838 2949 4908 quis
2983 4844 3100 4893 tam
3135 4840 3481 4905 fatuus,tam
3514 4859 3685 4897 sensu
3714 4837 3836 4893 levis

2209 4944 2330 4981 rem
2378 4926 2775 4998 prodigiosum
2812 4931 3059 4992 tant-am,
3091 4934 3327 4999 tamque
3373 4930 3708 4986 horribilem
3738 4943 3831 4982 non

2210 5015 2465 5071 maxima
2488 5033 2621 5069 cum
2654 5015 2963 5070 formidine
2994 5017 3385 5072 admiraretur
3404 5019 3585 5074 ?Mihi
3610 5020 3833 5092 profectu

2210 5105 2592 5173 incredibilia,
2671 5106 3072 5161 commcntitia
3146 5106 3395 5177 fictaque
3471 5114 3680 5173 essent,
3736 5102 3831 5159 nisi

2213 5194 2614 5264 Evangelistze,
2648 5194 2747 5264 qui
2798 5210 2900 5247 nec
2935 5194 3165 5248 mentiri
3218 5196 3421 5252 volunt
3454 5215 3557 5253 nec
3590 5196 3832 5271 possunt,

2213 5339 2469 5389 castrum
2502 5336 2557 5407 in
2594 5336 2859 5405 partibus
2890 5337 3218 5407 Hungariae.
3245 5340 3529 5395 Martinus
3559 5337 3832 5407 Zeilleriufs

2216 5407 2271 5461 in
2287 5406 2674 5483 descriptione
2694 5407 3615 5483 llungariaiineminitcujusdam
3640 5406 3833 5483 oppidi.

2218 5480 2371 5548 quod
2439 5478 2742 5532 l’arallz‘um
2774 5485 2957 5535 vocat.
2994 5478 3197 5535 Utrum
3252 5480 3397 5537 illud
3427 5483 3518 5539 hic
3552 5478 3836 5543 indicetur,

2218 5567 2333 5606 non
2368 5548 2532 5605 facile
2563 5549 2773 5607 dicam.
