4002 6170
195 344 308 410 881

1780 343 1985 406 ACTA
1998 388 2015 407 .

3483 357 3602 422 882

195 475 508 549 quemdam
543 492 578 532 a
606 477 852 536 Domino
883 478 1022 536 Jesu
1053 476 1406 534 incolumem
1438 478 1845 551 factum,eum-
1873 478 1929 545 Α
1957 495 2154 536 serum
2187 479 2354 538 illum
2403 482 2728 555 ingressus,
2758 486 2901 542 adeo
2947 487 3262 544 crudeliter
3299 505 3433 546 eum
3482 495 3601 549 tor-

195 583 307 638 que
343 583 377 622 a
406 565 632 638 legione
658 567 1080 624 daemoniorum
1113 574 1369 640 captum,
1395 568 1720 623 litterarum
1751 568 1840 622 in-

191 655 345 718 dicio
378 655 675 710 memoriis
707 656 1104 712 tradidissent.

264 745 390 798 176.
427 743 595 801 Nunc
635 746 707 800 ad
756 745 1118 816 propositum
1172 745 1404 800 rediens
1451 748 1837 817 [prosequor].

189 831 337 888 Cum
365 833 488 901 jam
511 833 582 888 de
603 835 730 904 ejus
753 834 1032 905 sospitate
1062 851 1096 888 a
1115 834 1344 889 cunctis
1365 835 1482 889 fere
1503 834 1666 906 (quia
1690 834 1838 888 mul-

190 926 288 978 tos
319 921 624 977 incassum
645 922 768 977 dies
798 922 857 976 in
889 921 991 977 tali
1012 939 1183 994 opere
1209 924 1716 994 consumpserant)
1740 924 1839 978 de-

187 1015 550 1083 speraretur,
585 1015 643 1066 et
669 1011 780 1067 hoc
809 1016 1066 1068 aestuans
1095 1012 1292 1068 animo
1323 1030 1428 1068 suo
1459 1012 1705 1084 agitaret
1733 1013 1840 1067 ab-

187 1103 322 1168 bas,
343 1101 460 1172 [an]
486 1100 781 1156 omitteret
806 1101 1126 1172 inceptum,
1150 1102 1425 1172 quoniam
1459 1103 1674 1157 frustra
1696 1105 1838 1167 erat,

185 1207 263 1246 an
298 1189 359 1262 S_.
390 1188 636 1245 Joannis
667 1189 946 1245 virtutem
993 1195 1342 1262 expectaret,
1379 1208 1496 1262 qua
1543 1207 1694 1262 sazpe
1733 1191 1840 1244 du-

184 1277 397 1344 rando,
423 1278 482 1333 in
515 1277 718 1332 multis
741 1295 1017 1350 prospere
1043 1296 1186 1335 usus
1215 1280 1424 1347 fuerat,
1446 1280 1640 1351 inquit
1668 1297 1845 1335 senex

183 1373 474 1441 provecta
503 1367 690 1422 aetatis
722 1368 1046 1424 monachus
1068 1369 1309 1440 quidam
1340 1371 1542 1424 Petrus
1566 1369 1801 1423 nomine
1827 1385 1839 1422 :

182 1458 336 1513 Pace
368 1455 632 1512 omnium
664 1456 934 1521 dixerim,
959 1457 1440 1512 reverendissime
1467 1458 1652 1512 Pater.
1681 1457 1845 1511 Hunc

182 1548 301 1603 nisi
334 1546 687 1601 incolumem
731 1545 868 1601 hinc
898 1547 1058 1602 abire
1089 1547 1136 1602 si
1179 1547 1436 1618 permitti
1471 1545 1841 1613 censueritis,

182 1638 242 1694 in
279 1636 464 1692 totius
514 1635 854 1691 monasterii
888 1637 1144 1692 dedecus
1191 1652 1319 1692 esse
1362 1636 1592 1690 dubitet
1642 1651 1841 1702 nemo;

180 1742 321 1782 cum
351 1723 484 1780 luce
514 1723 730 1780 clarius
751 1729 980 1779 constet
1006 1741 1142 1780 eum
1176 1724 1382 1779 multis
1403 1724 1699 1796 variisque
1731 1723 1848 1794 spi-

1951 585 2151 640 quere,
2177 571 2288 641 [ut]
2323 571 2596 642 frequens
2629 574 2882 646 populus
2913 577 3130 632 ad'rem
3157 581 3331 633 tantae
3361 583 3603 654 tamque

1947 656 2228 714 inaudita:
2272 659 2636 717 crudelitatis
2683 663 3008 736 visendam,
3041 682 3108 720 ex
3137 668 3390 738 oppidis,
3422 669 3598 741 villis,

1950 747 2300 818 mapalibus,
2327 765 2443 820 qua
2473 749 2582 804 iter
2609 751 2693 806 uti
2724 751 2972 808 insanus
2992 753 3245 811 habebat
3273 757 3602 832 (aufugerat

1949 836 2126 907 enim)
2159 843 2548 893 concurreret.

2023 927 2145 980 179.
2169 926 2417 982 Demum
2441 926 2760 984 calliditate
2784 929 3104 986 multorum
3128 935 3604 1006 captus,vinctis~

1950 1030 2063 1083 que
2121 1015 2370 1085 pedibus
2418 1020 2476 1071 et
2527 1017 2823 1086 manibus,
2863 1036 2978 1074 non
3037 1037 3213 1091 parva
3263 1023 3600 1080 mortalium

1951 1103 2125 1158 turba
2147 1104 2483 1172 comitante,
2506 1121 2640 1161 eum
2661 1107 2733 1162 ad
2758 1107 2867 1164 hoc
2885 1109 2943 1164 S.
2961 1109 3154 1164 Mariae
3178 1113 3601 1168 monasterium

1950 1196 2176 1247 traxere
2231 1194 2526 1249 invitum:
2563 1198 2717 1268 quod
2770 1196 2928 1252 haud
2978 1198 3271 1268 fecissent,
3304 1199 3364 1255 ni
3413 1201 3604 1257 bonus

1953 1282 2257 1353 presbyter
2299 1283 2562 1354 quidam,
2597 1300 2798 1340 eorum
2850 1286 3190 1344 infortuniis
3220 1289 3604 1362 compatiens,

1955 1370 2226 1442 precibus
2252 1375 2307 1427 et
2338 1373 2702 1428 orationibus
2733 1373 2970 1430 tulisset
3002 1391 3194 1447 opem.
3229 1377 3395 1434 Hunc
3427 1380 3606 1435 undi-

1955 1475 2068 1529 que
2102 1459 2341 1514 funibus
2372 1465 2625 1533 septum,
2662 1461 2902 1532 quidam
2950 1480 3018 1518 ex
3070 1465 3286 1520 nostris
3316 1467 3605 1535 videntes,

1956 1564 2126 1619 quem
2161 1548 2348 1604 multo
2387 1551 2596 1620 major,
2631 1567 2809 1620 quam
2861 1556 3048 1623 antea,
3083 1553 3252 1608 turba
3298 1554 3606 1612 hominum

1957 1637 2377 1708 sequebantur,
2411 1637 2471 1693 in
2514 1638 2960 1695 admirationem
3011 1645 3069 1696 et
3116 1645 3416 1715 stuporem
3455 1644 3610 1700 versi

1957 1725 2112 1780 intro
2153 1726 2430 1780 nuntiant
2463 1727 2926 1798 quamprimum.
2961 1729 3037 1784 Eo
3088 1731 3360 1787 monachi
3391 1748 3518 1789 sese
3548 1732 3608 1788 in

179 1815 404 1912 ritibus
435 1813 790 1912 impugnari.
824 1814 902 1867 Eo
935 1813 1093 1912 utile‘
1121 1813 1558 1912 honestumque
1584 1813 1733 1866 duco
1757 1811 1844 1910 .(et
1873 1847 1922 1912 B
1957 1813 2259 1870 diabolum
2281 1815 2570 1886 expedire,
2596 1831 2760 1870 arma
2781 1817 3115 1888 spiritualia
3148 1835 3370 1888 parare,
3394 1820 3476 1875 nil
3496 1821 3607 1876 hu-

181 1903 350 1959 idem
375 1918 479 1959 vos
519 1918 689 1973 spero
721 1902 952 1972 ducere)
985 1902 1094 1973 [ut]
1125 1900 1284 1956 nullo
1327 1901 1526 1956 labore
1555 1915 1689 1955 cum
1721 1899 1842 1955 sin-

181 1990 381 2065 gulari
415 1994 543 2046 tum
570 1989 886 2046 universali
924 1990 1083 2057 victi,
1116 1990 1197 2046 rei
1228 1989 1448 2045 exitum
1499 1989 1677 2044 etiam
1714 1988 1842 2043 diu-

178 2081 476 2136 turnitate
501 2079 786 2152 temporis
826 2077 1250 2150 praestolemur.
1285 2078 1453 2134 Senis
1493 2078 1843 2133 sententiam

182 2169 441 2225 laudant
470 2173 527 2224 et
557 2168 805 2239 probant
834 2185 1059 2224 omnes.

255 2259 391 2312 177.
426 2256 582 2312 Illico
616 2257 718 2311 uni
749 2273 820 2312 ex
839 2255 1142 2312 monachis
1172 2256 1424 2327 imperat
1452 2255 1656 2319 abbas,
1681 2271 1848 2310 sum-

187 2350 290 2418 pta
317 2361 493 2402 cruce
518 2345 762 2406 Joannis
786 2344 1166 2410 sanctissimi,
1191 2344 1289 2398 diu
1312 2343 1580 2415 legendo,
1604 2344 1845 2409 orando,

186 2434 234 2490 si
269 2435 426 2490 forte
457 2433 570 2490 alio
614 2434 954 2502 concedant,
986 2432 1334 2504 experiatur.
1369 2433 1454 2486 Ad
1494 2432 1604 2486 hoc
1633 2431 1848 2486 mirum

193 2522 607 2593 spectaculum
655 2522 915 2593 undique
947 2520 1223 2594 Religiosi
1273 2525 1330 2576 et
1378 2521 1686 2576 saeculares
1717 2536 1848 2573 cum

195 2613 586 2680 conﬂuerent,
621 2612 810 2668 factus
840 2615 931 2667 est
959 2626 1243 2665 numerus
1275 2626 1388 2664 non
1413 2610 1678 2681 exiguus.
1705 2610 1848 2664 Cum

194 2702 386 2775 igitur
414 2701 692 2773 utrinque
732 2705 969 2756 strenue
1005 2703 1386 2772 pugnaretur,
1422 2715 1527 2754 nec
1560 2699 1852 2753 daemones

193 2792 251 2846 in
285 2807 417 2846 rem
449 2807 619 2846 suam
651 2790 1056 2855 concederent,
1080 2789 1270 2844 fessus
1298 2787 1696 2860 tatigatusque
1729 2804 1854 2842 mo-

191 2879 433 2938 nachus
463 2878 748 2950 [quievit].
781 2878 1133 2934 Conﬂictum
1189 2877 1349 2932 subit
1397 2876 1563 2947 alter,
1617 2877 1752 2930 inde
1797 2880 1855 2930 et

192 2969 372 3024 alter.
415 2972 662 3023 Demum
712 2967 909 3024 servos
956 2984 1096 3023 suos
1146 2966 1462 3022 miseratus
1514 2967 1790 3034 Joannes,
1823 2982 1857 3019 a

188 3057 338 3113 Jesu
364 3057 554 3129 gratia
574 3057 904 3127 impetrata,
929 3055 1225 3120 facillime,
1251 3071 1404 3109 unus
1425 3053 1692 3109 diabolus
1723 3058 1856 3125 post

193 3145 457 3202 alterum
513 3144 708 3200 divino
765 3148 936 3214 nutu,
969 3145 1104 3199 dato
1159 3143 1394 3215 proprio
1452 3143 1708 3212 nomine,
1743 3141 1856 3197 alia

1949 1905 2213 1976 jusmodi
2235 1903 2466 1976 negotio
2488 1904 2886 1960 necessarium
2908 1904 3267 1977 relinquere;
3293 1907 3424 1963 odio
3449 1909 3607 1965 enim

1954 1991 2192 2056 diaboli,
2217 1993 2555 2064 pudoreque
2584 1993 2695 2056 sui,
2731 1994 2869 2064 quia
2911 1997 3032 2049 tam
3063 1994 3177 2050 cito
3208 1996 3481 2065 redierat,
3511 2013 3608 2053 ve-

1954 2080 2259 2135 hementer
2288 2080 2488 2150 agitati
2514 2080 2748 2151 [erant].
2773 2079 2988 2136 Verum
3021 2081 3240 2137 mirum
3268 2086 3392 2138 orat
3419 2083 3610 2139 varios

1956 2169 2015 2223 in
2047 2185 2162 2225 uno
2194 2185 2432 2240 corpore
2461 2169 2662 2224 audire
2693 2168 2958 2240 spiritus,
2992 2187 3107 2224 non
3141 2170 3334 2226 solum
3365 2171 3611 2228 diversis

1955 2257 2174 2329 linguis
2194 2257 2522 2328 loquentes,
2545 2273 2744 2312 verum
2770 2257 2947 2312 etiam
2971 2263 3170 2313 motus
3192 2258 3611 2332 incompositos

1959 2347 2163 2401 eodem
2221 2347 2280 2400 in
2329 2361 2567 2416 corpore
2614 2346 2821 2400 dantes
2875 2345 3132 2416 [videre].
3166 2346 3382 2402 Omnes
3430 2346 3612 2414 enim,

1959 2435 2059 2506 qui
2090 2439 2252 2489 tanto
2283 2435 2498 2505 talique
2532 2433 2866 2505 spectaculo
2897 2433 3139 2488 aderant
3160 2435 3427 2501 (aderant
3453 2435 3612 2490 enim

1961 2523 2292 2595 complures
2338 2523 2512 2577 etiam
2546 2524 2826 2592 provecta:
2857 2521 3046 2576 etatis
3093 2520 3417 2594 Religiosi),
3442 2539 3504 2578 se
3534 2522 3614 2578 si-

1960 2612 2099 2667 mile
2130 2627 2434 2682 nunquam
2467 2610 2762 2665 audivisse
2790 2609 2882 2664 vel
2911 2609 3126 2665 vidisse
3159 2611 3519 2666 asserebant.

2034 2701 2156 2755 180.
2182 2705 2326 2754 Dum
2357 2699 2540 2772 igitur
2566 2697 2626 2753 in
2649 2698 2972 2754 sacrarium
3002 2715 3320 2754 concursus
3344 2698 3610 2754 omnium

1962 2788 2466 2856 ﬁeret,monachis
2497 2805 2632 2842 cum
2658 2789 2720 2843 S.
2740 2787 2988 2843 Joannis
3019 2785 3257 2844 brachio
3289 2787 3614 2855 orantibus,

1962 2878 2234 2950 princeps
2256 2877 2522 2933 omnium
2539 2878 2767 2932 daemon
2793 2877 2918 2948 qui,
2935 2879 2999 2932 ut
3020 2893 3200 2948 supra
3220 2875 3497 2946 diximus,
3514 2875 3621 2931 mi-

1965 2985 2160 3024 serum
2184 2967 2481 3022 hominem
2501 2966 2661 3022 solus
2685 2965 2847 3038 prius
2871 2966 3184 3033 invaserat,
3201 2965 3619 3038 inquit:Suam

1965 3056 2267 3129 promittat
2279 3056 2457 3110 vitam
2476 3055 2753 3126 deinceps
2769 3055 2997 3126 justius
3015 3070 3077 3110 se
3095 3054 3504 3109 instituturum
3519 3054 3625 3123 (ita

1967 3151 2166 3200 tamen
2199 3145 2306 3215 [ut]
2348 3144 2520 3198 dictis
2570 3144 2723 3198 facta
2768 3144 3128 3215 compenset)
3159 3147 3217 3198 et
3262 3159 3369 3199 nos
3419 3159 3624 3199 omnes

198 3233 409 3290 adiere
434 3232 577 3289 loca.
607 3235 866 3298 Quorum
897 3232 1139 3287 nomina
1175 3246 1246 3286 ex
1283 3231 1588 3286 monachis
1619 3229 1858 3301 quidam
1891 3211 1934 3277 C
1975 3233 2192 3290 ibimus
2222 3233 2280 3286 in
2313 3248 2432 3286 rem
2471 3235 2753 3286 nostram.
2793 3211 2952 3286 Illico
2983 3232 3033 3284 is
3067 3211 3168 3302 [se]
3198 3230 3378 3285 vitam
3409 3231 3468 3285 in
3502 3246 3624 3284 me-

199 3321 506 3377 memoriaa
537 3322 813 3377 mandare
835 3320 1061 3377 curavit
1085 3319 1423 3392 diligenter;
1457 3319 1594 3374 inde
1622 3318 1680 3372 in
1704 3318 1854 3372 tanti

200 3409 491 3466 facinoris
520 3411 862 3466 memoriam
907 3410 967 3464 in
1016 3408 1256 3464 sacrarii
1289 3407 1484 3480 pluteo
1539 3407 1857 3475 recondita,

194 3500 311 3556 diu
366 3505 700 3556 conservata
746 3503 929 3554 sunt:
964 3502 1089 3554 orto
1137 3496 1349 3553 deinde
1394 3497 1547 3552 inter
1576 3496 1859 3550 finitimos

193 3588 385 3656 bello,
418 3605 552 3644 cum
585 3588 923 3644 monasterii
963 3587 1188 3658 Optima
1228 3601 1474 3657 quaeque
1505 3585 1576 3639 ad
1606 3583 1855 3639 Pithiani

197 3694 406 3734 arcem
429 3677 900 3749 deportarentur,
936 3677 1130 3731 nescio
1160 3692 1274 3745 qua
1321 3674 1526 3745 gratia,
1560 3691 1678 3728 una
1721 3689 1856 3728 cum

192 3766 510 3824 nonnullis
538 3766 668 3823 aliis
690 3768 862 3822 rebus
889 3765 1109 3820 amissa
1129 3767 1290 3818 sunt.
1314 3763 1498 3834 Igitur
1519 3766 1860 3834 recuperata

190 3858 484 3923 sanitate,
508 3855 965 3912 Bartholomaeus
997 3853 1094 3909 ille
1125 3871 1244 3908 una
1270 3867 1406 3908 cum
1437 3853 1656 3908 caeteris
1680 3853 1858 3907 virtu-

189 3951 319 4004 tem
352 3946 599 4002 Joannis
648 3943 1007 4001 sanctissimi
1057 3943 1127 3998 ad
1176 3941 1386 3997 coelum
1419 3941 1710 3997 extollere.
1750 3943 1856 3996 De-

190 4052 395 4102 mum,
426 4039 666 4108 sumpta
695 4053 730 4091 a
759 4035 924 4090 Patre
954 4031 1293 4088 monasterii
1329 4031 1749 4099 benedictione,
1784 4031 1854 4085 ad

187 4141 311 4181 sua
342 4123 462 4180 lati
494 4124 739 4180 rediere.

271 4215 404 4268 178.
438 4214 645 4268 Petrus
685 4212 926 4284 quidam
974 4210 1277 4275 Dominici,
1325 4210 1396 4264 de
1445 4208 1601 4264 Prati
1648 4209 1856 4263 veteris

187 4319 346 4376 agro
372 4303 542 4373 (183),
567 4303 669 4374 qui
696 4303 1021 4357 daemonem
1045 4299 1412 4371 incognitum
1437 4314 1539 4368 per
1563 4299 1710 4352 duos
1742 4298 1858 4352 fere

187 4408 418 4461 annos,
453 4396 519 4447 ut
550 4392 676 4463 ipse
706 4392 944 4446 demum
989 4389 1355 4457 autumabat,
1392 4386 1615 4452 habuit,
1647 4387 1716 4439 ad
1748 4386 1858 4440 hoc

187 4483 440 4539 Sanctae
476 4481 666 4536 Maria:
710 4478 1135 4535 monasterium
1182 4491 1397 4547 magna
1425 4491 1559 4529 cum
1591 4473 1855 4528 omnium

1967 3322 2085 3377 lius
2117 3325 2507 3381 mutaturum,
2541 3334 2852 3389 moresque
2892 3334 3030 3373 suos
3078 3317 3368 3389 pessimos
3398 3333 3625 3372 correc-

1967 3419 2168 3465 turum
2201 3408 2434 3463 fatetur.
2462 3406 2528 3461 Hi
2560 3405 2758 3477 itaque
2784 3405 3081 3459 daemones
3111 3420 3289 3476 parvo
3321 3405 3456 3458 dato
3480 3407 3626 3459 tem-

1969 3499 2126 3571 poris
2160 3495 2486 3565 intervallo,
2521 3510 2724 3548 omnes
2769 3509 2887 3548 una
2915 3491 3106 3548 varios
3145 3508 3321 3548 sonos
3351 3491 3623 3548 emitten-

1967 3591 2076 3652 tes,
2126 3587 2207 3641 ita
2256 3589 2322 3640 ut
2379 3583 2686 3638 hominum
2747 3579 3186 3636 multitudinem
3239 3581 3483 3648 diceres,
3507 3579 3620 3637 alio

1969 3675 2416 3731 contenderunt.
2455 3669 2768 3726 Incolumis
2797 3669 2895 3724 ille
2927 3671 3053 3740 jam
3085 3669 3295 3736 factus,
3322 3669 3621 3724 monitus-

1969 3780 2082 3836 que
2113 3781 2146 3818 a
2177 3761 2496 3828 sacerdote,
2539 3775 2642 3830 per
2684 3758 3111 3813 confessionem
3159 3757 3275 3812 Deo
3323 3756 3618 3812 adhaerere

1967 3849 2240 3925 [statuit].
2280 3847 2491 3904 Habita
2537 3863 2782 3901 suorum
2835 3844 3120 3901 scelerum
3170 3843 3435 3916 diligenti
3482 3861 3619 3899 con-

1968 3940 2242 4010 fessione,
2273 3938 2399 4009 ipse
2429 3940 2486 3992 et
2511 3935 2653 3991 socii
2697 3934 2811 3990 laeti
2843 3938 2901 3990 et
2930 3933 3310 4004 admirantes,
3340 3933 3638 3989 virtutem.

1965 4028 2211 4086 Joannis
2243 4023 2606 4082 sanctissimi
2639 4023 2710 4078 ad
2762 4023 2979 4078 aathera
3026 4021 3385 4090 extollentes,
3419 4021 3479 4076 in
3511 4021 3619 4078 Ca-

1968 4116 2183 4175 sentini
2214 4114 2446 4181 vallem,
2479 4113 2616 4168 inde
2645 4112 2703 4167 in
2736 4111 2986 4183 patriam
3019 4110 3262 4166 rediere.

2043 4207 2162 4261 181.
2199 4205 2526 4268 Quamdam
2577 4201 2816 4257 alteram
2861 4203 3190 4255 matronam
3222 4200 3294 4255 de
3325 4198 3622 4255 Flaminiae

1969 4295 2236 4368 partibus
2267 4294 2336 4349 ad
2359 4292 2469 4347 hoc
2491 4293 2548 4347 S.
2583 4289 2777 4346 Marias
2799 4290 2870 4344 de
2891 4287 3054 4344 Valle
3076 4287 3363 4344 Umbrosa
3383 4288 3620 4344 venisse

1968 4383 2300 4455 accepimus
2333 4378 2790 4445 monasterium;
2815 4381 2872 4434 et
2901 4377 3224 4432 dazmonem
3248 4376 3348 4447 qui
3377 4393 3506 4432 eam
3539 4377 3625 4430 in-

1966 4476 2214 4540 vaserat,
2249 4473 2379 4542 post
2411 4467 2598 4523 multa
2629 4482 2762 4520 cum
2807 4480 2874 4520 ea
2923 4463 3126 4520 habita
3156 4464 3496 4532 certamina,
3530 4480 3624 4518 sa-

186 4570 619 4640 admiratione,
653 4585 770 4641 qua
791 4567 1100 4633 transibat,
1121 4565 1194 4621 ob
1226 4563 1418 4620 multa
1443 4567 1499 4618 et
1526 4562 1702 4622 varia.
1729 4579 1856 4634 qua
1892 4579 1936 4642 D
1966 4561 2209 4629 cerdoti,
2234 4559 2334 4628 qui
2373 4558 2608 4628 signum
2640 4553 2890 4627 petebat,
2915 4552 3171 4607 dixisse:
3198 4551 3305 4607 Ubi
3336 4550 3452 4642 alio
3482 4567 3624 4642 oon-

189 4662 413 4734 inepte
444 4660 653 4731 agebat
687 4663 745 4713 et
785 4657 1034 4723 dicebat,
1066 4655 1122 4710 vi
1153 4672 1186 4710 a
1229 4653 1350 4709 suis
1381 4654 1593 4708 ductus
1624 4652 1861 4706 tandem

185 4750 333 4806 fuit.
375 4748 525 4803 Huic
573 4750 768 4803 tantas
814 4745 966 4800 vires
1011 4745 1237 4798 dzemon
1288 4741 1720 4810 administrare,
1755 4741 1863 4811 [ut]

185 4839 447 4894 vinetus
476 4836 736 4908 undique
775 4833 1039 4899 funibus,
1066 4831 1242 4887 etiam
1274 4849 1307 4886 a
1334 4831 1525 4885 tribus
1574 4829 1716 4884 viris
1747 4829 1862 4883 for-

182 4911 464 4985 tissimis
493 4941 687 4980 coram
733 4921 1093 4979 sanctissimi
1123 4920 1367 4976 Joannis
1414 4917 1654 4974 brachio
1704 4917 1864 4972 haud

186 5017 338 5073 sisti
376 5019 596 5088 posset.
624 5013 732 5078 Qui
772 5011 939 5068 facile
988 5008 1627 5082 sospitatem-omnium
1679 5022 1868 5061 mem-

184 5107 457 5162 brorum
501 5099 1006 5174 recipiens,‘tanti
1065 5097 1329 5154 beneﬁcii
1384 5097 1719 5161 immemor,
1751 5111 1867 5149 non

186 5195 410 5252 solum
428 5208 569 5248 suos
590 5191 880 5264 pessimos
902 5191 1186 5258 mores,ut
1205 5185 1476 5242 monachi
1497 5189 1867 5253 monuerant,

187 5301 326 5340 non
366 5282 634 5349 mutavit,
656 5281 757 5335 sed
789 5279 882 5334 his
912 5283 970 5334 et
999 5277 1144 5333 alios
1173 5275 1398 5332 addidit
1419 5274 1602 5328 multo
1635 5272 1873 5343 nequio-

185 5389 330 5429 ves.
360 5372 440 5427 Eo
483 5370 682 5426 divina
715 5367 950 5440 justitia
980 5366 1263 5438 exigente,
1291 5365 1444 5418 idem
1497 5363 1722 5416 daemon
1755 5377 1872 5414 una

188 5479 354 5520 cum
390 5464 612 5532 septem
639 5463 697 5514 et
726 5457 1115 5530 quadraginta
1141 5453 1445 5526 spiritibus
1469 5449 1742 5520 malignis
1770 5449 1874 5503 mi-

1973 4648 2251 4706 tendendi
2270 4652 2504 4717 tempus
2523 4643 2831 4698 imminere
2851 4639 3354 4712 cognovero,quod
3375 4638 3521 4709 jamj
3531 4655 3624 4693 am

1975 4736 2264 4811 prospicio
2315 4736 2539 4797 adesse,
2565 4731 2768 4786 asinus
2820 4727 3022 4783 rustici
3070 4727 3379 4798 cujusdam
3411 4725 3512 4797 qui
3555 4727 3627 4781 de

1976 4843 2120 4898 rUpe
2150 4822 2533 4888 descendens,
2558 4819 2668 4873 hac
2692 4817 2803 4872 iter
2831 4814 3090 4886 habebit,
3123 4830 3450 4887 congruum
3481 4812 3627 4869 satis

1976 4914 2476 4981 manifestumque
2497 4924 2638 4963 mea
2658 4903 3034 4962 discessionis
3052 4904 3311 4977 signum,
3327 4919 3420 4959 me
3439 4906 3630 4959 tacen-

1978 5009 2053 5074 te,
2078 5002 2242 5058 dabit
2267 5019 2280 5057 :
2316 4999 2492 5072 pedes
2517 4995 2672 5052 enim
2697 4995 2825 5067 ejus
2857 4993 3000 5050 adeo
3031 4993 3197 5048 humi
3219 4992 3494 5064 deﬁgam,
3518 4993 3626 5063 [ut]

1978 5108 2083 5148 nec
2115 5091 2273 5156 inde,
2308 5087 2422 5143 nisi
2453 5084 2658 5141 ferreis
2686 5081 3096 5140 instrumentis
3126 5079 3364 5150 relictis,
3387 5079 3630 5136 evellere

1979 5180 2342 5254 [quisquam]
2364 5175 2573 5231 valeat.
2598 5178 2719 5229 Hoc
2751 5172 2907 5228 enim
2931 5187 3064 5226 cum
3095 5175 3153 5227 et
3182 5169 3495 5224 ridiculum
3526 5184 3631 5242 nec

1980 5268 2123 5326 satis
2145 5265 2493 5322 conveniens
2521 5262 2726 5318 multis
2751 5262 2849 5333 qui
2881 5261 3122 5315 aderant
3150 5258 3475 5325 videretur;
3497 5272 3630 5312 ecce

1980 5359 2134 5414 illico
2168 5355 2446 5423 rusticus,
2477 5353 2720 5424 ignarus
2750 5350 2932 5419 hujus
2963 5347 3068 5413 rei,
3099 5363 3270 5419 opem
3301 5346 3630 5419 requirens,

1982 5446 2420 5519 ingrediebatur
2439 5441 2744 5514 capellam,
2770 5452 3036 5492 asserens
3059 5436 3291 5492 asinum
3315 5451 3490 5506 quem
3522 5435 3634 5490 du-

279 5569 443 5641 (183)
474 5571 734 5641 Pratrum
787 5563 1368 5641 vctus,__vulgo_i’ra_to
1389 5559 1644 5641 'cec‘chio,
1674 5556 1853 5612 situm
1885 5559 1974 5612 est
2004 5571 2182 5629 prope
2211 5567 2472 5609 eremum
2503 5545 3030 5605 Camaldulensem.
3063 5545 3221 5601 Inter
3248 5543 3406 5601 hunc
3435 5543 3627 5600 locum

185 5647 256 5703 et
284 5631 661 5700 ‘Florentiam
688 5640 806 5696 fere
836 5637 1029 5694 media
1057 5631 1147 5693 est
1173 5632 1356 5690 Vallis
1389 5631 1696 5688 Umbrosa.
