4002 6170
326 282 441 344 883

1374 280 1437 339 8.
1485 281 1812 343 JOANNIS
1860 280 2303 343 GUALBERTI
2348 280 2681 342 ABBA'I‘lS

3625 277 3742 341 884

332 414 515 483 cehat,
550 411 721 487 paulo
752 416 888 468 ante
931 411 1011 468 ita
1041 412 1216 484 pedes
1250 412 1464 485 ﬁxisse,
1498 415 1606 485 [ut]
1636 413 1814 469 nullis
1847 430 1974 486 per-
2004 417 2058 481 Α
2087 414 2171 470 Da
2198 413 2353 469 viam
2385 412 2758 487 aggrediendi
2792 428 2937 480 rem,
2962 412 3013 469 si
3045 411 3198 479 potis
3220 428 3305 481 es,
3327 415 3385 468 et
3405 411 3568 483 quod
3591 410 3743 467 dicis

334 503 731 572 cussionibus,
761 500 923 556 nulla
947 500 1000 555 vi
1030 517 1098 556 ex
1128 502 1332 557 eodem
1364 502 1490 559 loco
1525 520 1586 559 se
1619 519 1848 560 movere
1882 506 1986 558 aut

334 592 509 648 vellet
539 595 639 645 aut
670 593 887 661 posset.

411 680 530 734 182.
552 681 733 744 Quem
756 678 1028 736 diabolus
1051 680 1343 752 imprimis
1366 680 1672 753 paululum
1696 680 1780 735 uti
1806 680 1989 735 admi-

339 769 647 824 rabundus
693 768 951 840 intuens,
983 768 1121 824 inde
1169 770 1525 825 cachinnans
1576 770 1768 841 inquit
1799 786 1812 823 :
1848 771 1989 825 Pace

342 859 443 912 ﬁat
462 861 565 912 tua
590 856 739 923 volo,
763 858 982 913 rustice
1013 858 1389 929 amicissime,
1422 859 1654 914 asinum
1683 864 1852 913 tuum
1886 874 1988 929 pro

342 946 511 1019 signo
535 946 685 1019 fugae
718 962 859 1002 mea
890 947 1125 1015 haberi;
1158 947 1215 1001 in
1247 948 1358 1003 hoc
1384 948 1539 1003 enim
1568 948 1734 1013 nihil,
1759 946 1871 1002 nisi
1902 946 1990 1000 in-

344 1040 675 1091 strumenta
696 1036 900 1104 ferrea,
925 1036 1229 1105 amiseris;
1251 1042 1521 1092 caeterum
1545 1037 1749 1092 asinus
1774 1053 1889 1090 una
1916 1038 1994 1089 te—

347 1142 482 1182 cum
515 1125 624 1179 iter
653 1130 890 1198 peraget
919 1142 1114 1180 suum.
1152 1126 1252 1181 His
1292 1125 1485 1191 dictis,
1519 1126 1747 1196 ejulans
1778 1130 1833 1180 et
1863 1123 1992 1179 stri-

348 1215 494 1269 dens
544 1213 603 1267 in
643 1230 765 1268 rem
808 1214 1094 1269 concessit
1143 1231 1333 1269 suam.
1392 1216 1513 1269 Haec
1562 1214 1817 1269 rusticus
1864 1227 1998 1266 vera

349 1292 593 1371 ducens,
610 1302 1028 1357 comitantibus
1045 1302 1366 1373 nonnullis,
1386 1320 1518 1358 cum
1542 1302 1739 1368 eo,uhi
1765 1302 1999 1356 asinum

352 1390 939 1463 reliquerat,sperans
958 1391 1174 1446 ibidem
1199 1390 1999 1459 inventurum,contenderet,

354 1480 707 1551 asinumque
728 1481 854 1551 jam
889 1479 1144 1551 procula
1174 1480 1299 1536 loco
1320 1484 1653 1552 pascentem
1688 1478 2000 1551 aspiciens,

354 1568 729 1625 vehementer
750 1568 1093 1634 admiratus,
1110 1570 1166 1625 S.
1190 1566 1471 1624 Joannem
1494 1569 1683 1623 virum
1706 1566 2002 1632 sanctissi,

358 1674 521 1713 mum
556 1658 777 1725 dicere;
831 1658 1155 1728 preesertim
1187 1658 1345 1727 quia,
1382 1663 1444 1712 ut
1491 1659 1717 1712 daemon
1762 1656 2006 1710 dixerat-

359 1764 493 1803 eum
517 1745 753 1801 nudatis
778 1746 1021 1817 pedibus
1052 1746 1327 1801 omnibus
1358 1746 1603 1818 aspexit.
1632 1745 1788 1801 Illico
1810 1744 2008 1815 itaque

361 1833 668 1906 paululum
690 1838 1017 1889 commotus
1035 1834 1385 1889 Florentiam
1407 1835 1469 1906 [ί.
1486 1834 1648 1889 deest
1667 1833 1941 1904 aliquid];
1966 1830 2006 1885 ii

361 1922 515 1977 intro
545 1938 902 1989 concessere,
927 1922 1370 1993 mulieremque,
1396 1922 1480 1978 uti
1499 1923 1617 1978 vita
1647 1923 2005 1989 defunctam,

364 2010 423 2064 in
468 2010 741 2065 manibus
788 2010 1138 2081 excipientes
1191 2012 1478 2082 nonnulli,
1512 2017 1747 2084 tempus
1796 2011 2011 2083 quietis

365 2114 662 2170 operuere.
686 2099 935 2155 Demum
967 2101 1038 2154 ad
1072 2116 1134 2155 se
1176 2100 1403 2156 rediens
1434 2118 1566 2156 cum
1598 2107 1654 2157 et
1684 2099 1875 2156 locum
1908 2101 2011 2155 ad-

367 2187 680 2243 miraretur
739 2192 795 2243 et
850 2188 1144 2257 homines,
1198 2207 1257 2244 re
1315 2190 1568 2262 cognita,
1624 2195 1737 2245 Deo
1795 2189 2013 2262 gratias

368 2293 566 2349 agens,
599 2277 659 2331 in
691 2276 941 2348 patriam
973 2294 1141 2333 suam
1176 2279 1441 2350 gaudens
1472 2280 1663 2334 rediit.

442 2367 563 2420 183.
594 2365 783 2422 Aliam
825 2367 895 2422 de
942 2367 1280 2423 Pontenano
1310 2368 1522 2441 oppido
1555 2369 1722 2424 nobis
1766 2367 2016 2423 relatum

370 2458 459 2508 est
487 2453 717 2508 venisse
756 2453 1093 2521 mulierem;
1126 2459 1182 2510 et
1213 2457 1459 2524 daemon,
1492 2457 1592 2528 qui
1633 2473 1759 2511 eam
1793 2457 2017 2511 invase-

373 2544 481 2607 rat,
511 2545 577 2594 ut
606 2540 926 2612 plurimum
975 2542 1183 2610 solent,
1220 2560 1280 2599 se
1311 2545 1620 2615 cujusdam
1655 2544 1903 2615 Liguris,
1927 2542 2020 2598 cui

375 2644 591 2685 nomen
633 2628 945 2697 Beltramo,
979 2631 1235 2687 animam
1284 2632 1466 2688 fuisse
1515 2634 1824 2688 fatebatur.
1859 2633 2021 2698 Quod

379 2717 519 2790 quia
540 2718 854 2790 impudens
880 2720 1252 2775 mendacium
1276 2721 1404 2788 fuit,
1429 2721 1808 2777 refellendum
1834 2725 1943 2788 est,
1968 2727 2025 2775 et

379 2810 591 2863 sanctas
616 2806 817 2863 matris
839 2807 1106 2863 Ecclesiae
1129 2809 1473 2866 auctoritate
1491 2810 1943 2879 retundendum,
1960 2814 2025 2863 ut

377 2896 634 2968 ignobile
665 2896 876 2969 vulgus
905 2896 1025 2951 haec
1057 2897 1213 2953 haud
1245 2915 1416 2970 posse
1449 2899 1572 2954 ﬁeri
1604 2899 1837 2966 sentiat,
1862 2903 1918 2953 et
1944 2902 2025 2952 ita

378 2986 447 3039 ad
479 3002 675 3040 veram
723 2984 1063 3056 religionem
1116 2986 1461 3056 instruatur,
1504 2992 1560 3042 et
1606 2988 1760 3043 docti
1802 2988 1861 3042 in
1893 3004 2027 3043 vera

378 3073 669 3129 sententia
699 3072 1072 3139 roborentur;
1106 3078 1163 3127 et
1186 3090 1249 3128 eo
1281 3074 1543 3144 probato,
1566 3075 1634 3129 ad
1662 3074 2025 3147 propositum

2094 502 2419 558 executioni
2443 503 2720 557 mandare
2742 501 3083 558 curabimus
3103 501 3435 572 diligenter.
3458 499 3746 556 Adhiben-

2095 596 2191 646 tur
2212 608 2331 659 oro,
2357 591 2548 663 inquit
2568 594 2815 659 daemon,
2841 591 2962 663 qui,
2979 608 3107 663 quae
3128 590 3349 657 dixero,
3373 588 3591 644 litteris
3611 588 3739 644 det:

2096 679 2223 735 volo
2254 680 2409 734 enim
2443 696 2533 735 res
2566 696 2726 735 meas
2774 696 2933 735 more
2958 680 3223 753 gentium
3267 678 3529 751 publicis
3557 677 3743 749 legare

2098 767 2397 824 codicillis.
2423 768 2581 824 Illico
2604 768 2880 825 accersito
2910 767 3229 839 scriba,qui
3254 772 3395 823 tunc
3420 767 3571 822 forte
3591 766 3743 820 domi

2101 857 2437 912 monasterii
2482 873 2605 912 rem
2638 874 2771 913 cum
2804 858 3013 913 abbate
3043 860 3293 927 curaret,
3316 873 3385 912 ex
3416 860 3551 913 voto
3602 860 3659 909 et
3684 870 3750 909 ex

2101 946 2389 1002 sententia
2420 964 2547 1013 sua,
2583 948 2809 1002 daemon
2843 963 2955 1012 res,
2988 963 3219 1017 causas,
3243 962 3438 1017 opera,
3463 944 3613 1011 dies,
3634 959 3748 998 cre-

2103 1036 2319 1090 ditores
2362 1036 2773 1108 debitoresque
2820 1036 2878 1089 in
2926 1035 3009 1090 rei
3064 1036 3238 1090 ﬁdem
3287 1034 3582 1106 aperiens,
3616 1032 3746 1103 quid

2106 1123 2261 1189 ﬁliis,
2298 1124 2436 1195 quid
2487 1124 2763 1196 ecclesiae,
2796 1124 2936 1196 quid
2995 1123 3221 1179 caeteris
3277 1122 3617 1194 reliquerat,
3660 1137 3753 1191 per

2108 1212 2359 1267 scribam
2392 1214 2684 1269 memoria:
2716 1214 3011 1284 proditum
3062 1216 3172 1269 est.
3206 1211 3307 1267 His
3346 1210 3602 1283 peractis
3632 1208 3752 1264 dili-

2109 1306 2330 1373 genter,
2362 1303 2585 1357 dazmon
2617 1319 2719 1357 ceu
2768 1303 2967 1358 fumus
2999 1302 3255 1358 evanuit.
3291 1302 3431 1356 Inde
3476 1316 3583 1355 nee
3626 1316 3751 1353 mu-

2109 1390 2236 1445 lieri
2266 1390 2373 1455 illi,
2406 1408 2509 1445 nec
2558 1391 2721 1447 alteri
2766 1393 3031 1464 ejusdem
3081 1393 3293 1448 domus
3342 1390 3747 1446 detrimentum

2113 1496 2294 1534 ausus
2326 1485 2416 1535 est
2448 1480 2677 1535 inferre.

2190 1568 2309 1621 185.
2342 1567 2558 1623 Verum
2607 1568 2927 1639 supradicti
2959 1568 3231 1626 Beltrami
3271 1584 3496 1637 necem,
3530 1582 3634 1637 quo
3662 1581 3746 1621 res

2117 1656 2306 1728 magis
2339 1657 2647 1729 magisque
2676 1658 2734 1712 in
2770 1663 2970 1730 aperto
2997 1659 3096 1725 sit,
3119 1658 3203 1713 uti
3235 1657 3595 1729 accepimus,
3618 1671 3749 1727 pau-

2117 1744 2201 1799 cis
2221 1744 2447 1815 aperire
2470 1762 2584 1799 non
2608 1745 2713 1800 abs
2736 1763 2796 1801 re
2811 1748 3003 1801 visum
3024 1746 3252 1802 est.Hic
3274 1762 3433 1801 more
3453 1744 3617 1799 illius
3631 1759 3753 1815 gen-

2116 1833 2192 1887 tis
2224 1833 2330 1888 has
2362 1838 2595 1889 nostras
2636 1852 2740 1906 pro
2772 1852 2857 1901 se,
2880 1840 3055 1907 atque
3084 1834 3260 1890 etiam
3292 1850 3397 1906 pro
3443 1833 3573 1889 suis
3604 1831 3756 1904 petiit

2116 1922 2382 1994 regiones
2415 1940 2428 1978 :
2463 1928 2703 1979 noverat
2746 1924 2902 1980 enim
2933 1923 3155 1995 aliquid
3186 1924 3596 1979 architecturae
3628 1919 3758 1976 artis

2120 2028 2237 2082 qua
2264 2010 2460 2066 aestivo
2491 2016 2752 2083 tempore
2784 2029 2901 2068 una
2926 2028 3060 2067 cum
3093 2012 3219 2067 suis
3251 2028 3366 2067 non
3398 2027 3643 2083 parvam
3659 2009 3766 2064 sibi

2122 2100 2429 2173 pecuniam
2451 2102 2828 2173 congerebat;
2853 2118 3028 2172 quem
3052 2100 3290 2173 quidam
3313 2099 3571 2171 perversi
3594 2097 3769 2154 homi-

2124 2206 2227 2245 nes
2272 2190 2342 2243 de
2389 2188 2709 2244 Pontenani
2758 2190 2995 2262 oppido,
3020 2206 3089 2245 ea
3135 2187 3455 2261 cupiditate
3514 2186 3771 2259 pecunia:

2126 2277 2324 2343 illecti,
2348 2278 2687 2346 observare;
2720 2279 2843 2334 vias
2871 2283 2929 2333 et
2947 2279 3157 2335 itinera
3181 2280 3309 2348 ejus
3333 2277 3647 2349 diligenter
3668 2276 3771 2331 hoc

2127 2366 2343 2432 animo,
2378 2371 2442 2420 ut
2484 2367 2895 2436 interﬁcerent,
2928 2367 3248 2440 explorare.
3281 2366 3550 2431 Quadam
3598 2365 3775 2437 igitur

2128 2455 2241 2522 die,
2276 2455 2576 2527 dispositis
2608 2456 2858 2521 insidiis,
2891 2473 3026 2512 eum
3058 2457 3118 2511 in
3158 2455 3452 2511 secretiori
3483 2454 3615 2510 loco
3644 2453 3773 2508 hor-

2130 2544 2311 2600 rentis
2342 2545 2721 2617 umbrosique
2740 2547 2996 2601 nemoris
3028 2563 3144 2601 non
3175 2545 3345 2618 longe
3375 2562 3410 2601 a
3439 2544 3774 2599 Pontenano

2132 2633 2391 2705 aggressi
2409 2633 2848 2699 obtruncavere,
2864 2634 2984 2705 [et],
3000 2634 3247 2690 sublatis
3264 2633 3466 2688 furtim
3490 2632 3773 2705 pecuniis,

2132 2721 2506 2776 inhumatum
2539 2723 2980 2794 quamprimum
3003 2723 3303 2791 abeuntes,
3328 2738 3401 2777 ne
3422 2737 3518 2777 res
3549 2720 3778 2776 indiciis

2134 2813 2376 2881 pateret,
2408 2808 2713 2880 reliquere.
2768 2810 2913 2866 Hinc
2957 2810 3184 2866 daemon
3216 2809 3412 2865 divina
3459 2807 3776 2871 voluntate,

2136 2915 2334 2965 unam,
2369 2902 2433 2954 ut
2480 2899 2785 2955 audivistis
2834 2916 2903 2955 ex
2951 2899 3214 2971 ipsorum
3262 2897 3636 2962 mulieribus,
3666 2902 3780 2951 tor-

2136 2987 2347 3042 mentis
2381 2986 2664 3055 afﬁciens,
2698 3005 2821 3043 rem
2853 3004 3086 3044 omnem
3131 2988 3379 3059 aperuit.
3413 2986 3579 3041 Patet
3607 2984 3781 3058 igitur

2138 3073 2415 3129 mortales
2448 3091 2561 3130 non
2594 3075 2717 3131 suis
2750 3092 2982 3146 semper
3011 3075 3351 3145 sceleribus,
3382 3091 3587 3131 verum
3612 3074 3782 3129 inter

378 3164 755 3217 revertemur.
783 3161 1077 3231 Imprimis
1105 3162 1406 3233 PrOphetae
1438 3144 1787 3218 auctoritate
1812 3163 2024 3233 proba-
2056 3144 2098 3210 C
2139 3163 2278 3217 dum
2311 3162 2442 3218 aliis
2472 3164 2645 3219 rebus
2683 3164 2853 3220 nobis
2880 3144 3215 3237 incognitis
3262 3144 3524 3235 torqueri
3555 3180 3569 3218 :
3598 3168 3650 3217 et
3693 3163 3780 3216 ita

372 3256 490 3316 tur,
516 3250 616 3321 qui
665 3248 901 3321 inquit:
936 3250 1188 3322 Spiritus
1234 3251 1452 3307 vadens
1501 3255 1559 3307 et
1607 3269 1723 3307 non
1774 3252 2027 3307 rediens.

371 3337 531 3394 Nihil
562 3338 739 3394 refert
767 3354 882 3409 quo
914 3342 1025 3405 eat,
1060 3354 1162 3395 seu
1206 3355 1310 3410 per
1348 3356 1541 3395 aerem
1571 3340 1772 3396 volitet
1800 3357 1861 3395 se
1891 3356 2032 3412 pur-

370 3429 584 3502 gando,
603 3444 702 3484 seu
725 3426 853 3483 loca
871 3431 1100 3482 terrena
1117 3427 1338 3483 inculta
1354 3429 1651 3484 desertave
1670 3445 1774 3484 seu
1800 3446 1912 3485 non
1938 3428 2035 3484 de-

374 3521 532 3573 serta
561 3516 806 3585 incolet;
841 3532 944 3571 seu
990 3515 1160 3571 nobis
1210 3516 1528 3589 incognita,
1560 3518 1713 3587 qnod
1754 3521 2032 3589 purgato-

378 3605 531 3661 rium
554 3604 830 3670 dicimus,
850 3608 1035 3676 petat;
1060 3604 1120 3659 in
1147 3620 1388 3677 corpora
1409 3605 1665 3677 amplius
1687 3621 1820 3660 eum
1846 3604 2033 3661 redire

377 3694 640 3750 humana
677 3694 840 3749 nefas
891 3698 948 3748 et
1000 3694 1252 3748 dicimus
1306 3697 1361 3749 et
1408 3694 1703 3750 ducimus.
1753 3695 2036 3749 Praeterea

379 3799 675 3854 nusquam
708 3782 974 3854 gentium
1009 3781 1224 3837 lectum
1257 3787 1365 3850 est,
1385 3782 1647 3853 ejusdem
1684 3782 2035 3838 conditionis

382 3876 440 3927 et
470 3876 693 3927 naturae
725 3872 874 3925 duas
905 3856 1134 3926 animas
1167 3869 1358 3925 varias
1390 3886 1587 3926 secum
1626 3872 1945 3927 sentientes
1975 3872 2033 3927 in

382 3977 498 4015 uno
532 3976 771 4030 corpore
802 3959 1001 4014 sedem
1033 3959 1267 4014 habere.
1293 3959 1622 4015 Potuissem
1647 3962 1704 4014 et
1732 3959 1876 4015 alias
1909 3964 2034 4015 tum

384 4048 536 4103 sacri
559 4046 876 4118 Evangelii,
900 4050 1026 4101 tum
1059 4047 1390 4102 divinarum
1412 4048 1844 4119 Scripturarum
1870 4048 1926 4103 in
1951 4049 2035 4103 rei

386 4134 790 4208 probationem
833 4135 1154 4190 sententias
1204 4136 1453 4190 afferre:
1492 4136 1591 4190 sed
1640 4140 1916 4209 praeterea
1966 4155 2037 4193 ne

386 4237 687 4278 sermones
710 4239 885 4293 quam
916 4222 1219 4278 historiam
1249 4224 1522 4295 prosequi
1546 4226 1760 4293 videar,
1786 4225 1929 4281 satis
1950 4232 2037 4282 est

393 4312 538 4383 [pro]
574 4313 906 4365 nostrorum
940 4310 1206 4377 scientia,
1231 4311 1499 4367 diabolus
1528 4312 1585 4367 in
1620 4313 1728 4368 hoc
1760 4315 2034 4369 mentitos

387 4415 515 4454 esse
545 4399 1074 4469 probasse.Verum
1113 4400 1161 4454 si
1190 4401 1327 4472 quid
1362 4402 1418 4456 in
1451 4402 1778 4458 animarum
1814 4403 2032 4459 utilita-

388 4492 529 4553 tem,
563 4493 627 4542 ut
657 4488 879 4558 Ofﬁcia,
917 4493 979 4543 ut
1011 4489 1398 4561 Gregorianas
1436 4490 1664 4556 Missas,
1699 4498 1759 4546 ut
1790 4492 2036 4548 eleemo-
2070 4512 2116 4576 [ι

388 4595 565 4651 synas
624 4578 944 4649 requirant,
993 4577 1103 4634 hoc
1152 4579 1339 4642 inviti,
1387 4583 1495 4635 Deo
1555 4579 1799 4650 volente,
1835 4586 2037 4653 agunt.

388 4666 607 4723 Verum
641 4682 797 4722 nunc
827 4668 898 4722 ad
933 4667 1230 4738 inceptum
1264 4668 1454 4723 redeo.

468 4756 589 4810 184.
617 4756 763 4812 Cum
796 4755 978 4828 igitur
1006 4756 1231 4812 daemon
1266 4756 1367 4811 diu
1399 4760 1456 4812 et
1485 4772 1653 4812 cruce
1684 4758 2043 4829 etjorationi-

394 4844 526 4911 bus,
551 4844 661 4915 [ut]
692 4843 803 4899 alio
836 4844 1230 4914 contenderet,
1253 4844 1561 4900 tormentis
1592 4846 1826 4901 acribus
1852 4846 2045 4901 afﬁce-

396 4934 575 5000 retur,
609 4932 869 4997 demum,
903 4931 959 4986 in
1014 4933 1330 5003 propositis
1380 4949 1782 5005 perseverans,
1815 4934 1874 4989 in
1925 4934 2047 4990 haec

398 5020 667 5091 prorupit
694 5021 867 5076 verba
897 5038 908 5075 :
944 5020 1001 5076 Si
1036 5020 1133 5075 isti
1166 5020 1476 5093 diligenter
1505 5038 1596 5076 res
1629 5039 1787 5079 meas
1820 5023 2050 5079 investi-

398 5112 567 5179 gatas
596 5112 653 5163 et
691 5109 957 5165 inventas
987 5108 1124 5165 ﬁliis
1176 5109 1322 5164 meis
1382 5109 1687 5165 restituere
1735 5112 2045 5179 curabunt,

398 5197 494 5252 ibo
516 5197 575 5252 in
599 5213 721 5254 rem
744 5214 955 5255 meam.
971 5198 1025 5253 Si
1049 5215 1250 5254 eorum
1276 5196 1447 5253 solita
1469 5199 1842 5269 perversitate
1864 5200 2047 5267 ducti,

401 5286 599 5340 omnia
637 5287 811 5343 malle
843 5304 1020 5359 quam
1079 5304 1200 5343 rem
1255 5287 1564 5343 restituere
1596 5290 1905 5361 [pergant],
1938 5289 2047 5345 etsi

400 5389 556 5428 nunc
579 5379 811 5431 coactus
835 5375 948 5430 alia
970 5376 1201 5431 adivero
1229 5375 1373 5444 loca,
1401 5375 1547 5430 alias
1578 5377 1829 5442 rediens,
1854 5378 2050 5449 plures

401 5478 629 5517 mecum
657 5465 873 5519 ducens
900 5466 1110 5532 socios,
1133 5466 1330 5537 pejora
1361 5468 1653 5519 tormenta
1674 5466 1757 5519 eis
1779 5465 2046 5522 inferam.

404 5551 503 5607 His
528 5552 767 5619 auditis,
796 5552 991 5606 miseri
1017 5553 1096 5607 illi
1125 5553 1270 5625 parti
1296 5571 1412 5609 sum
1437 5552 1710 5608 timentes
1734 5553 2045 5626 inquiunt:

2140 3251 2197 3306 id
2225 3268 2354 3308 esse
2383 3252 2454 3307 de
2485 3268 2633 3307 caeco
2665 3258 2822 3323 nato,
2846 3252 3062 3309 Christi
3080 3253 3111 3309 J
3119 3269 3222 3310 esu
3252 3251 3565 3325 Evangelia
3592 3250 3781 3306 decla-

2142 3344 2303 3409 rant;
2336 3358 2509 3412 quem
2539 3341 2714 3397 talem
2747 3358 2935 3414 neque
2957 3342 3086 3409 eua,
3111 3358 3300 3413 neque
3331 3346 3642 3413 parentum
3662 3356 3785 3395 sce-

2142 3429 2262 3486 lera
2304 3432 2586 3501 fecerunt,
2619 3433 2719 3488 sed
2767 3436 3018 3501 tantum,
3057 3436 3119 3487 ut
3163 3432 3264 3487 Dei
3312 3447 3492 3504 opera
3522 3446 3625 3503 per
3650 3446 3780 3486 eum

2144 3518 2489 3576 mortalibus
2523 3521 2883 3592 pateﬁerent.
2908 3521 3124 3577 Verum
3155 3537 3312 3576 nunc
3344 3521 3417 3575 ad
3447 3518 3701 3591 reliqua.

2216 3610 2338 3664 186.
2373 3608 2631 3665 Puellam
2656 3610 2973 3681 quamdam
2996 3610 3067 3665 de
3093 3609 3307 3681 oppido
3330 3608 3559 3664 Pomini
3583 3608 3652 3663 ad
3683 3607 3785 3662 hoc

2144 3698 2202 3752 S.
2236 3697 2425 3752 Mariae
2458 3699 2879 3754 monasterium
2904 3700 3132 3754 venisse
3162 3698 3521 3770 accepimus,
3546 3715 3668 3769 quae
3692 3713 3777 3751 cu-

2134 3786 2376 3857 jusdam
2410 3785 2609 3841 domni
2637 3786 2895 3842 Simonis
2934 3787 3005 3842 de
3058 3787 3429 3842 Revezzanno
3461 3803 3629 3842 soror
3652 3784 3779 3840 exti-

2144 3876 2234 3931 tit.
2268 3875 2422 3931 Vivit
2452 3875 2753 3947 presbyter
2796 3875 2891 3931 ille
2922 3876 3134 3943 adhuc,
3166 3875 3226 3931 in
3275 3876 3575 3947 decrepita
3606 3882 3786 3931 tamen

2145 3969 2310 4020 aetate
2341 3964 2719 4019 constitutus.
2744 3964 2962 4019 Verum
2993 3965 3242 4032 daemon,
3276 3965 3377 4035 qui
3409 3981 3543 4021 eam
3576 3966 3787 4020 invase-

2145 4059 2253 4122 rat,
2278 4052 2536 4107 animam
2567 4052 2875 4122 cujusdam
2899 4052 3007 4107 viri
3040 4052 3354 4108 Mazzantis
3387 4068 3451 4107 se
3484 4068 3617 4108 esse
3648 4067 3787 4107 asse-

2146 4133 2325 4200 rebat,
2360 4132 2459 4202 qui
2491 4149 2525 4186 a
2554 4132 2808 4203 quodam
2842 4148 3093 4203 nequam
3129 4132 3186 4186 in
3216 4131 3479 4187 alearum
3512 4131 3656 4188 ludo
3686 4132 3789 4186 sica

2147 4222 2331 4275 fuerat
2365 4224 2623 4276 necatus.
2660 4220 2776 4275 Hoc
2818 4219 2901 4275 ita
2928 4237 3056 4277 esse
3088 4220 3427 4291 nitebantur
3460 4220 3787 4290 [afﬁrmare]

2146 4308 2247 4381 qui
2279 4309 2520 4364 aderant
2550 4325 2774 4364 omnes.
2810 4310 3073 4366 Instabat
3102 4312 3298 4364 tamen
3330 4310 3634 4379 sacerdos,
3659 4306 3793 4364 mul-

2148 4403 2237 4453 tas
2271 4399 2324 4451 in
2364 4398 2623 4452 medium
2678 4397 3001 4453 sententias
3030 4398 3311 4467 virorum,
3341 4396 3557 4453 virtute
3598 4401 3655 4452 et
3700 4397 3793 4450 do-

2148 4485 2338 4541 ctrina
2388 4486 2816 4558 przestantium,
2869 4486 3137 4553 aﬂ'erens,
3167 4485 3384 4556 quibus
3432 4486 3784 4549 ostendebat,

2150 4574 2590 4646 quamprimum
2616 4574 2821 4629 animae
2855 4574 3161 4630 hominum
3188 4574 3412 4629 exirent
3435 4573 3781 4647 corporibus,

2153 4661 2237 4717 ire
2267 4678 2381 4733 quo
2432 4662 2649 4717 meritae
2680 4668 2847 4731 sunt;
2881 4680 3112 4719 amoena
3160 4661 3385 4718 scilicet
3431 4662 3582 4730 loca,
3601 4661 3683 4716 vel
3708 4662 3787 4714 te-

2154 4755 2246 4805 tra
2274 4755 2333 4805 et
2362 4750 2602 4818 inculta,
2627 4752 2699 4807 ad
2731 4752 3139 4823 purgationem
3162 4767 3264 4808 seu
3296 4752 3368 4807 ad
3402 4757 3650 4809 aeternos
3670 4766 3790 4807 cru-

2157 4839 2362 4905 ciatus,
2391 4844 2604 4911 petere,
2630 4857 2733 4896 nec
2764 4840 2953 4896 aliena
2973 4857 3215 4912 corpora
3243 4839 3496 4912 ingredi.
3519 4845 3795 4895 Caeterum

2156 4927 2289 4983 illos
2317 4944 2443 4983 esse
2474 4928 2715 4999 spiritus
2746 4928 3056 5001 malignos,
3079 4927 3177 4999 qui
3208 4946 3243 4983 a
3271 4928 3586 4985 cunabulis
3620 4924 3799 4983 homi-

2158 5018 2351 5085 nibus,
2387 5016 2436 5071 si
2468 5022 2662 5089 tepore
2705 5020 2761 5072 et
2808 5016 3037 5089 ignavia
3076 5015 3181 5072 viri
3228 5033 3355 5072 esse
3403 5017 3701 5085 desinant,
3731 5012 3795 5069 ad

2157 5105 2349 5161 varias
2380 5106 2711 5162 inferendae
2759 5105 3110 5161 tentationes
3142 5106 3375 5161 dantur.
3412 5104 3531 5162 Nec
3564 5104 3794 5167 mirum,

2160 5195 2207 5250 si
2238 5211 2435 5250 eorum
2472 5194 2711 5250 nomina
2770 5194 3091 5266 proferunt,
3131 5194 3180 5249 si
3234 5194 3477 5251 virtutes
3532 5193 3617 5250 vel
3667 5192 3800 5247 vitia

2161 5283 2490 5356 praedicant,
2526 5284 2878 5354 quibuscum
2911 5284 3329 5339 commercium
3358 5289 3416 5339 et
3445 5282 3801 5339 familiarita-

2159 5381 2274 5429 tem
2307 5373 2377 5429 ab
2410 5373 2555 5444 ipsis
2586 5373 2839 5429 habuere
2870 5372 3226 5444 primordiis.
3256 5372 3360 5427 Vix
3392 5373 3539 5445 ipsis
3568 5372 3646 5427 ita
3675 5382 3798 5426 esse

2161 5464 2508 5537 persuadere
2561 5466 2785 5535 poterat
2816 5478 2828 5516 :
2860 5460 3061 5517 rustici
3099 5460 3257 5515 enim
3312 5478 3472 5518 moro
3526 5477 3651 5530 suo,
3687 5471 3796 5529 quo

2162 5554 2359 5609 minus
2408 5570 2531 5624 quae
2564 5553 2839 5609 dicuntur
2879 5550 3213 5623 intelligunt
3258 5566 3325 5606 eo
3376 5550 3558 5623 magis
3606 5545 3794 5603 admi-
