4002 6170
256 312 379 378 885

1852 313 2052 376 ACTA
2064 356 2080 374 .

3549 311 3668 377 886

256 453 465 506 rantur
487 464 502 506 :
525 453 584 505 et
616 464 750 505 cum
775 448 951 506 alicui
984 447 1282 506 sententiae
1303 463 1476 504 aures
1497 447 1623 518 jam
1649 446 1910 519 przebue-
1939 448 1994 514 Α
2023 449 2090 503 ut
2116 449 2205 512 tu,
2238 446 2298 502 in
2331 445 2430 503 Dei
2458 447 2670 505 virtute
2713 451 2771 504 et
2813 447 3106 505 submisse
3154 445 3494 519 conjurare;
3524 465 3662 518 non,

254 538 399 609 rint,
433 556 548 594 non
583 539 696 595 nisi
726 556 859 595 cum
909 539 1162 595 maxima
1211 537 1552 593 difﬁcultate
1582 537 1653 591 ab
1701 553 1768 591 ea
1820 535 1906 590 di-

250 627 390 684 velli
422 633 693 700 possunt.
723 630 812 684 Fit
839 629 947 684 hoc
996 628 1336 700 praesertim,
1369 626 1508 699 quia
1537 627 1694 682 durae
1725 623 1904 682 cervi-

251 717 342 772 cis
375 721 536 784 sunt,
570 722 627 773 et
657 718 773 773 fere
794 720 1052 789 expertes
1083 716 1350 771 rationis.

326 807 456 861 187.
489 808 770 862 Οωιθῐιυω
801 822 934 860 cum
976 806 1074 860 diu
1126 803 1415 873 diabolus,
1440 807 1506 858 ut
1534 802 1732 873 exiret,
1765 801 1904 858 alio-

246 911 569 951 vorsumve
601 895 992 964 contenderet,
1026 895 1390 967 fatigaretur,
1416 897 1472 949 et
1503 893 1626 964 ipse
1655 893 1794 948 totis
1824 891 1904 945 vi-

248 985 532 1050 ribus,ne
568 982 912 1048 discederet,
933 983 1196 1053 instaret,
1221 984 1458 1038 demum
1487 982 1702 1036 virtute
1728 981 1904 1036 Joan-

250 1073 348 1128 nis
383 1071 708 1127 beatissimi
756 1070 816 1126 in
848 1071 969 1126 haec
998 1073 1174 1127 verba
1203 1071 1470 1143 prorupit
1501 1088 1514 1126 :
1547 1070 1904 1125 Contendam

250 1160 392 1227 alio,
419 1161 468 1216 si
490 1176 594 1232 pro
617 1159 776 1216 illius
799 1160 1114 1216 Mazzantis
1137 1161 1334 1216 anima
1361 1164 1418 1216 et
1443 1159 1734 1214 orationes
1759 1159 1908 1212 fiunt

249 1254 310 1305 et
343 1264 564 1321 preces.
597 1248 666 1303 Hi
707 1248 764 1303 id
797 1265 860 1304 se
889 1249 1145 1304 facturos
1195 1249 1435 1305 omnino
1483 1253 1903 1314 asseverantes,

248 1339 452 1410 inquit
480 1336 614 1392 ille:
641 1337 840 1393 Videte
871 1353 943 1393 ne
977 1338 1201 1393 mentiti
1249 1337 1628 1393 inveniamini
1662 1352 1674 1383 τ
1709 1336 1909 1408 pejora

248 1427 412 1482 enim
464 1425 728 1498 posthac,
781 1429 894 1480 Deo
941 1425 1188 1492 volente,
1239 1427 1404 1482 vobis
1453 1427 1727 1480 inferrem
1786 1429 1904 1479 tor-

245 1519 477 1584 menta,
500 1514 550 1570 si
583 1530 687 1586 pro
709 1530 775 1569 eo
795 1529 958 1569 erare
991 1514 1183 1570 verbis
1205 1519 1433 1570 tantum
1457 1512 1904 1586 promitteretis;

246 1620 311 1659 re
344 1607 544 1658 autem
575 1603 706 1674 ipsa
735 1601 932 1670 alieni,
959 1600 1026 1658 ac
1057 1603 1107 1658 si
1137 1602 1284 1658 nihil
1317 1604 1388 1658 ad
1418 1619 1520 1658 vos
1568 1602 1904 1673 pertineret,

244 1691 635 1762 extraneique
681 1690 1111 1747 inveniremini.
1151 1691 1292 1762 Fiet,
1324 1692 1441 1758 ﬁet,
1474 1691 1668 1761 inquit
1715 1706 1904 1745 sacer-

244 1783 394 1848 dos;
427 1785 486 1835 et
515 1779 565 1836 si
596 1780 786 1835 caeteri
817 1796 851 1835 a
880 1780 976 1851 pio
1006 1796 1178 1851 opere
1224 1779 1594 1846 desisterent,
1625 1779 1697 1833 do
1729 1779 1903 1833 ﬁdem

241 1886 347 1925 me
382 1869 704 1936 facturum;
737 1871 801 1924 tu
832 1872 1062 1924 tantum
1085 1869 1160 1923 da
1189 1867 1382 1923 locum
1413 1867 1657 1940 Spiritui
1679 1870 1900 1937 sancto,

245 1964 310 2014 et
339 1957 439 2014 abi
460 1957 520 2013 in
553 1973 675 2014 rem
705 1961 890 2012 tuam.
916 1957 1017 2012 His
1046 1956 1246 2024 finitis,
1271 1955 1425 2012 illico
1444 1955 1766 2011 terribilem
1792 1959 1904 2011 tar-

244 2055 594 2119 tareamque
621 2062 820 2102 vocem
851 2047 1079 2101 daemon
1106 2045 1400 2112 emittens,
1420 2044 1793 2117 puellamque
1814 2061 1902 2099 se-

241 2135 676 2192 midefunctam
717 2135 838 2190 vita
868 2135 1225 2206 relinquens,
1251 2149 1356 2190 ceu
1402 2134 1622 2202 fumus,
1647 2134 1900 2190 evanuit.

235 2226 392 2281 Inde
421 2223 706 2297 paulatim
739 2222 843 2279 illa
870 2224 1024 2280 vires
1056 2240 1385 2294 resumens,
1409 2240 1471 2279 re
1501 2223 1756 2296 cognita,
1790 2225 1902 2278 Deo

236 2319 300 2370 et
322 2315 387 2370 S.
408 2313 621 2370 Joanni
647 2312 867 2385 gratias
889 2329 1090 2384 agens,
1107 2313 1238 2368 laeta
1259 2329 1391 2368 cum
1426 2313 1549 2368 suis
1571 2313 1629 2367 in
1653 2313 1899 2383 patriam

239 2403 446 2472 rediit,
481 2401 692 2458 oblatis
739 2401 1034 2475 imprimis
1085 2402 1444 2473 quibusdam
1492 2401 1776 2474 pecuniis,
1815 2407 1902 2468 ut,

238 2493 328 2549 uti
367 2491 780 2564 promiserant,
803 2508 907 2562 pro
938 2491 1163 2562 praefati
1193 2490 1507 2546 Mazzantis
1537 2491 1736 2546 anima
1765 2491 1903 2546 Mis-

246 2599 329 2638 sa:
364 2581 731 2654 Cregorianaa
763 2579 822 2635 in
855 2581 1207 2636 monasterio
1234 2579 1686 2636 celebrarentur.

317 2671 443 2725 188.
478 2670 558 2724 De
586 2673 871 2725 Bonarum
913 2669 1180 2741 partibus
1231 2668 1448 2725 mulier
1493 2669 1563 2725 ad
1615 2671 1673 2724 S.
1708 2668 1901 2723 Maria

235 2761 314 2816 de
346 2758 510 2814 Valle
541 2759 830 2815 Umbrosa
859 2759 1282 2815 monasterium
1313 2759 1490 2813 ducta
1517 2761 1635 2823 est;
1669 2757 1762 2812 cui
1795 2757 1902 2812 die.

235 2848 428 2913 moni,
454 2847 555 2919 qui
585 2863 714 2903 eam
738 2847 1050 2913 invaserat,
1075 2848 1217 2902 dum
1241 2846 1496 2902 domnus
1523 2845 1897 2916 Benedictus,

237 2937 347 3010 qui
383 2941 586 3008 postea
630 2937 691 2991 S.
718 2936 907 2991 Maria:
939 2936 1010 2991 de
1040 2940 1232 2991 Cuneo
1265 2937 1618 2991 monasterio
1650 2934 1900 3006 praefuit,

239 3041 411 3081 more
441 3041 548 3081 suo
577 3029 795 3080 temere
826 3029 884 3080 et
921 3025 1351 3081 inconsiderate
1395 3024 1819 3081 contumeliosa
1847 3027 1905 3078 et

241 3113 526 3169 convitiis
575 3112 749 3185 plena
792 3114 970 3169 verba
1015 3115 1179 3169 daret
1206 3114 1311 3185 (ita
1350 3117 1415 3169 ut
1460 3114 1808 3184 quandoque
1837 3113 1902 3166 ﬁt

243 3202 322 3258 ab
355 3184 666 3274 imperitis,
692 3202 832 3256 dum
875 3203 986 3273 ipsi
1039 3184 1334 3258 daemones
1383 3200 1722 3273 interrogati
1773 3218 1898 3256 mo-
1929 3184 1972 3250 (ἶ

246 3306 383 3345 ram
405 3289 640 3361 longam
673 3290 732 3344 in
764 3291 1176 3362 respondendo
1198 3291 1463 3360 faciunt),
1488 3290 1616 3359 hoc,
1638 3289 1907 3344 videlicet

249 3379 342 3433 ita
373 3377 483 3433 sibi
515 3377 732 3434 insulse
763 3383 822 3434 et
865 3379 1060 3451 inepte
1103 3384 1159 3435 et
1206 3378 1516 3435 temerarie
1547 3379 1903 3450 conjuratio-

240 3482 388 3522 nem
420 3470 476 3522 et
503 3468 1009 3540 exprobrationem
1049 3469 1196 3539 fieri,
1219 3469 1446 3524 daemon
1483 3469 1786 3541 aegerrime
1820 3469 1905 3523 fe-

239 3572 406 3623 rens,
437 3555 673 3611 tandem
704 3555 869 3612 vultu
896 3557 1047 3613 truci
1077 3557 1474 3629 terribilisque
1504 3557 1724 3613 occulis
1754 3573 1815 3613 se
1843 3556 1902 3612 in

240 3661 385 3702 eum
427 3645 806 3702 Benedictum
857 3652 1221 3714 convertens,
1271 3647 1509 3718 inquit:
1545 3647 1588 3702 Ο
1637 3647 1903 3702 omnium

242 3734 676 3791 monachorum
700 3735 990 3808 pestifera,
1009 3736 1392 3809 omniumque
1419 3735 1736 3792 stultorum
1760 3733 1906 3790 stul'

240 3821 665 3888 tissime.Quid
697 3824 959 3880 tibi’vis‘?
980 3827 1411 3892 Quorsumnam
1446 3825 1569 3880 haec
1597 3829 1700 3879 tua
1730 3823 1902 3879 fatui-

241 3910 384 3967 tas?
412 3911 502 3967 Me
531 3928 740 3984 parum
788 3912 1150 3970 considerate
1183 3915 1404 3985 absque
1454 3912 1576 3968 ulla
1607 3912 1902 3984 supplica-

238 4000 431 4072 tione,
462 4017 567 4057 seu
616 4001 920 4058 devotione
964 4018 1227 4076 arguere,
1261 4002 1549 4074 corripere
1596 4006 1652 4056 et
1698 4002 1900 4072 conju-

238 4105 382 4145 rare
410 4089 670 4145 audeas?
695 4091 974 4163 Agiturne
1005 4091 1111 4162 sic,
1140 4109 1172 4147 o
1203 4091 1468 4147 omnium
1499 4091 1900 4157 insanissime,

249 4193 330 4231 an
349 4178 603 4248 quadam
629 4195 761 4234 cum
785 4178 1063 4252 religione
1083 4183 1141 4235 et
1160 4179 1406 4235 timore?
1423 4179 1530 4234 Abi
1546 4196 1661 4251 quo
1684 4179 1902 4252 dignus

244 4280 336 4335 es,
372 4265 433 4320 in
463 4282 696 4322 crucem
729 4271 889 4323 tuam
923 4272 982 4323 et
1010 4283 1220 4340 pueros
1242 4273 1544 4325 cernentes
1574 4269 1897 4340 prostitue:

245 4358 309 4408 et
341 4353 390 4408 si
425 4358 530 4410 tua
577 4355 748 4411 solita
794 4356 1169 4430 improbitate
1218 4357 1537 4430 perrexeris
1582 4357 1904 4414 sceleratis-

241 4441 426 4512 sime,
460 4446 563 4497 tua
608 4459 803 4499 coram
836 4445 1112 4500 omnibus
1143 4446 1398 4517 pandam
1428 4445 1604 4500 vitia:
1640 4446 1901 4501 nondum

240 4529 446 4602 plene,
471 4530 664 4602 qualis
692 4531 828 4603 sim,
861 4533 1140 4604 pernosti.

319 4619 452 4675 189.
477 4619 825 4676 Benedictus
854 4621 1034 4693 igitur
1061 4621 1159 4677 ille
1197 4622 1542 4691 monachus,
1571 4639 1744 4694 quem
1777 4641 1899 4679 ma-

238 4709 449 4765 larum
475 4725 667 4764 rerum
691 4711 1048 4767 conscientia
1068 4712 1213 4768 forte
1232 4712 1568 4785 instigabat,
1589 4729 1703 4768 non
1726 4729 1901 4785 parvo

246 4799 472 4854 timore
510 4803 831 4870 correptus,
854 4799 1072 4856 veritu’s
1118 4802 1336 4872 pejora,
1385 4801 1436 4855 si
1489 4806 1775 4873 pergeret,
1830 4802 1901 4856 ti-

245 4905 446 4958 mens,
470 4903 686 4959 pavens
713 4888 772 4942 in
803 4889 1225 4945 monasterium
1247 4890 1554 4946 concessit.
1577 4891 1680 4947 Cui
1709 4890 1902 4946 officio

239 4976 604 5046 monachus,
631 4978 730 5050 qui
761 4980 1129 5048 succedebat,
1155 4980 1250 5036 bis
1269 4996 1395 5052 quae
1417 4981 1642 5037 daemon
1675 4981 1734 5036 in
1766 4997 1899 5036 eum

237 5085 298 5123 ω
315 5066 641 5124 aledixerat
661 5068 931 5142 cognitis,
959 5069 1178 5125 scelera
1197 5087 1304 5126 sua
1327 5069 1621 5142 imprimis
1642 5070 1808 5126 alteri
1837 5087 1905 5126 ex

240 5157 662 5214 sacerdotibus
694 5157 998 5214 monachis
1018 5159 1221 5214 devote
1241 5159 1528 5230 aperiens,
1547 5165 1602 5215 et
1623 5167 1904 5231 acta,quaa

243 5247 368 5302 sibi
400 5245 670 5317 injuncta
716 5248 924 5319 fuerat,
959 5248 1319 5320 paenitentia,
1350 5247 1511 5316 illuc,
1536 5249 1634 5304 ubi
1679 5250 1905 5304 daemon

251 5339 403 5401 erat,
431 5337 778 5406 concedens,
803 5335 1046 5393 dimisso
1076 5337 1240 5393 vultu
1263 5342 1320 5392 et
1348 5353 1483 5392 voce
1503 5337 1777 5409 supplici,
1800 5338 1908 5392 dae-

246 5426 439 5492 moni,
465 5429 531 5480 ut
561 5425 759 5493 exiret,
785 5427 843 5482 in
867 5427 1105 5483 nomine
1128 5426 1359 5482 Domini
1384 5427 1545 5496 Jesu,
1569 5432 1625 5482 et
1645 5425 1905 5497 gloriosa:

253 5530 610 5586 semperque
640 5514 898 5586 Virginis
946 5516 1140 5572 Mariae
1173 5515 1420 5581 meritis,
1446 5519 1503 5570 et
1551 5516 1608 5570 S.
1640 5516 1907 5581 Joannis,

253 5603 572 5676 imperare.
605 5602 706 5658 Cui
753 5603 976 5660 daemon
1015 5622 1028 5660 :
1064 5604 1222 5660 Istud
1271 5607 1360 5659 est
1401 5619 1632 5676 sapere;
1669 5604 1748 5660 ita
1779 5621 1906 5673 nos,

2015 542 2079 590 ut
2112 536 2206 592 ille
2236 537 2483 592 insanus
2514 538 2688 609 paulo
2728 542 2883 604 ante,
2919 538 3110 594 verbis
3161 538 3427 604 tumidis,
3460 537 3662 594 incon-

2015 626 2306 698 cinnaque
2330 644 2465 682 voce
2487 627 2832 694 exclamare,
2854 633 2912 682 et
2937 627 3188 699 superba
3211 635 3268 682 et
3287 627 3531 682 minime
3553 627 3663 683 hoc

2016 715 2072 768 in
2106 715 2231 770 loco
2261 720 2318 771 et
2347 716 2450 771 tali
2481 717 2540 770 in
2585 717 2776 772 officio
2806 717 3186 772 condecentia
3215 717 3489 787 proferre.
3514 716 3660 772 Eum

2015 805 2295 876 profecto,
2329 806 2388 860 ni
2419 805 2604 873 fallor,
2638 807 2719 860 ita
2761 805 3134 877 castigatum,
3164 805 3246 860 ita
3282 809 3658 862 mansuetum

2015 895 2263 964 reddidi,
2297 900 2363 950 ut
2394 896 2634 966 posthac
2684 894 2853 950 facile
2883 895 3192 966 perspiciet
3224 911 3340 966 qua
3387 911 3520 950 cum
3567 911 3659 949 re-

2013 983 2270 1039 verentia
2317 989 2373 1040 et
2425 984 2699 1055 religione
2746 983 2942 1038 divina
2990 985 3186 1039 omnia
3235 1000 3269 1038 a
3315 983 3662 1039 mortalibus

2014 1073 2344 1144 peragenda
2365 1071 2501 1127 sint.
2525 1073 2736 1126 Cedam
2763 1070 2964 1143 igitur,
2989 1087 3124 1126 nam
3145 1071 3241 1126 hic
3265 1071 3490 1128 diutius
3511 1089 3660 1141 esse,

2015 1162 2123 1217 etsi
2155 1160 2385 1226 vellem,
2407 1163 2602 1216 tamen
2635 1162 2693 1215 S.
2720 1161 2966 1216 Joannis
2997 1160 3183 1216 virtus
3213 1160 3500 1232 prohibet.

2089 1253 2212 1307 190.
2239 1251 2524 1306 Caeterum
2556 1267 2689 1305 cum
2731 1251 2985 1305 maxima
3016 1266 3153 1322 pars
3184 1249 3296 1304 dici
3345 1249 3404 1304 in
3449 1249 3665 1321 hujus-

2017 1341 2173 1396 modi
2196 1339 2597 1410 conjuratione
2628 1344 2861 1411 peracta
2889 1340 3102 1411 [esset],
3128 1343 3185 1394 et
3214 1339 3486 1394 sacerdos
3516 1338 3665 1394 nihil

2017 1430 2295 1502 proficere
2329 1445 2391 1484 se
2420 1428 2771 1501 intelligeret
2792 1427 2954 1499 (quia
2969 1427 3162 1483 verbis
3192 1427 3471 1483 discessio
3493 1445 3527 1483 a
3547 1427 3666 1484 dia-

2016 1519 2148 1574 bolo
2171 1519 2559 1588 nuntiaretur,
2573 1523 2847 1573 caaterum
2864 1517 3058 1589 reipsa
3077 1517 3266 1572 acrior
3285 1516 3546 1584 instare),
3562 1533 3662 1589 op-

2014 1609 2225 1662 timum
2260 1608 2415 1662 factu
2447 1611 2630 1677 ratus,
2663 1607 2721 1661 in
2749 1607 2904 1662 diem
2935 1605 3176 1662 alteram
3208 1609 3500 1662 certamen
3525 1622 3659 1661 cum

2015 1695 2246 1752 diabolo
2268 1697 2518 1766 differre,
2535 1699 2592 1751 et
2612 1696 2847 1751 interim
2871 1694 3330 1767 supplicationes
3350 1712 3454 1767 pro
3471 1694 3662 1767 ipsius

2015 1784 2278 1840 mulieris
2321 1783 2509 1840 salute
2550 1801 2584 1839 a
2631 1783 2881 1856 singulis
2935 1783 3242 1840 monachis
3299 1784 3662 1855 fieri,tristis

2012 1874 2175 1930 abiit.
2207 1878 2285 1929 Eo
2317 1873 2600 1946 postridie
2647 1873 2920 1929 monachi
2950 1874 3022 1928 de
3052 1888 3214 1928 more
3261 1889 3498 1928 summa
3525 1889 3663 1928 cum

2012 1961 2335 2016 reverentia
2362 1959 2504 2016 illuc
2533 1959 2655 2014 bini
2677 1963 2735 2015 et
2764 1959 2889 2014 bini
2911 1976 3043 2014 cum
3067 1960 3127 2016 S.
3149 1960 3395 2016 Joannis
3426 1959 3663 2016 brachio

2014 2054 2244 2117 euntes,
2274 2049 2478 2105 tandiu
2509 2048 2630 2105 illic
2659 2052 2939 2104 canentes
2987 2053 3045 2104 et
3090 2053 3324 2105 orantes
3372 2065 3664 2120 mansere,

2013 2140 2206 2212 quoad
2238 2137 2528 2203 diabolus,
2561 2138 2720 2193 omni
2765 2136 2980 2192 auxilio
3024 2138 3367 2205 destitutus,
3393 2154 3509 2192 non
3541 2137 3668 2193 sine

2012 2227 2278 2283 mulieris
2329 2227 2680 2282 detrimento
2736 2225 3026 2281 concessit
3083 2243 3197 2296 quo
3251 2226 3467 2298 dignus
3521 2230 3666 2281 erat.

2012 2317 2220 2372 Mulier
2248 2315 2351 2370 illa
2380 2316 2665 2371 membris
2691 2315 2952 2387 corporis
2979 2319 3172 2386 capta,
3193 2314 3294 2369 diu
3325 2314 3514 2385 ipsius
3545 2313 3669 2368 offi-

2012 2407 2102 2461 cio
2136 2406 2301 2477 fungi
2352 2405 2507 2460 haud
2559 2404 2768 2476 potuit.
2803 2409 3048 2459 Demum
3080 2421 3216 2458 vero
3261 2403 3400 2458 Jesu
3450 2402 3668 2458 Christi

2012 2495 2221 2566 gratia,
2247 2500 2302 2549 et
2331 2495 2394 2549 B.
2429 2494 2624 2549 Maria:
2668 2497 2726 2547 et
2767 2493 2826 2547 S.
2857 2492 3103 2547 Joannis
3151 2491 3424 2563 precibus
3454 2492 3513 2545 in
3545 2491 3663 2563 pri-

2013 2583 2276 2639 slitinam
2321 2581 2570 2654 gratiam
2621 2581 2914 2648 restituta,
2948 2579 3084 2636 felix
3135 2584 3194 2635 et
3238 2578 3667 2635 valetudinaria

2013 2673 2220 2728 deinde
2250 2671 2430 2727 vitam
2462 2670 2646 2726 duxit.

2665 2759 2849 2815 PARS
2887 2758 3003 2813 XV.

2086 2851 2208 2904 191.
2231 2849 2578 2904 Monachum
2610 2849 2785 2904 etiam
2816 2849 2996 2919 hujus
3036 2845 3398 2914 monasterii,
3432 2846 3524 2901 cui
3555 2863 3662 2902 no-

2013 2956 2146 2994 men
2177 2943 2303 2994 erat
2323 2937 2522 3004 Paulo,
2548 2938 2672 3009 qui,
2695 2937 2802 2992 etsi
2827 2937 2885 2991 in
2909 2936 3204 3008 decrepita
3226 2935 3452 3008 positus
3473 2938 3659 3003 astate,

2010 3027 2151 3081 vivit
2179 3030 2372 3082 tamen
2396 3026 2610 3095 adhuc,
2637 3027 2885 3094 daemon,
2911 3031 2976 3079 ut
3008 3025 3160 3080 infra
3190 3042 3296 3080 suo
3322 3024 3664 3080 ostendetur

2015 3115 2238 3178 ordine.
2254 3130 2606 3186 magnopere
2629 3114 3040 3186 perterrefecit.
3060 3114 3160 3169 Hic
3180 3114 3338 3168 enim
3358 3111 3660 3169 nonnullis

2011 3203 2268 3275 quodam
2299 3202 2524 3273 vesperi
2555 3206 2827 3258 detentus
2855 3201 3541 3273 negotiis,dormitorium
3565 3217 3662 3256 ex-

2013 3296 2105 3346 tra
2136 3292 2263 3346 sine
2291 3289 2620 3362 Superioris
2654 3289 2745 3344 sui
2796 3288 3078 3344 missione
3107 3291 3408 3360 quiescere
3457 3305 3661 3357 ausus,

2014 3397 2146 3435 cum
2174 3381 2298 3450 jam
2331 3379 2401 3433 ad
2435 3377 2491 3432 id
2525 3381 2680 3432 esset
2709 3377 2816 3449 {ut}
2847 3376 3040 3432 cubile
3080 3375 3664 3448 ingrederetur(hor-

2014 3483 2177 3523 resco
2226 3467 2527 3536 referens),
2560 3465 2672 3520 sibi
2705 3466 2912 3520 adesse
2962 3464 3236 3520 umbram
3285 3463 3544 3521 hominis
3574 3469 3664 3520 te-

2011 3555 2236 3612 terrimi
2261 3555 2452 3611 visum
2484 3557 2598 3620 est;
2635 3553 2750 3622 cui,
2783 3559 2848 3608 ut
2876 3553 3088 3610 referre
3117 3553 3329 3610 solitus
3358 3557 3502 3623 erat,
3536 3557 3662 3609 tru-

2013 3662 2108 3701 ces
2139 3644 2311 3712 oculi,
2346 3661 2411 3700 os
2439 3643 2826 3715 ignivomum,
2861 3659 3032 3698 nares
3079 3642 3282 3714 hiulci,
3315 3642 3500 3698 barba
3528 3659 3664 3715 pro-

2014 3735 2217 3804 missa,
2251 3739 2308 3789 et
2335 3733 2395 3788 in
2428 3749 2650 3788 morem
2682 3731 2830 3788 hirci
2860 3730 3101 3799 inculta,
3127 3732 3508 3788 efferaverant
3537 3747 3663 3803 spe-

2013 3825 2158 3880 ciem
2200 3823 2339 3879 oris.
2365 3825 2488 3889 Qua
2533 3821 2771 3877 insolita
2798 3821 3020 3876 visione
3068 3821 3289 3892 ingenti
3338 3824 3500 3876 metu
3530 3837 3658 3876 cor-

2013 3919 2233 3985 reptus,
2261 3917 2318 3968 et
2350 3913 2491 3968 adeo
2522 3910 2797 3967 omnibus
2826 3909 3085 3981 corporis
3115 3910 3397 3966 membris
3427 3915 3657 3982 captus,

2011 4004 2118 4074 [ut]
2151 4018 2254 4057 nec
2285 4001 2748 4057 Christianorum
2791 4015 2954 4054 more
2982 3998 3150 4072 signo
3181 3998 3373 4054 crucis
3404 3999 3660 4055 sanctis-

2011 4093 2171 4148 simze
2194 4107 2256 4147 se
2282 4091 2512 4146 munire
2533 4087 2952 4162 posset.Quid?
2974 4088 3129 4160 quod
3156 4104 3262 4143 nec
3289 4086 3494 4158 lingua
3515 4085 3659 4143 satis

2011 4198 2187 4238 suum
2213 4179 2472 4235 ofﬁcium
2505 4183 2722 4251 ageret.
2750 4177 2928 4233 Miser
2956 4177 3155 4249 itaque
3178 4175 3275 4232 ille
3297 4177 3476 4248 [cum]
3497 4178 3659 4231 tanto

2008 4269 2229 4341 talique
2257 4269 2316 4323 in
2346 4268 2686 4323 discrimine
2726 4266 3007 4338 corporis,
3029 4269 3086 4321 et
3115 4266 3272 4337 quod
3301 4265 3494 4337 pejus,
3532 4264 3660 4319 ani-

2012 4376 2118 4414 mas
2152 4358 2399 4430 positus,
2425 4373 2540 4429 quo
2570 4373 2632 4412 se
2679 4360 2945 4421 verteret,
2987 4370 3162 4426 quem
3211 4354 3269 4408 in
3318 4354 3407 4409 sui
3457 4354 3663 4425 praesi-

2011 4447 2175 4502 dium
2207 4447 2520 4516 invocaret,
2553 4444 2826 4510 nesciret,
2851 4448 2907 4497 et
2927 4444 3178 4513 jamjam
3211 4442 3436 4496 daamon
3477 4441 3658 4496 lectu-

1932 4551 1978 4615 D
2011 4536 2158 4604 lum,
2187 4540 2498 4591 tartaream
2533 4534 2831 4588 ﬂammam
2859 4546 3154 4597 evomens,
3179 4534 3421 4600 teneret,
3451 4533 3660 4584 treme-

2013 4626 2251 4680 bundus
2281 4629 2338 4679 et
2366 4623 2696 4694 lacrymans
2725 4624 2844 4675 toto
2877 4620 3069 4686 corde,
3100 4619 3238 4688 quia
3270 4617 3474 4688 lingua
3500 4616 3658 4672 haud

2012 4719 2232 4787 posset,
2283 4728 2410 4767 sese
2458 4709 2721 4782 gloriosae
2775 4708 3033 4779 Virginis
3089 4705 3304 4772 Mariae,
3336 4709 3659 4776 sanctoque

2009 4801 2214 4858 Joanni
2247 4799 2688 4864 commendans,
2720 4795 2971 4852 salutem
3003 4812 3171 4851 suam
3201 4795 3262 4850 in
3293 4809 3495 4850 eorum
3527 4810 3658 4850 ma-

2013 4909 2092 4947 nu
2125 4891 2382 4957 tradens,
2419 4892 2646 4944 tantum
2679 4890 2926 4941 mortem
2971 4889 3336 4958 eeternosque
3359 4883 3657 4940 cruciatus

2010 4981 2216 5038 evadat
2245 4995 2431 5035 orare.
2512 4989 2520 5002 '

2086 5071 2208 5124 192.
2241 5068 2486 5123 Demum
2512 5067 2760 5136 daemon,
2784 5082 2918 5120 cum
2940 5081 3130 5136 neque
3153 5063 3306 5136 quod
3331 5063 3662 5119 intenderat

2014 5158 2242 5215 efﬁcere
2294 5160 2511 5228 posset,
2557 5155 2698 5226 quia
2743 5154 2987 5210 Joannis
3036 5151 3397 5209 sanctissimi
3443 5151 3660 5209 virtute

2017 5249 2383 5318 frangeretur
2426 5247 2586 5316 (nam
2647 5243 3000 5300 monachum
3050 5242 3218 5298 illum
3267 5259 3328 5298 se
3376 5241 3662 5298 suffocare

2019 5335 2334 5404 {voluisse},
2357 5334 2482 5405 ipse
2512 5335 2739 5389 daemon
2773 5337 2972 5404 postea
2994 5332 3183 5404 primo
3207 5347 3400 5398 mane,
3421 5330 3521 5387 ubi
3547 5331 3662 5387 huc

2017 5425 2338 5493 contendit,
2371 5422 2583 5478 referre
2615 5422 2824 5476 solitus
2857 5421 3022 5492 erat),
3058 5437 3124 5476 eo
3162 5419 3460 5494 aegerrime
3490 5419 3549 5474 id
3581 5421 3662 5475 fe-

2019 5531 2174 5581 rens,
2210 5512 2460 5568 fulcrum
2492 5511 2689 5566 lectuli
2729 5511 2814 5565 ira
2857 5510 3199 5578 concitatus,
3233 5526 3336 5582 per
3365 5509 3666 5582 pavimen-

2019 5608 2143 5660 tum
2181 5603 2344 5677 prius
2375 5602 2638 5673 trahens,
2671 5601 2729 5656 in
2761 5615 2884 5656 rem
2917 5599 3131 5656 malam
3163 5599 3318 5656 male
3347 5599 3509 5656 olens
3531 5612 3665 5651 con-
