  <div class='ocr_page' id='page_1' title='image "/cluster/home/n/w/nwhite01/storage/ocr_20150623/146/hvd.32044054760053/449.png"; bbox 0 0 4022 6160; ppageno 0'>
   <div class='ocr_carea' id='block_1_1' title="bbox 323 283 445 359">
    <p class='ocr_par' dir='ltr' id='par_1_1' title="bbox 323 283 445 359">
     <span class='ocr_line' id='line_1_1' title="bbox 323 283 445 359; baseline -0.016 0"><span class='ocrx_word' id='word_1_1' title='bbox 323 283 445 359; x_wconf 72' lang='grc' dir='ltr'>88ἶέ</span> 
     </span>
    </p>
   </div>
   <div class='ocr_carea' id='block_1_2' title="bbox 1375 282 2674 354">
    <p class='ocr_par' dir='ltr' id='par_1_2' title="bbox 1375 282 2674 354">
     <span class='ocr_line' id='line_1_2' title="bbox 1375 282 2674 354; baseline 0 -1"><span class='ocrx_word' id='word_1_2' title='bbox 1375 290 1439 353; x_wconf 91' lang='lat' dir='ltr'>S.</span> <span class='ocrx_word' id='word_1_3' title='bbox 1486 291 1814 352; x_wconf 82' lang='lat' dir='ltr'>JOANNIS</span> <span class='ocrx_word' id='word_1_4' title='bbox 1862 282 2299 354; x_wconf 78' lang='lat' dir='ltr'>GUALBERTI</span> <span class='ocrx_word' id='word_1_5' title='bbox 2345 292 2674 353; x_wconf 85' lang='lat' dir='ltr'>ABBATIS</span> 
     </span>
    </p>
   </div>
   <div class='ocr_carea' id='block_1_3' title="bbox 3613 288 3739 359">
    <p class='ocr_par' dir='ltr' id='par_1_3' title="bbox 3613 288 3739 359">
     <span class='ocr_line' id='line_1_3' title="bbox 3613 288 3739 359; baseline 0 -2"><span class='ocrx_word' id='word_1_6' title='bbox 3613 288 3739 359; x_wconf 75' lang='grc' dir='ltr'>8Βᾶ</span> 
     </span>
    </p>
   </div>
   <div class='ocr_carea' id='block_1_4' title="bbox 324 419 3735 497">
    <p class='ocr_par' dir='ltr' id='par_1_4' title="bbox 324 419 3735 497">
     <span class='ocr_line' id='line_1_4' title="bbox 324 419 3735 497; baseline 0.001 -22"><span class='ocrx_word' id='word_1_7' title='bbox 324 419 520 475; x_wconf 82' lang='lat' dir='ltr'>cessit.</span> <span class='ocrx_word' id='word_1_8' title='bbox 556 424 619 477; x_wconf 91' lang='lat' dir='ltr'>In</span> <span class='ocrx_word' id='word_1_9' title='bbox 652 436 717 475; x_wconf 92' lang='lat' dir='ltr'>eo</span> <span class='ocrx_word' id='word_1_10' title='bbox 750 420 944 492; x_wconf 81' lang='lat' dir='ltr'>itaque</span> <span class='ocrx_word' id='word_1_11' title='bbox 974 425 1094 476; x_wconf 89' lang='lat' dir='ltr'>tam</span> <span class='ocrx_word' id='word_1_12' title='bbox 1143 438 1351 494; x_wconf 87' lang='lat' dir='ltr'>aspero</span> <span class='ocrx_word' id='word_1_13' title='bbox 1383 425 1612 497; x_wconf 85' lang='lat' dir='ltr'>negotio</span> <span class='ocrx_word' id='word_1_14' title='bbox 1646 425 1969 481; x_wconf 81' lang='lat' dir='ltr'>monachus</span> <span class='ocrx_word' id='word_1_15' title='bbox 2002 430 2053 492; x_wconf 83' lang='grc' dir='ltr'>Α</span> <span class='ocrx_word' id='word_1_16' title='bbox 2085 426 2378 481; x_wconf 81' lang='lat' dir='ltr'>desereret</span> <span class='ocrx_word' id='word_1_17' title='bbox 2410 442 2422 481; x_wconf 90' lang='lat'>:</span> <span class='ocrx_word' id='word_1_18' title='bbox 2455 424 2789 481; x_wconf 72' lang='lat' dir='ltr'>catervatim</span> <span class='ocrx_word' id='word_1_19' title='bbox 2822 422 2978 479; x_wconf 88' lang='lat' dir='ltr'>enim</span> <span class='ocrx_word' id='word_1_20' title='bbox 3024 439 3085 479; x_wconf 89' lang='lat' dir='ltr'>se</span> <span class='ocrx_word' id='word_1_21' title='bbox 3134 424 3401 479; x_wconf 73' lang='lat' dir='ltr'>offerunt.</span> <span class='ocrx_word' id='word_1_22' title='bbox 3437 423 3735 489; x_wconf 85' lang='lat' dir='ltr'>Quamob-</span> 
     </span>
    </p>
   </div>
   <div class='ocr_carea' id='block_1_5' title="bbox 326 507 1974 584">
    <p class='ocr_par' dir='ltr' id='par_1_5' title="bbox 326 507 1974 584">
     <span class='ocr_line' id='line_1_5' title="bbox 326 507 1974 584; baseline 0.004 -22"><span class='ocrx_word' id='word_1_23' title='bbox 326 507 425 563; x_wconf 90' lang='lat' dir='ltr'>ille</span> <span class='ocrx_word' id='word_1_24' title='bbox 457 526 569 563; x_wconf 92' lang='lat' dir='ltr'>non</span> <span class='ocrx_word' id='word_1_25' title='bbox 601 508 797 563; x_wconf 90' lang='lat' dir='ltr'>minus</span> <span class='ocrx_word' id='word_1_26' title='bbox 840 509 1035 565; x_wconf 89' lang='lat' dir='ltr'>animo</span> <span class='ocrx_word' id='word_1_27' title='bbox 1068 511 1323 567; x_wconf 90' lang='lat' dir='ltr'>demisso</span> <span class='ocrx_word' id='word_1_28' title='bbox 1367 518 1497 584; x_wconf 90' lang='lat' dir='ltr'>post</span> <span class='ocrx_word' id='word_1_29' title='bbox 1545 514 1825 568; x_wconf 67' lang='lat' dir='ltr'>daemonis</span> <span class='ocrx_word' id='word_1_30' title='bbox 1857 514 1974 569; x_wconf 88' lang='lat' dir='ltr'>dis-</span> 
     </span>
    </p>
   </div>
   <div class='ocr_carea' id='block_1_6' title="bbox 329 588 1976 674">
    <p class='ocr_par' dir='ltr' id='par_1_6' title="bbox 329 588 1976 674">
     <span class='ocr_line' id='line_1_6' title="bbox 329 588 1976 674; baseline 0.002 -21"><span class='ocrx_word' id='word_1_31' title='bbox 329 612 583 665; x_wconf 85' lang='lat' dir='ltr'>cessum,</span> <span class='ocrx_word' id='word_1_32' title='bbox 608 613 674 652; x_wconf 90' lang='lat' dir='ltr'>ac</span> <span class='ocrx_word' id='word_1_33' title='bbox 696 598 836 651; x_wconf 91' lang='lat' dir='ltr'>dum</span> <span class='ocrx_word' id='word_1_34' title='bbox 861 599 1079 667; x_wconf 87' lang='lat' dir='ltr'>aderat,</span> <span class='ocrx_word' id='word_1_35' title='bbox 1109 600 1215 656; x_wconf 91' lang='lat' dir='ltr'>fuit</span> <span class='ocrx_word' id='word_1_36' title='bbox 1240 618 1253 655; x_wconf 84' lang='lat'><strong>:</strong></span> <span class='ocrx_word' id='word_1_37' title='bbox 1282 618 1417 655; x_wconf 90' lang='lat' dir='ltr'>nam</span> <span class='ocrx_word' id='word_1_38' title='bbox 1438 588 1724 673; x_wconf 83' lang='lat' dir='ltr'>reliquam</span> <span class='ocrx_word' id='word_1_39' title='bbox 1752 607 1976 674; x_wconf 85' lang='lat' dir='ltr'>partem</span> 
     </span>
    </p>
   </div>
   <div class='ocr_carea' id='block_1_7' title="bbox 329 684 1976 759">
    <p class='ocr_par' dir='ltr' id='par_1_7' title="bbox 329 684 1976 759">
     <span class='ocr_line' id='line_1_7' title="bbox 329 684 1976 759; baseline 0.004 -20"><span class='ocrx_word' id='word_1_40' title='bbox 329 684 516 740; x_wconf 90' lang='lat' dir='ltr'>noctis</span> <span class='ocrx_word' id='word_1_41' title='bbox 574 685 929 754; x_wconf 86' lang='lat' dir='ltr'>insomnem,</span> <span class='ocrx_word' id='word_1_42' title='bbox 965 693 1030 742; x_wconf 93' lang='lat' dir='ltr'>ut</span> <span class='ocrx_word' id='word_1_43' title='bbox 1088 688 1212 759; x_wconf 91' lang='lat' dir='ltr'>ipse</span> <span class='ocrx_word' id='word_1_44' title='bbox 1270 707 1506 745; x_wconf 87' lang='lat' dir='ltr'>narrare</span> <span class='ocrx_word' id='word_1_45' title='bbox 1566 690 1777 746; x_wconf 86' lang='lat' dir='ltr'>solitus</span> <span class='ocrx_word' id='word_1_46' title='bbox 1833 696 1976 759; x_wconf 86' lang='lat' dir='ltr'>erat,</span> 
     </span>
    </p>
   </div>
   <div class='ocr_carea' id='block_1_8' title="bbox 328 777 1977 850">
    <p class='ocr_par' dir='ltr' id='par_1_8' title="bbox 328 777 1977 850">
     <span class='ocr_line' id='line_1_8' title="bbox 328 777 1977 850; baseline 0.004 -21"><span class='ocrx_word' id='word_1_47' title='bbox 328 790 499 831; x_wconf 85' lang='lat' dir='ltr'>orans</span> <span class='ocrx_word' id='word_1_48' title='bbox 529 777 587 828; x_wconf 90' lang='lat' dir='ltr'>et</span> <span class='ocrx_word' id='word_1_49' title='bbox 615 778 873 831; x_wconf 87' lang='lat' dir='ltr'>tremens</span> <span class='ocrx_word' id='word_1_50' title='bbox 900 777 1092 844; x_wconf 85' lang='lat' dir='ltr'>duxit;</span> <span class='ocrx_word' id='word_1_51' title='bbox 1117 781 1333 833; x_wconf 89' lang='lat' dir='ltr'>veritus</span> <span class='ocrx_word' id='word_1_52' title='bbox 1366 797 1596 850; x_wconf 78' lang='lat' dir='ltr'>semper</span> <span class='ocrx_word' id='word_1_53' title='bbox 1618 798 1707 848; x_wconf 90' lang='lat' dir='ltr'>ne,</span> <span class='ocrx_word' id='word_1_54' title='bbox 1732 780 1781 834; x_wconf 91' lang='lat' dir='ltr'>si</span> <span class='ocrx_word' id='word_1_55' title='bbox 1803 781 1977 835; x_wconf 87' lang='lat' dir='ltr'>etiam</span> 
     </span>
    </p>
   </div>
   <div class='ocr_carea' id='block_1_9' title="bbox 328 861 1976 939">
    <p class='ocr_par' dir='ltr' id='par_1_9' title="bbox 328 861 1976 939">
     <span class='ocr_line' id='line_1_9' title="bbox 328 861 1976 939; baseline 0.004 -22"><span class='ocrx_word' id='word_1_56' title='bbox 328 861 637 933; x_wconf 85' lang='lat' dir='ltr'>paululum</span> <span class='ocrx_word' id='word_1_57' title='bbox 671 866 969 935; x_wconf 78' lang='lat' dir='ltr'>quoddam</span> <span class='ocrx_word' id='word_1_58' title='bbox 1001 868 1072 922; x_wconf 91' lang='lat' dir='ltr'>ab</span> <span class='ocrx_word' id='word_1_59' title='bbox 1104 868 1334 939; x_wconf 90' lang='lat' dir='ltr'>incepta</span> <span class='ocrx_word' id='word_1_60' title='bbox 1364 870 1621 923; x_wconf 87' lang='lat' dir='ltr'>oratione</span> <span class='ocrx_word' id='word_1_61' title='bbox 1654 870 1976 936; x_wconf 80' lang='lat' dir='ltr'>desisteret,</span> 
     </span>
    </p>
   </div>
   <div class='ocr_carea' id='block_1_10' title="bbox 328 953 1982 1029">
    <p class='ocr_par' dir='ltr' id='par_1_10' title="bbox 328 953 1982 1029">
     <span class='ocr_line' id='line_1_10' title="bbox 328 953 1982 1029; baseline 0.005 -23"><span class='ocrx_word' id='word_1_62' title='bbox 328 953 666 1008; x_wconf 86' lang='lat' dir='ltr'>communis</span> <span class='ocrx_word' id='word_1_63' title='bbox 698 955 963 1009; x_wconf 88' lang='lat' dir='ltr'>omnium</span> <span class='ocrx_word' id='word_1_64' title='bbox 1013 957 1199 1011; x_wconf 90' lang='lat' dir='ltr'>hostis</span> <span class='ocrx_word' id='word_1_65' title='bbox 1231 958 1455 1012; x_wconf 66' lang='lat' dir='ltr'>daemon</span> <span class='ocrx_word' id='word_1_66' title='bbox 1489 960 1650 1029; x_wconf 81' lang='lat' dir='ltr'>pejor</span> <span class='ocrx_word' id='word_1_67' title='bbox 1681 959 1982 1029; x_wconf 89' lang='lat' dir='ltr'>acriorque</span> 
     </span>
    </p>
   </div>
   <div class='ocr_carea' id='block_1_11' title="bbox 330 1039 1981 1117">
    <p class='ocr_par' dir='ltr' id='par_1_11' title="bbox 330 1039 1981 1117">
     <span class='ocr_line' id='line_1_11' title="bbox 330 1039 1981 1117; baseline 0.005 -23"><span class='ocrx_word' id='word_1_68' title='bbox 330 1039 593 1096; x_wconf 90' lang='lat' dir='ltr'>rediret:</span> <span class='ocrx_word' id='word_1_69' title='bbox 629 1045 783 1113; x_wconf 87' lang='lat' dir='ltr'>quod</span> <span class='ocrx_word' id='word_1_70' title='bbox 831 1044 987 1099; x_wconf 86' lang='lat' dir='ltr'>haud</span> <span class='ocrx_word' id='word_1_71' title='bbox 1038 1046 1201 1113; x_wconf 88' lang='lat' dir='ltr'>fecit;</span> <span class='ocrx_word' id='word_1_72' title='bbox 1236 1047 1507 1117; x_wconf 72' lang='lat' dir='ltr'>precibus</span> <span class='ocrx_word' id='word_1_73' title='bbox 1559 1046 1711 1101; x_wconf 89' lang='lat' dir='ltr'>enim</span> <span class='ocrx_word' id='word_1_74' title='bbox 1759 1054 1815 1101; x_wconf 90' lang='lat' dir='ltr'>et</span> <span class='ocrx_word' id='word_1_75' title='bbox 1864 1064 1981 1102; x_wconf 89' lang='lat' dir='ltr'>me-</span> 
     </span>
    </p>
   </div>
   <div class='ocr_carea' id='block_1_12' title="bbox 331 1128 1982 1207">
    <p class='ocr_par' dir='ltr' id='par_1_12' title="bbox 331 1128 1982 1207">
     <span class='ocr_line' id='line_1_12' title="bbox 331 1128 1982 1207; baseline 0.004 -24"><span class='ocrx_word' id='word_1_76' title='bbox 331 1128 462 1184; x_wconf 89' lang='lat' dir='ltr'>ritis</span> <span class='ocrx_word' id='word_1_77' title='bbox 497 1131 883 1187; x_wconf 64' lang='lat' dir='ltr'>sanctissima</span> <span class='ocrx_word' id='word_1_78' title='bbox 917 1134 1016 1188; x_wconf 88' lang='lat' dir='ltr'>Dei</span> <span class='ocrx_word' id='word_1_79' title='bbox 1050 1134 1359 1190; x_wconf 90' lang='lat' dir='ltr'>Genitricis</span> <span class='ocrx_word' id='word_1_80' title='bbox 1398 1141 1453 1190; x_wconf 89' lang='lat' dir='ltr'>et</span> <span class='ocrx_word' id='word_1_81' title='bbox 1485 1135 1741 1207; x_wconf 84' lang='lat' dir='ltr'>Virginis</span> <span class='ocrx_word' id='word_1_82' title='bbox 1789 1137 1982 1190; x_wconf 64' lang='lat' dir='ltr'>Mariae</span> 
     </span>
    </p>
   </div>
   <div class='ocr_carea' id='block_1_13' title="bbox 333 1217 1981 1295">
    <p class='ocr_par' dir='ltr' id='par_1_13' title="bbox 333 1217 1981 1295">
     <span class='ocr_line' id='line_1_13' title="bbox 333 1217 1981 1295; baseline 0.004 -22"><span class='ocrx_word' id='word_1_83' title='bbox 333 1221 390 1273; x_wconf 85' lang='lat' dir='ltr'>et</span> <span class='ocrx_word' id='word_1_84' title='bbox 420 1217 606 1273; x_wconf 86' lang='lat' dir='ltr'>Patris</span> <span class='ocrx_word' id='word_1_85' title='bbox 661 1220 904 1275; x_wconf 82' lang='lat' dir='ltr'>Joannis</span> <span class='ocrx_word' id='word_1_86' title='bbox 954 1222 1302 1293; x_wconf 82' lang='lat' dir='ltr'>beatissimi,</span> <span class='ocrx_word' id='word_1_87' title='bbox 1336 1226 1595 1295; x_wconf 84' lang='lat' dir='ltr'>perfidus</span> <span class='ocrx_word' id='word_1_88' title='bbox 1647 1224 1745 1279; x_wconf 91' lang='lat' dir='ltr'>ille</span> <span class='ocrx_word' id='word_1_89' title='bbox 1805 1226 1981 1280; x_wconf 87' lang='lat' dir='ltr'>Satan</span> 
     </span>
    </p>
   </div>
   <div class='ocr_carea' id='block_1_14' title="bbox 332 1307 820 1380">
    <p class='ocr_par' dir='ltr' id='par_1_14' title="bbox 332 1307 820 1380">
     <span class='ocr_line' id='line_1_14' title="bbox 332 1307 820 1380; baseline 0.008 -19"><span class='ocrx_word' id='word_1_90' title='bbox 332 1307 535 1380; x_wconf 79' lang='lat' dir='ltr'>procul</span> <span class='ocrx_word' id='word_1_91' title='bbox 568 1309 820 1365; x_wconf 89' lang='lat' dir='ltr'>abstitit.</span> 
     </span>
    </p>
   </div>
   <div class='ocr_carea' id='block_1_15' title="bbox 409 1397 1983 1473">
    <p class='ocr_par' dir='ltr' id='par_1_15' title="bbox 409 1397 1983 1473">
     <span class='ocr_line' id='line_1_15' title="bbox 409 1397 1983 1473; baseline 0.004 -22"><span class='ocrx_word' id='word_1_92' title='bbox 409 1397 806 1459; x_wconf 13' lang='lat' dir='ltr'>193.,Summo</span> <span class='ocrx_word' id='word_1_93' title='bbox 864 1400 1043 1472; x_wconf 80' lang='lat' dir='ltr'>igitur</span> <span class='ocrx_word' id='word_1_94' title='bbox 1102 1418 1293 1469; x_wconf 80' lang='lat' dir='ltr'>mane,</span> <span class='ocrx_word' id='word_1_95' title='bbox 1336 1403 1577 1473; x_wconf 88' lang='lat' dir='ltr'>quidam</span> <span class='ocrx_word' id='word_1_96' title='bbox 1634 1421 1667 1458; x_wconf 91' lang='lat' dir='ltr'>a</span> <span class='ocrx_word' id='word_1_97' title='bbox 1724 1405 1983 1459; x_wconf 74' lang='lat' dir='ltr'>daemone</span> 
     </span>
    </p>
   </div>
   <div class='ocr_carea' id='block_1_16' title="bbox 335 1488 1987 1562">
    <p class='ocr_par' dir='ltr' id='par_1_16' title="bbox 335 1488 1987 1562">
     <span class='ocr_line' id='line_1_16' title="bbox 335 1488 1987 1562; baseline 0.004 -22"><span class='ocrx_word' id='word_1_98' title='bbox 335 1490 561 1557; x_wconf 89' lang='lat' dir='ltr'>captus,</span> <span class='ocrx_word' id='word_1_99' title='bbox 585 1488 654 1542; x_wconf 90' lang='lat' dir='ltr'>de</span> <span class='ocrx_word' id='word_1_100' title='bbox 683 1488 819 1544; x_wconf 88' lang='lat' dir='ltr'>villa</span> <span class='ocrx_word' id='word_1_101' title='bbox 851 1507 976 1561; x_wconf 81' lang='lat' dir='ltr'>quae</span> <span class='ocrx_word' id='word_1_102' title='bbox 1008 1492 1243 1562; x_wconf 88' lang='lat' dir='ltr'>vulgato</span> <span class='ocrx_word' id='word_1_103' title='bbox 1275 1492 1509 1547; x_wconf 87' lang='lat' dir='ltr'>nomine</span> <span class='ocrx_word' id='word_1_104' title='bbox 1533 1492 1743 1548; x_wconf 89' lang='lat' dir='ltr'>Thosis</span> <span class='ocrx_word' id='word_1_105' title='bbox 1773 1492 1987 1547; x_wconf 89' lang='lat' dir='ltr'>dicitur</span> 
     </span>
    </p>
   </div>
   <div class='ocr_carea' id='block_1_17' title="bbox 334 1574 1987 1651">
    <p class='ocr_par' dir='ltr' id='par_1_17' title="bbox 334 1574 1987 1651">
     <span class='ocr_line' id='line_1_17' title="bbox 334 1574 1987 1651; baseline 0.004 -23"><span class='ocrx_word' id='word_1_106' title='bbox 334 1574 523 1646; x_wconf 87' lang='lat' dir='ltr'>(abest</span> <span class='ocrx_word' id='word_1_107' title='bbox 554 1576 711 1631; x_wconf 90' lang='lat' dir='ltr'>enim</span> <span class='ocrx_word' id='word_1_108' title='bbox 744 1579 815 1633; x_wconf 92' lang='lat' dir='ltr'>ab</span> <span class='ocrx_word' id='word_1_109' title='bbox 849 1579 962 1634; x_wconf 89' lang='lat' dir='ltr'>isto</span> <span class='ocrx_word' id='word_1_110' title='bbox 994 1581 1050 1635; x_wconf 90' lang='lat' dir='ltr'>S.</span> <span class='ocrx_word' id='word_1_111' title='bbox 1088 1581 1280 1636; x_wconf 56' lang='grc' dir='ltr'>Μαι-ἰῶ</span> <span class='ocrx_word' id='word_1_112' title='bbox 1332 1582 1686 1636; x_wconf 90' lang='lat' dir='ltr'>monasterio</span> <span class='ocrx_word' id='word_1_113' title='bbox 1738 1582 1855 1636; x_wconf 87' lang='lat' dir='ltr'>fere</span> <span class='ocrx_word' id='word_1_114' title='bbox 1886 1598 1987 1651; x_wconf 88' lang='lat' dir='ltr'>per</span> 
     </span>
    </p>
   </div>
   <div class='ocr_carea' id='block_1_18' title="bbox 332 1662 1985 1739">
    <p class='ocr_par' dir='ltr' id='par_1_18' title="bbox 332 1662 1985 1739">
     <span class='ocr_line' id='line_1_18' title="bbox 332 1662 1985 1739; baseline 0.005 -22"><span class='ocrx_word' id='word_1_115' title='bbox 332 1662 657 1721; x_wconf 7' lang='lat' dir='ltr'>trialmillia</span> <span class='ocrx_word' id='word_1_116' title='bbox 678 1669 1007 1739; x_wconf 83' lang='lat' dir='ltr'>passuum),</span> <span class='ocrx_word' id='word_1_117' title='bbox 1022 1669 1138 1725; x_wconf 92' lang='lat' dir='ltr'>huc</span> <span class='ocrx_word' id='word_1_118' title='bbox 1159 1670 1211 1724; x_wconf 89' lang='lat' dir='ltr'>vi</span> <span class='ocrx_word' id='word_1_119' title='bbox 1238 1670 1558 1726; x_wconf 91' lang='lat' dir='ltr'>multorum</span> <span class='ocrx_word' id='word_1_120' title='bbox 1577 1670 1985 1725; x_wconf 85' lang='lat' dir='ltr'>comitantium</span> 
     </span>
    </p>
   </div>
   <div class='ocr_carea' id='block_1_19' title="bbox 2088 512 3736 585">
    <p class='ocr_par' dir='ltr' id='par_1_19' title="bbox 2088 512 3736 585">
     <span class='ocr_line' id='line_1_19' title="bbox 2088 512 3736 585; baseline 0.001 -18"><span class='ocrx_word' id='word_1_121' title='bbox 2088 531 2207 569; x_wconf 88' lang='lat' dir='ltr'>rem</span> <span class='ocrx_word' id='word_1_122' title='bbox 2262 512 2717 585; x_wconf 89' lang='lat' dir='ltr'>quamplurimis</span> <span class='ocrx_word' id='word_1_123' title='bbox 2775 512 3204 584; x_wconf 75' lang='lat' dir='ltr'>praetermissis,</span> <span class='ocrx_word' id='word_1_124' title='bbox 3238 512 3507 583; x_wconf 68' lang='lat' dir='ltr'>quaedam</span> <span class='ocrx_word' id='word_1_125' title='bbox 3565 512 3736 584; x_wconf 86' lang='lat' dir='ltr'>signa</span> 
     </span>
    </p>
   </div>
   <div class='ocr_carea' id='block_1_20' title="bbox 2088 602 3616 675">
    <p class='ocr_par' dir='ltr' id='par_1_20' title="bbox 2088 602 3616 675">
     <span class='ocr_line' id='line_1_20' title="bbox 2088 602 3616 675; baseline -0.002 -18"><span class='ocrx_word' id='word_1_126' title='bbox 2088 604 2279 673; x_wconf 89' lang='lat' dir='ltr'>magis</span> <span class='ocrx_word' id='word_1_127' title='bbox 2311 604 2619 669; x_wconf 88' lang='lat' dir='ltr'>celebrata,</span> <span class='ocrx_word' id='word_1_128' title='bbox 2655 620 2769 675; x_wconf 92' lang='lat' dir='ltr'>quo</span> <span class='ocrx_word' id='word_1_129' title='bbox 2804 607 2999 674; x_wconf 89' lang='lat' dir='ltr'>potero</span> <span class='ocrx_word' id='word_1_130' title='bbox 3032 602 3253 670; x_wconf 88' lang='lat' dir='ltr'>ordine,</span> <span class='ocrx_word' id='word_1_131' title='bbox 3288 602 3616 657; x_wconf 85' lang='lat' dir='ltr'>ostendam.</span> 
     </span>
    </p>
   </div>
   <div class='ocr_carea' id='block_1_21' title="bbox 2162 690 3738 761">
    <p class='ocr_par' dir='ltr' id='par_1_21' title="bbox 2162 690 3738 761">
     <span class='ocr_line' id='line_1_21' title="bbox 2162 690 3738 761; baseline 0.001 -17"><span class='ocrx_word' id='word_1_132' title='bbox 2162 692 2283 745; x_wconf 80' lang='grc'>195.</span> <span class='ocrx_word' id='word_1_133' title='bbox 2307 693 2389 746; x_wconf 86' lang='lat' dir='ltr'>Ad</span> <span class='ocrx_word' id='word_1_134' title='bbox 2422 692 2530 747; x_wconf 88' lang='lat' dir='ltr'>hoc</span> <span class='ocrx_word' id='word_1_135' title='bbox 2581 693 2637 747; x_wconf 88' lang='lat' dir='ltr'>S.</span> <span class='ocrx_word' id='word_1_136' title='bbox 2672 692 2861 746; x_wconf 64' lang='lat' dir='ltr'>Mariae</span> <span class='ocrx_word' id='word_1_137' title='bbox 2895 690 3317 746; x_wconf 87' lang='lat' dir='ltr'>monasterium</span> <span class='ocrx_word' id='word_1_138' title='bbox 3348 691 3420 745; x_wconf 90' lang='lat' dir='ltr'>de</span> <span class='ocrx_word' id='word_1_139' title='bbox 3468 690 3738 761; x_wconf 88' lang='lat' dir='ltr'>partibus</span> 
     </span>
    </p>
   </div>
   <div class='ocr_carea' id='block_1_22' title="bbox 2090 779 3741 852">
    <p class='ocr_par' dir='ltr' id='par_1_22' title="bbox 2090 779 3741 852">
     <span class='ocr_line' id='line_1_22' title="bbox 2090 779 3741 852; baseline 0 -18"><span class='ocrx_word' id='word_1_140' title='bbox 2090 780 2385 835; x_wconf 66' lang='lat' dir='ltr'>Flaminiae</span> <span class='ocrx_word' id='word_1_141' title='bbox 2403 798 2581 836; x_wconf 91' lang='lat' dir='ltr'>anum</span> <span class='ocrx_word' id='word_1_142' title='bbox 2604 781 2944 852; x_wconf 87' lang='lat' dir='ltr'>quamdam,</span> <span class='ocrx_word' id='word_1_143' title='bbox 2964 800 2995 836; x_wconf 85' lang='lat' dir='ltr'>a</span> <span class='ocrx_word' id='word_1_144' title='bbox 3017 781 3279 835; x_wconf 64' lang='lat' dir='ltr'>daemone</span> <span class='ocrx_word' id='word_1_145' title='bbox 3298 782 3529 850; x_wconf 88' lang='lat' dir='ltr'>captam</span> <span class='ocrx_word' id='word_1_146' title='bbox 3554 779 3741 847; x_wconf 86' lang='lat' dir='ltr'>[intel-</span> 
     </span>
    </p>
   </div>
   <div class='ocr_carea' id='block_1_23' title="bbox 2093 868 3741 940">
    <p class='ocr_par' dir='ltr' id='par_1_23' title="bbox 2093 868 3741 940">
     <span class='ocr_line' id='line_1_23' title="bbox 2093 868 3741 940; baseline -0.001 -15"><span class='ocrx_word' id='word_1_147' title='bbox 2093 870 2248 940; x_wconf 79' lang='lat' dir='ltr'>lexi],</span> <span class='ocrx_word' id='word_1_148' title='bbox 2275 871 2327 924; x_wconf 91' lang='lat' dir='ltr'>vi</span> <span class='ocrx_word' id='word_1_149' title='bbox 2363 870 2630 925; x_wconf 83' lang='lat' dir='ltr'>affinium</span> <span class='ocrx_word' id='word_1_150' title='bbox 2676 870 3043 937; x_wconf 87' lang='lat' dir='ltr'>aliorumque</span> <span class='ocrx_word' id='word_1_151' title='bbox 3087 868 3311 939; x_wconf 83' lang='lat' dir='ltr'>[fuisse]</span> <span class='ocrx_word' id='word_1_152' title='bbox 3342 869 3602 935; x_wconf 78' lang='lat' dir='ltr'>ductam,</span> <span class='ocrx_word' id='word_1_153' title='bbox 3636 868 3741 939; x_wconf 87' lang='lat' dir='ltr'>qui</span> 
     </span>
    </p>
   </div>
   <div class='ocr_carea' id='block_1_24' title="bbox 2092 956 3744 1027">
    <p class='ocr_par' dir='ltr' id='par_1_24' title="bbox 2092 956 3744 1027">
     <span class='ocr_line' id='line_1_24' title="bbox 2092 956 3744 1027; baseline -0.002 -14"><span class='ocrx_word' id='word_1_154' title='bbox 2092 975 2152 1013; x_wconf 91' lang='lat' dir='ltr'>re</span> <span class='ocrx_word' id='word_1_155' title='bbox 2182 957 2436 1027; x_wconf 89' lang='lat' dir='ltr'>insolita,</span> <span class='ocrx_word' id='word_1_156' title='bbox 2460 964 2525 1013; x_wconf 90' lang='lat' dir='ltr'>ut</span> <span class='ocrx_word' id='word_1_157' title='bbox 2557 975 2685 1015; x_wconf 90' lang='lat' dir='ltr'>mos</span> <span class='ocrx_word' id='word_1_158' title='bbox 2734 963 2843 1023; x_wconf 88' lang='lat' dir='ltr'>est,</span> <span class='ocrx_word' id='word_1_159' title='bbox 2877 957 3108 1012; x_wconf 83' lang='lat' dir='ltr'>excitati</span> <span class='ocrx_word' id='word_1_160' title='bbox 3140 957 3383 1011; x_wconf 89' lang='lat' dir='ltr'>comites</span> <span class='ocrx_word' id='word_1_161' title='bbox 3414 972 3542 1011; x_wconf 90' lang='lat' dir='ltr'>sese</span> <span class='ocrx_word' id='word_1_162' title='bbox 3594 956 3744 1011; x_wconf 82' lang='lat' dir='ltr'>tanti</span> 
     </span>
    </p>
   </div>
   <div class='ocr_carea' id='block_1_25' title="bbox 2090 1045 3744 1117">
    <p class='ocr_par' dir='ltr' id='par_1_25' title="bbox 2090 1045 3744 1117">
     <span class='ocr_line' id='line_1_25' title="bbox 2090 1045 3744 1117; baseline -0.002 -16"><span class='ocrx_word' id='word_1_163' title='bbox 2090 1050 2325 1115; x_wconf 89' lang='lat' dir='ltr'>tamque</span> <span class='ocrx_word' id='word_1_164' title='bbox 2345 1047 2512 1101; x_wconf 83' lang='lat' dir='ltr'>ardui</span> <span class='ocrx_word' id='word_1_165' title='bbox 2546 1047 2771 1101; x_wconf 86' lang='lat' dir='ltr'>itineris</span> <span class='ocrx_word' id='word_1_166' title='bbox 2801 1052 3007 1117; x_wconf 85' lang='lat' dir='ltr'>sponte</span> <span class='ocrx_word' id='word_1_167' title='bbox 3039 1045 3447 1117; x_wconf 68' lang='lat' dir='ltr'>prmstiterant.</span> <span class='ocrx_word' id='word_1_168' title='bbox 3474 1046 3582 1108; x_wconf 87' lang='lat' dir='ltr'>Qui</span> <span class='ocrx_word' id='word_1_169' title='bbox 3611 1046 3744 1116; x_wconf 86' lang='lat' dir='ltr'>qui-</span> 
     </span>
    </p>
   </div>
   <div class='ocr_carea' id='block_1_26' title="bbox 2092 1135 3750 1207">
    <p class='ocr_par' dir='ltr' id='par_1_26' title="bbox 2092 1135 3750 1207">
     <span class='ocr_line' id='line_1_26' title="bbox 2092 1135 3750 1207; baseline 0 -18"><span class='ocrx_word' id='word_1_170' title='bbox 2092 1137 2221 1190; x_wconf 91' lang='lat' dir='ltr'>dem</span> <span class='ocrx_word' id='word_1_171' title='bbox 2247 1136 2603 1207; x_wconf 85' lang='lat' dir='ltr'>daemon,qui</span> <span class='ocrx_word' id='word_1_172' title='bbox 2623 1152 2750 1191; x_wconf 88' lang='lat' dir='ltr'>eam</span> <span class='ocrx_word' id='word_1_173' title='bbox 2782 1135 3090 1201; x_wconf 85' lang='lat' dir='ltr'>invaserat,</span> <span class='ocrx_word' id='word_1_174' title='bbox 3114 1138 3276 1189; x_wconf 86' lang='lat' dir='ltr'>tanta</span> <span class='ocrx_word' id='word_1_175' title='bbox 3305 1138 3427 1188; x_wconf 90' lang='lat' dir='ltr'>arte</span> <span class='ocrx_word' id='word_1_176' title='bbox 3458 1138 3750 1205; x_wconf 84' lang='lat' dir='ltr'>tantaque</span> 
     </span>
    </p>
   </div>
   <div class='ocr_carea' id='block_1_27' title="bbox 2090 1222 3748 1292">
    <p class='ocr_par' dir='ltr' id='par_1_27' title="bbox 2090 1222 3748 1292">
     <span class='ocr_line' id='line_1_27' title="bbox 2090 1222 3748 1292; baseline -0.002 -13"><span class='ocrx_word' id='word_1_177' title='bbox 2090 1224 2407 1280; x_wconf 85' lang='lat' dir='ltr'>calliditate</span> <span class='ocrx_word' id='word_1_178' title='bbox 2438 1225 2756 1280; x_wconf 81' lang='lat' dir='ltr'>simulandi</span> <span class='ocrx_word' id='word_1_179' title='bbox 2801 1230 2858 1279; x_wconf 91' lang='lat' dir='ltr'>et</span> <span class='ocrx_word' id='word_1_180' title='bbox 2898 1222 3332 1292; x_wconf 83' lang='lat' dir='ltr'>dissimulandi,</span> <span class='ocrx_word' id='word_1_181' title='bbox 3367 1224 3517 1277; x_wconf 90' lang='lat' dir='ltr'>bone</span> <span class='ocrx_word' id='word_1_182' title='bbox 3563 1222 3748 1278; x_wconf 84' lang='lat' dir='ltr'>Jesul</span> 
     </span>
    </p>
   </div>
   <div class='ocr_carea' id='block_1_28' title="bbox 2092 1311 3753 1383">
    <p class='ocr_par' dir='ltr' id='par_1_28' title="bbox 2092 1311 3753 1383">
     <span class='ocr_line' id='line_1_28' title="bbox 2092 1311 3753 1383; baseline -0.001 -16"><span class='ocrx_word' id='word_1_183' title='bbox 2092 1313 2416 1369; x_wconf 90' lang='lat' dir='ltr'>instructus</span> <span class='ocrx_word' id='word_1_184' title='bbox 2449 1315 2635 1383; x_wconf 83' lang='lat' dir='ltr'>[erat],</span> <span class='ocrx_word' id='word_1_185' title='bbox 2670 1318 2731 1368; x_wconf 90' lang='lat' dir='ltr'>ut</span> <span class='ocrx_word' id='word_1_186' title='bbox 2762 1314 2813 1367; x_wconf 90' lang='lat' dir='ltr'>ei</span> <span class='ocrx_word' id='word_1_187' title='bbox 2843 1312 2929 1367; x_wconf 88' lang='lat' dir='ltr'>vel</span> <span class='ocrx_word' id='word_1_188' title='bbox 2966 1311 3167 1366; x_wconf 91' lang='lat' dir='ltr'>nullus</span> <span class='ocrx_word' id='word_1_189' title='bbox 3188 1327 3443 1382; x_wconf 89' lang='lat' dir='ltr'>nequam</span> <span class='ocrx_word' id='word_1_190' title='bbox 3476 1311 3753 1383; x_wconf 85' lang='lat' dir='ltr'>spiritus,</span> 
     </span>
    </p>
   </div>
   <div class='ocr_carea' id='block_1_29' title="bbox 2092 1399 3758 1473">
    <p class='ocr_par' dir='ltr' id='par_1_29' title="bbox 2092 1399 3758 1473">
     <span class='ocr_line' id='line_1_29' title="bbox 2092 1399 3758 1473; baseline -0.001 -18"><span class='ocrx_word' id='word_1_191' title='bbox 2092 1402 2181 1457; x_wconf 90' lang='lat' dir='ltr'>vel</span> <span class='ocrx_word' id='word_1_192' title='bbox 2208 1402 2376 1473; x_wconf 86' lang='lat' dir='ltr'>pauci</span> <span class='ocrx_word' id='word_1_193' title='bbox 2411 1401 2652 1467; x_wconf 89' lang='lat' dir='ltr'>similes,</span> <span class='ocrx_word' id='word_1_194' title='bbox 2680 1418 2809 1456; x_wconf 89' lang='lat' dir='ltr'>mea</span> <span class='ocrx_word' id='word_1_195' title='bbox 2837 1401 3130 1456; x_wconf 89' lang='lat' dir='ltr'>sententia</span> <span class='ocrx_word' id='word_1_196' title='bbox 3150 1400 3302 1455; x_wconf 87' lang='lat' dir='ltr'>inter</span> <span class='ocrx_word' id='word_1_197' title='bbox 3327 1399 3620 1465; x_wconf 86' lang='lat' dir='ltr'>homines,</span> <span class='ocrx_word' id='word_1_198' title='bbox 3643 1416 3758 1471; x_wconf 87' lang='lat' dir='ltr'>per</span> 
     </span>
    </p>
   </div>
   <div class='ocr_carea' id='block_1_30' title="bbox 2095 1488 3758 1560">
    <p class='ocr_par' dir='ltr' id='par_1_30' title="bbox 2095 1488 3758 1560">
     <span class='ocr_line' id='line_1_30' title="bbox 2095 1488 3758 1560; baseline -0.001 -15"><span class='ocrx_word' id='word_1_199' title='bbox 2095 1507 2285 1546; x_wconf 89' lang='lat' dir='ltr'>aerem</span> <span class='ocrx_word' id='word_1_200' title='bbox 2321 1490 2630 1546; x_wconf 88' lang='lat' dir='ltr'>volitantes</span> <span class='ocrx_word' id='word_1_201' title='bbox 2680 1490 3045 1560; x_wconf 88' lang='lat' dir='ltr'>reperiantur</span> <span class='ocrx_word' id='word_1_202' title='bbox 3078 1506 3090 1543; x_wconf 90' lang='lat'>:</span> <span class='ocrx_word' id='word_1_203' title='bbox 3125 1505 3243 1560; x_wconf 89' lang='lat' dir='ltr'>qua</span> <span class='ocrx_word' id='word_1_204' title='bbox 3290 1492 3431 1554; x_wconf 80' lang='lat' dir='ltr'>arte,</span> <span class='ocrx_word' id='word_1_205' title='bbox 3467 1488 3536 1542; x_wconf 90' lang='lat' dir='ltr'>de</span> <span class='ocrx_word' id='word_1_206' title='bbox 3588 1504 3758 1544; x_wconf 88' lang='lat' dir='ltr'>more</span> 
     </span>
    </p>
   </div>
   <div class='ocr_carea' id='block_1_31' title="bbox 2095 1577 3757 1649">
    <p class='ocr_par' dir='ltr' id='par_1_31' title="bbox 2095 1577 3757 1649">
     <span class='ocr_line' id='line_1_31' title="bbox 2095 1577 3757 1649; baseline -0.001 -15"><span class='ocrx_word' id='word_1_207' title='bbox 2095 1596 2228 1634; x_wconf 91' lang='lat' dir='ltr'>cum</span> <span class='ocrx_word' id='word_1_208' title='bbox 2260 1597 2429 1635; x_wconf 86' lang='lat' dir='ltr'>cruce</span> <span class='ocrx_word' id='word_1_209' title='bbox 2452 1597 2485 1634; x_wconf 91' lang='lat' dir='ltr'>a</span> <span class='ocrx_word' id='word_1_210' title='bbox 2506 1579 2791 1634; x_wconf 90' lang='lat' dir='ltr'>monacho</span> <span class='ocrx_word' id='word_1_211' title='bbox 2814 1579 3069 1649; x_wconf 87' lang='lat' dir='ltr'>quodam</span> <span class='ocrx_word' id='word_1_212' title='bbox 3100 1577 3160 1631; x_wconf 90' lang='lat' dir='ltr'>in</span> <span class='ocrx_word' id='word_1_213' title='bbox 3189 1577 3536 1632; x_wconf 88' lang='lat' dir='ltr'>diaconatus</span> <span class='ocrx_word' id='word_1_214' title='bbox 3557 1577 3757 1633; x_wconf 81' lang='lat' dir='ltr'>ofﬁcio</span> 
     </span>
    </p>
   </div>
   <div class='ocr_carea' id='block_1_32' title="bbox 2096 1666 3757 1739">
    <p class='ocr_par' dir='ltr' id='par_1_32' title="bbox 2096 1666 3757 1739">
     <span class='ocr_line' id='line_1_32' title="bbox 2096 1666 3757 1739; baseline -0.002 -15"><span class='ocrx_word' id='word_1_215' title='bbox 2096 1672 2413 1724; x_wconf 88' lang='lat' dir='ltr'>constituto</span> <span class='ocrx_word' id='word_1_216' title='bbox 2444 1670 2866 1739; x_wconf 86' lang='lat' dir='ltr'>conjuraretur,</span> <span class='ocrx_word' id='word_1_217' title='bbox 2902 1667 2982 1721; x_wconf 88' lang='lat' dir='ltr'>ita</span> <span class='ocrx_word' id='word_1_218' title='bbox 3013 1683 3159 1722; x_wconf 89' lang='lat' dir='ltr'>usus</span> <span class='ocrx_word' id='word_1_219' title='bbox 3188 1670 3295 1734; x_wconf 86' lang='lat' dir='ltr'>est,</span> <span class='ocrx_word' id='word_1_220' title='bbox 3319 1670 3383 1720; x_wconf 88' lang='lat' dir='ltr'>ut</span> <span class='ocrx_word' id='word_1_221' title='bbox 3412 1666 3610 1737; x_wconf 89' lang='lat' dir='ltr'>quivis</span> <span class='ocrx_word' id='word_1_222' title='bbox 3639 1666 3757 1721; x_wconf 82' lang='lat' dir='ltr'>tali</span> 
     </span>
    </p>
   </div>
   <div class='ocr_carea' id='block_1_33' title="bbox 334 1754 3824 1861">
    <p class='ocr_par' dir='ltr' id='par_1_33' title="bbox 334 1754 3824 1861">
     <span class='ocr_line' id='line_1_33' title="bbox 334 1754 3824 1861; baseline 0.001 -53"><span class='ocrx_word' id='word_1_223' title='bbox 334 1754 550 1809; x_wconf 87' lang='lat' dir='ltr'>ductus</span> <span class='ocrx_word' id='word_1_224' title='bbox 581 1760 689 1810; x_wconf 90' lang='lat' dir='ltr'>est.</span> <span class='ocrx_word' id='word_1_225' title='bbox 714 1757 859 1811; x_wconf 90' lang='lat' dir='ltr'>Cum</span> <span class='ocrx_word' id='word_1_226' title='bbox 891 1757 1071 1828; x_wconf 85' lang='lat' dir='ltr'>igitur</span> <span class='ocrx_word' id='word_1_227' title='bbox 1101 1776 1260 1814; x_wconf 91' lang='lat' dir='ltr'>more</span> <span class='ocrx_word' id='word_1_228' title='bbox 1287 1759 1457 1815; x_wconf 91' lang='lat' dir='ltr'>solito</span> <span class='ocrx_word' id='word_1_229' title='bbox 1486 1760 1757 1815; x_wconf 87' lang='lat' dir='ltr'>monachi</span> <span class='ocrx_word' id='word_1_230' title='bbox 1780 1775 1984 1815; x_wconf 89' lang='lat' dir='ltr'>omnes</span> <span class='ocrx_word' id='word_1_231' title='bbox 2025 1797 2073 1861; x_wconf 80' lang='grc' dir='ltr'>Β</span> <span class='ocrx_word' id='word_1_232' title='bbox 2101 1757 2159 1812; x_wconf 91' lang='lat' dir='ltr'>in</span> <span class='ocrx_word' id='word_1_233' title='bbox 2193 1775 2253 1813; x_wconf 89' lang='lat' dir='ltr'>re</span> <span class='ocrx_word' id='word_1_234' title='bbox 2283 1759 2459 1814; x_wconf 90' lang='lat' dir='ltr'>etiam</span> <span class='ocrx_word' id='word_1_235' title='bbox 2507 1758 2679 1827; x_wconf 88' lang='lat' dir='ltr'>longe</span> <span class='ocrx_word' id='word_1_236' title='bbox 2717 1760 2990 1826; x_wconf 87' lang='lat' dir='ltr'>expertus</span> <span class='ocrx_word' id='word_1_237' title='bbox 3037 1755 3392 1811; x_wconf 85' lang='lat' dir='ltr'>afﬁrmasset</span> <span class='ocrx_word' id='word_1_238' title='bbox 3440 1755 3765 1810; x_wconf 86' lang='lat' dir='ltr'>mulierem</span> <span class='ocrx_word' id='word_1_239' title='bbox 3820 1762 3824 1766; x_wconf 84' lang='lat'>&#39;</span> 
     </span>
    </p>
   </div>
   <div class='ocr_carea' id='block_1_34' title="bbox 335 1842 1991 1918">
    <p class='ocr_par' dir='ltr' id='par_1_34' title="bbox 335 1842 1991 1918">
     <span class='ocr_line' id='line_1_34' title="bbox 335 1842 1991 1918; baseline 0.004 -21"><span class='ocrx_word' id='word_1_240' title='bbox 335 1842 539 1898; x_wconf 88' lang='lat' dir='ltr'>ordine</span> <span class='ocrx_word' id='word_1_241' title='bbox 588 1861 695 1901; x_wconf 89' lang='lat' dir='ltr'>suo</span> <span class='ocrx_word' id='word_1_242' title='bbox 744 1846 1146 1918; x_wconf 87' lang='lat' dir='ltr'>circumpositi</span> <span class='ocrx_word' id='word_1_243' title='bbox 1180 1854 1454 1903; x_wconf 88' lang='lat' dir='ltr'>canerent</span> <span class='ocrx_word' id='word_1_244' title='bbox 1480 1854 1537 1904; x_wconf 90' lang='lat' dir='ltr'>et</span> <span class='ocrx_word' id='word_1_245' title='bbox 1566 1853 1820 1915; x_wconf 87' lang='lat' dir='ltr'>orarent,</span> <span class='ocrx_word' id='word_1_246' title='bbox 1870 1847 1991 1915; x_wconf 91' lang='lat' dir='ltr'>ille,</span> 
     </span>
    </p>
   </div>
   <div class='ocr_carea' id='block_1_35' title="bbox 339 1932 1997 2010">
    <p class='ocr_par' dir='ltr' id='par_1_35' title="bbox 339 1932 1997 2010">
     <span class='ocr_line' id='line_1_35' title="bbox 339 1932 1997 2010; baseline 0.004 -26"><span class='ocrx_word' id='word_1_247' title='bbox 339 1945 514 2010; x_wconf 78' lang='lat' dir='ltr'>quem</span> <span class='ocrx_word' id='word_1_248' title='bbox 547 1932 773 1989; x_wconf 68' lang='lat' dir='ltr'>daemon</span> <span class='ocrx_word' id='word_1_249' title='bbox 806 1933 1121 2004; x_wconf 87' lang='lat' dir='ltr'>invaserat,</span> <span class='ocrx_word' id='word_1_250' title='bbox 1156 1938 1433 1993; x_wconf 91' lang='lat' dir='ltr'>omnibus</span> <span class='ocrx_word' id='word_1_251' title='bbox 1484 1938 1646 2010; x_wconf 89' lang='lat' dir='ltr'>prius</span> <span class='ocrx_word' id='word_1_252' title='bbox 1690 1937 1997 1994; x_wconf 88' lang='lat' dir='ltr'>monachis</span> 
     </span>
    </p>
   </div>
   <div class='ocr_carea' id='block_1_36' title="bbox 332 2006 1996 2097">
    <p class='ocr_par' dir='ltr' id='par_1_36' title="bbox 332 2006 1996 2097">
     <span class='ocr_line' id='line_1_36' title="bbox 332 2006 1996 2097; baseline 0.005 -23"><span class='ocrx_word' id='word_1_253' title='bbox 332 2006 627 2090; x_wconf 83' lang='lat' dir='ltr'>1ustratis,</span> <span class='ocrx_word' id='word_1_254' title='bbox 659 2021 719 2078; x_wconf 90' lang='lat' dir='ltr'>in</span> <span class='ocrx_word' id='word_1_255' title='bbox 751 2039 885 2079; x_wconf 92' lang='lat' dir='ltr'>eum</span> <span class='ocrx_word' id='word_1_256' title='bbox 909 2024 1156 2091; x_wconf 65' lang='lat' dir='ltr'>diemon,</span> <span class='ocrx_word' id='word_1_257' title='bbox 1181 2026 1281 2097; x_wconf 91' lang='lat' dir='ltr'>qui</span> <span class='ocrx_word' id='word_1_258' title='bbox 1319 2028 1608 2097; x_wconf 68' lang='lat' dir='ltr'>prazterita</span> <span class='ocrx_word' id='word_1_259' title='bbox 1633 2032 1801 2083; x_wconf 90' lang='lat' dir='ltr'>nocte</span> <span class='ocrx_word' id='word_1_260' title='bbox 1826 2027 1996 2082; x_wconf 85' lang='lat' dir='ltr'>visio-</span> 
     </span>
    </p>
   </div>
   <div class='ocr_carea' id='block_1_37' title="bbox 348 2110 1993 2185">
    <p class='ocr_par' dir='ltr' id='par_1_37' title="bbox 348 2110 1993 2185">
     <span class='ocr_line' id='line_1_37' title="bbox 348 2110 1993 2185; baseline 0.004 -20"><span class='ocrx_word' id='word_1_261' title='bbox 348 2126 484 2167; x_wconf 86' lang='lat' dir='ltr'>nem</span> <span class='ocrx_word' id='word_1_262' title='bbox 515 2110 679 2167; x_wconf 87' lang='lat' dir='ltr'>illam</span> <span class='ocrx_word' id='word_1_263' title='bbox 723 2113 843 2167; x_wconf 87' lang='lat' dir='ltr'>tam</span> <span class='ocrx_word' id='word_1_264' title='bbox 887 2114 1209 2169; x_wconf 88' lang='lat' dir='ltr'>terribilem</span> <span class='ocrx_word' id='word_1_265' title='bbox 1240 2115 1478 2182; x_wconf 87' lang='lat' dir='ltr'>viderat,</span> <span class='ocrx_word' id='word_1_266' title='bbox 1511 2116 1713 2172; x_wconf 90' lang='lat' dir='ltr'>oculos</span> <span class='ocrx_word' id='word_1_267' title='bbox 1762 2116 1993 2185; x_wconf 77' lang='lat' dir='ltr'>defixit;</span> 
     </span>
    </p>
   </div>
   <div class='ocr_carea' id='block_1_38' title="bbox 350 2199 1993 2277">
    <p class='ocr_par' dir='ltr' id='par_1_38' title="bbox 350 2199 1993 2277">
     <span class='ocr_line' id='line_1_38' title="bbox 350 2199 1993 2277; baseline 0.002 -23"><span class='ocrx_word' id='word_1_268' title='bbox 350 2199 505 2270; x_wconf 89' lang='lat' dir='ltr'>inde,</span> <span class='ocrx_word' id='word_1_269' title='bbox 532 2217 709 2272; x_wconf 87' lang='lat' dir='ltr'>parva</span> <span class='ocrx_word' id='word_1_270' title='bbox 738 2202 875 2257; x_wconf 88' lang='lat' dir='ltr'>data</span> <span class='ocrx_word' id='word_1_271' title='bbox 906 2219 1089 2272; x_wconf 91' lang='lat' dir='ltr'>mora,</span> <span class='ocrx_word' id='word_1_272' title='bbox 1113 2204 1332 2275; x_wconf 84' lang='lat' dir='ltr'>ingenti</span> <span class='ocrx_word' id='word_1_273' title='bbox 1358 2222 1494 2260; x_wconf 85' lang='lat' dir='ltr'>voce</span> <span class='ocrx_word' id='word_1_274' title='bbox 1526 2205 1714 2277; x_wconf 89' lang='lat' dir='ltr'>inquit</span> <span class='ocrx_word' id='word_1_275' title='bbox 1743 2222 1754 2260; x_wconf 89' lang='lat'>:</span> <span class='ocrx_word' id='word_1_276' title='bbox 1782 2206 1825 2259; x_wconf 90' lang='grc' dir='ltr'><strong>Ο</strong></span> <span class='ocrx_word' id='word_1_277' title='bbox 1846 2205 1993 2259; x_wconf 84' lang='lat' dir='ltr'>ami-</span> 
     </span>
    </p>
   </div>
   <div class='ocr_carea' id='block_1_39' title="bbox 348 2290 1992 2365">
    <p class='ocr_par' dir='ltr' id='par_1_39' title="bbox 348 2290 1992 2365">
     <span class='ocr_line' id='line_1_39' title="bbox 348 2290 1992 2365; baseline 0.004 -22"><span class='ocrx_word' id='word_1_278' title='bbox 348 2291 609 2360; x_wconf 89' lang='lat' dir='ltr'>ce,quod</span> <span class='ocrx_word' id='word_1_279' title='bbox 661 2290 720 2345; x_wconf 91' lang='lat' dir='ltr'>in</span> <span class='ocrx_word' id='word_1_280' title='bbox 762 2290 874 2346; x_wconf 87' lang='lat' dir='ltr'>ista</span> <span class='ocrx_word' id='word_1_281' title='bbox 922 2292 1213 2363; x_wconf 66' lang='lat' dir='ltr'>prmterita</span> <span class='ocrx_word' id='word_1_282' title='bbox 1265 2299 1433 2349; x_wconf 89' lang='lat' dir='ltr'>nocte</span> <span class='ocrx_word' id='word_1_283' title='bbox 1463 2312 1496 2349; x_wconf 89' lang='lat' dir='ltr'>a</span> <span class='ocrx_word' id='word_1_284' title='bbox 1527 2311 1618 2349; x_wconf 90' lang='lat' dir='ltr'>me</span> <span class='ocrx_word' id='word_1_285' title='bbox 1668 2311 1879 2365; x_wconf 87' lang='lat' dir='ltr'>passus</span> <span class='ocrx_word' id='word_1_286' title='bbox 1910 2310 1992 2361; x_wconf 88' lang='lat' dir='ltr'>es,</span> 
     </span>
    </p>
   </div>
   <div class='ocr_carea' id='block_1_40' title="bbox 345 2378 1994 2453">
    <p class='ocr_par' dir='ltr' id='par_1_40' title="bbox 345 2378 1994 2453">
     <span class='ocr_line' id='line_1_40' title="bbox 345 2378 1994 2453; baseline 0.002 -20"><span class='ocrx_word' id='word_1_287' title='bbox 345 2378 452 2434; x_wconf 90' lang='lat' dir='ltr'>tibi</span> <span class='ocrx_word' id='word_1_288' title='bbox 485 2379 691 2434; x_wconf 88' lang='lat' dir='ltr'>merito</span> <span class='ocrx_word' id='word_1_289' title='bbox 740 2381 969 2447; x_wconf 88' lang='lat' dir='ltr'>accidit,</span> <span class='ocrx_word' id='word_1_290' title='bbox 1005 2383 1162 2452; x_wconf 87' lang='lat' dir='ltr'>quia,</span> <span class='ocrx_word' id='word_1_291' title='bbox 1196 2388 1261 2436; x_wconf 91' lang='lat' dir='ltr'>ut</span> <span class='ocrx_word' id='word_1_292' title='bbox 1305 2383 1645 2438; x_wconf 83' lang='lat' dir='ltr'>inobedieus</span> <span class='ocrx_word' id='word_1_293' title='bbox 1675 2388 1731 2436; x_wconf 89' lang='lat' dir='ltr'>et</span> <span class='ocrx_word' id='word_1_294' title='bbox 1762 2400 1994 2453; x_wconf 89' lang='lat' dir='ltr'>perver-</span> 
     </span>
    </p>
   </div>
   <div class='ocr_carea' id='block_1_41' title="bbox 345 2468 1989 2542">
    <p class='ocr_par' dir='ltr' id='par_1_41' title="bbox 345 2468 1989 2542">
     <span class='ocr_line' id='line_1_41' title="bbox 345 2468 1989 2542; baseline 0.001 -18"><span class='ocrx_word' id='word_1_295' title='bbox 345 2486 470 2535; x_wconf 89' lang='lat' dir='ltr'>sus,</span> <span class='ocrx_word' id='word_1_296' title='bbox 496 2468 659 2538; x_wconf 85' lang='lat' dir='ltr'>foris,</span> <span class='ocrx_word' id='word_1_297' title='bbox 682 2470 823 2524; x_wconf 90' lang='lat' dir='ltr'>dum</span> <span class='ocrx_word' id='word_1_298' title='bbox 846 2469 943 2523; x_wconf 89' lang='lat' dir='ltr'>alii</span> <span class='ocrx_word' id='word_1_299' title='bbox 970 2471 1300 2540; x_wconf 85' lang='lat' dir='ltr'>quiescunt,</span> <span class='ocrx_word' id='word_1_300' title='bbox 1326 2472 1515 2538; x_wconf 79' lang='lat' dir='ltr'>fuisti;</span> <span class='ocrx_word' id='word_1_301' title='bbox 1543 2489 1677 2526; x_wconf 90' lang='lat' dir='ltr'>cave</span> <span class='ocrx_word' id='word_1_302' title='bbox 1710 2471 1951 2542; x_wconf 85' lang='lat' dir='ltr'>posthac</span> <span class='ocrx_word' id='word_1_303' title='bbox 1977 2490 1989 2526; x_wconf 79' lang='lat' dir='ltr'>z</span> 
     </span>
    </p>
   </div>
   <div class='ocr_carea' id='block_1_42' title="bbox 344 2556 1994 2626">
    <p class='ocr_par' dir='ltr' id='par_1_42' title="bbox 344 2556 1994 2626">
     <span class='ocr_line' id='line_1_42' title="bbox 344 2556 1994 2626; baseline 0.001 -15"><span class='ocrx_word' id='word_1_304' title='bbox 344 2556 457 2612; x_wconf 91' lang='lat' dir='ltr'>nisi</span> <span class='ocrx_word' id='word_1_305' title='bbox 480 2557 636 2613; x_wconf 88' lang='lat' dir='ltr'>enim</span> <span class='ocrx_word' id='word_1_306' title='bbox 658 2574 728 2612; x_wconf 86' lang='lat' dir='ltr'>ex</span> <span class='ocrx_word' id='word_1_307' title='bbox 757 2558 966 2613; x_wconf 90' lang='lat' dir='ltr'>intimo</span> <span class='ocrx_word' id='word_1_308' title='bbox 993 2560 1166 2613; x_wconf 90' lang='lat' dir='ltr'>corde</span> <span class='ocrx_word' id='word_1_309' title='bbox 1194 2576 1441 2625; x_wconf 88' lang='lat' dir='ltr'>orasses,</span> <span class='ocrx_word' id='word_1_310' title='bbox 1467 2560 1683 2626; x_wconf 85' lang='lat' dir='ltr'>alteris,</span> <span class='ocrx_word' id='word_1_311' title='bbox 1711 2560 1854 2614; x_wconf 89' lang='lat' dir='ltr'>mihi</span> <span class='ocrx_word' id='word_1_312' title='bbox 1878 2577 1994 2615; x_wconf 89' lang='lat' dir='ltr'>cre-</span> 
     </span>
    </p>
   </div>
   <div class='ocr_carea' id='block_1_43' title="bbox 343 2647 1989 2717">
    <p class='ocr_par' dir='ltr' id='par_1_43' title="bbox 343 2647 1989 2717">
     <span class='ocr_line' id='line_1_43' title="bbox 343 2647 1989 2717; baseline 0.001 -16"><span class='ocrx_word' id='word_1_313' title='bbox 343 2647 435 2711; x_wconf 90' lang='lat' dir='ltr'>de,</span> <span class='ocrx_word' id='word_1_314' title='bbox 460 2647 531 2701; x_wconf 92' lang='lat' dir='ltr'>de</span> <span class='ocrx_word' id='word_1_315' title='bbox 561 2651 617 2701; x_wconf 86' lang='lat' dir='ltr'>te</span> <span class='ocrx_word' id='word_1_316' title='bbox 662 2647 993 2717; x_wconf 83' lang='lat' dir='ltr'>exemplum</span> <span class='ocrx_word' id='word_1_317' title='bbox 1026 2647 1307 2702; x_wconf 87' lang='lat' dir='ltr'>dedisses.</span> <span class='ocrx_word' id='word_1_318' title='bbox 1330 2649 1433 2701; x_wconf 84' lang='lat' dir='ltr'>His</span> <span class='ocrx_word' id='word_1_319' title='bbox 1484 2647 1657 2702; x_wconf 90' lang='lat' dir='ltr'>dictis</span> <span class='ocrx_word' id='word_1_320' title='bbox 1689 2647 1989 2703; x_wconf 88' lang='lat' dir='ltr'>conticuit.</span> 
     </span>
    </p>
   </div>
   <div class='ocr_carea' id='block_1_44' title="bbox 345 2734 1992 2805">
    <p class='ocr_par' dir='ltr' id='par_1_44' title="bbox 345 2734 1992 2805">
     <span class='ocr_line' id='line_1_44' title="bbox 345 2734 1992 2805; baseline 0.002 -16"><span class='ocrx_word' id='word_1_321' title='bbox 345 2735 669 2790; x_wconf 90' lang='lat' dir='ltr'>Monachus</span> <span class='ocrx_word' id='word_1_322' title='bbox 699 2751 830 2789; x_wconf 91' lang='lat' dir='ltr'>vero</span> <span class='ocrx_word' id='word_1_323' title='bbox 880 2735 996 2796; x_wconf 83' lang='lat' dir='ltr'>ille.</span> <span class='ocrx_word' id='word_1_324' title='bbox 1030 2734 1166 2790; x_wconf 90' lang='lat' dir='ltr'>inde</span> <span class='ocrx_word' id='word_1_325' title='bbox 1197 2736 1331 2805; x_wconf 78' lang='lat' dir='ltr'>quid</span> <span class='ocrx_word' id='word_1_326' title='bbox 1370 2736 1484 2790; x_wconf 91' lang='lat' dir='ltr'>sibi</span> <span class='ocrx_word' id='word_1_327' title='bbox 1512 2741 1801 2802; x_wconf 87' lang='lat' dir='ltr'>evenerat,</span> <span class='ocrx_word' id='word_1_328' title='bbox 1838 2753 1992 2791; x_wconf 91' lang='lat' dir='ltr'>com-</span> 
     </span>
    </p>
   </div>
   <div class='ocr_carea' id='block_1_45' title="bbox 346 2822 1994 2896">
    <p class='ocr_par' dir='ltr' id='par_1_45' title="bbox 346 2822 1994 2896">
     <span class='ocr_line' id='line_1_45' title="bbox 346 2822 1994 2896; baseline 0.002 -19"><span class='ocrx_word' id='word_1_329' title='bbox 346 2822 616 2893; x_wconf 86' lang='lat' dir='ltr'>pluribus</span> <span class='ocrx_word' id='word_1_330' title='bbox 646 2823 953 2879; x_wconf 88' lang='lat' dir='ltr'>enarravit.</span> <span class='ocrx_word' id='word_1_331' title='bbox 1000 2823 1306 2894; x_wconf 80' lang='lat' dir='ltr'>Pergentes</span> <span class='ocrx_word' id='word_1_332' title='bbox 1349 2825 1528 2896; x_wconf 85' lang='lat' dir='ltr'>igitur</span> <span class='ocrx_word' id='word_1_333' title='bbox 1579 2824 1851 2895; x_wconf 76' lang='lat' dir='ltr'>Ileligiosi</span> <span class='ocrx_word' id='word_1_334' title='bbox 1886 2826 1994 2880; x_wconf 90' lang='lat' dir='ltr'>viri</span> 
     </span>
    </p>
   </div>
   <div class='ocr_carea' id='block_1_46' title="bbox 346 2912 1989 2984">
    <p class='ocr_par' dir='ltr' id='par_1_46' title="bbox 346 2912 1989 2984">
     <span class='ocr_line' id='line_1_46' title="bbox 346 2912 1989 2984; baseline 0.002 -18"><span class='ocrx_word' id='word_1_335' title='bbox 346 2928 650 2982; x_wconf 90' lang='lat' dir='ltr'>nunquam</span> <span class='ocrx_word' id='word_1_336' title='bbox 683 2929 717 2967; x_wconf 91' lang='lat' dir='ltr'>a</span> <span class='ocrx_word' id='word_1_337' title='bbox 746 2912 839 2983; x_wconf 91' lang='lat' dir='ltr'>pio</span> <span class='ocrx_word' id='word_1_338' title='bbox 867 2929 1039 2984; x_wconf 90' lang='lat' dir='ltr'>opere</span> <span class='ocrx_word' id='word_1_339' title='bbox 1067 2914 1365 2982; x_wconf 85' lang='lat' dir='ltr'>destitere,</span> <span class='ocrx_word' id='word_1_340' title='bbox 1391 2914 1582 2984; x_wconf 87' lang='lat' dir='ltr'>quoad</span> <span class='ocrx_word' id='word_1_341' title='bbox 1615 2914 1841 2969; x_wconf 80' lang='lat' dir='ltr'>daemon</span> <span class='ocrx_word' id='word_1_342' title='bbox 1873 2914 1989 2983; x_wconf 90' lang='lat' dir='ltr'>ille,</span> 
     </span>
    </p>
   </div>
   <div class='ocr_carea' id='block_1_47' title="bbox 348 2999 1991 3073">
    <p class='ocr_par' dir='ltr' id='par_1_47' title="bbox 348 2999 1991 3073">
     <span class='ocr_line' id='line_1_47' title="bbox 348 2999 1991 3073; baseline 0.003 -19"><span class='ocrx_word' id='word_1_343' title='bbox 348 3000 407 3054; x_wconf 89' lang='lat' dir='ltr'>S.</span> <span class='ocrx_word' id='word_1_344' title='bbox 436 2999 683 3055; x_wconf 87' lang='lat' dir='ltr'>Joannis</span> <span class='ocrx_word' id='word_1_345' title='bbox 713 3001 987 3055; x_wconf 86' lang='lat' dir='ltr'>virtutem</span> <span class='ocrx_word' id='word_1_346' title='bbox 1020 3002 1275 3073; x_wconf 90' lang='lat' dir='ltr'>amplius</span> <span class='ocrx_word' id='word_1_347' title='bbox 1323 3004 1471 3058; x_wconf 90' lang='lat' dir='ltr'>ferre</span> <span class='ocrx_word' id='word_1_348' title='bbox 1517 3019 1632 3057; x_wconf 93' lang='lat' dir='ltr'>non</span> <span class='ocrx_word' id='word_1_349' title='bbox 1682 3002 1899 3069; x_wconf 87' lang='lat' dir='ltr'>valens,</span> <span class='ocrx_word' id='word_1_350' title='bbox 1933 3004 1991 3059; x_wconf 91' lang='lat' dir='ltr'>in</span> 
     </span>
    </p>
   </div>
   <div class='ocr_carea' id='block_1_48' title="bbox 348 3086 1989 3162">
    <p class='ocr_par' dir='ltr' id='par_1_48' title="bbox 348 3086 1989 3162">
     <span class='ocr_line' id='line_1_48' title="bbox 348 3086 1989 3162; baseline 0.003 -20"><span class='ocrx_word' id='word_1_351' title='bbox 348 3104 467 3143; x_wconf 87' lang='lat' dir='ltr'>rem</span> <span class='ocrx_word' id='word_1_352' title='bbox 505 3086 741 3155; x_wconf 88' lang='lat' dir='ltr'>malam,</span> <span class='ocrx_word' id='word_1_353' title='bbox 764 3092 1079 3145; x_wconf 87' lang='lat' dir='ltr'>tartaream</span> <span class='ocrx_word' id='word_1_354' title='bbox 1126 3091 1401 3146; x_wconf 81' lang='lat' dir='ltr'>amittens</span> <span class='ocrx_word' id='word_1_355' title='bbox 1431 3108 1648 3162; x_wconf 91' lang='lat' dir='ltr'>vocem,</span> <span class='ocrx_word' id='word_1_356' title='bbox 1681 3093 1989 3148; x_wconf 90' lang='lat' dir='ltr'>concessit.</span> 
     </span>
    </p>
   </div>
   <div class='ocr_carea' id='block_1_49' title="bbox 2106 1843 3768 1917">
    <p class='ocr_par' dir='ltr' id='par_1_49' title="bbox 2106 1843 3768 1917">
     <span class='ocr_line' id='line_1_49' title="bbox 2106 1843 3768 1917; baseline -0.001 -16"><span class='ocrx_word' id='word_1_357' title='bbox 2106 1847 2266 1903; x_wconf 90' lang='lat' dir='ltr'>illam</span> <span class='ocrx_word' id='word_1_358' title='bbox 2298 1865 2332 1902; x_wconf 92' lang='lat' dir='ltr'>a</span> <span class='ocrx_word' id='word_1_359' title='bbox 2361 1846 2525 1902; x_wconf 90' lang='lat' dir='ltr'>nullo</span> <span class='ocrx_word' id='word_1_360' title='bbox 2547 1846 2750 1917; x_wconf 90' lang='lat' dir='ltr'>iniquo</span> <span class='ocrx_word' id='word_1_361' title='bbox 2771 1845 3033 1900; x_wconf 77' lang='lat' dir='ltr'>daemone</span> <span class='ocrx_word' id='word_1_362' title='bbox 3056 1843 3366 1916; x_wconf 86' lang='lat' dir='ltr'>occupari:</span> <span class='ocrx_word' id='word_1_363' title='bbox 3394 1860 3534 1900; x_wconf 85' lang='lat' dir='ltr'>nam</span> <span class='ocrx_word' id='word_1_364' title='bbox 3557 1844 3617 1899; x_wconf 91' lang='lat' dir='ltr'>S.</span> <span class='ocrx_word' id='word_1_365' title='bbox 3643 1844 3768 1899; x_wconf 78' lang='lat' dir='ltr'>Ma-</span> 
     </span>
    </p>
   </div>
   <div class='ocr_carea' id='block_1_50' title="bbox 2105 1933 3767 2008">
    <p class='ocr_par' dir='ltr' id='par_1_50' title="bbox 2105 1933 3767 2008">
     <span class='ocr_line' id='line_1_50' title="bbox 2105 1933 3767 2008; baseline -0.001 -18"><span class='ocrx_word' id='word_1_366' title='bbox 2105 1936 2203 1991; x_wconf 79' lang='lat' dir='ltr'>riae</span> <span class='ocrx_word' id='word_1_367' title='bbox 2234 1936 2565 2008; x_wconf 87' lang='lat' dir='ltr'>Angelicam</span> <span class='ocrx_word' id='word_1_368' title='bbox 2597 1935 3031 2003; x_wconf 86' lang='lat' dir='ltr'>salutationem,</span> <span class='ocrx_word' id='word_1_369' title='bbox 3064 1933 3386 1989; x_wconf 90' lang='lat' dir='ltr'>orationem</span> <span class='ocrx_word' id='word_1_370' title='bbox 3435 1933 3615 1987; x_wconf 88' lang='lat' dir='ltr'>etiam</span> <span class='ocrx_word' id='word_1_371' title='bbox 3648 1938 3767 1989; x_wconf 85' lang='lat' dir='ltr'>Do-</span> 
     </span>
    </p>
   </div>
   <div class='ocr_carea' id='block_1_51' title="bbox 2106 2021 3769 2091">
    <p class='ocr_par' dir='ltr' id='par_1_51' title="bbox 2106 2021 3769 2091">
     <span class='ocr_line' id='line_1_51' title="bbox 2106 2021 3769 2091; baseline -0.001 -13"><span class='ocrx_word' id='word_1_372' title='bbox 2106 2023 2380 2079; x_wconf 90' lang='lat' dir='ltr'>minicam</span> <span class='ocrx_word' id='word_1_373' title='bbox 2408 2040 2644 2079; x_wconf 86' lang='lat' dir='ltr'>summa</span> <span class='ocrx_word' id='word_1_374' title='bbox 2670 2039 2805 2078; x_wconf 91' lang='lat' dir='ltr'>cum</span> <span class='ocrx_word' id='word_1_375' title='bbox 2856 2022 3175 2087; x_wconf 86' lang='lat' dir='ltr'>devotione,</span> <span class='ocrx_word' id='word_1_376' title='bbox 3219 2021 3403 2078; x_wconf 89' lang='lat' dir='ltr'>oculis</span> <span class='ocrx_word' id='word_1_377' title='bbox 3452 2022 3769 2091; x_wconf 82' lang='lat' dir='ltr'>demissis,</span> 
     </span>
    </p>
   </div>
   <div class='ocr_carea' id='block_1_52' title="bbox 2105 2110 3772 2184">
    <p class='ocr_par' dir='ltr' id='par_1_52' title="bbox 2105 2110 3772 2184">
     <span class='ocr_line' id='line_1_52' title="bbox 2105 2110 3772 2184; baseline 0 -18"><span class='ocrx_word' id='word_1_378' title='bbox 2105 2129 2243 2168; x_wconf 88' lang='lat' dir='ltr'>voce</span> <span class='ocrx_word' id='word_1_379' title='bbox 2271 2113 2521 2184; x_wconf 91' lang='lat' dir='ltr'>supplici</span> <span class='ocrx_word' id='word_1_380' title='bbox 2546 2113 2765 2179; x_wconf 89' lang='lat' dir='ltr'>dicere;</span> <span class='ocrx_word' id='word_1_381' title='bbox 2799 2127 2902 2184; x_wconf 88' lang='lat' dir='ltr'>per</span> <span class='ocrx_word' id='word_1_382' title='bbox 2932 2128 2995 2167; x_wconf 91' lang='lat' dir='ltr'>se</span> <span class='ocrx_word' id='word_1_383' title='bbox 3016 2112 3193 2183; x_wconf 89' lang='lat' dir='ltr'>(quod</span> <span class='ocrx_word' id='word_1_384' title='bbox 3226 2110 3570 2166; x_wconf 89' lang='lat' dir='ltr'>incredibile</span> <span class='ocrx_word' id='word_1_385' title='bbox 3603 2111 3772 2166; x_wconf 85' lang='lat' dir='ltr'>vide-</span> 
     </span>
    </p>
   </div>
   <div class='ocr_carea' id='block_1_53' title="bbox 2102 2199 3770 2274">
    <p class='ocr_par' dir='ltr' id='par_1_53' title="bbox 2102 2199 3770 2274">
     <span class='ocr_line' id='line_1_53' title="bbox 2102 2199 3770 2274; baseline 0.001 -18"><span class='ocrx_word' id='word_1_386' title='bbox 2102 2204 2241 2271; x_wconf 85' lang='lat' dir='ltr'>tur),</span> <span class='ocrx_word' id='word_1_387' title='bbox 2266 2204 2500 2274; x_wconf 91' lang='lat' dir='ltr'>signum</span> <span class='ocrx_word' id='word_1_388' title='bbox 2555 2201 2745 2257; x_wconf 91' lang='lat' dir='ltr'>crucis</span> <span class='ocrx_word' id='word_1_389' title='bbox 2802 2201 2999 2267; x_wconf 87' lang='lat' dir='ltr'>edere;</span> <span class='ocrx_word' id='word_1_390' title='bbox 3041 2204 3098 2255; x_wconf 87' lang='lat' dir='ltr'>et</span> <span class='ocrx_word' id='word_1_391' title='bbox 3136 2217 3208 2254; x_wconf 90' lang='lat' dir='ltr'>ne</span> <span class='ocrx_word' id='word_1_392' title='bbox 3262 2199 3463 2255; x_wconf 89' lang='lat' dir='ltr'>lectori</span> <span class='ocrx_word' id='word_1_393' title='bbox 3522 2199 3770 2257; x_wconf 87' lang='lat' dir='ltr'>fastidio</span> 
     </span>
    </p>
   </div>
   <div class='ocr_carea' id='block_1_54' title="bbox 2105 2287 3769 2361">
    <p class='ocr_par' dir='ltr' id='par_1_54' title="bbox 2105 2287 3769 2361">
     <span class='ocr_line' id='line_1_54' title="bbox 2105 2287 3769 2361; baseline -0.001 -16"><span class='ocrx_word' id='word_1_394' title='bbox 2105 2290 2240 2356; x_wconf 90' lang='lat' dir='ltr'>sim,</span> <span class='ocrx_word' id='word_1_395' title='bbox 2276 2292 2473 2345; x_wconf 90' lang='lat' dir='ltr'>omnia</span> <span class='ocrx_word' id='word_1_396' title='bbox 2502 2289 2827 2346; x_wconf 90' lang='lat' dir='ltr'>devotionis</span> <span class='ocrx_word' id='word_1_397' title='bbox 2868 2288 3058 2361; x_wconf 89' lang='lat' dir='ltr'>signa,</span> <span class='ocrx_word' id='word_1_398' title='bbox 3091 2305 3219 2359; x_wconf 66' lang='lat' dir='ltr'>qua;</span> <span class='ocrx_word' id='word_1_399' title='bbox 3253 2306 3286 2342; x_wconf 90' lang='lat' dir='ltr'>a</span> <span class='ocrx_word' id='word_1_400' title='bbox 3316 2287 3523 2357; x_wconf 81' lang='lat' dir='ltr'>quovis</span> <span class='ocrx_word' id='word_1_401' title='bbox 3556 2288 3769 2343; x_wconf 86' lang='lat' dir='ltr'>catho-</span> 
     </span>
    </p>
   </div>
   <div class='ocr_carea' id='block_1_55' title="bbox 2102 2376 3450 2449">
    <p class='ocr_par' dir='ltr' id='par_1_55' title="bbox 2102 2376 3450 2449">
     <span class='ocr_line' id='line_1_55' title="bbox 2102 2376 3450 2449; baseline -0.001 -16"><span class='ocrx_word' id='word_1_402' title='bbox 2102 2379 2213 2434; x_wconf 91' lang='lat' dir='ltr'>lico</span> <span class='ocrx_word' id='word_1_403' title='bbox 2244 2380 2365 2434; x_wconf 89' lang='lat' dir='ltr'>viro</span> <span class='ocrx_word' id='word_1_404' title='bbox 2400 2380 2523 2434; x_wconf 84' lang='lat' dir='ltr'>fieri</span> <span class='ocrx_word' id='word_1_405' title='bbox 2554 2381 2820 2449; x_wconf 87' lang='lat' dir='ltr'>possunt,</span> <span class='ocrx_word' id='word_1_406' title='bbox 2854 2377 2914 2432; x_wconf 92' lang='lat' dir='ltr'>in</span> <span class='ocrx_word' id='word_1_407' title='bbox 2946 2394 3061 2431; x_wconf 89' lang='lat' dir='ltr'>anu</span> <span class='ocrx_word' id='word_1_408' title='bbox 3089 2376 3190 2431; x_wconf 88' lang='lat' dir='ltr'>illa</span> <span class='ocrx_word' id='word_1_409' title='bbox 3218 2393 3367 2432; x_wconf 89' lang='lat' dir='ltr'>esse.</span> <span class='ocrx_word' id='word_1_410' title='bbox 3439 2395 3450 2408; x_wconf 78' lang='lat'>&#39;</span> 
     </span>
    </p>
   </div>
   <div class='ocr_carea' id='block_1_56' title="bbox 2176 2465 3767 2538">
    <p class='ocr_par' dir='ltr' id='par_1_56' title="bbox 2176 2465 3767 2538">
     <span class='ocr_line' id='line_1_56' title="bbox 2176 2465 3767 2538; baseline 0 -17"><span class='ocrx_word' id='word_1_411' title='bbox 2176 2470 2295 2523; x_wconf 81' lang='grc'>196.</span> <span class='ocrx_word' id='word_1_412' title='bbox 2335 2469 2430 2524; x_wconf 89' lang='lat' dir='ltr'>llis</span> <span class='ocrx_word' id='word_1_413' title='bbox 2460 2468 2658 2538; x_wconf 87' lang='lat' dir='ltr'>itaque</span> <span class='ocrx_word' id='word_1_414' title='bbox 2688 2467 2872 2538; x_wconf 84' lang='lat' dir='ltr'>signis</span> <span class='ocrx_word' id='word_1_415' title='bbox 2912 2483 3046 2522; x_wconf 91' lang='lat' dir='ltr'>cum</span> <span class='ocrx_word' id='word_1_416' title='bbox 3091 2466 3265 2520; x_wconf 88' lang='lat' dir='ltr'>etiam</span> <span class='ocrx_word' id='word_1_417' title='bbox 3317 2465 3597 2521; x_wconf 88' lang='lat' dir='ltr'>monachi</span> <span class='ocrx_word' id='word_1_418' title='bbox 3637 2483 3767 2521; x_wconf 89' lang='lat' dir='ltr'>om-</span> 
     </span>
    </p>
   </div>
   <div class='ocr_carea' id='block_1_57' title="bbox 2104 2554 3764 2626">
    <p class='ocr_par' dir='ltr' id='par_1_57' title="bbox 2104 2554 3764 2626">
     <span class='ocr_line' id='line_1_57' title="bbox 2104 2554 3764 2626; baseline -0.001 -15"><span class='ocrx_word' id='word_1_419' title='bbox 2104 2574 2205 2612; x_wconf 90' lang='lat' dir='ltr'>nes</span> <span class='ocrx_word' id='word_1_420' title='bbox 2254 2557 2610 2625; x_wconf 90' lang='lat' dir='ltr'>fallerentur,</span> <span class='ocrx_word' id='word_1_421' title='bbox 2643 2573 2771 2611; x_wconf 88' lang='lat' dir='ltr'>eam</span> <span class='ocrx_word' id='word_1_422' title='bbox 2818 2555 2994 2611; x_wconf 89' lang='lat' dir='ltr'>veluti</span> <span class='ocrx_word' id='word_1_423' title='bbox 3042 2555 3323 2626; x_wconf 89' lang='lat' dir='ltr'>sospitem</span> <span class='ocrx_word' id='word_1_424' title='bbox 3369 2554 3764 2620; x_wconf 85' lang='lat' dir='ltr'>arbitrantes,</span> 
     </span>
    </p>
   </div>
   <div class='ocr_carea' id='block_1_58' title="bbox 2103 2643 3774 2717">
    <p class='ocr_par' dir='ltr' id='par_1_58' title="bbox 2103 2643 3774 2717">
     <span class='ocr_line' id='line_1_58' title="bbox 2103 2643 3774 2717; baseline -0.001 -18"><span class='ocrx_word' id='word_1_425' title='bbox 2103 2646 2308 2701; x_wconf 82' lang='lat' dir='ltr'>afﬁnes</span> <span class='ocrx_word' id='word_1_426' title='bbox 2349 2647 2419 2700; x_wconf 91' lang='lat' dir='ltr'>ad</span> <span class='ocrx_word' id='word_1_427' title='bbox 2470 2646 2709 2702; x_wconf 91' lang='lat' dir='ltr'>solitum</span> <span class='ocrx_word' id='word_1_428' title='bbox 2762 2644 3107 2717; x_wconf 89' lang='lat' dir='ltr'>hospitium,</span> <span class='ocrx_word' id='word_1_429' title='bbox 3160 2643 3431 2699; x_wconf 89' lang='lat' dir='ltr'>monachi</span> <span class='ocrx_word' id='word_1_430' title='bbox 3484 2643 3650 2698; x_wconf 86' lang='lat' dir='ltr'>intro</span> <span class='ocrx_word' id='word_1_431' title='bbox 3687 2660 3774 2698; x_wconf 88' lang='lat' dir='ltr'>re-</span> 
     </span>
    </p>
   </div>
   <div class='ocr_carea' id='block_1_59' title="bbox 2103 2731 3780 2807">
    <p class='ocr_par' dir='ltr' id='par_1_59' title="bbox 2103 2731 3780 2807">
     <span class='ocr_line' id='line_1_59' title="bbox 2103 2731 3780 2807; baseline -0.002 -18"><span class='ocrx_word' id='word_1_432' title='bbox 2103 2735 2260 2789; x_wconf 90' lang='lat' dir='ltr'>diere</span> <span class='ocrx_word' id='word_1_433' title='bbox 2284 2736 2451 2807; x_wconf 19' lang='lat' dir='ltr'>:vcibo</span> <span class='ocrx_word' id='word_1_434' title='bbox 2483 2741 2739 2806; x_wconf 90' lang='lat' dir='ltr'>potuque</span> <span class='ocrx_word' id='word_1_435' title='bbox 2758 2734 3102 2806; x_wconf 90' lang='lat' dir='ltr'>corporibus</span> <span class='ocrx_word' id='word_1_436' title='bbox 3134 2731 3443 2804; x_wconf 89' lang='lat' dir='ltr'>paululum</span> <span class='ocrx_word' id='word_1_437' title='bbox 3476 2731 3780 2787; x_wconf 84' lang='lat' dir='ltr'>refocilla-</span> 
     </span>
    </p>
   </div>
   <div class='ocr_carea' id='block_1_60' title="bbox 2101 2819 3779 2895">
    <p class='ocr_par' dir='ltr' id='par_1_60' title="bbox 2101 2819 3779 2895">
     <span class='ocr_line' id='line_1_60' title="bbox 2101 2819 3779 2895; baseline -0.001 -18"><span class='ocrx_word' id='word_1_438' title='bbox 2101 2823 2198 2887; x_wconf 87' lang='lat' dir='ltr'>tis,</span> <span class='ocrx_word' id='word_1_439' title='bbox 2215 2824 2489 2895; x_wconf 85' lang='lat' dir='ltr'>quiajam</span> <span class='ocrx_word' id='word_1_440' title='bbox 2515 2823 2628 2879; x_wconf 90' lang='lat' dir='ltr'>diei</span> <span class='ocrx_word' id='word_1_441' title='bbox 2650 2828 2974 2879; x_wconf 86' lang='lat' dir='ltr'>extremum</span> <span class='ocrx_word' id='word_1_442' title='bbox 2996 2826 3144 2890; x_wconf 87' lang='lat' dir='ltr'>erat,</span> <span class='ocrx_word' id='word_1_443' title='bbox 3166 2821 3497 2877; x_wconf 89' lang='lat' dir='ltr'>discessum</span> <span class='ocrx_word' id='word_1_444' title='bbox 3520 2819 3585 2873; x_wconf 89' lang='lat' dir='ltr'>in</span> <span class='ocrx_word' id='word_1_445' title='bbox 3616 2820 3779 2875; x_wconf 90' lang='lat' dir='ltr'>diem</span> 
     </span>
    </p>
   </div>
   <div class='ocr_carea' id='block_1_61' title="bbox 2103 2910 3782 2984">
    <p class='ocr_par' dir='ltr' id='par_1_61' title="bbox 2103 2910 3782 2984">
     <span class='ocr_line' id='line_1_61' title="bbox 2103 2910 3782 2984; baseline -0.002 -17"><span class='ocrx_word' id='word_1_446' title='bbox 2103 2918 2394 2982; x_wconf 89' lang='lat' dir='ltr'>posteram</span> <span class='ocrx_word' id='word_1_447' title='bbox 2441 2928 2732 2984; x_wconf 90' lang='lat' dir='ltr'>paravere.</span> <span class='ocrx_word' id='word_1_448' title='bbox 2767 2912 2910 2966; x_wconf 87' lang='lat' dir='ltr'>Cum</span> <span class='ocrx_word' id='word_1_449' title='bbox 2968 2910 3148 2981; x_wconf 89' lang='lat' dir='ltr'>igitur</span> <span class='ocrx_word' id='word_1_450' title='bbox 3195 2910 3444 2980; x_wconf 87' lang='lat' dir='ltr'>jamjam</span> <span class='ocrx_word' id='word_1_451' title='bbox 3503 2910 3782 2965; x_wconf 72' lang='lat' dir='ltr'>tenebrae</span> 
     </span>
    </p>
   </div>
   <div class='ocr_carea' id='block_1_62' title="bbox 2104 2999 3784 3073">
    <p class='ocr_par' dir='ltr' id='par_1_62' title="bbox 2104 2999 3784 3073">
     <span class='ocr_line' id='line_1_62' title="bbox 2104 2999 3784 3073; baseline -0.002 -17"><span class='ocrx_word' id='word_1_452' title='bbox 2104 3006 2363 3057; x_wconf 85' lang='lat' dir='ltr'>nostram</span> <span class='ocrx_word' id='word_1_453' title='bbox 2397 3002 2834 3073; x_wconf 89' lang='lat' dir='ltr'>cooperuissent</span> <span class='ocrx_word' id='word_1_454' title='bbox 2856 2999 3174 3071; x_wconf 84' lang='lat' dir='ltr'>regionem,</span> <span class='ocrx_word' id='word_1_455' title='bbox 3199 3015 3375 3069; x_wconf 88' lang='lat' dir='ltr'>opera</span> <span class='ocrx_word' id='word_1_456' title='bbox 3410 3003 3468 3052; x_wconf 91' lang='lat' dir='ltr'>et</span> <span class='ocrx_word' id='word_1_457' title='bbox 3501 3002 3636 3053; x_wconf 86' lang='lat' dir='ltr'>arte</span> <span class='ocrx_word' id='word_1_458' title='bbox 3671 2999 3784 3053; x_wconf 62' lang='lat' dir='ltr'>da:-</span> 
     </span>
    </p>
   </div>
   <div class='ocr_carea' id='block_1_63' title="bbox 2104 3085 3762 3162">
    <p class='ocr_par' dir='ltr' id='par_1_63' title="bbox 2104 3085 3762 3162">
     <span class='ocr_line' id='line_1_63' title="bbox 2104 3085 3762 3162; baseline -0.001 -18"><span class='ocrx_word' id='word_1_459' title='bbox 2104 3091 2293 3146; x_wconf 90' lang='lat' dir='ltr'>monis</span> <span class='ocrx_word' id='word_1_460' title='bbox 2331 3091 2540 3147; x_wconf 90' lang='lat' dir='ltr'>mulier</span> <span class='ocrx_word' id='word_1_461' title='bbox 2582 3089 2839 3162; x_wconf 90' lang='lat' dir='ltr'>corporis</span> <span class='ocrx_word' id='word_1_462' title='bbox 2869 3088 3279 3145; x_wconf 86' lang='lat' dir='ltr'>necessitatem</span> <span class='ocrx_word' id='word_1_463' title='bbox 3310 3085 3633 3153; x_wconf 85' lang='lat' dir='ltr'>simulans,</span> <span class='ocrx_word' id='word_1_464' title='bbox 3673 3104 3762 3142; x_wconf 87' lang='lat' dir='ltr'>se-</span> 
     </span>
    </p>
   </div>
   <div class='ocr_carea' id='block_1_64' title="bbox 420 3166 3769 3249">
    <p class='ocr_par' dir='ltr' id='par_1_64' title="bbox 420 3166 3769 3249">
     <span class='ocr_line' id='line_1_64' title="bbox 420 3166 3769 3249; baseline 0 -19"><span class='ocrx_word' id='word_1_465' title='bbox 420 3176 795 3232; x_wconf 67' lang='lat' dir='ltr'>194.Videant</span> <span class='ocrx_word' id='word_1_466' title='bbox 823 3177 1002 3249; x_wconf 89' lang='lat' dir='ltr'>igitur</span> <span class='ocrx_word' id='word_1_467' title='bbox 1032 3178 1300 3247; x_wconf 71' lang='lat' dir='ltr'>Religiosi</span> <span class='ocrx_word' id='word_1_468' title='bbox 1328 3197 1531 3236; x_wconf 89' lang='lat' dir='ltr'>omnes</span> <span class='ocrx_word' id='word_1_469' title='bbox 1564 3186 1686 3235; x_wconf 93' lang='lat' dir='ltr'>tum</span> <span class='ocrx_word' id='word_1_470' title='bbox 1721 3181 1992 3236; x_wconf 84' lang='lat' dir='ltr'>monachi</span> <span class='ocrx_word' id='word_1_471' title='bbox 2023 3166 2065 3232; x_wconf 71' lang='grc' dir='ltr'>Ο</span> <span class='ocrx_word' id='word_1_472' title='bbox 2106 3199 2306 3237; x_wconf 88' lang='lat' dir='ltr'>orsum</span> <span class='ocrx_word' id='word_1_473' title='bbox 2357 3182 2481 3236; x_wconf 88' lang='lat' dir='ltr'>ivit.</span> <span class='ocrx_word' id='word_1_474' title='bbox 2507 3182 2644 3245; x_wconf 60' lang='lat' dir='ltr'>Quae</span> <span class='ocrx_word' id='word_1_475' title='bbox 2704 3178 2802 3234; x_wconf 93' lang='lat' dir='ltr'>ubi</span> <span class='ocrx_word' id='word_1_476' title='bbox 2855 3177 3159 3245; x_wconf 84' lang='lat' dir='ltr'>intellexit,</span> <span class='ocrx_word' id='word_1_477' title='bbox 3194 3194 3254 3234; x_wconf 90' lang='lat' dir='ltr'>se</span> <span class='ocrx_word' id='word_1_478' title='bbox 3282 3194 3316 3232; x_wconf 92' lang='lat' dir='ltr'>a</span> <span class='ocrx_word' id='word_1_479' title='bbox 3348 3175 3511 3231; x_wconf 91' lang='lat' dir='ltr'>nullo</span> <span class='ocrx_word' id='word_1_480' title='bbox 3570 3177 3769 3232; x_wconf 89' lang='lat' dir='ltr'>videri</span> 
     </span>
    </p>
   </div>
   <div class='ocr_carea' id='block_1_65' title="bbox 345 3265 1997 3341">
    <p class='ocr_par' dir='ltr' id='par_1_65' title="bbox 345 3265 1997 3341">
     <span class='ocr_line' id='line_1_65' title="bbox 345 3265 1997 3341; baseline 0.003 -22"><span class='ocrx_word' id='word_1_481' title='bbox 345 3269 471 3323; x_wconf 88' lang='lat' dir='ltr'>tum</span> <span class='ocrx_word' id='word_1_482' title='bbox 506 3265 734 3333; x_wconf 85' lang='lat' dir='ltr'>fratres,</span> <span class='ocrx_word' id='word_1_483' title='bbox 761 3265 1109 3339; x_wconf 88' lang='lat' dir='ltr'>discantque</span> <span class='ocrx_word' id='word_1_484' title='bbox 1141 3268 1405 3340; x_wconf 81' lang='lat' dir='ltr'>exemplo</span> <span class='ocrx_word' id='word_1_485' title='bbox 1438 3269 1633 3324; x_wconf 86' lang='lat' dir='ltr'>miseri</span> <span class='ocrx_word' id='word_1_486' title='bbox 1668 3270 1864 3335; x_wconf 89' lang='lat' dir='ltr'>istius,</span> <span class='ocrx_word' id='word_1_487' title='bbox 1897 3270 1997 3341; x_wconf 92' lang='lat' dir='ltr'>qui</span> 
     </span>
    </p>
   </div>
   <div class='ocr_carea' id='block_1_66' title="bbox 338 3353 1996 3428">
    <p class='ocr_par' dir='ltr' id='par_1_66' title="bbox 338 3353 1996 3428">
     <span class='ocr_line' id='line_1_66' title="bbox 338 3353 1996 3428; baseline 0.003 -20"><span class='ocrx_word' id='word_1_488' title='bbox 338 3353 484 3425; x_wconf 87' lang='lat' dir='ltr'>jugo</span> <span class='ocrx_word' id='word_1_489' title='bbox 514 3353 855 3410; x_wconf 79' lang='lat' dir='ltr'>obedientiae</span> <span class='ocrx_word' id='word_1_490' title='bbox 910 3356 1059 3411; x_wconf 91' lang='lat' dir='ltr'>colla</span> <span class='ocrx_word' id='word_1_491' title='bbox 1100 3358 1424 3428; x_wconf 60' lang='lat' dir='ltr'>prabentcs</span> <span class='ocrx_word' id='word_1_492' title='bbox 1470 3359 1542 3413; x_wconf 89' lang='lat' dir='ltr'>ob</span> <span class='ocrx_word' id='word_1_493' title='bbox 1590 3359 1735 3414; x_wconf 88' lang='lat' dir='ltr'>Jesu</span> <span class='ocrx_word' id='word_1_494' title='bbox 1784 3359 1996 3414; x_wconf 87' lang='lat' dir='ltr'>Christi</span> 
     </span>
    </p>
   </div>
   <div class='ocr_carea' id='block_1_67' title="bbox 344 3444 1997 3517">
    <p class='ocr_par' dir='ltr' id='par_1_67' title="bbox 344 3444 1997 3517">
     <span class='ocr_line' id='line_1_67' title="bbox 344 3444 1997 3517; baseline 0.004 -21"><span class='ocrx_word' id='word_1_495' title='bbox 344 3459 605 3497; x_wconf 88' lang='lat' dir='ltr'>amorem</span> <span class='ocrx_word' id='word_1_496' title='bbox 636 3444 1088 3516; x_wconf 86' lang='lat' dir='ltr'>animarumque</span> <span class='ocrx_word' id='word_1_497' title='bbox 1118 3463 1361 3501; x_wconf 89' lang='lat' dir='ltr'>suarum</span> <span class='ocrx_word' id='word_1_498' title='bbox 1394 3448 1642 3517; x_wconf 84' lang='lat' dir='ltr'>gratiam</span> <span class='ocrx_word' id='word_1_499' title='bbox 1673 3451 1997 3517; x_wconf 82' lang='lat' dir='ltr'>obsequen-</span> 
     </span>
    </p>
   </div>
   <div class='ocr_carea' id='block_1_68' title="bbox 345 3531 1997 3608">
    <p class='ocr_par' dir='ltr' id='par_1_68' title="bbox 345 3531 1997 3608">
     <span class='ocr_line' id='line_1_68' title="bbox 345 3531 1997 3608; baseline 0.005 -23"><span class='ocrx_word' id='word_1_500' title='bbox 345 3531 962 3603; x_wconf 66' lang='lat' dir='ltr'>dam,§omnibus,quae</span> <span class='ocrx_word' id='word_1_501' title='bbox 983 3534 1332 3590; x_wconf 87' lang='lat' dir='ltr'>videbantur</span> <span class='ocrx_word' id='word_1_502' title='bbox 1354 3537 1412 3590; x_wconf 91' lang='lat' dir='ltr'>in</span> <span class='ocrx_word' id='word_1_503' title='bbox 1438 3536 1649 3593; x_wconf 65' lang='lat' dir='ltr'>saaculo</span> <span class='ocrx_word' id='word_1_504' title='bbox 1676 3537 1997 3608; x_wconf 78' lang='lat' dir='ltr'>possidere,</span> 
     </span>
    </p>
   </div>
   <div class='ocr_carea' id='block_1_69' title="bbox 345 3620 1998 3691">
    <p class='ocr_par' dir='ltr' id='par_1_69' title="bbox 345 3620 1998 3691">
     <span class='ocr_line' id='line_1_69' title="bbox 345 3620 1998 3691; baseline 0.003 -16"><span class='ocrx_word' id='word_1_505' title='bbox 345 3620 688 3690; x_wconf 88' lang='lat' dir='ltr'>postpositis</span> <span class='ocrx_word' id='word_1_506' title='bbox 708 3625 764 3675; x_wconf 92' lang='lat' dir='ltr'>et</span> <span class='ocrx_word' id='word_1_507' title='bbox 783 3622 1047 3691; x_wconf 88' lang='lat' dir='ltr'>abjectis,</span> <span class='ocrx_word' id='word_1_508' title='bbox 1070 3623 1341 3678; x_wconf 87' lang='lat' dir='ltr'>Patribus</span> <span class='ocrx_word' id='word_1_509' title='bbox 1365 3629 1418 3679; x_wconf 88' lang='lat' dir='ltr'>ct</span> <span class='ocrx_word' id='word_1_510' title='bbox 1442 3625 1770 3679; x_wconf 87' lang='lat' dir='ltr'>Abbatibus</span> <span class='ocrx_word' id='word_1_511' title='bbox 1796 3626 1998 3681; x_wconf 91' lang='lat' dir='ltr'>volun-</span> 
     </span>
    </p>
   </div>
   <div class='ocr_carea' id='block_1_70' title="bbox 343 3711 2000 3783">
    <p class='ocr_par' dir='ltr' id='par_1_70' title="bbox 343 3711 2000 3783">
     <span class='ocr_line' id='line_1_70' title="bbox 343 3711 2000 3783; baseline 0.004 -21"><span class='ocrx_word' id='word_1_512' title='bbox 343 3713 525 3764; x_wconf 89' lang='lat' dir='ltr'>tatem</span> <span class='ocrx_word' id='word_1_513' title='bbox 579 3726 783 3764; x_wconf 89' lang='lat' dir='ltr'>vovere</span> <span class='ocrx_word' id='word_1_514' title='bbox 813 3727 1003 3775; x_wconf 89' lang='lat' dir='ltr'>suam,</span> <span class='ocrx_word' id='word_1_515' title='bbox 1034 3711 1173 3782; x_wconf 88' lang='lat' dir='ltr'>quid</span> <span class='ocrx_word' id='word_1_516' title='bbox 1226 3711 1470 3782; x_wconf 86' lang='lat' dir='ltr'>periculi</span> <span class='ocrx_word' id='word_1_517' title='bbox 1521 3713 2000 3783; x_wconf 85' lang='lat' dir='ltr'>discriminisque</span> 
     </span>
    </p>
   </div>
   <div class='ocr_carea' id='block_1_71' title="bbox 344 3796 1999 3871">
    <p class='ocr_par' dir='ltr' id='par_1_71' title="bbox 344 3796 1999 3871">
     <span class='ocr_line' id='line_1_71' title="bbox 344 3796 1999 3871; baseline 0.002 -20"><span class='ocrx_word' id='word_1_518' title='bbox 344 3796 654 3852; x_wconf 89' lang='lat' dir='ltr'>immineat</span> <span class='ocrx_word' id='word_1_519' title='bbox 711 3799 795 3853; x_wconf 88' lang='lat' dir='ltr'>eis</span> <span class='ocrx_word' id='word_1_520' title='bbox 846 3800 968 3869; x_wconf 88' lang='lat' dir='ltr'>[qui</span> <span class='ocrx_word' id='word_1_521' title='bbox 1026 3801 1264 3871; x_wconf 85' lang='lat' dir='ltr'>audent]</span> <span class='ocrx_word' id='word_1_522' title='bbox 1315 3802 1489 3855; x_wconf 89' lang='lat' dir='ltr'>rebus</span> <span class='ocrx_word' id='word_1_523' title='bbox 1548 3802 1787 3870; x_wconf 86' lang='lat' dir='ltr'>injustis</span> <span class='ocrx_word' id='word_1_524' title='bbox 1848 3802 1999 3855; x_wconf 88' lang='lat' dir='ltr'>haud</span> 
     </span>
    </p>
   </div>
   <div class='ocr_carea' id='block_1_72' title="bbox 345 3886 2003 3961">
    <p class='ocr_par' dir='ltr' id='par_1_72' title="bbox 345 3886 2003 3961">
     <span class='ocr_line' id='line_1_72' title="bbox 345 3886 2003 3961; baseline 0.003 -21"><span class='ocrx_word' id='word_1_525' title='bbox 345 3886 701 3952; x_wconf 90' lang='lat' dir='ltr'>auscultare,</span> <span class='ocrx_word' id='word_1_526' title='bbox 724 3891 850 3941; x_wconf 89' lang='lat' dir='ltr'>tum</span> <span class='ocrx_word' id='word_1_527' title='bbox 882 3888 1179 3943; x_wconf 88' lang='lat' dir='ltr'>interdum</span> <span class='ocrx_word' id='word_1_528' title='bbox 1211 3888 1367 3943; x_wconf 89' lang='lat' dir='ltr'>mala</span> <span class='ocrx_word' id='word_1_529' title='bbox 1398 3889 1717 3961; x_wconf 79' lang='lat' dir='ltr'>cUpiditate</span> <span class='ocrx_word' id='word_1_530' title='bbox 1751 3890 1945 3960; x_wconf 87' lang='lat' dir='ltr'>illecti,</span> <span class='ocrx_word' id='word_1_531' title='bbox 1970 3907 2003 3945; x_wconf 90' lang='lat' dir='ltr'>a</span> 
     </span>
    </p>
   </div>
   <div class='ocr_carea' id='block_1_73' title="bbox 345 3974 1993 4048">
    <p class='ocr_par' dir='ltr' id='par_1_73' title="bbox 345 3974 1993 4048">
     <span class='ocr_line' id='line_1_73' title="bbox 345 3974 1993 4048; baseline 0.004 -21"><span class='ocrx_word' id='word_1_532' title='bbox 345 3980 499 4029; x_wconf 90' lang='lat' dir='ltr'>recto</span> <span class='ocrx_word' id='word_1_533' title='bbox 554 3974 761 4029; x_wconf 90' lang='lat' dir='ltr'>itinere</span> <span class='ocrx_word' id='word_1_534' title='bbox 819 3975 1410 4041; x_wconf 88' lang='lat' dir='ltr'>divertentes,devios</span> <span class='ocrx_word' id='word_1_535' title='bbox 1470 3979 1635 4048; x_wconf 84' lang='lat' dir='ltr'>sequi</span> <span class='ocrx_word' id='word_1_536' title='bbox 1695 3978 1993 4034; x_wconf 81' lang='lat' dir='ltr'>anfractus</span> 
     </span>
    </p>
   </div>
   <div class='ocr_carea' id='block_1_74' title="bbox 344 4062 1997 4137">
    <p class='ocr_par' dir='ltr' id='par_1_74' title="bbox 344 4062 1997 4137">
     <span class='ocr_line' id='line_1_74' title="bbox 344 4062 1997 4137; baseline 0.003 -21"><span class='ocrx_word' id='word_1_537' title='bbox 344 4062 797 4132; x_wconf 86' lang='lat' dir='ltr'>etiam,et,quod</span> <span class='ocrx_word' id='word_1_538' title='bbox 821 4062 1247 4120; x_wconf 87' lang='lat' dir='ltr'>intolerabilius</span> <span class='ocrx_word' id='word_1_539' title='bbox 1269 4071 1378 4133; x_wconf 90' lang='lat' dir='ltr'>est,</span> <span class='ocrx_word' id='word_1_540' title='bbox 1398 4072 1684 4137; x_wconf 74' lang='lat' dir='ltr'>prmcepta</span> <span class='ocrx_word' id='word_1_541' title='bbox 1702 4067 1997 4123; x_wconf 86' lang='lat' dir='ltr'>Benedicti</span> 
     </span>
    </p>
   </div>
   <div class='ocr_carea' id='block_1_75' title="bbox 344 4148 1996 4226">
    <p class='ocr_par' dir='ltr' id='par_1_75' title="bbox 344 4148 1996 4226">
     <span class='ocr_line' id='line_1_75' title="bbox 344 4148 1996 4226; baseline 0.006 -25"><span class='ocrx_word' id='word_1_542' title='bbox 344 4148 553 4215; x_wconf 88' lang='lat' dir='ltr'>Patris,</span> <span class='ocrx_word' id='word_1_543' title='bbox 582 4149 949 4222; x_wconf 87' lang='lat' dir='ltr'>aliorumque</span> <span class='ocrx_word' id='word_1_544' title='bbox 979 4157 1317 4208; x_wconf 89' lang='lat' dir='ltr'>sanctorum</span> <span class='ocrx_word' id='word_1_545' title='bbox 1350 4156 1586 4210; x_wconf 86' lang='lat' dir='ltr'>Patrum</span> <span class='ocrx_word' id='word_1_546' title='bbox 1618 4172 1911 4226; x_wconf 86' lang='lat' dir='ltr'>spernere,</span> <span class='ocrx_word' id='word_1_547' title='bbox 1937 4162 1996 4212; x_wconf 91' lang='lat' dir='ltr'>et</span> 
     </span>
    </p>
   </div>
   <div class='ocr_carea' id='block_1_76' title="bbox 342 4235 1999 4317">
    <p class='ocr_par' dir='ltr' id='par_1_76' title="bbox 342 4235 1999 4317">
     <span class='ocr_line' id='line_1_76' title="bbox 342 4235 1999 4317; baseline 0.007 -28"><span class='ocrx_word' id='word_1_548' title='bbox 342 4235 569 4292; x_wconf 88' lang='lat' dir='ltr'>inculta</span> <span class='ocrx_word' id='word_1_549' title='bbox 598 4240 865 4309; x_wconf 69' lang='lat' dir='ltr'>quaadam</span> <span class='ocrx_word' id='word_1_550' title='bbox 899 4245 957 4295; x_wconf 88' lang='lat' dir='ltr'>et</span> <span class='ocrx_word' id='word_1_551' title='bbox 996 4242 1161 4296; x_wconf 86' lang='lat' dir='ltr'>devia</span> <span class='ocrx_word' id='word_1_552' title='bbox 1192 4244 1379 4314; x_wconf 87' lang='lat' dir='ltr'>sequi.</span> <span class='ocrx_word' id='word_1_553' title='bbox 1417 4244 1739 4300; x_wconf 85' lang='lat' dir='ltr'>Memorare</span> <span class='ocrx_word' id='word_1_554' title='bbox 1771 4262 1999 4317; x_wconf 89' lang='lat' dir='ltr'>possem</span> 
     </span>
    </p>
   </div>
   <div class='ocr_carea' id='block_1_77' title="bbox 346 4325 2002 4407">
    <p class='ocr_par' dir='ltr' id='par_1_77' title="bbox 346 4325 2002 4407">
     <span class='ocr_line' id='line_1_77' title="bbox 346 4325 2002 4407; baseline 0.007 -28"><span class='ocrx_word' id='word_1_555' title='bbox 346 4325 663 4382; x_wconf 92' lang='lat' dir='ltr'>nonnullos</span> <span class='ocrx_word' id='word_1_556' title='bbox 694 4332 819 4382; x_wconf 91' lang='lat' dir='ltr'>tum</span> <span class='ocrx_word' id='word_1_557' title='bbox 854 4336 1065 4385; x_wconf 63' lang='lat' dir='ltr'>nostrae</span> <span class='ocrx_word' id='word_1_558' title='bbox 1096 4336 1221 4387; x_wconf 90' lang='lat' dir='ltr'>tum</span> <span class='ocrx_word' id='word_1_559' title='bbox 1257 4332 1499 4388; x_wconf 84' lang='lat' dir='ltr'>alterius</span> <span class='ocrx_word' id='word_1_560' title='bbox 1532 4334 1850 4407; x_wconf 82' lang='lat' dir='ltr'>Religionis</span> <span class='ocrx_word' id='word_1_561' title='bbox 1876 4338 2002 4391; x_wconf 82' lang='lat' dir='ltr'>Fra-</span> 
     </span>
    </p>
   </div>
   <div class='ocr_carea' id='block_1_78' title="bbox 343 4416 2003 4493">
    <p class='ocr_par' dir='ltr' id='par_1_78' title="bbox 343 4416 2003 4493">
     <span class='ocr_line' id='line_1_78' title="bbox 343 4416 2003 4493; baseline 0.007 -24"><span class='ocrx_word' id='word_1_562' title='bbox 343 4416 601 4487; x_wconf 90' lang='lat' dir='ltr'>tres,qui</span> <span class='ocrx_word' id='word_1_563' title='bbox 636 4417 849 4473; x_wconf 87' lang='lat' dir='ltr'>mentis</span> <span class='ocrx_word' id='word_1_564' title='bbox 881 4418 1066 4474; x_wconf 90' lang='lat' dir='ltr'>oculis</span> <span class='ocrx_word' id='word_1_565' title='bbox 1098 4421 1386 4487; x_wconf 82' lang='lat' dir='ltr'>excaecati,</span> <span class='ocrx_word' id='word_1_566' title='bbox 1413 4439 1481 4477; x_wconf 88' lang='lat' dir='ltr'>ea</span> <span class='ocrx_word' id='word_1_567' title='bbox 1501 4439 1627 4493; x_wconf 81' lang='lat' dir='ltr'>quae</span> <span class='ocrx_word' id='word_1_568' title='bbox 1661 4440 1858 4479; x_wconf 90' lang='lat' dir='ltr'>coram</span> <span class='ocrx_word' id='word_1_569' title='bbox 1890 4425 2003 4479; x_wconf 92' lang='lat' dir='ltr'>Deo</span> 
     </span>
    </p>
   </div>
   <div class='ocr_carea' id='block_1_79' title="bbox 2109 3265 3776 3342">
    <p class='ocr_par' dir='ltr' id='par_1_79' title="bbox 2109 3265 3776 3342">
     <span class='ocr_line' id='line_1_79' title="bbox 2109 3265 3776 3342; baseline -0.005 -15"><span class='ocrx_word' id='word_1_570' title='bbox 2109 3288 2299 3342; x_wconf 86' lang='lat' dir='ltr'>posse,</span> <span class='ocrx_word' id='word_1_571' title='bbox 2334 3287 2508 3326; x_wconf 90' lang='lat' dir='ltr'>cursu</span> <span class='ocrx_word' id='word_1_572' title='bbox 2542 3285 2717 3340; x_wconf 90' lang='lat' dir='ltr'>quam</span> <span class='ocrx_word' id='word_1_573' title='bbox 2759 3268 2983 3339; x_wconf 90' lang='lat' dir='ltr'>rapido,</span> <span class='ocrx_word' id='word_1_574' title='bbox 3009 3267 3273 3321; x_wconf 74' lang='lat' dir='ltr'>daemone</span> <span class='ocrx_word' id='word_1_575' title='bbox 3320 3265 3472 3321; x_wconf 89' lang='lat' dir='ltr'>vires</span> <span class='ocrx_word' id='word_1_576' title='bbox 3504 3265 3776 3320; x_wconf 86' lang='lat' dir='ltr'>admini-</span> 
     </span>
    </p>
   </div>
   <div class='ocr_carea' id='block_1_80' title="bbox 2110 3354 3784 3427">
    <p class='ocr_par' dir='ltr' id='par_1_80' title="bbox 2110 3354 3784 3427">
     <span class='ocr_line' id='line_1_80' title="bbox 2110 3354 3784 3427; baseline -0.003 -12"><span class='ocrx_word' id='word_1_577' title='bbox 2110 3365 2354 3425; x_wconf 86' lang='lat' dir='ltr'>strante,</span> <span class='ocrx_word' id='word_1_578' title='bbox 2387 3359 2457 3413; x_wconf 89' lang='lat' dir='ltr'>ad</span> <span class='ocrx_word' id='word_1_579' title='bbox 2506 3358 2748 3423; x_wconf 86' lang='lat' dir='ltr'>ﬂumen,</span> <span class='ocrx_word' id='word_1_580' title='bbox 2775 3357 2929 3427; x_wconf 91' lang='lat' dir='ltr'>quod</span> <span class='ocrx_word' id='word_1_581' title='bbox 2962 3356 3253 3410; x_wconf 88' lang='lat' dir='ltr'>Micanum</span> <span class='ocrx_word' id='word_1_582' title='bbox 3305 3354 3541 3420; x_wconf 87' lang='lat' dir='ltr'>dicitur,</span> <span class='ocrx_word' id='word_1_583' title='bbox 3578 3371 3784 3426; x_wconf 85' lang='lat' dir='ltr'>usque</span> 
     </span>
    </p>
   </div>
   <div class='ocr_carea' id='block_1_81' title="bbox 2109 3442 3780 3518">
    <p class='ocr_par' dir='ltr' id='par_1_81' title="bbox 2109 3442 3780 3518">
     <span class='ocr_line' id='line_1_81' title="bbox 2109 3442 3780 3518; baseline -0.002 -15"><span class='ocrx_word' id='word_1_584' title='bbox 2109 3450 2311 3518; x_wconf 88' lang='lat' dir='ltr'>(distat</span> <span class='ocrx_word' id='word_1_585' title='bbox 2342 3448 2497 3503; x_wconf 89' lang='lat' dir='ltr'>enim</span> <span class='ocrx_word' id='word_1_586' title='bbox 2531 3465 2565 3500; x_wconf 81' lang='lat' dir='ltr'>a</span> <span class='ocrx_word' id='word_1_587' title='bbox 2596 3445 2950 3501; x_wconf 88' lang='lat' dir='ltr'>monasterio</span> <span class='ocrx_word' id='word_1_588' title='bbox 2983 3445 3100 3499; x_wconf 89' lang='lat' dir='ltr'>fere</span> <span class='ocrx_word' id='word_1_589' title='bbox 3133 3460 3232 3515; x_wconf 90' lang='lat' dir='ltr'>per</span> <span class='ocrx_word' id='word_1_590' title='bbox 3261 3444 3375 3499; x_wconf 90' lang='lat' dir='ltr'>duo</span> <span class='ocrx_word' id='word_1_591' title='bbox 3407 3442 3601 3498; x_wconf 91' lang='lat' dir='ltr'>millia</span> <span class='ocrx_word' id='word_1_592' title='bbox 3640 3460 3780 3515; x_wconf 82' lang='lat' dir='ltr'>pas-</span> 
     </span>
    </p>
   </div>
   <div class='ocr_carea' id='block_1_82' title="bbox 2111 3532 3779 3604">
    <p class='ocr_par' dir='ltr' id='par_1_82' title="bbox 2111 3532 3779 3604">
     <span class='ocr_line' id='line_1_82' title="bbox 2111 3532 3779 3604; baseline -0.004 -12"><span class='ocrx_word' id='word_1_593' title='bbox 2111 3540 2333 3604; x_wconf 87' lang='lat' dir='ltr'>suum),</span> <span class='ocrx_word' id='word_1_594' title='bbox 2352 3535 2513 3590; x_wconf 89' lang='lat' dir='ltr'>nulla</span> <span class='ocrx_word' id='word_1_595' title='bbox 2534 3537 2669 3590; x_wconf 88' lang='lat' dir='ltr'>data</span> <span class='ocrx_word' id='word_1_596' title='bbox 2692 3534 2910 3604; x_wconf 88' lang='lat' dir='ltr'>requie,</span> <span class='ocrx_word' id='word_1_597' title='bbox 2926 3533 3172 3604; x_wconf 89' lang='lat' dir='ltr'>appulit.</span> <span class='ocrx_word' id='word_1_598' title='bbox 3193 3533 3329 3587; x_wconf 90' lang='lat' dir='ltr'>Inde</span> <span class='ocrx_word' id='word_1_599' title='bbox 3354 3532 3548 3603; x_wconf 86' lang='lat' dir='ltr'>ripam</span> <span class='ocrx_word' id='word_1_600' title='bbox 3574 3532 3613 3585; x_wconf 85' lang='lat' dir='ltr'>fl</span> <span class='ocrx_word' id='word_1_601' title='bbox 3629 3534 3779 3587; x_wconf 89' lang='lat' dir='ltr'>umi-</span> 
     </span>
    </p>
   </div>
   <div class='ocr_carea' id='block_1_83' title="bbox 2110 3620 3780 3694">
    <p class='ocr_par' dir='ltr' id='par_1_83' title="bbox 2110 3620 3780 3694">
     <span class='ocr_line' id='line_1_83' title="bbox 2110 3620 3780 3694; baseline -0.002 -15"><span class='ocrx_word' id='word_1_602' title='bbox 2110 3625 2202 3681; x_wconf 89' lang='lat' dir='ltr'>nis</span> <span class='ocrx_word' id='word_1_603' title='bbox 2225 3626 2545 3681; x_wconf 90' lang='lat' dir='ltr'>ascendens</span> <span class='ocrx_word' id='word_1_604' title='bbox 2567 3624 2627 3677; x_wconf 92' lang='lat' dir='ltr'>in</span> <span class='ocrx_word' id='word_1_605' title='bbox 2650 3640 2813 3693; x_wconf 58' lang='lat' dir='ltr'>aqua</span> <span class='ocrx_word' id='word_1_606' title='bbox 2838 3622 3136 3677; x_wconf 81' lang='lat' dir='ltr'>altissimae</span> <span class='ocrx_word' id='word_1_607' title='bbox 3159 3620 3431 3693; x_wconf 86' lang='lat' dir='ltr'>pelagum</span> <span class='ocrx_word' id='word_1_608' title='bbox 3460 3637 3597 3676; x_wconf 87' lang='lat' dir='ltr'>sese</span> <span class='ocrx_word' id='word_1_609' title='bbox 3634 3640 3780 3694; x_wconf 63' lang='lat' dir='ltr'>prie-</span> 
     </span>
    </p>
   </div>
   <div class='ocr_carea' id='block_1_84' title="bbox 2111 3710 3782 3786">
    <p class='ocr_par' dir='ltr' id='par_1_84' title="bbox 2111 3710 3782 3786">
     <span class='ocr_line' id='line_1_84' title="bbox 2111 3710 3782 3786; baseline -0.003 -18"><span class='ocrx_word' id='word_1_610' title='bbox 2111 3714 2378 3786; x_wconf 88' lang='lat' dir='ltr'>cipitaret</span> <span class='ocrx_word' id='word_1_611' title='bbox 2408 3712 2755 3768; x_wconf 89' lang='lat' dir='ltr'>hortabatur</span> <span class='ocrx_word' id='word_1_612' title='bbox 2786 3712 3010 3767; x_wconf 67' lang='lat' dir='ltr'>daemon</span> <span class='ocrx_word' id='word_1_613' title='bbox 3036 3729 3048 3777; x_wconf 90' lang='lat'><strong>;</strong></span> <span class='ocrx_word' id='word_1_614' title='bbox 3090 3714 3362 3766; x_wconf 68' lang='lat' dir='ltr'>caeterum</span> <span class='ocrx_word' id='word_1_615' title='bbox 3393 3710 3451 3765; x_wconf 92' lang='lat' dir='ltr'>S.</span> <span class='ocrx_word' id='word_1_616' title='bbox 3486 3710 3698 3765; x_wconf 62' lang='lat' dir='ltr'>Maria</span> <span class='ocrx_word' id='word_1_617' title='bbox 3726 3716 3782 3765; x_wconf 85' lang='lat' dir='ltr'>et</span> 
     </span>
    </p>
   </div>
   <div class='ocr_carea' id='block_1_85' title="bbox 2110 3798 3776 3869">
    <p class='ocr_par' dir='ltr' id='par_1_85' title="bbox 2110 3798 3776 3869">
     <span class='ocr_line' id='line_1_85' title="bbox 2110 3798 3776 3869; baseline -0.002 -12"><span class='ocrx_word' id='word_1_618' title='bbox 2110 3808 2164 3858; x_wconf 88' lang='lat' dir='ltr'>S.</span> <span class='ocrx_word' id='word_1_619' title='bbox 2197 3804 2439 3859; x_wconf 86' lang='lat' dir='ltr'>Joannis</span> <span class='ocrx_word' id='word_1_620' title='bbox 2480 3802 2724 3866; x_wconf 88' lang='lat' dir='ltr'>meritis,</span> <span class='ocrx_word' id='word_1_621' title='bbox 2757 3800 2955 3855; x_wconf 90' lang='lat' dir='ltr'>divina</span> <span class='ocrx_word' id='word_1_622' title='bbox 2996 3800 3228 3854; x_wconf 88' lang='lat' dir='ltr'>bonitas</span> <span class='ocrx_word' id='word_1_623' title='bbox 3258 3798 3309 3853; x_wconf 91' lang='lat' dir='ltr'>ei</span> <span class='ocrx_word' id='word_1_624' title='bbox 3342 3815 3515 3869; x_wconf 88' lang='lat' dir='ltr'>opem</span> <span class='ocrx_word' id='word_1_625' title='bbox 3550 3799 3776 3869; x_wconf 84' lang='lat' dir='ltr'>ferens,</span> 
     </span>
    </p>
   </div>
   <div class='ocr_carea' id='block_1_86' title="bbox 2112 3887 3489 3962">
    <p class='ocr_par' dir='ltr' id='par_1_86' title="bbox 2112 3887 3489 3962">
     <span class='ocr_line' id='line_1_86' title="bbox 2112 3887 3489 3962; baseline -0.004 -15"><span class='ocrx_word' id='word_1_626' title='bbox 2112 3910 2145 3947; x_wconf 89' lang='lat' dir='ltr'>a</span> <span class='ocrx_word' id='word_1_627' title='bbox 2174 3896 2335 3947; x_wconf 89' lang='lat' dir='ltr'>tanto</span> <span class='ocrx_word' id='word_1_628' title='bbox 2364 3897 2600 3962; x_wconf 91' lang='lat' dir='ltr'>tamque</span> <span class='ocrx_word' id='word_1_629' title='bbox 2633 3889 2853 3945; x_wconf 88' lang='lat' dir='ltr'>nefario</span> <span class='ocrx_word' id='word_1_630' title='bbox 2885 3888 3138 3943; x_wconf 87' lang='lat' dir='ltr'>facinore</span> <span class='ocrx_word' id='word_1_631' title='bbox 3168 3887 3489 3959; x_wconf 88' lang='lat' dir='ltr'>prohibuit.</span> 
     </span>
    </p>
   </div>
   <div class='ocr_carea' id='block_1_87' title="bbox 2186 3978 3781 4049">
    <p class='ocr_par' dir='ltr' id='par_1_87' title="bbox 2186 3978 3781 4049">
     <span class='ocr_line' id='line_1_87' title="bbox 2186 3978 3781 4049; baseline -0.002 -15"><span class='ocrx_word' id='word_1_632' title='bbox 2186 3983 2306 4036; x_wconf 78' lang='lat'>197.</span> <span class='ocrx_word' id='word_1_633' title='bbox 2342 3981 2484 4036; x_wconf 87' lang='lat' dir='ltr'>Cum</span> <span class='ocrx_word' id='word_1_634' title='bbox 2517 3979 2753 4033; x_wconf 89' lang='lat' dir='ltr'>interim</span> <span class='ocrx_word' id='word_1_635' title='bbox 2800 3978 2892 4032; x_wconf 88' lang='lat' dir='ltr'>sui</span> <span class='ocrx_word' id='word_1_636' title='bbox 2936 3994 3039 4049; x_wconf 88' lang='lat' dir='ltr'>per</span> <span class='ocrx_word' id='word_1_637' title='bbox 3068 3978 3385 4048; x_wconf 87' lang='lat' dir='ltr'>quemdam</span> <span class='ocrx_word' id='word_1_638' title='bbox 3418 3978 3781 4033; x_wconf 83' lang='lat' dir='ltr'>monasterii</span> 
     </span>
    </p>
   </div>
   <div class='ocr_carea' id='block_1_88' title="bbox 2114 4067 3787 4139">
    <p class='ocr_par' dir='ltr' id='par_1_88' title="bbox 2114 4067 3787 4139">
     <span class='ocr_line' id='line_1_88' title="bbox 2114 4067 3787 4139; baseline -0.003 -15"><span class='ocrx_word' id='word_1_639' title='bbox 2114 4069 2450 4133; x_wconf 90' lang='lat' dir='ltr'>subuleum,</span> <span class='ocrx_word' id='word_1_640' title='bbox 2475 4068 2575 4139; x_wconf 88' lang='lat' dir='ltr'>qui</span> <span class='ocrx_word' id='word_1_641' title='bbox 2607 4084 2737 4123; x_wconf 90' lang='lat' dir='ltr'>sero</span> <span class='ocrx_word' id='word_1_642' title='bbox 2757 4067 2997 4121; x_wconf 90' lang='lat' dir='ltr'>domum</span> <span class='ocrx_word' id='word_1_643' title='bbox 3033 4068 3357 4137; x_wconf 80' lang='lat' dir='ltr'>repederat,</span> <span class='ocrx_word' id='word_1_644' title='bbox 3384 4081 3571 4121; x_wconf 85' lang='lat' dir='ltr'>causa</span> <span class='ocrx_word' id='word_1_645' title='bbox 3592 4072 3663 4121; x_wconf 85' lang='lat' dir='ltr'>et</span> <span class='ocrx_word' id='word_1_646' title='bbox 3693 4068 3787 4121; x_wconf 87' lang='lat' dir='ltr'>iti-</span> 
     </span>
    </p>
   </div>
   <div class='ocr_carea' id='block_1_89' title="bbox 2116 4156 3785 4229">
    <p class='ocr_par' dir='ltr' id='par_1_89' title="bbox 2116 4156 3785 4229">
     <span class='ocr_line' id='line_1_89' title="bbox 2116 4156 3785 4229; baseline -0.001 -16"><span class='ocrx_word' id='word_1_647' title='bbox 2116 4176 2249 4214; x_wconf 89' lang='lat' dir='ltr'>nere</span> <span class='ocrx_word' id='word_1_648' title='bbox 2270 4157 2780 4229; x_wconf 86' lang='lat' dir='ltr'>cognito,propere</span> <span class='ocrx_word' id='word_1_649' title='bbox 2812 4156 3030 4210; x_wconf 85' lang='lat' dir='ltr'>ﬂumen</span> <span class='ocrx_word' id='word_1_650' title='bbox 3060 4158 3253 4227; x_wconf 87' lang='lat' dir='ltr'>petere</span> <span class='ocrx_word' id='word_1_651' title='bbox 3275 4180 3287 4217; x_wconf 87' lang='grc'><strong>;</strong></span> <span class='ocrx_word' id='word_1_652' title='bbox 3310 4160 3366 4208; x_wconf 90' lang='lat' dir='ltr'>et</span> <span class='ocrx_word' id='word_1_653' title='bbox 3386 4171 3502 4225; x_wconf 89' lang='lat' dir='ltr'>quo</span> <span class='ocrx_word' id='word_1_654' title='bbox 3526 4157 3785 4229; x_wconf 87' lang='lat' dir='ltr'>propius</span> 
     </span>
    </p>
   </div>
   <div class='ocr_carea' id='block_1_90' title="bbox 2115 4242 3784 4315">
    <p class='ocr_par' dir='ltr' id='par_1_90' title="bbox 2115 4242 3784 4315">
     <span class='ocr_line' id='line_1_90' title="bbox 2115 4242 3784 4315; baseline -0.001 -14"><span class='ocrx_word' id='word_1_655' title='bbox 2115 4247 2238 4303; x_wconf 84' lang='lat' dir='ltr'>loco</span> <span class='ocrx_word' id='word_1_656' title='bbox 2273 4248 2545 4302; x_wconf 90' lang='lat' dir='ltr'>accedere</span> <span class='ocrx_word' id='word_1_657' title='bbox 2574 4245 2679 4311; x_wconf 91' lang='lat' dir='ltr'>illi,</span> <span class='ocrx_word' id='word_1_658' title='bbox 2705 4262 2770 4300; x_wconf 92' lang='lat' dir='ltr'>eo</span> <span class='ocrx_word' id='word_1_659' title='bbox 2792 4246 3020 4300; x_wconf 65' lang='lat' dir='ltr'>daemon</span> <span class='ocrx_word' id='word_1_660' title='bbox 3043 4243 3232 4315; x_wconf 90' lang='lat' dir='ltr'>magis</span> <span class='ocrx_word' id='word_1_661' title='bbox 3258 4242 3658 4315; x_wconf 86' lang='lat' dir='ltr'>ingeminare,</span> <span class='ocrx_word' id='word_1_662' title='bbox 3695 4246 3784 4299; x_wconf 81' lang='lat' dir='ltr'>in-</span> 
     </span>
    </p>
   </div>
   <div class='ocr_carea' id='block_1_91' title="bbox 2115 4332 3783 4405">
    <p class='ocr_par' dir='ltr' id='par_1_91' title="bbox 2115 4332 3783 4405">
     <span class='ocr_line' id='line_1_91' title="bbox 2115 4332 3783 4405; baseline -0.002 -13"><span class='ocrx_word' id='word_1_663' title='bbox 2115 4343 2268 4392; x_wconf 90' lang='lat' dir='ltr'>stare</span> <span class='ocrx_word' id='word_1_664' title='bbox 2290 4340 2395 4405; x_wconf 90' lang='lat' dir='ltr'>[ut]</span> <span class='ocrx_word' id='word_1_665' title='bbox 2426 4336 2538 4391; x_wconf 89' lang='lat' dir='ltr'>sibi</span> <span class='ocrx_word' id='word_1_666' title='bbox 2562 4340 2809 4389; x_wconf 87' lang='lat' dir='ltr'>mortem</span> <span class='ocrx_word' id='word_1_667' title='bbox 2844 4333 3235 4389; x_wconf 86' lang='lat' dir='ltr'>conscisceret</span> <span class='ocrx_word' id='word_1_668' title='bbox 3259 4332 3491 4387; x_wconf 89' lang='lat' dir='ltr'>mulier.</span> <span class='ocrx_word' id='word_1_669' title='bbox 3515 4332 3783 4389; x_wconf 88' lang='lat' dir='ltr'>Demum</span> 
     </span>
    </p>
   </div>
   <div class='ocr_carea' id='block_1_92' title="bbox 2114 4423 3785 4497">
    <p class='ocr_par' dir='ltr' id='par_1_92' title="bbox 2114 4423 3785 4497">
     <span class='ocr_line' id='line_1_92' title="bbox 2114 4423 3785 4497; baseline -0.001 -16"><span class='ocrx_word' id='word_1_670' title='bbox 2114 4431 2304 4497; x_wconf 87' lang='lat' dir='ltr'>capta,</span> <span class='ocrx_word' id='word_1_671' title='bbox 2329 4426 2575 4481; x_wconf 87' lang='lat' dir='ltr'>orabant</span> <span class='ocrx_word' id='word_1_672' title='bbox 2604 4423 2727 4479; x_wconf 93' lang='lat' dir='ltr'>suis</span> <span class='ocrx_word' id='word_1_673' title='bbox 2758 4423 2868 4477; x_wconf 89' lang='lat' dir='ltr'>iret</span> <span class='ocrx_word' id='word_1_674' title='bbox 2901 4423 3213 4493; x_wconf 84' lang='lat' dir='ltr'>predibus;</span> <span class='ocrx_word' id='word_1_675' title='bbox 3245 4438 3445 4476; x_wconf 91' lang='lat' dir='ltr'>verum</span> <span class='ocrx_word' id='word_1_676' title='bbox 3485 4438 3635 4477; x_wconf 86' lang='lat' dir='ltr'>eum</span> <span class='ocrx_word' id='word_1_677' title='bbox 3672 4423 3785 4479; x_wconf 88' lang='lat' dir='ltr'>hoc</span> 
     </span>
    </p>
   </div>
   <div class='ocr_carea' id='block_1_93' title="bbox 346 4505 3782 4595">
    <p class='ocr_par' dir='ltr' id='par_1_93' title="bbox 346 4505 3782 4595">
     <span class='ocr_line' id='line_1_93' title="bbox 346 4505 3782 4595; baseline 0.002 -36"><span class='ocrx_word' id='word_1_678' title='bbox 346 4509 400 4560; x_wconf 75' lang='lat' dir='ltr'>et</span> <span class='ocrx_word' id='word_1_679' title='bbox 431 4505 652 4561; x_wconf 88' lang='lat' dir='ltr'>sanctis</span> <span class='ocrx_word' id='word_1_680' title='bbox 682 4508 810 4578; x_wconf 84' lang='lat' dir='ltr'>ejus</span> <span class='ocrx_word' id='word_1_681' title='bbox 854 4507 1091 4579; x_wconf 90' lang='lat' dir='ltr'>polliciti</span> <span class='ocrx_word' id='word_1_682' title='bbox 1143 4515 1283 4565; x_wconf 90' lang='lat' dir='ltr'>sunt</span> <span class='ocrx_word' id='word_1_683' title='bbox 1332 4528 1446 4567; x_wconf 90' lang='lat' dir='ltr'>non</span> <span class='ocrx_word' id='word_1_684' title='bbox 1507 4518 1825 4579; x_wconf 87' lang='lat' dir='ltr'>servantes,</span> <span class='ocrx_word' id='word_1_685' title='bbox 1860 4514 1998 4585; x_wconf 75' lang='lat' dir='ltr'>imo,</span> <span class='ocrx_word' id='word_1_686' title='bbox 2035 4532 2079 4595; x_wconf 68' lang='grc' dir='ltr'>Β</span> <span class='ocrx_word' id='word_1_687' title='bbox 2118 4517 2333 4570; x_wconf 82' lang='lat' dir='ltr'>frustra</span> <span class='ocrx_word' id='word_1_688' title='bbox 2358 4526 2513 4569; x_wconf 81' lang='lat' dir='ltr'>esset</span> <span class='ocrx_word' id='word_1_689' title='bbox 2534 4515 2617 4585; x_wconf 90' lang='lat' dir='ltr'>(se</span> <span class='ocrx_word' id='word_1_690' title='bbox 2638 4513 2793 4568; x_wconf 89' lang='lat' dir='ltr'>enim</span> <span class='ocrx_word' id='word_1_691' title='bbox 2826 4510 2947 4566; x_wconf 92' lang='lat' dir='ltr'>illic</span> <span class='ocrx_word' id='word_1_692' title='bbox 2978 4514 3318 4582; x_wconf 83' lang='lat' dir='ltr'>pernoctare</span> <span class='ocrx_word' id='word_1_693' title='bbox 3337 4509 3481 4567; x_wconf 85' lang='lat' dir='ltr'>velle</span> <span class='ocrx_word' id='word_1_694' title='bbox 3502 4510 3782 4567; x_wconf 83' lang='lat' dir='ltr'>afﬁrma-</span> 
     </span>
    </p>
   </div>
   <div class='ocr_carea' id='block_1_94' title="bbox 347 4594 1997 4671">
    <p class='ocr_par' dir='ltr' id='par_1_94' title="bbox 347 4594 1997 4671">
     <span class='ocr_line' id='line_1_94' title="bbox 347 4594 1997 4671; baseline 0.004 -22"><span class='ocrx_word' id='word_1_695' title='bbox 347 4594 501 4665; x_wconf 88' lang='lat' dir='ltr'>quod</span> <span class='ocrx_word' id='word_1_696' title='bbox 535 4596 704 4666; x_wconf 80' lang='lat' dir='ltr'>pejus</span> <span class='ocrx_word' id='word_1_697' title='bbox 734 4601 843 4664; x_wconf 88' lang='lat' dir='ltr'>est,</span> <span class='ocrx_word' id='word_1_698' title='bbox 875 4598 1123 4669; x_wconf 69' lang='lat' dir='ltr'>propriae</span> <span class='ocrx_word' id='word_1_699' title='bbox 1172 4598 1437 4671; x_wconf 90' lang='lat' dir='ltr'>religioni</span> <span class='ocrx_word' id='word_1_700' title='bbox 1476 4599 1630 4656; x_wconf 89' lang='lat' dir='ltr'>mala</span> <span class='ocrx_word' id='word_1_701' title='bbox 1662 4600 1997 4668; x_wconf 86' lang='lat' dir='ltr'>inferentes,</span> 
     </span>
    </p>
   </div>
   <div class='ocr_carea' id='block_1_95' title="bbox 348 4685 2001 4759">
    <p class='ocr_par' dir='ltr' id='par_1_95' title="bbox 348 4685 2001 4759">
     <span class='ocr_line' id='line_1_95' title="bbox 348 4685 2001 4759; baseline 0.005 -22"><span class='ocrx_word' id='word_1_702' title='bbox 348 4687 426 4750; x_wconf 88' lang='lat' dir='ltr'>et,</span> <span class='ocrx_word' id='word_1_703' title='bbox 469 4685 624 4755; x_wconf 91' lang='lat' dir='ltr'>quod</span> <span class='ocrx_word' id='word_1_704' title='bbox 676 4685 835 4740; x_wconf 91' lang='lat' dir='ltr'>dictu</span> <span class='ocrx_word' id='word_1_705' title='bbox 892 4688 1054 4742; x_wconf 88' lang='lat' dir='ltr'>nefas</span> <span class='ocrx_word' id='word_1_706' title='bbox 1103 4691 1211 4753; x_wconf 85' lang='lat' dir='ltr'>est,</span> <span class='ocrx_word' id='word_1_707' title='bbox 1244 4693 1581 4759; x_wconf 70' lang='lat' dir='ltr'>praetextam</span> <span class='ocrx_word' id='word_1_708' title='bbox 1632 4694 1689 4744; x_wconf 88' lang='lat' dir='ltr'>et</span> <span class='ocrx_word' id='word_1_709' title='bbox 1737 4689 2001 4745; x_wconf 90' lang='lat' dir='ltr'>habitum</span> 
     </span>
    </p>
   </div>
   <div class='ocr_carea' id='block_1_96' title="bbox 349 4771 2002 4850">
    <p class='ocr_par' dir='ltr' id='par_1_96' title="bbox 349 4771 2002 4850">
     <span class='ocr_line' id='line_1_96' title="bbox 349 4771 2002 4850; baseline 0.005 -26"><span class='ocrx_word' id='word_1_710' title='bbox 349 4771 815 4841; x_wconf 86' lang='lat' dir='ltr'>projicicntes,et</span> <span class='ocrx_word' id='word_1_711' title='bbox 837 4774 1013 4831; x_wconf 91' lang='lat' dir='ltr'>vitam</span> <span class='ocrx_word' id='word_1_712' title='bbox 1048 4793 1159 4831; x_wconf 93' lang='lat' dir='ltr'>non</span> <span class='ocrx_word' id='word_1_713' title='bbox 1197 4779 1367 4833; x_wconf 90' lang='lat' dir='ltr'>modo</span> <span class='ocrx_word' id='word_1_714' title='bbox 1393 4795 1507 4833; x_wconf 92' lang='lat' dir='ltr'>non</span> <span class='ocrx_word' id='word_1_715' title='bbox 1540 4777 1874 4850; x_wconf 87' lang='lat' dir='ltr'>religosam,</span> <span class='ocrx_word' id='word_1_716' title='bbox 1900 4780 2002 4834; x_wconf 91' lang='lat' dir='ltr'>sed</span> 
     </span>
    </p>
   </div>
   <div class='ocr_carea' id='block_1_97' title="bbox 350 4857 2002 4937">
    <p class='ocr_par' dir='ltr' id='par_1_97' title="bbox 350 4857 2002 4937">
     <span class='ocr_line' id='line_1_97' title="bbox 350 4857 2002 4937; baseline 0.007 -25"><span class='ocrx_word' id='word_1_717' title='bbox 350 4857 621 4916; x_wconf 89' lang='lat' dir='ltr'>leonibus</span> <span class='ocrx_word' id='word_1_718' title='bbox 643 4862 962 4932; x_wconf 88' lang='lat' dir='ltr'>turpiorem</span> <span class='ocrx_word' id='word_1_719' title='bbox 987 4865 1284 4934; x_wconf 86' lang='lat' dir='ltr'>ducentes,</span> <span class='ocrx_word' id='word_1_720' title='bbox 1309 4868 1786 4937; x_wconf 83' lang='lat' dir='ltr'>demumjudicio</span> <span class='ocrx_word' id='word_1_721' title='bbox 1809 4869 2002 4923; x_wconf 90' lang='lat' dir='ltr'>divino</span> 
     </span>
    </p>
   </div>
   <div class='ocr_carea' id='block_1_98' title="bbox 349 4946 2002 5028">
    <p class='ocr_par' dir='ltr' id='par_1_98' title="bbox 349 4946 2002 5028">
     <span class='ocr_line' id='line_1_98' title="bbox 349 4946 2002 5028; baseline 0.006 -27"><span class='ocrx_word' id='word_1_722' title='bbox 349 4946 595 5002; x_wconf 89' lang='lat' dir='ltr'>exitium</span> <span class='ocrx_word' id='word_1_723' title='bbox 618 4949 862 5021; x_wconf 90' lang='lat' dir='ltr'>dignum</span> <span class='ocrx_word' id='word_1_724' title='bbox 890 4968 1090 5007; x_wconf 88' lang='lat' dir='ltr'>eorum</span> <span class='ocrx_word' id='word_1_725' title='bbox 1118 4955 1379 5009; x_wconf 90' lang='lat' dir='ltr'>moribus</span> <span class='ocrx_word' id='word_1_726' title='bbox 1403 4956 1782 5023; x_wconf 89' lang='lat' dir='ltr'>invenientes,</span> <span class='ocrx_word' id='word_1_727' title='bbox 1803 4956 2002 5028; x_wconf 67' lang='lat' dir='ltr'>impri-</span> 
     </span>
    </p>
   </div>
   <div class='ocr_carea' id='block_1_99' title="bbox 350 5035 2001 5117">
    <p class='ocr_par' dir='ltr' id='par_1_99' title="bbox 350 5035 2001 5117">
     <span class='ocr_line' id='line_1_99' title="bbox 350 5035 2001 5117; baseline 0.006 -27"><span class='ocrx_word' id='word_1_728' title='bbox 350 5035 465 5091; x_wconf 91' lang='lat' dir='ltr'>mis</span> <span class='ocrx_word' id='word_1_729' title='bbox 492 5036 838 5109; x_wconf 89' lang='lat' dir='ltr'>plerumque</span> <span class='ocrx_word' id='word_1_730' title='bbox 871 5043 1119 5113; x_wconf 85' lang='lat' dir='ltr'>magnis</span> <span class='ocrx_word' id='word_1_731' title='bbox 1152 5042 1457 5098; x_wconf 90' lang='lat' dir='ltr'>ordinibus</span> <span class='ocrx_word' id='word_1_732' title='bbox 1490 5045 1908 5117; x_wconf 87' lang='lat' dir='ltr'>pessumdatis,</span> <span class='ocrx_word' id='word_1_733' title='bbox 1942 5047 2001 5100; x_wconf 93' lang='lat' dir='ltr'>in</span> 
     </span>
    </p>
   </div>
   <div class='ocr_carea' id='block_1_100' title="bbox 349 5124 2000 5206">
    <p class='ocr_par' dir='ltr' id='par_1_100' title="bbox 349 5124 2000 5206">
     <span class='ocr_line' id='line_1_100' title="bbox 349 5124 2000 5206; baseline 0.007 -26"><span class='ocrx_word' id='word_1_734' title='bbox 349 5124 693 5184; x_wconf 86' lang='lat' dir='ltr'>barathrum</span> <span class='ocrx_word' id='word_1_735' title='bbox 728 5130 937 5184; x_wconf 87' lang='lat' dir='ltr'>inferni</span> <span class='ocrx_word' id='word_1_736' title='bbox 989 5132 1306 5198; x_wconf 85' lang='lat' dir='ltr'>demersos,</span> <span class='ocrx_word' id='word_1_737' title='bbox 1343 5132 1401 5185; x_wconf 91' lang='lat' dir='ltr'>ni</span> <span class='ocrx_word' id='word_1_738' title='bbox 1442 5150 1575 5188; x_wconf 88' lang='lat' dir='ltr'>mea</span> <span class='ocrx_word' id='word_1_739' title='bbox 1632 5152 1723 5189; x_wconf 90' lang='lat' dir='ltr'>res</span> <span class='ocrx_word' id='word_1_740' title='bbox 1769 5135 2000 5206; x_wconf 88' lang='lat' dir='ltr'>longius</span> 
     </span>
    </p>
   </div>
   <div class='ocr_carea' id='block_1_101' title="bbox 348 5215 1999 5291">
    <p class='ocr_par' dir='ltr' id='par_1_101' title="bbox 348 5215 1999 5291">
     <span class='ocr_line' id='line_1_101' title="bbox 348 5215 1999 5291; baseline 0.005 -21"><span class='ocrx_word' id='word_1_741' title='bbox 348 5215 420 5271; x_wconf 89' lang='lat' dir='ltr'>ab</span> <span class='ocrx_word' id='word_1_742' title='bbox 453 5216 685 5289; x_wconf 85' lang='lat' dir='ltr'>incepto</span> <span class='ocrx_word' id='word_1_743' title='bbox 714 5218 993 5288; x_wconf 86' lang='lat' dir='ltr'>traheret,</span> <span class='ocrx_word' id='word_1_744' title='bbox 1019 5226 1075 5275; x_wconf 89' lang='lat' dir='ltr'>et</span> <span class='ocrx_word' id='word_1_745' title='bbox 1105 5220 1216 5275; x_wconf 89' lang='lat' dir='ltr'>alio</span> <span class='ocrx_word' id='word_1_746' title='bbox 1248 5224 1482 5291; x_wconf 90' lang='lat' dir='ltr'>tempus</span> <span class='ocrx_word' id='word_1_747' title='bbox 1515 5227 1807 5279; x_wconf 88' lang='lat' dir='ltr'>maturare</span> <span class='ocrx_word' id='word_1_748' title='bbox 1840 5224 1999 5280; x_wconf 87' lang='lat' dir='ltr'>festi-</span> 
     </span>
    </p>
   </div>
   <div class='ocr_carea' id='block_1_102' title="bbox 348 5306 1999 5378">
    <p class='ocr_par' dir='ltr' id='par_1_102' title="bbox 348 5306 1999 5378">
     <span class='ocr_line' id='line_1_102' title="bbox 348 5306 1999 5378; baseline 0.008 -21"><span class='ocrx_word' id='word_1_749' title='bbox 348 5308 533 5359; x_wconf 88' lang='lat' dir='ltr'>naret.</span> <span class='ocrx_word' id='word_1_750' title='bbox 569 5306 670 5360; x_wconf 81' lang='lat' dir='ltr'>Ilis</span> <span class='ocrx_word' id='word_1_751' title='bbox 703 5306 881 5378; x_wconf 88' lang='lat' dir='ltr'>igitur</span> <span class='ocrx_word' id='word_1_752' title='bbox 928 5308 1212 5374; x_wconf 88' lang='lat' dir='ltr'>dimissis,</span> <span class='ocrx_word' id='word_1_753' title='bbox 1247 5310 1315 5363; x_wconf 89' lang='lat' dir='ltr'>ad</span> <span class='ocrx_word' id='word_1_754' title='bbox 1351 5310 1408 5364; x_wconf 86' lang='lat' dir='ltr'>S.</span> <span class='ocrx_word' id='word_1_755' title='bbox 1441 5310 1683 5367; x_wconf 87' lang='lat' dir='ltr'>Joannis</span> <span class='ocrx_word' id='word_1_756' title='bbox 1716 5314 1999 5371; x_wconf 89' lang='lat' dir='ltr'>miracula</span> 
     </span>
    </p>
   </div>
   <div class='ocr_carea' id='block_1_103' title="bbox 352 5392 1997 5473">
    <p class='ocr_par' dir='ltr' id='par_1_103' title="bbox 352 5392 1997 5473">
     <span class='ocr_line' id='line_1_103' title="bbox 352 5392 1997 5473; baseline 0.009 -29"><span class='ocrx_word' id='word_1_757' title='bbox 352 5392 752 5460; x_wconf 86' lang='lat' dir='ltr'>deveniamus,</span> <span class='ocrx_word' id='word_1_758' title='bbox 777 5413 925 5467; x_wconf 67' lang='lat' dir='ltr'>quas,</span> <span class='ocrx_word' id='word_1_759' title='bbox 968 5402 1031 5451; x_wconf 92' lang='lat' dir='ltr'>ut</span> <span class='ocrx_word' id='word_1_760' title='bbox 1061 5396 1205 5451; x_wconf 86' lang='lat' dir='ltr'>alias</span> <span class='ocrx_word' id='word_1_761' title='bbox 1255 5397 1371 5452; x_wconf 85' lang='lat' dir='ltr'>dixi</span> <span class='ocrx_word' id='word_1_762' title='bbox 1403 5398 1681 5468; x_wconf 84' lang='lat' dir='ltr'>[plurima</span> <span class='ocrx_word' id='word_1_763' title='bbox 1728 5404 1907 5473; x_wconf 89' lang='lat' dir='ltr'>sunt].</span> <span class='ocrx_word' id='word_1_764' title='bbox 1939 5404 1997 5458; x_wconf 90' lang='lat' dir='ltr'>Si</span> 
     </span>
    </p>
   </div>
   <div class='ocr_carea' id='block_1_104' title="bbox 352 5479 1996 5556">
    <p class='ocr_par' dir='ltr' id='par_1_104' title="bbox 352 5479 1996 5556">
     <span class='ocr_line' id='line_1_104' title="bbox 352 5479 1996 5556; baseline 0.009 -22"><span class='ocrx_word' id='word_1_765' title='bbox 352 5479 656 5549; x_wconf 56' lang='lat' dir='ltr'>sigillatin</span> <span class='ocrx_word' id='word_1_766' title='bbox 684 5483 737 5536; x_wconf 86' lang='lat' dir='ltr'>in</span> <span class='ocrx_word' id='word_1_767' title='bbox 761 5485 1010 5556; x_wconf 83' lang='lat' dir='ltr'>singulis</span> <span class='ocrx_word' id='word_1_768' title='bbox 1028 5486 1153 5555; x_wconf 80' lang='lat' dir='ltr'>ejus</span> <span class='ocrx_word' id='word_1_769' title='bbox 1174 5485 1507 5541; x_wconf 83' lang='lat' dir='ltr'>felicissime</span> <span class='ocrx_word' id='word_1_770' title='bbox 1532 5490 1674 5544; x_wconf 87' lang='lat' dir='ltr'>actis</span> <span class='ocrx_word' id='word_1_771' title='bbox 1696 5492 1996 5549; x_wconf 88' lang='lat' dir='ltr'>miraculis</span> 
     </span>
    </p>
   </div>
   <div class='ocr_carea' id='block_1_105' title="bbox 354 5568 1995 5647">
    <p class='ocr_par' dir='ltr' id='par_1_105' title="bbox 354 5568 1995 5647">
     <span class='ocr_line' id='line_1_105' title="bbox 354 5568 1995 5647; baseline 0.009 -25"><span class='ocrx_word' id='word_1_772' title='bbox 354 5568 653 5625; x_wconf 82' lang='lat' dir='ltr'>immorari</span> <span class='ocrx_word' id='word_1_773' title='bbox 687 5574 913 5642; x_wconf 74' lang='lat' dir='ltr'>vellem,</span> <span class='ocrx_word' id='word_1_774' title='bbox 948 5579 1179 5645; x_wconf 77' lang='lat' dir='ltr'>tempus</span> <span class='ocrx_word' id='word_1_775' title='bbox 1210 5570 1384 5647; x_wconf 80' lang='lat' dir='ltr'>quam</span> <span class='ocrx_word' id='word_1_776' title='bbox 1428 5594 1520 5631; x_wconf 67' lang='lat' dir='ltr'>res</span> <span class='ocrx_word' id='word_1_777' title='bbox 1565 5580 1853 5634; x_wconf 87' lang='lat' dir='ltr'>maturius</span> <span class='ocrx_word' id='word_1_778' title='bbox 1904 5599 1995 5636; x_wconf 88' lang='lat' dir='ltr'>me</span> 
     </span>
    </p>
   </div>
   <div class='ocr_carea' id='block_1_106' title="bbox 2112 4599 3774 4675">
    <p class='ocr_par' dir='ltr' id='par_1_106' title="bbox 2112 4599 3774 4675">
     <span class='ocr_line' id='line_1_106' title="bbox 2112 4599 3774 4675; baseline -0.003 -17"><span class='ocrx_word' id='word_1_779' title='bbox 2112 4604 2252 4675; x_wconf 88' lang='lat' dir='ltr'>bat),</span> <span class='ocrx_word' id='word_1_780' title='bbox 2268 4603 2325 4657; x_wconf 91' lang='lat' dir='ltr'>hi</span> <span class='ocrx_word' id='word_1_781' title='bbox 2349 4604 2433 4659; x_wconf 88' lang='lat' dir='ltr'>ira</span> <span class='ocrx_word' id='word_1_782' title='bbox 2455 4602 2914 4674; x_wconf 79' lang='lat' dir='ltr'>aegritudineque</span> <span class='ocrx_word' id='word_1_783' title='bbox 2936 4599 3200 4672; x_wconf 88' lang='lat' dir='ltr'>permisti</span> <span class='ocrx_word' id='word_1_784' title='bbox 3219 4615 3345 4654; x_wconf 87' lang='lat' dir='ltr'>eam</span> <span class='ocrx_word' id='word_1_785' title='bbox 3361 4614 3468 4654; x_wconf 88' lang='lat' dir='ltr'>nec</span> <span class='ocrx_word' id='word_1_786' title='bbox 3482 4599 3774 4670; x_wconf 86' lang='lat' dir='ltr'>amplius,</span> 
     </span>
    </p>
   </div>
   <div class='ocr_carea' id='block_1_107' title="bbox 2115 4687 3782 4763">
    <p class='ocr_par' dir='ltr' id='par_1_107' title="bbox 2115 4687 3782 4763">
     <span class='ocr_line' id='line_1_107' title="bbox 2115 4687 3782 4763; baseline -0.001 -16"><span class='ocrx_word' id='word_1_787' title='bbox 2115 4693 2226 4747; x_wconf 90' lang='lat' dir='ltr'>etsi</span> <span class='ocrx_word' id='word_1_788' title='bbox 2251 4698 2438 4747; x_wconf 89' lang='lat' dir='ltr'>mater</span> <span class='ocrx_word' id='word_1_789' title='bbox 2466 4692 2662 4763; x_wconf 72' lang='lat' dir='ltr'>[esset]</span> <span class='ocrx_word' id='word_1_790' title='bbox 2692 4692 2945 4761; x_wconf 82' lang='lat' dir='ltr'>perferre</span> <span class='ocrx_word' id='word_1_791' title='bbox 2965 4687 3243 4755; x_wconf 87' lang='lat' dir='ltr'>valentes,</span> <span class='ocrx_word' id='word_1_792' title='bbox 3266 4688 3456 4760; x_wconf 89' lang='lat' dir='ltr'>ipsius</span> <span class='ocrx_word' id='word_1_793' title='bbox 3488 4689 3782 4746; x_wconf 77' lang='lat' dir='ltr'>manibus</span> 
     </span>
    </p>
   </div>
   <div class='ocr_carea' id='block_1_108' title="bbox 2115 4775 3787 4852">
    <p class='ocr_par' dir='ltr' id='par_1_108' title="bbox 2115 4775 3787 4852">
     <span class='ocr_line' id='line_1_108' title="bbox 2115 4775 3787 4852; baseline -0.002 -16"><span class='ocrx_word' id='word_1_794' title='bbox 2115 4797 2147 4836; x_wconf 86' lang='lat' dir='ltr'>a</span> <span class='ocrx_word' id='word_1_795' title='bbox 2177 4786 2336 4852; x_wconf 83' lang='lat' dir='ltr'>tergo</span> <span class='ocrx_word' id='word_1_796' title='bbox 2360 4781 2591 4847; x_wconf 91' lang='lat' dir='ltr'>vinctis,</span> <span class='ocrx_word' id='word_1_797' title='bbox 2615 4780 2878 4834; x_wconf 78' lang='lat' dir='ltr'>daemone</span> <span class='ocrx_word' id='word_1_798' title='bbox 2900 4778 3105 4832; x_wconf 86' lang='lat' dir='ltr'>silvam</span> <span class='ocrx_word' id='word_1_799' title='bbox 3140 4775 3463 4832; x_wconf 88' lang='lat' dir='ltr'>ululatibus</span> <span class='ocrx_word' id='word_1_800' title='bbox 3492 4776 3787 4835; x_wconf 84' lang='lat' dir='ltr'>clamori-</span> 
     </span>
    </p>
   </div>
   <div class='ocr_carea' id='block_1_109' title="bbox 2114 4865 3787 4940">
    <p class='ocr_par' dir='ltr' id='par_1_109' title="bbox 2114 4865 3787 4940">
     <span class='ocr_line' id='line_1_109' title="bbox 2114 4865 3787 4940; baseline 0 -17"><span class='ocrx_word' id='word_1_801' title='bbox 2114 4869 2293 4931; x_wconf 86' lang='lat' dir='ltr'>busve</span> <span class='ocrx_word' id='word_1_802' title='bbox 2325 4869 2624 4940; x_wconf 88' lang='lat' dir='ltr'>implente,</span> <span class='ocrx_word' id='word_1_803' title='bbox 2651 4868 2723 4922; x_wconf 86' lang='lat' dir='ltr'>ad</span> <span class='ocrx_word' id='word_1_804' title='bbox 2756 4869 2864 4922; x_wconf 92' lang='lat' dir='ltr'>hoc</span> <span class='ocrx_word' id='word_1_805' title='bbox 2886 4868 2944 4921; x_wconf 92' lang='lat' dir='ltr'>S.</span> <span class='ocrx_word' id='word_1_806' title='bbox 2970 4865 3165 4923; x_wconf 65' lang='lat' dir='ltr'>Mariae</span> <span class='ocrx_word' id='word_1_807' title='bbox 3190 4865 3624 4922; x_wconf 87' lang='lat' dir='ltr'>monasterium</span> <span class='ocrx_word' id='word_1_808' title='bbox 3658 4872 3787 4923; x_wconf 82' lang='lat' dir='ltr'>tra-</span> 
     </span>
    </p>
   </div>
   <div class='ocr_carea' id='block_1_110' title="bbox 2111 4954 3788 5013">
    <p class='ocr_par' dir='ltr' id='par_1_110' title="bbox 2111 4954 3788 5013">
     <span class='ocr_line' id='line_1_110' title="bbox 2111 4954 3788 5013; baseline 0.001 -1"><span class='ocrx_word' id='word_1_809' title='bbox 2111 4974 2245 5013; x_wconf 86' lang='lat' dir='ltr'>xere</span> <span class='ocrx_word' id='word_1_810' title='bbox 2276 4959 2540 5013; x_wconf 86' lang='lat' dir='ltr'>invitam.</span> <span class='ocrx_word' id='word_1_811' title='bbox 2560 4955 2845 5012; x_wconf 88' lang='lat' dir='ltr'>Postridie</span> <span class='ocrx_word' id='word_1_812' title='bbox 2863 4971 2995 5010; x_wconf 89' lang='lat' dir='ltr'>vero</span> <span class='ocrx_word' id='word_1_813' title='bbox 3027 4954 3333 5010; x_wconf 89' lang='lat' dir='ltr'>monachis</span> <span class='ocrx_word' id='word_1_814' title='bbox 3354 4971 3423 5009; x_wconf 79' lang='lat' dir='ltr'>ex</span> <span class='ocrx_word' id='word_1_815' title='bbox 3447 4970 3617 5012; x_wconf 86' lang='lat' dir='ltr'>more</span> <span class='ocrx_word' id='word_1_816' title='bbox 3637 4972 3788 5013; x_wconf 82' lang='lat' dir='ltr'>can-</span> 
     </span>
    </p>
   </div>
   <div class='ocr_carea' id='block_1_111' title="bbox 2111 5042 3789 5118">
    <p class='ocr_par' dir='ltr' id='par_1_111' title="bbox 2111 5042 3789 5118">
     <span class='ocr_line' id='line_1_111' title="bbox 2111 5042 3789 5118; baseline 0.001 -18"><span class='ocrx_word' id='word_1_817' title='bbox 2111 5047 2376 5101; x_wconf 88' lang='lat' dir='ltr'>tantibus</span> <span class='ocrx_word' id='word_1_818' title='bbox 2404 5052 2459 5101; x_wconf 91' lang='lat' dir='ltr'>et</span> <span class='ocrx_word' id='word_1_819' title='bbox 2476 5046 2805 5112; x_wconf 88' lang='lat' dir='ltr'>orantibus,</span> <span class='ocrx_word' id='word_1_820' title='bbox 2826 5060 2940 5099; x_wconf 92' lang='lat' dir='ltr'>non</span> <span class='ocrx_word' id='word_1_821' title='bbox 2965 5042 3151 5098; x_wconf 90' lang='lat' dir='ltr'>multo</span> <span class='ocrx_word' id='word_1_822' title='bbox 3175 5049 3528 5115; x_wconf 88' lang='lat' dir='ltr'>consumpto</span> <span class='ocrx_word' id='word_1_823' title='bbox 3551 5050 3789 5118; x_wconf 86' lang='lat' dir='ltr'>tempo-</span> 
     </span>
    </p>
   </div>
   <div class='ocr_carea' id='block_1_112' title="bbox 2109 5132 3782 5206">
    <p class='ocr_par' dir='ltr' id='par_1_112' title="bbox 2109 5132 3782 5206">
     <span class='ocr_line' id='line_1_112' title="bbox 2109 5132 3782 5206; baseline 0.001 -16"><span class='ocrx_word' id='word_1_824' title='bbox 2109 5137 2438 5205; x_wconf 75' lang='lat' dir='ltr'>re,_dremon</span> <span class='ocrx_word' id='word_1_825' title='bbox 2462 5134 2717 5206; x_wconf 90' lang='lat' dir='ltr'>amplius</span> <span class='ocrx_word' id='word_1_826' title='bbox 2746 5135 2804 5189; x_wconf 85' lang='lat' dir='ltr'>S.</span> <span class='ocrx_word' id='word_1_827' title='bbox 2826 5132 3070 5188; x_wconf 90' lang='lat' dir='ltr'>Joannis</span> <span class='ocrx_word' id='word_1_828' title='bbox 3090 5132 3375 5188; x_wconf 84' lang='lat' dir='ltr'>virtutum</span> <span class='ocrx_word' id='word_1_829' title='bbox 3400 5150 3515 5188; x_wconf 89' lang='lat' dir='ltr'>non</span> <span class='ocrx_word' id='word_1_830' title='bbox 3552 5134 3782 5204; x_wconf 85' lang='lat' dir='ltr'>ferens,</span> 
     </span>
    </p>
   </div>
   <div class='ocr_carea' id='block_1_113' title="bbox 2108 5221 3780 5296">
    <p class='ocr_par' dir='ltr' id='par_1_113' title="bbox 2108 5221 3780 5296">
     <span class='ocr_line' id='line_1_113' title="bbox 2108 5221 3780 5296; baseline 0.001 -19"><span class='ocrx_word' id='word_1_831' title='bbox 2108 5242 2303 5280; x_wconf 88' lang='lat' dir='ltr'>veram</span> <span class='ocrx_word' id='word_1_832' title='bbox 2332 5225 2562 5296; x_wconf 88' lang='lat' dir='ltr'>paravit</span> <span class='ocrx_word' id='word_1_833' title='bbox 2610 5225 2844 5296; x_wconf 86' lang='lat' dir='ltr'>fugam;</span> <span class='ocrx_word' id='word_1_834' title='bbox 2882 5221 3219 5293; x_wconf 89' lang='lat' dir='ltr'>discerpens</span> <span class='ocrx_word' id='word_1_835' title='bbox 3260 5223 3416 5277; x_wconf 89' lang='lat' dir='ltr'>enim</span> <span class='ocrx_word' id='word_1_836' title='bbox 3466 5222 3780 5294; x_wconf 84' lang='lat' dir='ltr'>imprimis</span> 
     </span>
    </p>
   </div>
   <div class='ocr_carea' id='block_1_114' title="bbox 2107 5311 3777 5382">
    <p class='ocr_par' dir='ltr' id='par_1_114' title="bbox 2107 5311 3777 5382">
     <span class='ocr_line' id='line_1_114' title="bbox 2107 5311 3777 5382; baseline 0.001 -14"><span class='ocrx_word' id='word_1_837' title='bbox 2107 5314 2371 5370; x_wconf 90' lang='lat' dir='ltr'>ferociter</span> <span class='ocrx_word' id='word_1_838' title='bbox 2418 5314 2745 5380; x_wconf 87' lang='lat' dir='ltr'>mulierem,</span> <span class='ocrx_word' id='word_1_839' title='bbox 2782 5312 2915 5366; x_wconf 92' lang='lat' dir='ltr'>inde</span> <span class='ocrx_word' id='word_1_840' title='bbox 2958 5316 3117 5365; x_wconf 88' lang='lat' dir='ltr'>torve</span> <span class='ocrx_word' id='word_1_841' title='bbox 3164 5311 3620 5382; x_wconf 84' lang='lat' dir='ltr'>terribiliterque</span> <span class='ocrx_word' id='word_1_842' title='bbox 3665 5329 3777 5369; x_wconf 82' lang='lat' dir='ltr'>ex-</span> 
     </span>
    </p>
   </div>
   <div class='ocr_carea' id='block_1_115' title="bbox 2106 5400 3775 5471">
    <p class='ocr_par' dir='ltr' id='par_1_115' title="bbox 2106 5400 3775 5471">
     <span class='ocr_line' id='line_1_115' title="bbox 2106 5400 3775 5471; baseline 0.001 -15"><span class='ocrx_word' id='word_1_843' title='bbox 2106 5402 2389 5469; x_wconf 83' lang='lat' dir='ltr'>clamans,</span> <span class='ocrx_word' id='word_1_844' title='bbox 2420 5403 2477 5457; x_wconf 90' lang='lat' dir='ltr'>in</span> <span class='ocrx_word' id='word_1_845' title='bbox 2512 5420 2632 5459; x_wconf 90' lang='lat' dir='ltr'>rem</span> <span class='ocrx_word' id='word_1_846' title='bbox 2664 5401 2951 5458; x_wconf 89' lang='lat' dir='ltr'>concessit</span> <span class='ocrx_word' id='word_1_847' title='bbox 2976 5416 3166 5455; x_wconf 91' lang='lat' dir='ltr'>suam.</span> <span class='ocrx_word' id='word_1_848' title='bbox 3198 5400 3379 5471; x_wconf 88' lang='lat' dir='ltr'>Igitur</span> <span class='ocrx_word' id='word_1_849' title='bbox 3410 5400 3647 5467; x_wconf 89' lang='lat' dir='ltr'>mulier,</span> <span class='ocrx_word' id='word_1_850' title='bbox 3676 5419 3775 5457; x_wconf 86' lang='lat' dir='ltr'>re-</span> 
     </span>
    </p>
   </div>
   <div class='ocr_carea' id='block_1_116' title="bbox 2106 5488 3770 5564">
    <p class='ocr_par' dir='ltr' id='par_1_116' title="bbox 2106 5488 3770 5564">
     <span class='ocr_line' id='line_1_116' title="bbox 2106 5488 3770 5564; baseline 0 -18"><span class='ocrx_word' id='word_1_851' title='bbox 2106 5497 2381 5563; x_wconf 82' lang='lat' dir='ltr'>cuperata</span> <span class='ocrx_word' id='word_1_852' title='bbox 2412 5494 2715 5564; x_wconf 86' lang='lat' dir='ltr'>sospitate,</span> <span class='ocrx_word' id='word_1_853' title='bbox 2750 5491 2878 5545; x_wconf 71' lang='lat' dir='ltr'>laeta</span> <span class='ocrx_word' id='word_1_854' title='bbox 2907 5506 3041 5544; x_wconf 91' lang='lat' dir='ltr'>cum</span> <span class='ocrx_word' id='word_1_855' title='bbox 3074 5488 3199 5544; x_wconf 90' lang='lat' dir='ltr'>suis</span> <span class='ocrx_word' id='word_1_856' title='bbox 3246 5489 3497 5559; x_wconf 87' lang='lat' dir='ltr'>patriam</span> <span class='ocrx_word' id='word_1_857' title='bbox 3532 5490 3770 5546; x_wconf 82' lang='lat' dir='ltr'>revisit.</span> 
     </span>
    </p>
   </div>
   <div class='ocr_carea' id='block_1_117' title="bbox 2181 5577 3771 5651">
    <p class='ocr_par' dir='ltr' id='par_1_117' title="bbox 2181 5577 3771 5651">
     <span class='ocr_line' id='line_1_117' title="bbox 2181 5577 3771 5651; baseline 0.001 -17"><span class='ocrx_word' id='word_1_858' title='bbox 2181 5582 2296 5635; x_wconf 62' lang='lat' dir='ltr'>1W.</span> <span class='ocrx_word' id='word_1_859' title='bbox 2333 5582 2610 5637; x_wconf 84' lang='lat' dir='ltr'>Memoria</span> <span class='ocrx_word' id='word_1_860' title='bbox 2651 5598 2777 5637; x_wconf 87' lang='lat' dir='ltr'>mea</span> <span class='ocrx_word' id='word_1_861' title='bbox 2826 5581 2895 5633; x_wconf 86' lang='lat' dir='ltr'>de</span> <span class='ocrx_word' id='word_1_862' title='bbox 2950 5577 3433 5635; x_wconf 86' lang='lat' dir='ltr'>Valle-Casentini</span> <span class='ocrx_word' id='word_1_863' title='bbox 3482 5580 3551 5635; x_wconf 87' lang='lat' dir='ltr'>de</span> <span class='ocrx_word' id='word_1_864' title='bbox 3608 5595 3771 5651; x_wconf 84' lang='lat' dir='ltr'>agro</span> 
     </span>
    </p>
   </div>
  </div>
