4002 6170
165 353 302 422 389.
1743 351 1975 416 ACTA.
3442 355 3584 424 890i

163 486 384 554 Getica,
417 491 544 544 tum
572 488 680 546 viri
709 494 836 547 tum
888 491 1160 549 mulieres
1197 493 1348 564 capti
1379 509 1412 547 a
1442 492 1705 548 daemone
1735 490 1806 546 ad
1836 489 1894 556 Α
1921 490 2145 548 ratione
2172 495 2230 548 et
2257 496 2493 565 stupore
2541 510 2837 566 percussa,
2887 492 3150 567 undique
3186 492 3570 564 conﬂuerent,

163 576 272 632 hoc
294 576 554 632 S.Mariae
579 581 998 637 monasterium
1022 582 1072 636 vi
1094 583 1251 637 ducti
1276 583 1432 638 fuere
1451 581 1804 654 complures,
1918 582 2204 654 Optimum
2234 584 2387 639 factu
2421 585 2744 652 credentes,
2768 585 2865 656 qui
2895 590 3035 640 tunc
3065 585 3571 650 aderant,abbates

165 665 263 736 qui
311 666 547 737 quidem
589 670 998 726 memorabiles
1045 672 1410 739 extitissent;
1445 672 1546 727 sed
1591 670 1729 741 quia
1755 674 1813 724 et
1919 671 2185 742 (aderant
2207 673 2363 728 enim
2386 673 2739 746 complures)
2757 674 2815 730 in
2837 674 3240 745 conjuratione
3262 673 3570 731 S.Joannis

163 755 412 826 tempori
446 761 504 811 et
530 757 811 813 volumini
853 761 1093 815 modum
1125 766 1378 816 statuere
1411 760 1558 825 volo,
1590 760 1811 814 caeteris
1920 760 2226 816 brachium
2249 761 2546 829 adhibere;
2553 763 2725 833 jussu
2753 763 2940 818 Patris
2961 762 3199 834 majoris
3223 763 3571 818 convenien-

163 845 713 917 pretermissis,hoc
735 848 924 902 unoin
960 851 1400 920 praesentiarum
1429 850 1684 906 contenti
1707 848 1813 904 eri-
1920 848 2079 904 tibus
2127 849 2450 918 monachis,
2486 850 2844 923 reliquisque
2894 868 3027 907 cum
3063 851 3392 924 Religiosis,
3441 855 3569 907 tum

165 950 320 988 mus.
353 934 554 989 Puella
583 937 1188 1005 quaedam,Catharina
1215 940 1447 996 nomine
1477 940 1549 1009 (si
1581 939 1688 994 rite
1717 955 1816 994 au-

161 1023 285 1080 dita
315 1024 632 1094 recordor),
667 1024 864 1096 plures
887 1027 1013 1082 dies
1047 1033 1182 1084 ante
1231 1030 1289 1084 S.
1320 1028 1566 1085 Joannis
1598 1029 1812 1084 festum

161 1112 281 1168 huc
305 1112 548 1168 funibus
572 1114 769 1169 vincta
791 1116 950 1185 (nam
980 1134 1012 1172 a
1034 1118 1288 1189 pessimo
1311 1119 1573 1174 daemone
1586 1123 1818 1188 torque-

159 1202 380 1273 batur),
413 1202 664 1259 deducta
694 1209 802 1258 est.
836 1207 995 1276 Quae,
1028 1208 1137 1262 etsi
1166 1209 1225 1263 in
1259 1208 1485 1274 itinere,
1519 1212 1586 1263 ut
1619 1207 1813 1272 multi,

160 1296 402 1364 propter
431 1290 542 1346 loci
572 1292 966 1361 sanctitatem,
1000 1296 1256 1366 pristinis
1287 1297 1514 1352 reddita
1541 1300 1630 1352 est
1660 1295 1816 1352 sani-

161 1381 294 1451 tati,
327 1385 526 1436 tamen
574 1383 818 1438 comites
867 1384 1082 1441 diaboli
1129 1385 1504 1442 calliditalem
1535 1385 1818 1456 dolosque

162 1475 456 1539 verentes,
472 1471 890 1527 monasterium
915 1473 1025 1529 hoc
1045 1473 1401 1546 impriminis
1425 1474 1778 1542 [audierunt]
1802 1491 1815 1540 ;

161 1557 303 1613 inde
373 1559 815 1630 quamprimum
889 1562 1130 1618 domum
1189 1564 1460 1629 repedere
1505 1562 1818 1618 consilium

163 1647 300 1702 fuit.
331 1647 517 1718 Igitur
544 1648 643 1702 ubi
691 1665 916 1718 venere,
972 1668 1074 1723 per
1117 1653 1310 1709 crucis
1355 1651 1819 1723 experimentum

161 1751 296 1790 eam
317 1739 462 1790 tunc
491 1735 858 1794 convaluisse
878 1739 1101 1810 liquido
1133 1741 1340 1811 patuit.
1375 1742 1454 1797 Eo
1480 1740 1541 1795 in
1571 1739 1818 1812 patriam

159 1823 298 1896 ipsa
329 1824 423 1880 die
445 1825 667 1880 rediere
697 1828 1161 1899 quamprimum.

241 1914 366 1967 199.
397 1917 616 1969 Verum
649 1915 842 1970 nescio
888 1933 1003 1987 qua
1057 1917 1247 1988 gratia
1297 1920 1516 1973 factum
1567 1917 1642 1972 sit
1694 1917 1824 1987 [ut],

161 2019 284 2058 non
315 2002 520 2059 multis
543 2005 914 2076 consumptis
945 2007 1174 2075 diebus,
1193 2022 1321 2062 eam
1354 2008 1568 2064 iterum
1599 2008 1826 2064 daemon

160 2091 422 2148 ferocius
448 2092 620 2148 solito
655 2099 968 2164 torqueret.
1027 2097 1366 2166 Eapropter,
1401 2113 1472 2152 ne
1503 2097 1828 2168 importuni

161 2185 228 2236 et
258 2181 568 2248 molesti,si
601 2183 1040 2254 quamprimum
1075 2186 1146 2240 ad
1181 2185 1290 2240 hoc
1319 2186 1377 2240 S.
1408 2186 1602 2241 Mariae
1632 2202 1830 2242 mona-

163 2269 418 2326 sterium
450 2271 1160 2340 rediissent,haberentur,
1181 2273 1240 2328 in
1263 2274 1620 2330 sanctissimi
1649 2275 1828 2330 Joan-

166 2359 267 2414 nis
298 2358 834 2432 festivitatem,quae
857 2361 1014 2416 haud
1048 2361 1248 2433 procul
1273 2364 1516 2428 erat,sui
1550 2362 1830 2418 distulere

168 2449 516 2504 adventum.
552 2450 615 2504 In
646 2449 835 2521 ipsius
869 2450 1049 2521 igitur
1076 2452 1273 2523 vigilia
1302 2453 1416 2521 vix,
1440 2452 1673 2508 diabolo
1694 2452 1830 2508 totis

169 2537 403 2593 viribus
433 2538 752 2610 annitente,
775 2538 889 2594 huc
911 2556 1040 2595 eam
1063 2544 1290 2595 traxere
1313 2541 1576 2596 invitam.
1611 2545 1830 2596 Verum

171 2643 314 2682 cum
346 2643 416 2682 ea
445 2627 573 2699 ipsa
603 2628 697 2683 die
725 2645 842 2699 qua
869 2633 1106 2684 venerat
1133 2630 1289 2685 haud
1324 2630 1690 2698 liberaretur,
1725 2647 1830 2702 po-

171 2715 387 2772 stridie
409 2717 599 2788 primo
625 2733 817 2784 mane,
847 2721 906 2773 et
933 2722 1107 2774 tantae
1141 2719 1440 2775 festivitati
1467 2725 1623 2776 esset
1654 2721 1832 2791 impe-

170 2806 607 2873 dimento,eum
632 2806 892 2877 undique
917 2806 1254 2864 mortalium
1276 2825 1600 2865 concursus
1623 2809 1692 2864 ad
1716 2809 1832 2864 tale

166 2893 579 2965 spectaculum
609 2895 1082 2965 increbresceret,
1115 2896 1350 2952 cuidam
1381 2898 1667 2954 monacho
1703 2915 1829 2969 pre-

165 2984 408 3054 sbytero
438 2999 646 3054 parum
673 2987 840 3039 caute
867 3000 969 3040 seu
1023 2986 1230 3040 devote
1258 2985 1472 3058 legenti
1503 2987 1696 3059 inquit
1724 2989 1831 3042 dae-

165 3089 314 3128 mon
350 3089 362 3126 :
395 3073 503 3128 Abi
534 3072 672 3128 hinc
703 3089 818 3144 quo
850 3073 1067 3145 dignus
1097 3075 1529 3146 es,hypocrita;
1562 3084 1618 3131 et
1639 3077 1829 3146 pisces

165 3177 326 3232 quos
355 3160 558 3216 furtim
610 3160 931 3227 sustulisti,
962 3161 1183 3233 talique
1222 3163 1281 3218 in
1332 3162 1548 3234 angulo
1605 3163 1827 3229 celasti,

164 3266 322 3305 cura
347 3249 782 3320 quamprimum
815 3266 1118 3308 (economo
1150 3252 1486 3307 reddantur.

247 3338 378 3390 200.
413 3338 577 3392 Forte
629 3338 866 3394 fortuna
914 3339 1044 3409 fuit,
1076 3340 1219 3394 dum
1252 3339 1372 3395 haec
1404 3341 1830 3397 contumeliosa

170 3423 441 3480 verbain
475 3425 746 3482 miserum
772 3427 1121 3484 monachum
1146 3428 1315 3483 illum
1340 3429 1556 3485 diceret
1577 3432 1826 3497 damon,

165 3515 294 3586 [ut]
321 3529 676 3584 mconomus,
718 3515 899 3573 alium
932 3533 1198 3587 quaerens
1230 3517 1476 3582 socium,
1512 3519 1827 3575 transitum

164 3605 313 3659 illac
336 3603 595 3670 haberet,
629 3604 870 3677 Cognito
901 3605 1098 3677 igitur,
1125 3607 1354 3663 diabolo
1381 3607 1624 3677 volente,
1653 3609 1827 3677 furto,

163 3693 350 3750 latus
378 3692 1002 3766 clam-quamprimum
1046 3695 1179 3750 inde
1208 3696 1280 3750 ad
1313 3696 1594 3767 angulum
1626 3697 1829 3753 abiens

160 3783 338 3853 (quia
368 3782 429 3837 in
457 3783 811 3854 conjecturis
853 3784 1274 3856 sagacissimus
1295 3787 1568 3855 erat),ubi
1601 3788 1828 3843 daemon

159 3871 420 3938 dixerat,
472 3871 734 3942 piscibus
782 3872 1054 3940 inventis,
1100 3890 1284 3944 coquo
1315 3875 1556 3930 reddere
1585 3877 1824 3932 curavit.

157 3960 302 4017 Hec
359 3962 417 4014 et
463 3959 609 4015 mihi
640 3965 698 4015 et
728 3960 1029 4017 nonnullis
1069 3961 1199 4017 aliis
1249 3964 1553 4020 monachis
1585 3965 1701 4032 ille,
1735 3965 1826 4021 cui

151 4053 310 4114 tunc
331 4049 516 4119 jussu
546 4049 776 4105 abbatis
808 4054 866 4105 et
910 4049 1133 4106 cellulae
1179 4051 1413 4106 vinariae
1463 4058 1520 4107 et
1564 4055 1829 4126 coquinae

156 4155 312 4194 cura
342 4143 517 4205 esset,
551 4137 782 4194 sublato
811 4143 1009 4194 tamen
1044 4140 1280 4194 nomine
1321 4142 1595 4210 auctoris,
1631 4145 1832 4199 omnia

152 4225 639 4298 retulitjocando
665 4246 678 4294 ;
711 4228 950 4284 demum
975 4229 1254 4300 fatigatus
1277 4247 1310 4283 a
1334 4231 1633 4286 nonnullis
1655 4237 1710 4287 et
1732 4250 1830 4287 au-

153 4316 351 4372 ctoris
381 4333 594 4374 nomen
623 4317 872 4388 aperuit.
896 4318 1179 4374 Prtefatus
1210 4335 1342 4373 vero
1375 4320 1829 4393 monachus,qui

153 4407 500 4462 daemonem
532 4407 898 4477 conjurabat,
949 4407 1058 4462 etsi
1092 4406 1403 4478 imprimis,
1456 4408 1545 4463 his
1587 4411 1828 4477 auditis,

153 4495 411 4553 erubuit
437 4495 767 4566 paululum,
802 4496 1599 4567 pavitque,tamen,netidem
1633 4498 1711 4553 rei
1744 4499 1828 4554 ta-

1923 939 2328 1008 sacerdotibus
2351 939 2424 1011 (is
2451 940 2606 996 enim
2639 941 2764 996 dies
2786 942 2903 996 fere
2934 957 3032 1013 per
3053 957 3386 996 universam
3411 941 3574 996 Etru-

1923 1028 2072 1083 riam
2090 1028 2417 1084 celebratur
2436 1046 2673 1085 summa
2691 1046 2824 1086 cum
2847 1028 3150 1084 devotione
3171 1032 3228 1084 et
3247 1028 3570 1102 religione),

1923 1117 2162 1173 effertur
2190 1118 2518 1174 brachium.

1993 1207 2118 1261 202.
2154 1207 2297 1262 Cum
2328 1207 2507 1278 igitur
2536 1208 2811 1280 utrinque
2859 1223 3092 1263 summa
3119 1206 3174 1261 vi
3231 1210 3576 1274 certaretur,

1924 1293 2020 1350 ille
2044 1312 2147 1367 pro
2173 1312 2279 1351 suo
2310 1298 2640 1363 commodo,
2698 1297 2760 1351 hi
2819 1313 2922 1368 pro
2955 1296 3167 1352 Christi
3197 1296 3338 1351 Jesu
3371 1295 3578 1368 gloria,

1926 1384 2164 1440 tandem
2196 1385 2422 1441 damon
2462 1386 2794 1442 discessum
2825 1402 2996 1441 suum
3057 1386 3264 1441 adesse
3321 1384 3584 1440 sentiens

1927 1472 1942 1543 (
1953 1490 2088 1529 nam
2118 1474 2305 1530 virtus
2333 1475 2576 1531 Joannis
2606 1474 2964 1530 sanctissimi
2994 1490 3129 1530 eum
3160 1489 3387 1545 urgere,
3421 1490 3581 1529 com-

1928 1561 2425 1632 pellere),mulieri
2457 1563 2661 1635 puellae
2694 1564 2981 1635 infensus,
3006 1565 3178 1635 [eam]
3207 1562 3372 1617 humi
3403 1578 3581 1634 quam

1929 1650 2242 1707 crudeliter
2264 1657 2664 1718 constemens,
2699 1653 2834 1708 inde
2863 1653 3039 1708 etiam
3073 1652 3430 1723 discerpens,
3465 1655 3581 1705 tar-

1929 1739 2094 1796 tarea
2126 1741 2360 1798 demum
2386 1741 2604 1797 emissa
2619 1742 2842 1812 voce,in
2875 1757 2998 1797 rem
3019 1757 3189 1798 suam
3213 1741 3432 1797 malam
3454 1756 3587 1796 con-

1859 1862 1909 1929 B
1939 1829 2133 1929 cessit.
2157 1831 2238 1929 liis
2268 1831 2446 1929 igitur
2478 1830 2674 1902 puella
2702 1831 2802 1929 diu
2832 1830 2999 1929 humi
3031 1829 3324 1929 prolapsa,
3357 1828 3442 1884 uti
3471 1828 3591 1884 vita

1940 1920 2140 1975 functa
2155 1921 2380 1991 jacens,
2416 1921 2655 1975 demum
2689 1918 3119 1975 admirabunda
3147 1933 3418 1991 surgens,
3453 1934 3591 1973 ocu-

1937 2007 2141 2081 losque
2172 2009 2588 2076 circunferens,
2621 2013 2910 2081 parentes,
2942 2008 3186 2064 ubinam
3217 2007 3481 2079 gentium
3505 2023 3592 2062 es-

1937 2103 2091 2166 sent,
2120 2104 2176 2154 et
2205 2099 2345 2170 quid
2375 2099 2547 2153 turba
2569 2097 3045 2169 hominum,quid
3076 2096 3188 2153 sibi
3213 2095 3482 2169 Religiosi
3505 2094 3590 2150 illi

1936 2187 2500 2258 vellent,inquisivit.
2533 2188 2633 2242 Cui
2666 2203 2788 2242 rem
2819 2203 3052 2242 omnem
3085 2184 3588 2256 aperientes,actis

1939 2277 2142 2350 gratiis
2173 2277 2288 2332 Deo
2321 2280 2378 2331 et
2405 2276 2630 2348 Virgini
2679 2276 2870 2332 Mariis
2920 2291 2987 2330 ac
3016 2276 3069 2328 S.
3118 2274 3350 2344 Joanni,
3385 2273 3496 2328 iter
3527 2273 3585 2327 in

1939 2367 2187 2438 patriam
2218 2371 2466 2437 parant;
2500 2383 2675 2436 quam
2734 2370 2931 2420 secuta
2989 2369 3079 2419 est
3134 2362 3306 2418 turba
3352 2362 3591 2434 propria

1939 2460 2065 2510 tum
2123 2456 2389 2510 affinium
2437 2454 2905 2526 propinquorum
2959 2453 3092 2519 laeti,
3146 2450 3283 2523 quia
3313 2452 3397 2507 eis
3449 2467 3585 2523 pro-

1940 2561 2106 2616 spere
2137 2549 2519 2600 successerat.

2008 2635 2132 2688 203.
2167 2635 2289 2699 Quo
2320 2633 2551 2703 cognito
2583 2630 2886 2700 miraculo,
2919 2646 3124 2686 omnes
3153 2628 3251 2686 alii
3283 2627 3591 2701 etiam,qui

1938 2724 2111 2777 tantm
2125 2722 2509 2776 interfuerant
2521 2720 2875 2787 festivitati,J
2884 2737 2990 2774 oan
2999 2735 3133 2774 nem
3148 2718 3588 2774 sanctissimum

1939 2810 2012 2865 ad
2029 2810 2222 2865 sidera
2236 2809 2767 2874 extollere,obviam
2781 2808 3150 2866 venientibus
3169 2807 3446 2863 omnibus
3467 2823 3590 2862 rem

1937 2899 2083 2953 tanti
2105 2898 2378 2954 facinoris
2409 2898 2746 2970 aperire.Ita
2772 2897 3027 2953 Joannes
3058 2896 3438 2952 beatissimus
3469 2893 3586 2950 cla—

1938 2987 2056 3043 rior
2084 2987 2306 3059 haberi,
2338 2988 2450 3043 Sed
2483 2987 2625 3043 libet
2653 2986 2715 3042 in
2772 2987 2928 3043 calce
2981 2986 3157 3058 hujus
3209 2984 3459 3058 prodigii
3492 3000 3593 3040 eos

1939 3075 2252 3147 appellare,
2294 3076 2394 3146 qui
2424 3077 2600 3132 etiam
2634 3077 2742 3132 hac
2771 3080 3118 3148 tempestate
3149 3073 3336 3146 pluris
3377 3089 3591 3145 corpus

1939 3180 2116 3234 quam
2151 3165 2410 3220 animum
2447 3165 2779 3234 faciunt,[ut
2798 3164 3045 3235 discant]
3066 3163 3206 3234 quid
3233 3161 3592 3218 discriminis

1944 3253 2254 3326 periculive
2298 3252 2388 3308 his
2437 3252 2632 3307 divina
2679 3252 3070 3307 tractantibus
3117 3251 3445 3315 immineat,
3479 3249 3591 3304 nisi

1938 3343 2103 3414 prius
2116 3359 2221 3398 sua
2244 3341 2400 3397 mala
2417 3341 2674 3396 facinora
2694 3357 2796 3412 per
2807 3339 3146 3411 diligentem
3166 3337 3590 3394 confessionem

1939 3431 2106 3487 alteri
2135 3449 2203 3487 ex
2233 3430 2633 3486 sacerdotibus
2665 3429 3035 3501 aperuerint;
3064 3427 3153 3481 vei
3177 3426 3383 3482 saltem
3415 3424 3589 3480 corde

1940 3521 2187 3576 contrito
2233 3524 2292 3576 et
2333 3518 2638 3574 humiliato
2667 3535 2733 3574 ea
2761 3521 3079 3573 retractare
3124 3515 3419 3582 curarint;
3454 3529 3586 3568 cum

1940 3626 2104 3665 sacra
2122 3612 2385 3664 carmina
2405 3609 2745 3664 decantent:
2772 3607 2882 3662 Cor
2903 3604 3219 3661 contritum
3241 3608 3300 3660 et
3320 3601 3590 3660 humilia-

1939 3704 2064 3754 tum
2098 3703 2248 3753 Deus
2279 3714 2394 3752 non
2415 3696 2715 3768 despiciet,
2743 3711 2946 3751 verum
2975 3710 3131 3749 nunc
3160 3693 3232 3748 ad
3271 3692 3516 3764 reliqua.

2007 3787 2325 3842 204.Aliam
2347 3787 2418 3842 de
2447 3785 2735 3841 Vulterris
2756 3784 2904 3856 (185)
2927 3783 3235 3840 mulierem
3256 3782 3590 3854 accepimus

1943 3877 2012 3932 ad
2049 3877 2157 3931 hoc
2185 3878 2239 3931 S.
2276 3874 2468 3930 Mariae
2499 3873 2919 3930 monasterium
2969 3890 3073 3944 pro
3116 3871 3396 3944 sospitate
3425 3887 3592 3926 recu-

1941 3966 2201 4036 peranda
2226 3964 2456 4020 venisse
2487 3983 2500 4020 :
2536 3979 2673 4018 nam
2695 3979 2824 4019 eam
2844 3967 2962 4019 tres
2988 3961 3230 4034 pessimi
3261 3961 3592 4016 invaserant

1939 4055 2254 4109 daemones.
2287 4054 2432 4108 Cum
2465 4053 2563 4107 diu
2598 4053 2713 4123 Ipsi
2746 4052 3040 4106 daemones
3070 4067 3185 4106 non
3216 4051 3428 4106 darent
3467 4047 3591 4120 glo-

1939 4143 2087 4199 riam
2119 4143 2233 4198 Deo
2258 4143 2357 4213 [et]
2385 4143 2602 4197 frustra
2629 4139 3430 4212 conjurarentur,desperati
3452 4135 3590 4203 illis,

1941 4232 2064 4302 [qui
2091 4231 2350 4287 comitati
2378 4231 2628 4299 fuerant,
2662 4231 3018 4302 imperatum
3050 4232 3141 4283 est
3168 4231 3254 4298 ut]
3285 4225 3589 4298 postridie,

1939 4321 2001 4377 ni
2031 4319 2418 4386 curaretur,in
2454 4319 2700 4391 patriam
2731 4319 2920 4374 redire
2949 4321 3241 4374 curarent.
3275 4316 3481 4371 Visum
3503 4318 3594 4369 est

1941 4407 2836 4480 [interim]mulieri,monachum
2861 4407 3178 4478 quemdam
3211 4404 3592 4460 reverendum

1941 4503 2226 4553 nocturna
2253 4498 2472 4553 visione
2502 4496 2612 4552 sibi
2644 4513 2776 4551 cum
2810 4511 2981 4550 cruce
3026 4494 3086 4548 in
3142 4493 3416 4548 manibus
3447 4489 3593 4545 asti-

153 4589 325 4642 ceret
358 4585 765 4657 praesentibus,
825 4586 876 4640 si
932 4583 1086 4640 illico
1117 4584 1252 4640 inde
1293 4585 1554 4655 abiisset,
1588 4589 1839 4658 perrexit
1868 4599 1916 4664 Π
1945 4589 2108 4644 tisse.
2141 4589 2276 4652 Quae
2307 4586 2526 4642 indicia
2551 4589 2608 4640 et
2638 4585 2807 4657 signa
2835 4581 3277 4639 sanctissimum
3307 4581 3594 4636 Joannem

154 4673 465 4731 humilius
529 4677 588 4730 et
656 4673 984 4746 supplicius
1027 4689 1209 4745 quam
1269 4677 1442 4730 antea
1493 4673 1728 4747 fecerat,
1757 4677 1838 4733 le-

149 4765 385 4837 gendo.

231 4856 370 4910 201.
407 4853 546 4908 Inde
576 4851 723 4909 alter
754 4851 1100 4918 monachus,
1144 4851 1243 4922 qui
1291 4868 1446 4906 nunc
1478 4855 1832 4912 monasterio

140 4946 216 5002 S.
240 4942 442 5002 Maria:
466 4942 537 5000 de
562 4943 740 4998 Fonte
757 4939 1014 4998 Theonis
1046 4941 1196 5011 (184)
1221 4946 1446 5012 praeest,
1472 4957 1674 4998 curam
1705 4960 1837 5000 con-

139 5031 404 5104 iurandi
426 5031 511 5088 dae
522 5031 710 5086 monis
732 5029 1245 5101 accipiens,multo
1267 5046 1436 5101 epere
1458 5030 1678 5087 frustra
1703 5050 1838 5087 con-

141 5127 434 5194 sumpto,
457 5121 698 5176 demum
732 5118 1220 5190 indiguabundus
1249 5119 1412 5174 abiit.
1445 5120 1682 5177 Meridie
1701 5139 1836 5178 vero

143 5229 307 5268 cum
349 5227 514 5267 more
554 5209 726 5264 solito
785 5208 1122 5264 catervatim
1170 5208 1434 5279 cujusvis
1481 5211 1838 5267 conditionis

143 5308 300 5368 tum
331 5299 594 5356 virorum
625 5301 753 5354 tum
776 5296 1090 5353 mulierum
1113 5297 1288 5352 turba
1308 5313 1421 5352 non
1447 5299 1835 5370 parva,admi-

240 5443 396 5512 (184)
426 5440 691 5496 Lubinus
723 5441 782 5495 in
815 5439 978 5494 Brevi
1009 5439 1213 5494 notitia
1255 5439 1624 5512 abbatiarum
1662 5441 1833 5495 Italiae

143 5511 311 5590 pag.
348 5511 472 5579 il’i’i,
532 5516 715 5590 putat
752 5511 1171 5590 monasterium
1219 5511 1648 5590 fontisn'l‘hanis
1679 5513 1832 5590 idem

145 5583 313 5644 esse
329 5603 467 5641 cum
491 5583 845 5641 monasterio
868 5586 925 5638 S.
952 5583 1266 5639 Salvatoris
1291 5584 1360 5636 de
1393 5583 1831 5654 Fontana,quod

147 5662 368 5718 situm
393 5661 484 5715 est
511 5657 572 5713 in
605 5655 837 5721 dioecesi
871 5655 1228 5714 Pistoriensi.
1273 5654 1484 5710 Dubito
1516 5672 1589 5712 an
1619 5661 1837 5713 Auctor

1949 4676 2130 4732 fuisse
2159 4675 2605 4740 declarant.Qua
2627 4673 2850 4729 visione
2865 4670 3104 4727 insolita
3123 4668 3336 4724 mulier
3363 4667 3597 4740 perfusa

1940 4765 2200 4830 horrore,
2235 4763 2429 4834 inquit
2457 4762 2553 4818 ille
2586 4780 2599 4817 :
2633 4766 2715 4818 Ne
2769 4777 3022 4827 vereare,
3056 4759 3317 4825 obsecro,
3361 4756 3592 4812 mulier.

1948 4853 2094 4910 mihi
2119 4853 2308 4918 crede,
2341 4851 2635 4924 postrodie
2675 4847 3014 4905 liberaberis
3041 4865 3054 4904 :
3106 4849 3280 4904 modo
3309 4845 3593 4903 auxilium

1945 4942 2070 5010 Dei,
2090 4941 2370 5014 Virginis,
2403 4941 2596 4996 Mariae
2628 4939 2834 4996 matris
2863 4940 2992 5008 ejus
3013 4939 3128 4994 ﬁde
3161 4938 3387 5010 integra
3414 4953 3594 5010 popo-

1947 5031 2145 5088 sceris.
2174 5032 2278 5085 His
2309 5031 2480 5086 dictis
2510 5029 2786 5085 sublimis
2816 5029 2980 5084 abiit.

2017 5121 2144 5175 205.
2176 5120 2285 5175 Ubi
2316 5119 2500 5191 igitur
2527 5136 2764 5174 summo
2817 5135 2989 5174 mane
3037 5117 3309 5185 surrexit,
3338 5116 3462 5171 viro
3491 5131 3598 5171 suo

1946 5209 2233 5266 visionem
2267 5207 2429 5264 illam
2461 5208 2687 5264 studuit
2734 5225 3036 5275 enarrare;
3065 5207 3162 5262 ille
3192 5206 3346 5262 illico
3377 5204 3594 5261 abbati.

1945 5299 2206 5355 Ducatur
2234 5298 2447 5353 iterum
2491 5298 2550 5353 in
2581 5297 2909 5367 ecclesiam,
2942 5296 3137 5369 inquit
3155 5297 3338 5352 abbas
3372 5313 3385 5351 :
3428 5311 3597 5367 spero

1944 5442 2054 5496 hoc
2084 5441 2504 5495 monasterium
2524 5439 2616 5495 hic
2640 5441 2932 5507 velit,cum
2958 5439 3102 5495 illud
3132 5439 3303 5495 titulo
3334 5439 3595 5496 S.Marite

1945 5515 2013 5568 de
2046 5513 2200 5566 fonte
2226 5512 2480 5566 Thaonis
2516 5513 2797 5567 nominet.
3445 5553 3451 5560 .

2014 5584 2378 5657 (185)‘Hujus
2404 5583 2574 5657 urbis
2605 5585 2783 5638 situm
2809 5584 2867 5640 in
2897 5583 3206 5645 Annotatis
3236 5584 3305 5640 ad
3341 5583 3589 5657 primam

1943 5656 2136 5712 Vitam
2165 5655 2574 5712 indicavimus.
