4022 6160
196 310 315 377 893

1809 321 2043 383 ACTA.

3485 321 3604 384 894

202 447 427 504 afﬁnes.
458 464 523 504 se
552 448 630 519 id,
664 448 765 504 ubi
795 450 1053 522 primum
1096 453 1337 508 domum
1382 453 1839 521 contendissent,
1872 458 1922 522 Α
1959 453 2246 523 dicentur,
2271 454 2352 511 ait
2369 456 2711 514 monachus.
2736 456 3135 514 Tuncdamon
3158 455 3217 511 in
3238 454 3600 513 amnessuos

198 536 523 593 executioni
572 539 977 611 mandaturos,
1028 541 1077 597 si
1127 541 1238 597 alio
1289 542 1417 598 iret.
1496 543 1594 597 [bo
1644 542 1844 598 Ofﬁcio

198 625 423 697 expleto
452 644 465 681 :
498 644 637 681 nam
670 644 773 682 vos
796 629 946 695 novi,
979 647 1010 685 ο
1041 630 1281 702 pessimi
1313 632 1541 702 rustici,
1578 631 1740 687 nulla
1760 632 1848 687 vel

196 732 383 787 pauca
414 715 715 771 beneficiis
748 718 1023 789 acceptis,
1054 723 1328 791 prastare
1362 721 1672 793 promissa.
1707 721 1846 776 Cras

195 802 314 867 fiet,
351 802 549 873 inquit
579 804 875 859 sacerdos.
924 805 1064 861 Cras
1114 808 1435 876 discedam,
1490 808 1684 880 inquit
1730 807 1845 863 ille.

195 890 347 956 Quid
381 890 613 945 multa?
644 891 983 949 solemniter
1006 895 1324 968 devoteque
1348 897 1628 969 postridie
1649 898 1849 951 defun-

195 983 426 1034 ctorum
454 978 747 1037 celebrato
780 982 1002 1049 Officio,
1038 984 1182 1039 nihil
1205 985 1503 1042 hominem
1528 986 1765 1053 ladens,
1790 985 1848 1039 in

194 1085 323 1125 rem
360 1085 528 1124 suam
556 1070 772 1125 malam
807 1072 951 1127 abiit
982 1074 1230 1130 damon.

265 1159 395 1212 211.
416 1162 634 1213 Verum
659 1158 740 1215 rei
762 1162 983 1217 exitum
998 1180 1206 1235 parum
1224 1163 1701 1219 animadvertetis
1725 1180 1845 1218 oro.

194 1250 340 1302 Cum
374 1247 533 1302 enim
566 1254 705 1303 tunc
738 1250 829 1305 his
860 1252 1100 1307 rusticis
1148 1252 1408 1325 pecunia
1462 1254 1755 1320 deessent,
1788 1253 1847 1307 in

193 1337 252 1392 S.
284 1335 534 1391 Joannis
570 1337 879 1394 festivitate
911 1357 972 1395 se
1020 1342 1092 1396 ad
1142 1341 1249 1397 hoc
1299 1343 1356 1397 S.
1405 1342 1593 1397 Maria
1644 1360 1845 1398 mona-

195 1425 443 1481 sterium
477 1430 773 1498 venturos,
808 1432 1045 1500 tresque
1095 1430 1275 1486 libras
1324 1448 1701 1486 nummorum
1743 1447 1846 1502 pro

194 1515 323 1587 ipso
347 1514 575 1582 Officio,
598 1517 852 1572 sacrario
875 1518 1193 1588 oblaturas,
1218 1520 1555 1591 promisere.
1583 1519 1843 1587 Minime,

192 1603 390 1675 inquit
419 1605 707 1661 sacrista:
744 1610 834 1661 sat
863 1607 1019 1662 enim
1051 1613 1160 1679 est,
1192 1609 1241 1665 si
1286 1614 1517 1664 tantum
1563 1608 1842 1681 pecunia,

193 1696 487 1764 quantum
518 1693 578 1748 in
612 1710 743 1750 cera
770 1697 1142 1753 accendenda
1170 1698 1570 1770 exposuimus,
1622 1696 1843 1769 persol-

190 1782 365 1837 vatis.
400 1781 610 1853 Papa!
643 1784 783 1855 quid
819 1785 1031 1855 dicitis,
1067 1787 1272 1842 Pater!
1306 1804 1419 1843 non
1441 1792 1559 1843 tres
1588 1791 1840 1853 tantum,

190 1872 286 1925 sed
320 1875 382 1926 et
411 1875 666 1943 quatuor
696 1874 766 1928 ad
802 1874 998 1930 minus
1025 1875 1341 1930 dabuntur.
1379 1876 1480 1931 His
1528 1876 1698 1930 dictis
1728 1874 1843 1930 lati

190 1960 525 2028 discedunt,
584 1960 719 2017 licet
765 1962 934 2019 aliter
981 1964 1177 2020 animo
1228 1981 1294 2019 ac
1359 1964 1550 2020 verbis
1600 1963 1843 2034 polliciti

191 2048 421 2103 fuerant
451 2050 811 2122 cogitantes:
845 2057 903 2107 et
936 2053 1019 2108 ita
1063 2069 1212 2118 esse,
1258 2069 1318 2108 re
1363 2053 1492 2125 ipsa
1530 2054 1844 2125 probatum

187 2141 297 2193 est.
329 2140 639 2208 Caeterum,
673 2156 705 2195 o
737 2140 998 2196 humana
1040 2142 1206 2197 nobis
1253 2147 1418 2198 atrox
1464 2141 1775 2215 superbiai
1810 2158 1843 2198 0

190 2227 576 2298 prasumptio
600 2246 748 2284 vana
774 2229 785 2283 Ι
822 2246 854 2284 o
885 2230 1132 2285 ambitio
1162 2246 1341 2301 quam
1373 2248 1522 2286 caca
1571 2230 1840 2302 semper!

191 2319 342 2369 Dum
382 2316 563 2371 Deum
594 2323 947 2390 sanctosque
980 2320 1108 2389 ejus
1142 2318 1381 2375 irridere
1413 2324 1710 2391 putamus,
1738 2336 1844 2375 nos

189 2402 510 2459 irridemus
535 2422 549 2463 :
580 2407 748 2461 nobis
770 2405 1045 2477 laqueum
1068 2408 1410 2478 foveamque
1442 2424 1719 2480 paramus
1744 2426 1756 2475 ;
1784 2407 1841 2462 in

191 2509 300 2548 nos
348 2498 562 2549 nostra
611 2495 992 2552 reflectuntur
1037 2495 1285 2568 sagitta.
1354 2498 1516 2561 Quod
1568 2496 1842 2569 equidem

190 2580 542 2650 multorum,
574 2584 674 2638 sed
708 2584 1030 2655 praesrtim
1062 2584 1273 2640 horum
1319 2584 1583 2658 exemplo
1632 2587 1842 2657 patuit,

188 2669 295 2725 His
317 2669 500 2743 igitur
525 2687 640 2727 non
662 2671 721 2727 in
747 2672 936 2744 ipsius
956 2678 1011 2728 S.
1030 2673 1273 2728 Joannis
1297 2674 1605 2731 festivitate
1626 2674 1838 2741 solum,

186 2759 293 2815 sed
322 2776 478 2814 anno
511 2760 758 2832 expleto,
786 2762 942 2833 quod
974 2760 1214 2834 polliciti
1247 2762 1543 2835 [fuerant],
1601 2764 1843 2818 minime

186 2849 585 2916 servantibus,
609 2849 724 2918 ille,
746 2866 924 2923 quem
943 2855 1179 2922 captum
1198 2869 1232 2907 a
1253 2852 1515 2907 daemone
1536 2852 1647 2907 huc
1671 2854 1844 2907 duxe-

186 2943 343 3007 rant,
370 2937 538 2994 obiit.
564 2938 623 2994 Si
654 2944 849 2996 tamen
885 2940 1096 2995 iterum
1131 2941 1358 2996 damon
1388 2958 1522 2997 eum
1544 2941 1842 3013 invaserit,

186 3044 401 3100 parum
462 3034 827 3101 compertum
857 3029 1183 3097 habemus;
1216 3030 1334 3086 vita
1363 3047 1494 3086 vero
1514 3030 1780 3086 functum
1813 3048 1846 3085 a

187 3115 649 3189 quampluribus
680 3119 945 3190 ejusdem
978 3117 1088 3173 loci
1120 3120 1233 3174 fide
1263 3118 1455 3191 dignis
1487 3120 1840 3192 accepimus.

1956 547 2151 598 truces
2182 544 2380 601 oculos
2409 552 2772 613 convertens,
2819 546 3049 618 inquit:
3076 546 3198 602 Nisi
3227 545 3398 601 dictis
3447 546 3599 601 facta

1958 634 2491 706 compensaveritis,
2552 653 2644 691 me
2694 636 2908 691 iterum
2966 637 3024 691 in
3072 636 3225 692 hanc
3272 636 3600 691 rediturum

1958 723 2359 793 persuadeatis
2389 724 2537 779 volo.
2572 725 2760 781 Missa
2795 726 2963 781 dicta
2995 729 3152 780 sunt.
3205 725 3414 781 Mulier
3443 741 3598 793 vero,

1957 826 2084 881 qua
2114 811 2305 867 adhuc
2336 812 2498 879 vivit,
2521 813 2805 869 hactenus
2830 830 3060 885 semper
3080 813 3262 869 illasa
3281 814 3408 869 fuit.
3434 817 3601 869 Cate-

1957 916 2089 954 rum
2116 900 2236 956 hac
2268 901 2557 968 diabolus,
2592 904 2731 973 quia
2759 903 2831 958 ab
2883 903 3051 958 initio
3086 904 3336 958 mendax
3380 902 3513 969 fuit,
3542 906 3601 957 et

1957 988 2015 1042 in
2047 990 2284 1045 veritate
2315 1007 2430 1046 non
2458 992 2635 1063 stetit,
2669 992 2915 1047 Domino
2948 992 3086 1047 Jesu
3145 990 3389 1058 volente,
3434 991 3596 1061 dicit,

1959 1077 2232 1149 facitque.

2026 1167 2150 1220 214.
2192 1167 2380 1223 Etiam
2439 1186 2553 1225 non
2612 1169 2719 1224 hoc
2776 1168 3051 1225 duximus
3108 1169 3597 1241 pratereundum,

1958 1271 2213 1325 quonam
2248 1258 2419 1312 modo
2451 1259 2717 1329 quadam
2750 1258 2961 1313 mulier
3010 1260 3079 1314 de
3127 1262 3323 1313 monte
3355 1256 3599 1313 Miliario

1955 1345 2126 1415 (863),
2151 1362 2185 1399 a
2204 1346 2465 1402 daemone
2486 1352 2542 1402 et
2564 1347 3084 1412 incantationibus,
3109 1364 3256 1418 quas
3277 1345 3449 1418 vulgo
3473 1362 3598 1401 ma-

1954 1430 2063 1488 lias
2084 1434 2230 1505 (187)
2262 1435 2575 1506 appellant,
2609 1437 2667 1492 S.
2694 1437 2934 1491 Joannis
2965 1436 3235 1507 precibus
3266 1436 3439 1490 fuerit
3460 1435 3600 1491 libs-

1955 1527 2099 1577 rata.
2132 1523 2261 1579 Hac
2292 1524 2488 1596 itaque
2517 1542 2672 1579 nunc
2696 1542 2867 1590 anus,
2892 1530 3029 1580 tunc
3053 1524 3267 1597 puella,
3291 1524 3597 1595 cujusdam

1954 1609 2162 1681 iniqui,
2225 1617 2289 1667 ut
2346 1614 2548 1680 fertur,
2608 1614 2929 1685 presbyteri
2988 1613 3185 1669 herbis
3218 1613 3594 1684 quibusdam,

1954 1698 2225 1755 diabolici
2259 1700 2474 1756 additis
2521 1702 2733 1769 verbis,
2765 1719 2799 1756 a
2857 1704 3118 1757 damone
3175 1702 3257 1757 ita
3314 1699 3595 1772 torqueri,

1954 1786 2064 1859 [ut]
2097 1793 2292 1845 mente
2322 1789 2599 1861 sanieque
2626 1791 2899 1846 sensibus
2933 1791 3159 1862 privata
3180 1789 3415 1861 penitus
3447 1790 3599 1844 vide-

1955 1881 2131 1931 retur.
2192 1878 2339 1944 Quid
2398 1878 2615 1935 misera
2664 1883 2818 1951 agat,
2877 1896 2992 1950 quo
3049 1895 3111 1935 se
3169 1882 3373 1949 vertat,
3417 1893 3594 1950 quem

1951 1966 2292 2022 Sanctorum
2312 1967 2370 2022 in
2403 1968 2494 2023 sui
2525 1968 2811 2024 auxilium
2841 1972 3135 2040 exposcat,
3158 1984 3293 2023 cum
3324 1967 3415 2022 sui
3438 1965 3594 2036 juris

1954 2069 2069 2108 non
2098 2060 2273 2124 esset,
2306 2056 2631 2127 ignorabat.
2685 2061 2930 2112 Demum
2993 2057 3299 2112 orantibus
3353 2055 3499 2123 suis,
3533 2055 3592 2110 S.

1951 2141 2229 2210 Joannes,
2261 2146 2431 2215 cujus
2458 2145 2665 2200 devota
2694 2162 2728 2200 a
2754 2145 2976 2201 teneris
3017 2144 3189 2200 annis
3218 2143 3504 2209 extiterat,
3532 2142 3592 2198 in

1953 2236 2207 2286 mentem
2222 2232 2377 2289 venit
2392 2251 2404 2301 ;
2421 2234 2590 2305 cujus
2611 2232 2797 2306 gratia
2816 2232 3111 2289 illustrata
3121 2231 3243 2287 hac
3265 2230 3594 2302 lacrymans

1951 2320 2194 2376 effudit:
2230 2322 2273 2377 Ο
2303 2323 2559 2378 Joannes
2598 2322 2954 2391 beatissime,
3005 2322 3145 2377 Jesu
3200 2317 3509 2376 familiaris
3538 2321 3595 2374 et

1953 2408 2156 2479 amice,
2190 2415 2352 2466 tuam
2383 2411 2663 2483 respicias
2719 2410 3012 2477 ancillam,
3064 2411 3123 2465 in
3172 2414 3257 2464 tot
3300 2408 3597 2478 tantisque

1951 2499 2227 2555 arumnis
2256 2506 2314 2555 et
2360 2500 2613 2556 miseriis
2663 2500 2786 2556 suis
2839 2498 3091 2570 peccatis
3141 2497 3431 2570 positam:
3469 2511 3590 2562 oro,

1951 2604 2067 2643 non
2099 2592 2333 2660 peccata
2363 2589 2696 2645 consideres
2728 2604 2878 2656 mea,
2912 2604 3027 2643 non
3063 2602 3326 2643 meorum
3374 2584 3551 2641 etiam
3578 2600 3591 2650 ;

1952 2678 2052 2732 sed
2075 2677 2459 2745 devotionem,
2495 2695 2672 2750 quam
2704 2677 2811 2733 tibi
2843 2682 2964 2733 toto
2990 2676 3162 2732 corde
3182 2690 3414 2746 semper
3432 2672 3599 2729 exhi-

1951 2766 2090 2821 bui:
2123 2766 2287 2838 velis,
2347 2768 2517 2822 Pater
2573 2766 2963 2835 sanctissime,
3021 2765 3139 2821 tuis
3197 2766 3351 2836 apud
3390 2762 3594 2818 Jesum

1951 2855 2365 2928 Virginemque
2392 2856 2632 2911 Mariam
2664 2855 2936 2927 precibus
2968 2854 3302 2926 impetrare,
3332 2852 3441 2924 [ut]
3474 2851 3595 2905 hac

1951 2945 2098 2998 truci
2132 2944 2601 3016 intolerabilique
2632 2962 2803 3016 pana
2850 2942 3115 3009 liberata,
3164 2940 3389 2997 valeam
3438 2954 3599 2997 more

1953 3032 2125 3089 solito
2157 3037 2214 3089 et
2245 3032 2455 3089 melius
2485 3038 2542 3089 et
2569 3033 2839 3089 devotius
2872 3032 2976 3087 tibi
3027 3034 3263 3087 sanctas
3301 3029 3597 3085 orationes

1955 3138 2020 3176 ac
2043 3121 2280 3177 devotas
2295 3120 2555 3188 mittere;
2581 3121 2885 3177 monachis
2899 3118 3311 3190 conversisque
3324 3118 3598 3175 omnibus

188 3206 329 3261 Inde
360 3204 523 3261 aliud
550 3204 925 3280 miraculum,
950 3209 1104 3279 quod
1129 3209 1335 3264 fratres
1358 3208 1449 3263 sui
1471 3210 1845 3281 germani,to-
1875 3196 1917 3263 C
1961 3214 2070 3265 tua
2094 3209 2411 3282 Religionis
2433 3209 2674 3264 solitum
2696 3210 2971 3264 exhibere
2992 3225 3126 3264 cum
3150 3206 3433 3263 charitate
3463 3207 3601 3261 hos-

187 3299 365 3365 taque
396 3295 608 3351 domus
631 3301 951 3352 extremam
971 3296 1366 3369 miseramque
1388 3297 1568 3353 vitam
1599 3298 1848 3364 ducunt,

193 3398 337 3438 cum
351 3384 432 3438 eis
442 3383 661 3457 sapius
675 3384 850 3441 etiam
868 3402 959 3442 res
973 3384 1278 3441 familiaris
1293 3386 1364 3441 ad
1388 3386 1719 3443 necessaria
1744 3386 1846 3443 de-

191 3471 291 3527 sit.

261 3562 393 3615 212.
420 3561 535 3616 Nec
558 3561 746 3617 multo
765 3562 902 3618 hinc
924 3562 1125 3635 procul
1142 3562 1353 3619 mulier
1373 3565 1849 3636 quadam,cujus

192 3655 361 3721 pater
384 3655 444 3705 et
476 3650 686 3707 fratres
719 3657 983 3708 nostram
1038 3652 1305 3707 incolunt
1347 3653 1781 3725 possessionem
1817 3670 1849 3708 a

190 3740 457 3795 daemone
480 3744 651 3811 capta
672 3741 879 3807 extitit,
910 3757 1089 3812 quam
1122 3742 1348 3809 affines,
1377 3741 1580 3797 multis
1613 3759 1681 3797 ex
1714 3742 1844 3797 fini-

192 3828 355 3883 timis
372 3828 937 3897 comitantibus,non
953 3830 1079 3887 sine
1096 3847 1308 3902 magno
1322 3830 1413 3886 sui
1428 3831 1721 3903 imprimis
1735 3832 1849 3887 dis-

192 3918 463 3983 crimine,
487 3917 855 3990 aliorumque
876 3918 1094 3989 labore,
1113 3919 1323 3974 deinde
1344 3921 1415 3974 ad
1440 3919 1549 3975 hoc
1571 3922 1629 3976 S.
1654 3921 1846 3976 Maria

193 4007 625 4062 monasterium
658 4011 882 4063 traxere
912 4007 1155 4062 invitam
1182 4025 1194 4062 :
1229 4024 1362 4062 cum
1410 4008 1565 4064 enim
1598 4009 1847 4065 damoni

193 4110 370 4166 grave
400 4095 832 4168 molestumque
866 4100 1021 4151 esset
1068 4113 1201 4151 cum
1250 4099 1476 4153 Joanne
1506 4098 1846 4154 beatissimo

194 4182 412 4239 habere
438 4185 802 4253 conflictum,
835 4201 1237 4257 sapenumero
1276 4186 1384 4258 [ut[
1436 4187 1744 4243 mulierem
1778 4187 1846 4241 il-

193 4271 313 4328 lam
348 4274 417 4329 de
438 4273 602 4329 mulo
634 4275 706 4329 ad
736 4279 950 4330 terram
970 4274 1323 4340 detruderet,
1357 4276 1497 4329 dum
1531 4274 1645 4331 huc
1674 4275 1845 4343 irent,

193 4362 525 4433 periculum
558 4364 745 4419 facere
765 4368 1010 4419 conatus
1032 4368 1122 4419 est
1143 4380 1156 4431 ;
1174 4380 1278 4418 nec
1295 4363 1704 4433 valuittamen,
1720 4370 1846 4419 tum

191 4451 391 4506 divina
421 4452 614 4525 gratia
642 4452 699 4507 id
730 4452 1023 4523 imprimis
1056 4452 1302 4516 volente,
1336 4457 1460 4508 tum
1494 4458 1550 4508 et
1580 4453 1697 4523 [iis]
1743 4454 1847 4525 qui

196 4542 465 4612 aderant,
517 4558 646 4597 eam
704 4542 1098 4613 [conantibus]
1156 4542 1461 4597 observare
1512 4541 1842 4614 diligenter.
1877 4563 1931 4627 D

260 4632 389 4686 213.
424 4632 572 4686 Cum
602 4630 784 4702 igitur
812 4631 871 4685 in
903 4632 1252 4686 Sanctorum
1284 4630 1551 4702 sepulcro
1582 4648 1616 4686 a
1648 4648 1849 4689 mona-

195 4718 302 4775 cho
334 4719 612 4791 religioso
642 4724 947 4793 cogeretur
975 4720 1114 4776 dare
1145 4736 1492 4791 responsum
1527 4720 1687 4791 (nam
1720 4720 1853 4792 [da-

196 4824 334 4865 mon
358 4809 677 4879 nitebatur]
701 4814 934 4865 mutum
957 4825 1020 4864 se
1042 4808 1365 4880 simulare),
1390 4808 1449 4863 in
1474 4808 1592 4863 hac
1614 4809 1852 4865 tandem

192 4899 468 4971 prorupit
488 4899 665 4953 verba
689 4915 702 4953 :
729 4897 878 4962 Quid
902 4902 963 4953 tu
978 4897 1082 4952 tibi
1105 4897 1191 4952 vis
1210 4896 1237 4951 ?
1260 4896 1405 4961 Quid
1428 4914 1461 4952 a
1483 4913 1576 4952 me
1597 4898 1854 4969 quaris?

193 4988 500 5057 Obtundis,
524 4986 761 5043 tametsi
783 4987 979 5042 audio.
1002 4986 1094 5041 Nil
1121 4985 1277 5041 aliud
1304 4986 1417 5041 nisi
1440 5002 1631 5058 exeas,
1655 4988 1850 5057 abeas,

194 5074 392 5148 inquit
413 5075 764 5132 monachus.
791 5075 1026 5132 Lubens
1055 5075 1246 5142 abibo,
1270 5080 1409 5130 tunc
1433 5076 1559 5147 [ait]
1583 5076 1809 5132 damon
1836 5092 1848 5131 :

192 5163 305 5220 hos
362 5166 524 5221 enim
581 5165 878 5221 cruciatus
935 5164 1124 5237 [ferre]
1192 5163 1445 5236 amplius
1507 5182 1622 5220 non
1668 5165 1851 5221 valeo.

195 5253 487 5310 Caterum
520 5255 630 5310 hoc
661 5271 772 5309 non
806 5255 924 5326 ﬁet,
958 5253 1071 5309 nisi
1102 5270 1206 5326 pro
1238 5254 1435 5309 anima
1464 5254 1736 5309 avunculi
1761 5254 1853 5309 sui

194 5342 393 5399 missa
415 5344 695 5399 dicuntur
713 5344 1102 5415 Gregoriana.
1128 5344 1200 5399 Se
1218 5342 1275 5397 id
1299 5346 1532 5398 acturos
1556 5343 1855 5397 affirmant

193 5447 423 5501 omnes,
445 5432 769 5505 praesrtim
797 5434 1023 5489 affines.
1053 5432 1242 5488 Missa
1276 5433 1383 5487 hoc
1409 5433 1465 5486 in
1498 5432 1851 5487 monasterio

276 5539 421 5624 (ιξῑὸ)
440 5540 895 5624 Franchiuslib.
938 5558 993 5624 ξς,
1022 5557 1155 5624 pag.
1207 5542 1333 5624 383",
1382 5540 1560 5621 hunc.
1593 5542 1851 5622 montem

186 5616 361 5667 vocat
375 5617 557 5669 monte
585 5615 830 5684 Mignaio
851 5632 871 5677 ;
902 5615 1032 5682 ejus
1065 5615 1245 5669 situm
1296 5615 1514 5668 frustra
1546 5615 1845 5682 inquisivi,

1960 3298 2187 3369 pitium.
2228 3298 2270 3361 Q
2302 3298 2451 3353 mira
2480 3302 2535 3352 et
2574 3297 2865 3369 stupenda
2921 3296 2981 3351 in
3037 3296 3257 3353 sanctis
3313 3293 3535 3366 gratia!
3571 3309 3604 3348 o

1956 3385 2268 3442 inefl'abilis
2294 3386 2353 3441 in
2385 3386 2466 3441 eis
2488 3386 2743 3457 dignitas
2764 3389 2823 3441 et
2839 3388 3095 3457 potestas
3121 3384 3133 3438 l
3158 3400 3190 3439 ο
3216 3382 3441 3438 Domini
3463 3382 3602 3437 Jesu

1958 3476 2134 3531 verba
2161 3475 2482 3531 verioribus
2511 3491 2667 3543 vera,
2700 3474 2799 3547 qui
2847 3473 3041 3545 inquit
3092 3470 3385 3545 Apostolis
3433 3470 3599 3526 suis:

1958 3565 2026 3619 Et
2058 3565 2281 3635 majora
2310 3565 2519 3619 horum
2551 3563 2779 3619 facietis
2807 3579 2820 3617 :
2859 3563 2941 3617 ita
2972 3579 3072 3618 vos
3106 3560 3423 3617 miremini.

2027 3655 2151 3708 215.
2186 3653 2362 3719 Illico,
2394 3670 2462 3709 ea
2491 3669 2669 3724 parva
2697 3652 2958 3707 oratione
3008 3651 3227 3718 habita,
3282 3650 3425 3707 adeo
3472 3664 3606 3705 con-

1954 3742 2155 3813 valuit,
2180 3743 2321 3798 adso
2342 3742 2401 3797 in
2431 3741 2737 3814 pristinam
2761 3741 2932 3797 rediit
2955 3740 3293 3812 sospitatem
3308 3744 3365 3795 et
3387 3738 3605 3794 incolu-

1958 3832 2247 3898 mitatem,
2280 3838 2343 3885 ut
2374 3830 2630 3886 melioris
2671 3847 2882 3886 sensus
2912 3847 2977 3886 ac
3028 3834 3217 3897 antea,
3275 3832 3332 3884 et
3361 3826 3605 3898 majoris

1956 3921 2229 3977 existeret
2258 3919 2737 3991 pulchritudinis,
2760 3919 2965 3975 Visum
2986 3923 3075 3974 est
3096 3923 3292 3973 tamen
3320 3915 3526 3972 utilius
3546 3919 3607 3971 et

1956 4010 2240 4077 securius,
2273 4008 2406 4075 etsi,
2437 4014 2501 4064 ut
2525 4008 2803 4079 diximus,
2831 4009 2902 4063 ad
2927 4007 3167 4079 plenum
3187 4004 3605 4070 convaluisset,

1955 4103 2081 4154 tum
2114 4098 2390 4154 affinibus
2424 4102 2547 4152 tum
2580 4097 2879 4169 omnibus,
2910 4097 2981 4152 ad
3014 4096 3123 4152 hoc
3162 4096 3220 4151 S.
3255 4094 3445 4151 Maria
3478 4110 3607 4149 mo-

1957 4188 2279 4253 nasterium
2308 4204 2495 4259 usque
2552 4204 2670 4242 una
2724 4203 2858 4241 cum
2915 4186 3044 4258 ipsa
3102 4186 3202 4241 ire.
3260 4185 3385 4240 Huc
3424 4184 3608 4257 igitur

1957 4293 2193 4332 summa
2208 4292 2339 4332 cum
2364 4277 2477 4330 fids
2493 4280 2550 4331 et
2567 4276 2885 4331 reverentia
2901 4276 3221 4343 venientes,
3239 4274 3323 4331 eis
3343 4274 3401 4329 S.
3425 4274 3605 4330 Joan-

1959 4365 2049 4420 nis
2081 4365 2406 4433 brachium,
2432 4366 2629 4420 audito
2656 4368 2820 4420 tanto
2849 4362 3151 4428 miraculo,
3174 4364 3377 4419 devote
3407 4368 3604 4419 osten-

1958 4472 2091 4510 sum
2123 4458 2229 4509 est.
2265 4455 2340 4508 Eo
2372 4452 2550 4524 igitur
2574 4451 2858 4521 osculato,
2879 4452 2935 4506 in
2955 4452 3203 4522 patriam
3224 4450 3337 4505 lati
3361 4450 3602 4505 rediere.

2032 4545 2157 4598 216.
2181 4543 2291 4598 Sed
2322 4541 2495 4597 etiam
2518 4540 2626 4596 hac
2657 4546 2858 4596 nostra
2886 4543 3234 4612 tempestate
3254 4555 3439 4611 opera
3471 4553 3606 4608 pre-

1962 4633 2108 4688 tium
2140 4636 2227 4687 est
2256 4647 2384 4686 eam
2417 4630 2714 4685 advertere
2743 4628 3084 4701 diligenter;
3134 4644 3251 4698 qua
3307 4626 3441 4691 fide,
3488 4642 3607 4697 qua

1962 4722 2223 4786 caritate,
2281 4736 2396 4791 quo
2453 4717 2618 4773 vultu
2693 4717 2885 4783 hilari,
2951 4717 3333 4787 jucundaque
3396 4715 3602 4782 fronte,

1963 4827 2140 4883 quam
2172 4809 2406 4881 opipare
2437 4824 2552 4862 non
2585 4806 2763 4877 hujus
2814 4804 3154 4862 monasterii
3213 4808 3469 4875 tantum,
3502 4804 3603 4861 sed

1963 4900 2140 4955 totius
2162 4900 2337 4954 etiam
2359 4896 2678 4969 Religionis
2700 4896 2946 4967 excipiat
2977 4901 3101 4951 tum
3134 4895 3453 4952 monachos
3477 4899 3603 4950 tum

1962 5005 2291 5045 conversos.
2326 4986 2434 5043 Ubi
2478 4986 2735 5057 primum
2794 5004 2892 5042 eos
2941 4990 3314 5042 transeuntes
3361 4986 3605 5041 domum

1952 5080 2128 5151 juxta
2148 5076 2311 5132 audit
2332 5075 2416 5131 vel
2439 5075 2698 5143 videt,ita
2720 5074 2892 5130 annis
2913 5075 3301 5143 obsita,atate
3322 5074 3606 5141 confecta,

1962 5166 2191 5240 prosilit
2221 5166 2278 5220 in
2311 5165 2485 5233 viam,
2512 5169 2658 5231 orat,
2708 5168 2894 5219 vexat.
2925 5164 3126 5231 trahit,
3187 5164 3297 5236 [ut]
3332 5179 3502 5218 suam
3532 5163 3605 5218 ad

1962 5255 2380 5329 quiescendum
2396 5252 2795 5326 ingrediantur
2808 5254 2979 5309 domu
2993 5254 3361 5325 m.Expertus
3376 5251 3603 5323 loquor:

1961 5346 2080 5400 hac
2111 5343 2266 5399 enim
2298 5343 2407 5398 nisi
2439 5343 2508 5397 de
2539 5342 2772 5413 pietatis
2801 5343 2957 5397 fonte
2989 5341 3134 5408 fieri,
3166 5346 3223 5397 et
3254 5340 3394 5413 quia
3442 5357 3603 5397 acce-

1964 5434 2043 5506 pti
2076 5432 2340 5487 beneficii
2370 5448 2596 5486 memor
2626 5433 2777 5502 [est],
2804 5431 3033 5485 dubitat
3056 5446 3246 5485 nemo.
3284 5428 3431 5486 Proli
3453 5429 3604 5487 bone

2030 5540 2177 5613 (187)
2229 5538 2341 5613 Vox
2399 5536 2599 5613 Italica
2652 5536 2826 5613 mulio
2882 5536 3037 5592 idem
3096 5535 3385 5613 significai
3444 5536 3598 5611 quod

1960 5608 2159 5668 Latine
2189 5611 2373 5680 magia
2400 5608 2485 5665 vel
2518 5609 2857 5681 veneﬁcium.
