  <div class='ocr_page' id='page_1' title='image "/cluster/home/n/w/nwhite01/storage/ocr_20150623/146/hvd.32044054760053/453.png"; bbox 0 0 4002 6170; ppageno 0'>
   <div class='ocr_carea' id='block_1_1' title="bbox 458 337 576 400">
    <p class='ocr_par' dir='ltr' id='par_1_1' title="bbox 458 337 576 400">
     <span class='ocr_line' id='line_1_1' title="bbox 458 337 576 400; baseline -0.017 0"><span class='ocrx_word' id='word_1_1' title='bbox 458 337 576 400; x_wconf 78' lang='lat'>895</span> 
     </span>
    </p>
   </div>
   <div class='ocr_carea' id='block_1_2' title="bbox 1503 340 3738 420">
    <p class='ocr_par' dir='ltr' id='par_1_2' title="bbox 1503 340 3738 420">
     <span class='ocr_line' id='line_1_2' title="bbox 1503 340 3738 420; baseline -0.002 -16"><span class='ocrx_word' id='word_1_2' title='bbox 1503 344 1569 404; x_wconf 88' lang='lat' dir='ltr'>S.</span> <span class='ocrx_word' id='word_1_3' title='bbox 1613 342 1942 406; x_wconf 83' lang='lat' dir='ltr'>JOANNIS</span> <span class='ocrx_word' id='word_1_4' title='bbox 1990 340 2436 405; x_wconf 83' lang='lat' dir='ltr'>GUALBERTI</span> <span class='ocrx_word' id='word_1_5' title='bbox 2480 340 2809 402; x_wconf 84' lang='lat' dir='ltr'>ABBATIS</span> <span class='ocrx_word' id='word_1_6' title='bbox 3654 354 3738 420; x_wconf 66' lang='lat'>396</span> 
     </span>
    </p>
   </div>
   <div class='ocr_carea' id='block_1_3' title="bbox 462 469 3735 559">
    <p class='ocr_par' dir='ltr' id='par_1_3' title="bbox 462 469 3735 559">
     <span class='ocr_line' id='line_1_3' title="bbox 462 469 3735 559; baseline 0.006 -34"><span class='ocrx_word' id='word_1_7' title='bbox 462 469 645 526; x_wconf 80' lang='lat' dir='ltr'>Jesul</span> <span class='ocrx_word' id='word_1_8' title='bbox 679 476 967 542; x_wconf 88' lang='lat' dir='ltr'>quantum</span> <span class='ocrx_word' id='word_1_9' title='bbox 998 474 1243 530; x_wconf 83' lang='lat' dir='ltr'>interest</span> <span class='ocrx_word' id='word_1_10' title='bbox 1297 474 1449 531; x_wconf 88' lang='lat' dir='ltr'>inter</span> <span class='ocrx_word' id='word_1_11' title='bbox 1494 476 1645 533; x_wconf 91' lang='lat' dir='ltr'>hanc</span> <span class='ocrx_word' id='word_1_12' title='bbox 1700 476 2003 533; x_wconf 85' lang='lat' dir='ltr'>mulierem</span> <span class='ocrx_word' id='word_1_13' title='bbox 2046 483 2102 534; x_wconf 89' lang='lat' dir='ltr'>et</span> <span class='ocrx_word' id='word_1_14' title='bbox 2129 478 2185 544; x_wconf 82' lang='grc' dir='ltr'><strong>Α</strong></span> <span class='ocrx_word' id='word_1_15' title='bbox 2216 475 2327 547; x_wconf 84' lang='lat' dir='ltr'>[ut)</span> <span class='ocrx_word' id='word_1_16' title='bbox 2358 490 2441 543; x_wconf 90' lang='lat' dir='ltr'>se,</span> <span class='ocrx_word' id='word_1_17' title='bbox 2474 478 2548 544; x_wconf 86' lang='lat' dir='ltr'>te,</span> <span class='ocrx_word' id='word_1_18' title='bbox 2584 490 2804 545; x_wconf 91' lang='lat' dir='ltr'>nosque</span> <span class='ocrx_word' id='word_1_19' title='bbox 2862 472 2954 530; x_wconf 85' lang='lat' dir='ltr'>his</span> <span class='ocrx_word' id='word_1_20' title='bbox 3007 472 3276 530; x_wconf 89' lang='lat' dir='ltr'>oneribus</span> <span class='ocrx_word' id='word_1_21' title='bbox 3312 472 3497 549; x_wconf 84' lang='lat' dir='ltr'>levent,</span> <span class='ocrx_word' id='word_1_22' title='bbox 3520 480 3605 538; x_wconf 89' lang='lat' dir='ltr'>hoc</span> <span class='ocrx_word' id='word_1_23' title='bbox 3634 490 3735 559; x_wconf 86' lang='lat' dir='ltr'>opti-</span> 
     </span>
    </p>
   </div>
   <div class='ocr_carea' id='block_1_4' title="bbox 467 562 2109 639">
    <p class='ocr_par' dir='ltr' id='par_1_4' title="bbox 467 562 2109 639">
     <span class='ocr_line' id='line_1_4' title="bbox 467 562 2109 639; baseline 0.004 -23"><span class='ocrx_word' id='word_1_24' title='bbox 467 577 623 626; x_wconf 91' lang='lat' dir='ltr'>eum,</span> <span class='ocrx_word' id='word_1_25' title='bbox 649 562 815 631; x_wconf 88' lang='lat' dir='ltr'>cujus</span> <span class='ocrx_word' id='word_1_26' title='bbox 839 563 1026 633; x_wconf 84' lang='lat' dir='ltr'>gratia</span> <span class='ocrx_word' id='word_1_27' title='bbox 1054 564 1243 620; x_wconf 92' lang='lat' dir='ltr'>hocin</span> <span class='ocrx_word' id='word_1_28' title='bbox 1268 568 1713 633; x_wconf 87' lang='lat' dir='ltr'>monasterio,ut</span> <span class='ocrx_word' id='word_1_29' title='bbox 1734 567 1907 638; x_wconf 89' lang='lat' dir='ltr'>paulo</span> <span class='ocrx_word' id='word_1_30' title='bbox 1932 585 2109 639; x_wconf 83' lang='lat' dir='ltr'>supra</span> 
     </span>
    </p>
   </div>
   <div class='ocr_carea' id='block_1_5' title="bbox 471 650 2109 717">
    <p class='ocr_par' dir='ltr' id='par_1_5' title="bbox 471 650 2109 717">
     <span class='ocr_line' id='line_1_5' title="bbox 471 650 2109 717; baseline 0.004 -12"><span class='ocrx_word' id='word_1_31' title='bbox 471 650 1159 717; x_wconf 87' lang='lat' dir='ltr'>diximus,defunctorum</span> <span class='ocrx_word' id='word_1_32' title='bbox 1182 654 1535 711; x_wconf 90' lang='lat' dir='ltr'>celebratum</span> <span class='ocrx_word' id='word_1_33' title='bbox 1556 662 1643 712; x_wconf 90' lang='lat' dir='ltr'>est</span> <span class='ocrx_word' id='word_1_34' title='bbox 1664 657 1954 712; x_wconf 81' lang='lat' dir='ltr'>Ofﬁcium.</span> <span class='ocrx_word' id='word_1_35' title='bbox 1981 659 2109 712; x_wconf 70' lang='lat' dir='ltr'>Haec</span> 
     </span>
    </p>
   </div>
   <div class='ocr_carea' id='block_1_6' title="bbox 469 737 2111 818">
    <p class='ocr_par' dir='ltr' id='par_1_6' title="bbox 469 737 2111 818">
     <span class='ocr_line' id='line_1_6' title="bbox 469 737 2111 818; baseline 0.005 -26"><span class='ocrx_word' id='word_1_36' title='bbox 469 737 627 793; x_wconf 90' lang='lat' dir='ltr'>illam</span> <span class='ocrx_word' id='word_1_37' title='bbox 686 757 863 811; x_wconf 89' lang='lat' dir='ltr'>quam</span> <span class='ocrx_word' id='word_1_38' title='bbox 926 759 1038 797; x_wconf 90' lang='lat' dir='ltr'>non</span> <span class='ocrx_word' id='word_1_39' title='bbox 1100 748 1189 798; x_wconf 90' lang='lat' dir='ltr'>est</span> <span class='ocrx_word' id='word_1_40' title='bbox 1246 744 1522 815; x_wconf 88' lang='lat' dir='ltr'>pollicita,</span> <span class='ocrx_word' id='word_1_41' title='bbox 1584 747 1842 818; x_wconf 87' lang='lat' dir='ltr'>quotidie</span> <span class='ocrx_word' id='word_1_42' title='bbox 1881 747 2111 803; x_wconf 81' lang='lat' dir='ltr'>exhibet</span> 
     </span>
    </p>
   </div>
   <div class='ocr_carea' id='block_1_7' title="bbox 473 828 2108 906">
    <p class='ocr_par' dir='ltr' id='par_1_7' title="bbox 473 828 2108 906">
     <span class='ocr_line' id='line_1_7' title="bbox 473 828 2108 906; baseline 0.005 -23"><span class='ocrx_word' id='word_1_43' title='bbox 473 828 955 897; x_wconf 91' lang='lat' dir='ltr'>misericordiam,</span> <span class='ocrx_word' id='word_1_44' title='bbox 990 831 1148 888; x_wconf 92' lang='lat' dir='ltr'>illius</span> <span class='ocrx_word' id='word_1_45' title='bbox 1178 850 1309 889; x_wconf 90' lang='lat' dir='ltr'>vero</span> <span class='ocrx_word' id='word_1_46' title='bbox 1339 836 1543 890; x_wconf 78' lang='lat' dir='ltr'>affines</span> <span class='ocrx_word' id='word_1_47' title='bbox 1568 851 1672 890; x_wconf 91' lang='lat' dir='ltr'>nec</span> <span class='ocrx_word' id='word_1_48' title='bbox 1720 838 1872 906; x_wconf 91' lang='lat' dir='ltr'>quod</span> <span class='ocrx_word' id='word_1_49' title='bbox 1908 854 2108 892; x_wconf 83' lang='lat' dir='ltr'>mona-</span> 
     </span>
    </p>
   </div>
   <div class='ocr_carea' id='block_1_8' title="bbox 469 919 2107 995">
    <p class='ocr_par' dir='ltr' id='par_1_8' title="bbox 469 919 2107 995">
     <span class='ocr_line' id='line_1_8' title="bbox 469 919 2107 995; baseline 0.005 -23"><span class='ocrx_word' id='word_1_50' title='bbox 469 919 717 973; x_wconf 90' lang='lat' dir='ltr'>sterium</span> <span class='ocrx_word' id='word_1_51' title='bbox 750 922 1018 991; x_wconf 84' lang='lat' dir='ltr'>exposuit</span> <span class='ocrx_word' id='word_1_52' title='bbox 1049 923 1470 992; x_wconf 82' lang='lat' dir='ltr'>persolverunt.</span> <span class='ocrx_word' id='word_1_53' title='bbox 1505 925 1649 990; x_wconf 89' lang='lat' dir='ltr'>Quid</span> <span class='ocrx_word' id='word_1_54' title='bbox 1704 927 1939 995; x_wconf 91' lang='lat' dir='ltr'>mirum,</span> <span class='ocrx_word' id='word_1_55' title='bbox 1974 943 2107 981; x_wconf 92' lang='lat' dir='ltr'>cum</span> 
     </span>
    </p>
   </div>
   <div class='ocr_carea' id='block_1_9' title="bbox 468 1006 2111 1079">
    <p class='ocr_par' dir='ltr' id='par_1_9' title="bbox 468 1006 2111 1079">
     <span class='ocr_line' id='line_1_9' title="bbox 468 1006 2111 1079; baseline 0.004 -16"><span class='ocrx_word' id='word_1_56' title='bbox 468 1008 540 1063; x_wconf 89' lang='lat' dir='ltr'>de</span> <span class='ocrx_word' id='word_1_57' title='bbox 566 1006 812 1079; x_wconf 90' lang='lat' dir='ltr'>leprosis</span> <span class='ocrx_word' id='word_1_58' title='bbox 846 1010 1141 1066; x_wconf 88' lang='lat' dir='ltr'>mundatis</span> <span class='ocrx_word' id='word_1_59' title='bbox 1170 1012 1341 1067; x_wconf 90' lang='lat' dir='ltr'>Jesus</span> <span class='ocrx_word' id='word_1_60' title='bbox 1370 1014 1634 1075; x_wconf 81' lang='lat' dir='ltr'>Christus</span> <span class='ocrx_word' id='word_1_61' title='bbox 1682 1015 1871 1070; x_wconf 89' lang='lat' dir='ltr'>dicat:</span> <span class='ocrx_word' id='word_1_62' title='bbox 1908 1016 2111 1070; x_wconf 86' lang='lat' dir='ltr'>Nonne</span> 
     </span>
    </p>
   </div>
   <div class='ocr_carea' id='block_1_10' title="bbox 467 1097 2111 1166">
    <p class='ocr_par' dir='ltr' id='par_1_10' title="bbox 467 1097 2111 1166">
     <span class='ocr_line' id='line_1_10' title="bbox 467 1097 2111 1166; baseline 0.005 -15"><span class='ocrx_word' id='word_1_63' title='bbox 467 1097 665 1153; x_wconf 87' lang='lat' dir='ltr'>decem</span> <span class='ocrx_word' id='word_1_64' title='bbox 692 1100 958 1153; x_wconf 86' lang='lat' dir='ltr'>mundati</span> <span class='ocrx_word' id='word_1_65' title='bbox 983 1106 1142 1166; x_wconf 89' lang='lat' dir='ltr'>sunt,</span> <span class='ocrx_word' id='word_1_66' title='bbox 1170 1106 1227 1156; x_wconf 85' lang='lat' dir='ltr'>et</span> <span class='ocrx_word' id='word_1_67' title='bbox 1259 1120 1460 1158; x_wconf 88' lang='lat' dir='ltr'>novem</span> <span class='ocrx_word' id='word_1_68' title='bbox 1497 1105 1593 1158; x_wconf 92' lang='lat' dir='ltr'>ubi</span> <span class='ocrx_word' id='word_1_69' title='bbox 1629 1108 1816 1159; x_wconf 78' lang='lat' dir='ltr'>sunt?</span> <span class='ocrx_word' id='word_1_70' title='bbox 1863 1105 1987 1160; x_wconf 88' lang='lat' dir='ltr'>Non</span> <span class='ocrx_word' id='word_1_71' title='bbox 2023 1109 2111 1159; x_wconf 86' lang='lat' dir='ltr'>est</span> 
     </span>
    </p>
   </div>
   <div class='ocr_carea' id='block_1_11' title="bbox 467 1186 2109 1263">
    <p class='ocr_par' dir='ltr' id='par_1_11' title="bbox 467 1186 2109 1263">
     <span class='ocr_line' id='line_1_11' title="bbox 467 1186 2109 1263; baseline 0.007 -23"><span class='ocrx_word' id='word_1_72' title='bbox 467 1186 744 1242; x_wconf 90' lang='lat' dir='ltr'>inventue</span> <span class='ocrx_word' id='word_1_73' title='bbox 776 1187 875 1258; x_wconf 86' lang='lat' dir='ltr'>qui</span> <span class='ocrx_word' id='word_1_74' title='bbox 908 1189 1121 1244; x_wconf 83' lang='lat' dir='ltr'>rediret</span> <span class='ocrx_word' id='word_1_75' title='bbox 1151 1196 1207 1244; x_wconf 89' lang='lat' dir='ltr'>et</span> <span class='ocrx_word' id='word_1_76' title='bbox 1236 1192 1397 1247; x_wconf 88' lang='lat' dir='ltr'>daret</span> <span class='ocrx_word' id='word_1_77' title='bbox 1428 1192 1671 1263; x_wconf 82' lang='lat' dir='ltr'>gloriam</span> <span class='ocrx_word' id='word_1_78' title='bbox 1700 1195 1830 1259; x_wconf 88' lang='lat' dir='ltr'>Deo,</span> <span class='ocrx_word' id='word_1_79' title='bbox 1876 1194 1984 1248; x_wconf 86' lang='lat' dir='ltr'>nisi</span> <span class='ocrx_word' id='word_1_80' title='bbox 2016 1195 2109 1251; x_wconf 91' lang='lat' dir='ltr'>hic</span> 
     </span>
    </p>
   </div>
   <div class='ocr_carea' id='block_1_12' title="bbox 474 1276 1397 1352">
    <p class='ocr_par' dir='ltr' id='par_1_12' title="bbox 474 1276 1397 1352">
     <span class='ocr_line' id='line_1_12' title="bbox 474 1276 1397 1352; baseline 0.005 -22"><span class='ocrx_word' id='word_1_81' title='bbox 474 1276 819 1347; x_wconf 80' lang='lat' dir='ltr'>alienigena.</span> <span class='ocrx_word' id='word_1_82' title='bbox 856 1278 1020 1332; x_wconf 89' lang='lat' dir='ltr'>Nunc</span> <span class='ocrx_word' id='word_1_83' title='bbox 1052 1280 1121 1334; x_wconf 91' lang='lat' dir='ltr'>ad</span> <span class='ocrx_word' id='word_1_84' title='bbox 1154 1279 1397 1352; x_wconf 88' lang='lat' dir='ltr'>reliqua.</span> 
     </span>
    </p>
   </div>
   <div class='ocr_carea' id='block_1_13' title="bbox 1092 1370 1487 1427">
    <p class='ocr_par' dir='ltr' id='par_1_13' title="bbox 1092 1370 1487 1427">
     <span class='ocr_line' id='line_1_13' title="bbox 1092 1370 1487 1427; baseline 0.008 -4"><span class='ocrx_word' id='word_1_85' title='bbox 1092 1370 1269 1425; x_wconf 80' lang='lat' dir='ltr'>PARS</span> <span class='ocrx_word' id='word_1_86' title='bbox 1321 1371 1487 1427; x_wconf 86' lang='lat' dir='ltr'><strong>XVII.</strong></span> 
     </span>
    </p>
   </div>
   <div class='ocr_carea' id='block_1_14' title="bbox 538 1457 2109 1534">
    <p class='ocr_par' dir='ltr' id='par_1_14' title="bbox 538 1457 2109 1534">
     <span class='ocr_line' id='line_1_14' title="bbox 538 1457 2109 1534; baseline 0.006 -25"><span class='ocrx_word' id='word_1_87' title='bbox 538 1458 663 1510; x_wconf 87' lang='lat'>217.</span> <span class='ocrx_word' id='word_1_88' title='bbox 699 1458 821 1511; x_wconf 90' lang='lat' dir='ltr'>Non</span> <span class='ocrx_word' id='word_1_89' title='bbox 849 1457 995 1523; x_wconf 90' lang='lat' dir='ltr'>dies,</span> <span class='ocrx_word' id='word_1_90' title='bbox 1029 1464 1092 1513; x_wconf 93' lang='lat' dir='ltr'>ut</span> <span class='ocrx_word' id='word_1_91' title='bbox 1130 1460 1315 1526; x_wconf 87' lang='lat' dir='ltr'>aiunt,</span> <span class='ocrx_word' id='word_1_92' title='bbox 1349 1462 1447 1517; x_wconf 89' lang='lat' dir='ltr'>sed</span> <span class='ocrx_word' id='word_1_93' title='bbox 1481 1479 1670 1517; x_wconf 92' lang='lat' dir='ltr'>annus</span> <span class='ocrx_word' id='word_1_94' title='bbox 1702 1480 1793 1518; x_wconf 90' lang='lat' dir='ltr'>me</span> <span class='ocrx_word' id='word_1_95' title='bbox 1821 1464 2109 1534; x_wconf 81' lang='lat' dir='ltr'>deficeret,</span> 
     </span>
    </p>
   </div>
   <div class='ocr_carea' id='block_1_15' title="bbox 470 1546 2110 1624">
    <p class='ocr_par' dir='ltr' id='par_1_15' title="bbox 470 1546 2110 1624">
     <span class='ocr_line' id='line_1_15' title="bbox 470 1546 2110 1624; baseline 0.005 -23"><span class='ocrx_word' id='word_1_96' title='bbox 470 1546 519 1601; x_wconf 90' lang='lat' dir='ltr'>si</span> <span class='ocrx_word' id='word_1_97' title='bbox 549 1561 751 1601; x_wconf 91' lang='lat' dir='ltr'>omnes</span> <span class='ocrx_word' id='word_1_98' title='bbox 774 1546 1060 1613; x_wconf 87' lang='lat' dir='ltr'>homines,</span> <span class='ocrx_word' id='word_1_99' title='bbox 1088 1564 1235 1620; x_wconf 92' lang='lat' dir='ltr'>quos</span> <span class='ocrx_word' id='word_1_100' title='bbox 1259 1552 1508 1621; x_wconf 85' lang='lat' dir='ltr'>propriis</span> <span class='ocrx_word' id='word_1_101' title='bbox 1530 1552 1715 1606; x_wconf 88' lang='lat' dir='ltr'>oculis</span> <span class='ocrx_word' id='word_1_102' title='bbox 1737 1553 1951 1619; x_wconf 87' lang='lat' dir='ltr'>vidi,de</span> <span class='ocrx_word' id='word_1_103' title='bbox 1973 1571 2110 1624; x_wconf 87' lang='lat' dir='ltr'>agro</span> 
     </span>
    </p>
   </div>
   <div class='ocr_carea' id='block_1_16' title="bbox 469 1634 2109 1713">
    <p class='ocr_par' dir='ltr' id='par_1_16' title="bbox 469 1634 2109 1713">
     <span class='ocr_line' id='line_1_16' title="bbox 469 1634 2109 1713; baseline 0.004 -23"><span class='ocrx_word' id='word_1_104' title='bbox 469 1635 674 1690; x_wconf 66' lang='lat' dir='ltr'>Geticas</span> <span class='ocrx_word' id='word_1_105' title='bbox 706 1634 1237 1707; x_wconf 86' lang='lat' dir='ltr'>aliisqueﬁnitimis</span> <span class='ocrx_word' id='word_1_106' title='bbox 1259 1638 1423 1708; x_wconf 89' lang='lat' dir='ltr'>locis,</span> <span class='ocrx_word' id='word_1_107' title='bbox 1448 1644 1573 1695; x_wconf 90' lang='lat' dir='ltr'>tum</span> <span class='ocrx_word' id='word_1_108' title='bbox 1603 1642 1863 1696; x_wconf 78' lang='lat' dir='ltr'>daemone</span> <span class='ocrx_word' id='word_1_109' title='bbox 1886 1647 2109 1713; x_wconf 90' lang='lat' dir='ltr'>captos,</span> 
     </span>
    </p>
   </div>
   <div class='ocr_carea' id='block_1_17' title="bbox 466 1724 2109 1801">
    <p class='ocr_par' dir='ltr' id='par_1_17' title="bbox 466 1724 2109 1801">
     <span class='ocr_line' id='line_1_17' title="bbox 466 1724 2109 1801; baseline 0.004 -23"><span class='ocrx_word' id='word_1_110' title='bbox 466 1728 593 1779; x_wconf 89' lang='lat' dir='ltr'>tum</span> <span class='ocrx_word' id='word_1_111' title='bbox 627 1741 692 1779; x_wconf 87' lang='lat' dir='ltr'>ex</span> <span class='ocrx_word' id='word_1_112' title='bbox 727 1724 858 1779; x_wconf 90' lang='lat' dir='ltr'>aliis</span> <span class='ocrx_word' id='word_1_113' title='bbox 905 1726 1347 1783; x_wconf 84' lang='lat' dir='ltr'>inﬁrmitatibus</span> <span class='ocrx_word' id='word_1_114' title='bbox 1396 1729 1746 1799; x_wconf 80' lang='lat' dir='ltr'>laborantes,</span> <span class='ocrx_word' id='word_1_115' title='bbox 1803 1732 1901 1801; x_wconf 90' lang='lat' dir='ltr'>qui</span> <span class='ocrx_word' id='word_1_116' title='bbox 1951 1731 2109 1785; x_wconf 86' lang='lat' dir='ltr'>istud</span> 
     </span>
    </p>
   </div>
   <div class='ocr_carea' id='block_1_18' title="bbox 468 1812 2191 1915">
    <p class='ocr_par' dir='ltr' id='par_1_18' title="bbox 468 1812 2191 1915">
     <span class='ocr_line' id='line_1_18' title="bbox 468 1812 2191 1915; baseline 0.003 -48"><span class='ocrx_word' id='word_1_117' title='bbox 468 1813 526 1867; x_wconf 86' lang='lat' dir='ltr'>S.</span> <span class='ocrx_word' id='word_1_118' title='bbox 550 1812 739 1866; x_wconf 70' lang='lat' dir='ltr'>Marias</span> <span class='ocrx_word' id='word_1_119' title='bbox 762 1812 955 1867; x_wconf 82' lang='lat' dir='ltr'>adiere</span> <span class='ocrx_word' id='word_1_120' title='bbox 976 1815 1421 1883; x_wconf 88' lang='lat' dir='ltr'>monasterium,</span> <span class='ocrx_word' id='word_1_121' title='bbox 1446 1832 1867 1872; x_wconf 85' lang='lat' dir='ltr'>connumerare</span> <span class='ocrx_word' id='word_1_122' title='bbox 1882 1817 2109 1873; x_wconf 90' lang='lat' dir='ltr'>vellem.</span> <span class='ocrx_word' id='word_1_123' title='bbox 2142 1851 2191 1915; x_wconf 80' lang='grc' dir='ltr'><strong>Β</strong></span> 
     </span>
    </p>
   </div>
   <div class='ocr_carea' id='block_1_19' title="bbox 472 1900 2111 1979">
    <p class='ocr_par' dir='ltr' id='par_1_19' title="bbox 472 1900 2111 1979">
     <span class='ocr_line' id='line_1_19' title="bbox 472 1900 2111 1979; baseline 0.005 -25"><span class='ocrx_word' id='word_1_124' title='bbox 472 1900 621 1955; x_wconf 89' lang='lat' dir='ltr'>Proh</span> <span class='ocrx_word' id='word_1_125' title='bbox 656 1901 805 1955; x_wconf 89' lang='lat' dir='ltr'>bone</span> <span class='ocrx_word' id='word_1_126' title='bbox 858 1902 1045 1956; x_wconf 82' lang='lat' dir='ltr'>Jesu!</span> <span class='ocrx_word' id='word_1_127' title='bbox 1108 1904 1299 1958; x_wconf 85' lang='lat' dir='ltr'>ausim</span> <span class='ocrx_word' id='word_1_128' title='bbox 1359 1905 1567 1976; x_wconf 84' lang='lat' dir='ltr'>dicere,</span> <span class='ocrx_word' id='word_1_129' title='bbox 1627 1908 1807 1962; x_wconf 86' lang='lat' dir='ltr'>ferme</span> <span class='ocrx_word' id='word_1_130' title='bbox 1861 1907 2111 1979; x_wconf 87' lang='lat' dir='ltr'>singulis</span> 
     </span>
    </p>
   </div>
   <div class='ocr_carea' id='block_1_20' title="bbox 479 1988 2109 2066">
    <p class='ocr_par' dir='ltr' id='par_1_20' title="bbox 479 1988 2109 2066">
     <span class='ocr_line' id='line_1_20' title="bbox 479 1988 2109 2066; baseline 0.006 -24"><span class='ocrx_word' id='word_1_131' title='bbox 479 1988 852 2061; x_wconf 80' lang='lat' dir='ltr'>[mensibus],</span> <span class='ocrx_word' id='word_1_132' title='bbox 909 1989 1147 2046; x_wconf 89' lang='lat' dir='ltr'>horrida</span> <span class='ocrx_word' id='word_1_133' title='bbox 1204 1997 1399 2048; x_wconf 88' lang='lat' dir='ltr'>tamen</span> <span class='ocrx_word' id='word_1_134' title='bbox 1458 1994 1694 2066; x_wconf 87' lang='lat' dir='ltr'>dempta</span> <span class='ocrx_word' id='word_1_135' title='bbox 1750 1996 1962 2063; x_wconf 87' lang='lat' dir='ltr'>hieme,</span> <span class='ocrx_word' id='word_1_136' title='bbox 1996 2014 2109 2052; x_wconf 90' lang='lat' dir='ltr'>non</span> 
     </span>
    </p>
   </div>
   <div class='ocr_carea' id='block_1_21' title="bbox 471 2078 2109 2154">
    <p class='ocr_par' dir='ltr' id='par_1_21' title="bbox 471 2078 2109 2154">
     <span class='ocr_line' id='line_1_21' title="bbox 471 2078 2109 2154; baseline 0.005 -22"><span class='ocrx_word' id='word_1_137' title='bbox 471 2094 649 2132; x_wconf 91' lang='lat' dir='ltr'>unam</span> <span class='ocrx_word' id='word_1_138' title='bbox 678 2082 908 2133; x_wconf 88' lang='lat' dir='ltr'>tantum</span> <span class='ocrx_word' id='word_1_139' title='bbox 942 2078 1265 2148; x_wconf 89' lang='lat' dir='ltr'>mulierem,</span> <span class='ocrx_word' id='word_1_140' title='bbox 1300 2097 1497 2137; x_wconf 85' lang='lat' dir='ltr'>verum</span> <span class='ocrx_word' id='word_1_141' title='bbox 1522 2100 1946 2154; x_wconf 88' lang='lat' dir='ltr'>nonnunquam</span> <span class='ocrx_word' id='word_1_142' title='bbox 1970 2088 2109 2150; x_wconf 88' lang='lat' dir='ltr'>tres,</span> 
     </span>
    </p>
   </div>
   <div class='ocr_carea' id='block_1_22' title="bbox 470 2167 2111 2243">
    <p class='ocr_par' dir='ltr' id='par_1_22' title="bbox 470 2167 2111 2243">
     <span class='ocr_line' id='line_1_22' title="bbox 470 2167 2111 2243; baseline 0.005 -23"><span class='ocrx_word' id='word_1_143' title='bbox 470 2171 758 2238; x_wconf 88' lang='lat' dir='ltr'>quatuor;</span> <span class='ocrx_word' id='word_1_144' title='bbox 782 2167 1076 2222; x_wconf 87' lang='lat' dir='ltr'>interdum</span> <span class='ocrx_word' id='word_1_145' title='bbox 1099 2170 1273 2223; x_wconf 90' lang='lat' dir='ltr'>etiam</span> <span class='ocrx_word' id='word_1_146' title='bbox 1296 2174 1353 2225; x_wconf 90' lang='lat' dir='ltr'>et</span> <span class='ocrx_word' id='word_1_147' title='bbox 1378 2171 1532 2225; x_wconf 89' lang='lat' dir='ltr'>viros</span> <span class='ocrx_word' id='word_1_148' title='bbox 1554 2176 1609 2226; x_wconf 89' lang='lat' dir='ltr'>et</span> <span class='ocrx_word' id='word_1_149' title='bbox 1629 2173 1887 2243; x_wconf 90' lang='lat' dir='ltr'>cujusvis</span> <span class='ocrx_word' id='word_1_150' title='bbox 1912 2174 2111 2228; x_wconf 90' lang='lat' dir='ltr'>condi-</span> 
     </span>
    </p>
   </div>
   <div class='ocr_carea' id='block_1_23' title="bbox 470 2256 2107 2318">
    <p class='ocr_par' dir='ltr' id='par_1_23' title="bbox 470 2256 2107 2318">
     <span class='ocr_line' id='line_1_23' title="bbox 470 2256 2107 2318; baseline 0.003 -7"><span class='ocrx_word' id='word_1_151' title='bbox 470 2256 647 2311; x_wconf 86' lang='lat' dir='ltr'>tionis</span> <span class='ocrx_word' id='word_1_152' title='bbox 672 2257 949 2313; x_wconf 88' lang='lat' dir='ltr'>mortales</span> <span class='ocrx_word' id='word_1_153' title='bbox 968 2258 1077 2313; x_wconf 91' lang='lat' dir='ltr'>hoc</span> <span class='ocrx_word' id='word_1_154' title='bbox 1106 2259 1162 2312; x_wconf 88' lang='lat' dir='ltr'>S.</span> <span class='ocrx_word' id='word_1_155' title='bbox 1199 2259 1391 2314; x_wconf 83' lang='lat' dir='ltr'>Mariae</span> <span class='ocrx_word' id='word_1_156' title='bbox 1417 2261 1833 2316; x_wconf 84' lang='lat' dir='ltr'>monasterium</span> <span class='ocrx_word' id='word_1_157' title='bbox 1855 2263 2070 2318; x_wconf 89' lang='lat' dir='ltr'>adiisse</span> <span class='ocrx_word' id='word_1_158' title='bbox 2094 2280 2107 2316; x_wconf 90' lang='lat'>:</span> 
     </span>
    </p>
   </div>
   <div class='ocr_carea' id='block_1_24' title="bbox 469 2345 2107 2423">
    <p class='ocr_par' dir='ltr' id='par_1_24' title="bbox 469 2345 2107 2423">
     <span class='ocr_line' id='line_1_24' title="bbox 469 2345 2107 2423; baseline 0.004 -23"><span class='ocrx_word' id='word_1_159' title='bbox 469 2345 550 2400; x_wconf 87' lang='lat' dir='ltr'>ita</span> <span class='ocrx_word' id='word_1_160' title='bbox 580 2350 645 2399; x_wconf 91' lang='lat' dir='ltr'>ut</span> <span class='ocrx_word' id='word_1_161' title='bbox 676 2346 843 2401; x_wconf 90' lang='lat' dir='ltr'>nobis</span> <span class='ocrx_word' id='word_1_162' title='bbox 871 2347 1245 2404; x_wconf 87' lang='lat' dir='ltr'>admirationi</span> <span class='ocrx_word' id='word_1_163' title='bbox 1278 2350 1520 2405; x_wconf 65' lang='lat' dir='ltr'>taediove</span> <span class='ocrx_word' id='word_1_164' title='bbox 1569 2350 1878 2407; x_wconf 83' lang='lat' dir='ltr'>existerent</span> <span class='ocrx_word' id='word_1_165' title='bbox 1920 2369 2070 2423; x_wconf 72' lang='lat' dir='ltr'>saepe</span> <span class='ocrx_word' id='word_1_166' title='bbox 2096 2369 2107 2407; x_wconf 91' lang='lat'>:</span> 
     </span>
    </p>
   </div>
   <div class='ocr_carea' id='block_1_25' title="bbox 470 2436 2111 2510">
    <p class='ocr_par' dir='ltr' id='par_1_25' title="bbox 470 2436 2111 2510">
     <span class='ocr_line' id='line_1_25' title="bbox 470 2436 2111 2510; baseline 0.004 -21"><span class='ocrx_word' id='word_1_167' title='bbox 470 2452 605 2490; x_wconf 88' lang='lat' dir='ltr'>nam</span> <span class='ocrx_word' id='word_1_168' title='bbox 659 2452 776 2490; x_wconf 89' lang='lat' dir='ltr'>una</span> <span class='ocrx_word' id='word_1_169' title='bbox 818 2436 905 2491; x_wconf 91' lang='lat' dir='ltr'>vel</span> <span class='ocrx_word' id='word_1_170' title='bbox 954 2453 1108 2491; x_wconf 91' lang='lat' dir='ltr'>unus</span> <span class='ocrx_word' id='word_1_171' title='bbox 1155 2437 1269 2509; x_wconf 84' lang='lat' dir='ltr'>[vix</span> <span class='ocrx_word' id='word_1_172' title='bbox 1315 2440 1460 2510; x_wconf 88' lang='lat' dir='ltr'>erat]</span> <span class='ocrx_word' id='word_1_173' title='bbox 1519 2440 1837 2495; x_wconf 90' lang='lat' dir='ltr'>liberatus:</span> <span class='ocrx_word' id='word_1_174' title='bbox 1872 2458 2001 2496; x_wconf 90' lang='lat' dir='ltr'>ecce</span> <span class='ocrx_word' id='word_1_175' title='bbox 2041 2442 2111 2496; x_wconf 87' lang='lat' dir='ltr'>de</span> 
     </span>
    </p>
   </div>
   <div class='ocr_carea' id='block_1_26' title="bbox 472 2522 2113 2593">
    <p class='ocr_par' dir='ltr' id='par_1_26' title="bbox 472 2522 2113 2593">
     <span class='ocr_line' id='line_1_26' title="bbox 472 2522 2113 2593; baseline 0.005 -17"><span class='ocrx_word' id='word_1_176' title='bbox 472 2522 789 2593; x_wconf 82' lang='lat' dir='ltr'>improviso</span> <span class='ocrx_word' id='word_1_177' title='bbox 820 2523 1063 2578; x_wconf 87' lang='lat' dir='ltr'>alteram</span> <span class='ocrx_word' id='word_1_178' title='bbox 1107 2525 1193 2579; x_wconf 90' lang='lat' dir='ltr'>vel</span> <span class='ocrx_word' id='word_1_179' title='bbox 1225 2525 1494 2593; x_wconf 84' lang='lat' dir='ltr'>alterum,</span> <span class='ocrx_word' id='word_1_180' title='bbox 1524 2533 1580 2582; x_wconf 90' lang='lat' dir='ltr'>et</span> <span class='ocrx_word' id='word_1_181' title='bbox 1628 2528 1747 2583; x_wconf 76' lang='lat' dir='ltr'>haec</span> <span class='ocrx_word' id='word_1_182' title='bbox 1779 2534 1835 2583; x_wconf 89' lang='lat' dir='ltr'>et</span> <span class='ocrx_word' id='word_1_183' title='bbox 1872 2546 2113 2585; x_wconf 86' lang='lat' dir='ltr'>nemora</span> 
     </span>
    </p>
   </div>
   <div class='ocr_carea' id='block_1_27' title="bbox 468 2614 2110 2682">
    <p class='ocr_par' dir='ltr' id='par_1_27' title="bbox 468 2614 2110 2682">
     <span class='ocr_line' id='line_1_27' title="bbox 468 2614 2110 2682; baseline 0.005 -17"><span class='ocrx_word' id='word_1_184' title='bbox 468 2627 762 2682; x_wconf 83' lang='lat' dir='ltr'>rupesque</span> <span class='ocrx_word' id='word_1_185' title='bbox 794 2627 999 2666; x_wconf 89' lang='lat' dir='ltr'>omnes</span> <span class='ocrx_word' id='word_1_186' title='bbox 1030 2616 1088 2667; x_wconf 91' lang='lat' dir='ltr'>et</span> <span class='ocrx_word' id='word_1_187' title='bbox 1117 2629 1397 2669; x_wconf 85' lang='lat' dir='ltr'>concavas</span> <span class='ocrx_word' id='word_1_188' title='bbox 1427 2614 1606 2671; x_wconf 87' lang='lat' dir='ltr'>valles</span> <span class='ocrx_word' id='word_1_189' title='bbox 1653 2617 1890 2672; x_wconf 89' lang='lat' dir='ltr'>rusticis</span> <span class='ocrx_word' id='word_1_190' title='bbox 1933 2622 2110 2674; x_wconf 87' lang='lat' dir='ltr'>tarta-</span> 
     </span>
    </p>
   </div>
   <div class='ocr_carea' id='block_1_28' title="bbox 470 2698 1397 2772">
    <p class='ocr_par' dir='ltr' id='par_1_28' title="bbox 470 2698 1397 2772">
     <span class='ocr_line' id='line_1_28' title="bbox 470 2698 1397 2772; baseline 0.002 -18"><span class='ocrx_word' id='word_1_191' title='bbox 470 2698 701 2770; x_wconf 87' lang='lat' dir='ltr'>reisque</span> <span class='ocrx_word' id='word_1_192' title='bbox 720 2699 960 2755; x_wconf 85' lang='lat' dir='ltr'>vocibus</span> <span class='ocrx_word' id='word_1_193' title='bbox 987 2701 1397 2772; x_wconf 88' lang='lat' dir='ltr'>complentem.</span> 
     </span>
    </p>
   </div>
   <div class='ocr_carea' id='block_1_29' title="bbox 542 2788 2109 2856">
    <p class='ocr_par' dir='ltr' id='par_1_29' title="bbox 542 2788 2109 2856">
     <span class='ocr_line' id='line_1_29' title="bbox 542 2788 2109 2856; baseline 0.006 -14"><span class='ocrx_word' id='word_1_194' title='bbox 542 2789 666 2843; x_wconf 87' lang='grc'>218.</span> <span class='ocrx_word' id='word_1_195' title='bbox 700 2788 916 2844; x_wconf 79' lang='lat' dir='ltr'>Verum</span> <span class='ocrx_word' id='word_1_196' title='bbox 948 2805 1083 2844; x_wconf 92' lang='lat' dir='ltr'>cum</span> <span class='ocrx_word' id='word_1_197' title='bbox 1115 2791 1443 2856; x_wconf 88' lang='lat' dir='ltr'>annuatim,</span> <span class='ocrx_word' id='word_1_198' title='bbox 1476 2793 1616 2848; x_wconf 90' lang='lat' dir='ltr'>dum</span> <span class='ocrx_word' id='word_1_199' title='bbox 1647 2793 1704 2847; x_wconf 91' lang='lat' dir='ltr'>in</span> <span class='ocrx_word' id='word_1_200' title='bbox 1738 2811 1865 2849; x_wconf 88' lang='lat' dir='ltr'>eam</span> <span class='ocrx_word' id='word_1_201' title='bbox 1907 2811 2109 2851; x_wconf 91' lang='lat' dir='ltr'>conce-</span> 
     </span>
    </p>
   </div>
   <div class='ocr_carea' id='block_1_30' title="bbox 472 2878 2110 2956">
    <p class='ocr_par' dir='ltr' id='par_1_30' title="bbox 472 2878 2110 2956">
     <span class='ocr_line' id='line_1_30' title="bbox 472 2878 2110 2956; baseline 0.004 -23"><span class='ocrx_word' id='word_1_202' title='bbox 472 2879 695 2945; x_wconf 89' lang='lat' dir='ltr'>derent,</span> <span class='ocrx_word' id='word_1_203' title='bbox 747 2878 1102 2934; x_wconf 88' lang='lat' dir='ltr'>Salvatorem</span> <span class='ocrx_word' id='word_1_204' title='bbox 1154 2882 1490 2952; x_wconf 88' lang='lat' dir='ltr'>quemdam,</span> <span class='ocrx_word' id='word_1_205' title='bbox 1552 2888 1762 2938; x_wconf 65' lang='lat' dir='ltr'>nostra:</span> <span class='ocrx_word' id='word_1_206' title='bbox 1812 2884 2110 2956; x_wconf 85' lang='lat' dir='ltr'>religionis</span> 
     </span>
    </p>
   </div>
   <div class='ocr_carea' id='block_1_31' title="bbox 472 2966 2111 3045">
    <p class='ocr_par' dir='ltr' id='par_1_31' title="bbox 472 2966 2111 3045">
     <span class='ocr_line' id='line_1_31' title="bbox 472 2966 2111 3045; baseline 0.005 -25"><span class='ocrx_word' id='word_1_207' title='bbox 472 2966 826 3021; x_wconf 89' lang='lat' dir='ltr'>monachum</span> <span class='ocrx_word' id='word_1_208' title='bbox 884 2968 1284 3039; x_wconf 87' lang='lat' dir='ltr'>presbyterum</span> <span class='ocrx_word' id='word_1_209' title='bbox 1333 2971 1700 3027; x_wconf 85' lang='lat' dir='ltr'>convenirem</span> <span class='ocrx_word' id='word_1_210' title='bbox 1768 2976 1927 3041; x_wconf 91' lang='lat' dir='ltr'>(nam</span> <span class='ocrx_word' id='word_1_211' title='bbox 1987 2974 2111 3045; x_wconf 90' lang='lat' dir='ltr'>ipse</span> 
     </span>
    </p>
   </div>
   <div class='ocr_carea' id='block_1_32' title="bbox 471 3054 2113 3133">
    <p class='ocr_par' dir='ltr' id='par_1_32' title="bbox 471 3054 2113 3133">
     <span class='ocr_line' id='line_1_32' title="bbox 471 3054 2113 3133; baseline 0.005 -24"><span class='ocrx_word' id='word_1_212' title='bbox 471 3054 766 3119; x_wconf 90' lang='lat' dir='ltr'>omnibus,</span> <span class='ocrx_word' id='word_1_213' title='bbox 792 3056 1110 3126; x_wconf 70' lang='lat' dir='ltr'>praesertim</span> <span class='ocrx_word' id='word_1_214' title='bbox 1136 3059 1437 3114; x_wconf 85' lang='lat' dir='ltr'>monachis</span> <span class='ocrx_word' id='word_1_215' title='bbox 1456 3058 1700 3132; x_wconf 86' lang='lat' dir='ltr'>aliisque</span> <span class='ocrx_word' id='word_1_216' title='bbox 1724 3061 2031 3133; x_wconf 84' lang='lat' dir='ltr'>Religiosis</span> <span class='ocrx_word' id='word_1_217' title='bbox 2057 3067 2113 3117; x_wconf 89' lang='lat' dir='ltr'>et</span> 
     </span>
    </p>
   </div>
   <div class='ocr_carea' id='block_1_33' title="bbox 469 3143 2108 3222">
    <p class='ocr_par' dir='ltr' id='par_1_33' title="bbox 469 3143 2108 3222">
     <span class='ocr_line' id='line_1_33' title="bbox 469 3143 2108 3222; baseline 0.004 -23"><span class='ocrx_word' id='word_1_218' title='bbox 469 3143 633 3199; x_wconf 89' lang='lat' dir='ltr'>vultu</span> <span class='ocrx_word' id='word_1_219' title='bbox 655 3148 711 3198; x_wconf 87' lang='lat' dir='ltr'>et</span> <span class='ocrx_word' id='word_1_220' title='bbox 734 3146 905 3199; x_wconf 88' lang='lat' dir='ltr'>rebus</span> <span class='ocrx_word' id='word_1_221' title='bbox 928 3145 1071 3215; x_wconf 89' lang='lat' dir='ltr'>ipsis</span> <span class='ocrx_word' id='word_1_222' title='bbox 1097 3147 1463 3202; x_wconf 88' lang='lat' dir='ltr'>amicabilem</span> <span class='ocrx_word' id='word_1_223' title='bbox 1490 3165 1551 3203; x_wconf 92' lang='lat' dir='ltr'>se</span> <span class='ocrx_word' id='word_1_224' title='bbox 1573 3151 1869 3219; x_wconf 70' lang='lat' dir='ltr'>praebere;,</span> <span class='ocrx_word' id='word_1_225' title='bbox 1896 3151 2108 3222; x_wconf 64' lang='lat' dir='ltr'>saepius</span> 
     </span>
    </p>
   </div>
   <div class='ocr_carea' id='block_1_34' title="bbox 2218 563 3742 649">
    <p class='ocr_par' dir='ltr' id='par_1_34' title="bbox 2218 563 3742 649">
     <span class='ocr_line' id='line_1_34' title="bbox 2218 563 3742 649; baseline 0.009 -30"><span class='ocrx_word' id='word_1_226' title='bbox 2218 581 2382 619; x_wconf 90' lang='lat' dir='ltr'>mum</span> <span class='ocrx_word' id='word_1_227' title='bbox 2414 564 2566 619; x_wconf 84' lang='lat' dir='ltr'>factu</span> <span class='ocrx_word' id='word_1_228' title='bbox 2598 580 2805 619; x_wconf 91' lang='lat' dir='ltr'>censeo</span> <span class='ocrx_word' id='word_1_229' title='bbox 2831 581 2843 618; x_wconf 91' lang='lat'>:</span> <span class='ocrx_word' id='word_1_230' title='bbox 2877 567 2933 619; x_wconf 89' lang='lat' dir='ltr'>te</span> <span class='ocrx_word' id='word_1_231' title='bbox 2953 563 3293 635; x_wconf 86' lang='lat' dir='ltr'>persuadere</span> <span class='ocrx_word' id='word_1_232' title='bbox 3322 564 3423 621; x_wconf 85' lang='lat' dir='ltr'>illis</span> <span class='ocrx_word' id='word_1_233' title='bbox 3452 569 3626 641; x_wconf 89' lang='lat' dir='ltr'>[cupio,</span> <span class='ocrx_word' id='word_1_234' title='bbox 3658 583 3742 649; x_wconf 86' lang='lat' dir='ltr'>eos]</span> 
     </span>
    </p>
   </div>
   <div class='ocr_carea' id='block_1_35' title="bbox 2218 652 3741 725">
    <p class='ocr_par' dir='ltr' id='par_1_35' title="bbox 2218 652 3741 725">
     <span class='ocr_line' id='line_1_35' title="bbox 2218 652 3741 725; baseline 0.008 -18"><span class='ocrx_word' id='word_1_235' title='bbox 2218 654 2386 709; x_wconf 86' lang='lat' dir='ltr'>facile</span> <span class='ocrx_word' id='word_1_236' title='bbox 2419 670 2590 725; x_wconf 89' lang='lat' dir='ltr'>posse</span> <span class='ocrx_word' id='word_1_237' title='bbox 2620 653 2714 709; x_wconf 91' lang='lat' dir='ltr'>his</span> <span class='ocrx_word' id='word_1_238' title='bbox 2746 653 2988 725; x_wconf 86' lang='lat' dir='ltr'>posthac</span> <span class='ocrx_word' id='word_1_239' title='bbox 3015 652 3243 707; x_wconf 89' lang='lat' dir='ltr'>liberari</span> <span class='ocrx_word' id='word_1_240' title='bbox 3266 655 3526 724; x_wconf 85' lang='lat' dir='ltr'>periculis,</span> <span class='ocrx_word' id='word_1_241' title='bbox 3547 661 3585 714; x_wconf 90' lang='lat' dir='ltr'>si</span> <span class='ocrx_word' id='word_1_242' title='bbox 3601 662 3741 720; x_wconf 81' lang='lat' dir='ltr'>devote</span> 
     </span>
    </p>
   </div>
   <div class='ocr_carea' id='block_1_36' title="bbox 2217 740 3742 814">
    <p class='ocr_par' dir='ltr' id='par_1_36' title="bbox 2217 740 3742 814">
     <span class='ocr_line' id='line_1_36' title="bbox 2217 740 3742 814; baseline 0.007 -18"><span class='ocrx_word' id='word_1_243' title='bbox 2217 746 2275 797; x_wconf 89' lang='lat' dir='ltr'>et</span> <span class='ocrx_word' id='word_1_244' title='bbox 2305 741 2553 796; x_wconf 80' lang='lat' dir='ltr'>fideliter</span> <span class='ocrx_word' id='word_1_245' title='bbox 2577 740 2880 796; x_wconf 89' lang='lat' dir='ltr'>annuatim</span> <span class='ocrx_word' id='word_1_246' title='bbox 2914 742 2971 797; x_wconf 91' lang='lat' dir='ltr'>S.</span> <span class='ocrx_word' id='word_1_247' title='bbox 3005 740 3246 797; x_wconf 86' lang='lat' dir='ltr'>Joannis</span> <span class='ocrx_word' id='word_1_248' title='bbox 3283 748 3441 814; x_wconf 84' lang='lat' dir='ltr'>agant</span> <span class='ocrx_word' id='word_1_249' title='bbox 3476 762 3742 806; x_wconf 85' lang='lat' dir='ltr'>commemo-</span> 
     </span>
    </p>
   </div>
   <div class='ocr_carea' id='block_1_37' title="bbox 2219 830 3743 906">
    <p class='ocr_par' dir='ltr' id='par_1_37' title="bbox 2219 830 3743 906">
     <span class='ocr_line' id='line_1_37' title="bbox 2219 830 3743 906; baseline 0.006 -21"><span class='ocrx_word' id='word_1_250' title='bbox 2219 830 2523 886; x_wconf 87' lang='lat' dir='ltr'>rationem.</span> <span class='ocrx_word' id='word_1_251' title='bbox 2578 830 2734 885; x_wconf 90' lang='lat' dir='ltr'>lllico</span> <span class='ocrx_word' id='word_1_252' title='bbox 2784 830 2951 885; x_wconf 69' lang='lat' dir='ltr'>laetus</span> <span class='ocrx_word' id='word_1_253' title='bbox 3002 831 3099 886; x_wconf 91' lang='lat' dir='ltr'>ille</span> <span class='ocrx_word' id='word_1_254' title='bbox 3146 830 3250 885; x_wconf 93' lang='lat' dir='ltr'>hoc</span> <span class='ocrx_word' id='word_1_255' title='bbox 3308 831 3448 887; x_wconf 88' lang='lat' dir='ltr'>idem</span> <span class='ocrx_word' id='word_1_256' title='bbox 3478 838 3743 906; x_wconf 84' lang='lat' dir='ltr'>approbans,</span> 
     </span>
    </p>
   </div>
   <div class='ocr_carea' id='block_1_38' title="bbox 2220 919 3748 991">
    <p class='ocr_par' dir='ltr' id='par_1_38' title="bbox 2220 919 3748 991">
     <span class='ocr_line' id='line_1_38' title="bbox 2220 919 3748 991; baseline 0.006 -18"><span class='ocrx_word' id='word_1_257' title='bbox 2220 920 2415 991; x_wconf 90' lang='lat' dir='ltr'>inquit</span> <span class='ocrx_word' id='word_1_258' title='bbox 2443 937 2455 974; x_wconf 92' lang='lat'>:</span> <span class='ocrx_word' id='word_1_259' title='bbox 2492 920 2806 991; x_wconf 87' lang='lat' dir='ltr'>Nunquam</span> <span class='ocrx_word' id='word_1_260' title='bbox 2838 920 3031 976; x_wconf 89' lang='lat' dir='ltr'>audivi</span> <span class='ocrx_word' id='word_1_261' title='bbox 3064 919 3272 975; x_wconf 89' lang='lat' dir='ltr'>melius</span> <span class='ocrx_word' id='word_1_262' title='bbox 3300 921 3367 975; x_wconf 90' lang='lat' dir='ltr'>ad</span> <span class='ocrx_word' id='word_1_263' title='bbox 3394 922 3492 977; x_wconf 88' lang='lat' dir='ltr'>hoc</span> <span class='ocrx_word' id='word_1_264' title='bbox 3518 927 3748 982; x_wconf 85' lang='lat' dir='ltr'>consilium</span> 
     </span>
    </p>
   </div>
   <div class='ocr_carea' id='block_1_39' title="bbox 2219 1008 3748 1087">
    <p class='ocr_par' dir='ltr' id='par_1_39' title="bbox 2219 1008 3748 1087">
     <span class='ocr_line' id='line_1_39' title="bbox 2219 1008 3748 1087; baseline 0.005 -24"><span class='ocrx_word' id='word_1_265' title='bbox 2219 1010 2384 1063; x_wconf 87' lang='lat' dir='ltr'>dari:</span> <span class='ocrx_word' id='word_1_266' title='bbox 2438 1013 2794 1081; x_wconf 86' lang='lat' dir='ltr'>quapropter</span> <span class='ocrx_word' id='word_1_267' title='bbox 2839 1011 3128 1081; x_wconf 89' lang='lat' dir='ltr'>accingar.</span> <span class='ocrx_word' id='word_1_268' title='bbox 3179 1008 3446 1066; x_wconf 87' lang='lat' dir='ltr'>Postridie</span> <span class='ocrx_word' id='word_1_269' title='bbox 3490 1016 3644 1067; x_wconf 88' lang='lat' dir='ltr'>autem</span> <span class='ocrx_word' id='word_1_270' title='bbox 3678 1032 3748 1087; x_wconf 83' lang='lat' dir='ltr'>ego</span> 
     </span>
    </p>
   </div>
   <div class='ocr_carea' id='block_1_40' title="bbox 2219 1098 3751 1171">
    <p class='ocr_par' dir='ltr' id='par_1_40' title="bbox 2219 1098 3751 1171">
     <span class='ocr_line' id='line_1_40' title="bbox 2219 1098 3751 1171; baseline 0.004 -20"><span class='ocrx_word' id='word_1_271' title='bbox 2219 1098 2468 1168; x_wconf 90' lang='lat' dir='ltr'>patriam</span> <span class='ocrx_word' id='word_1_272' title='bbox 2494 1099 2663 1153; x_wconf 92' lang='lat' dir='ltr'>revisi</span> <span class='ocrx_word' id='word_1_273' title='bbox 2690 1115 2879 1154; x_wconf 89' lang='lat' dir='ltr'>meam</span> <span class='ocrx_word' id='word_1_274' title='bbox 2907 1117 2919 1165; x_wconf 90' lang='lat'><strong>;</strong></span> <span class='ocrx_word' id='word_1_275' title='bbox 2944 1099 3069 1170; x_wconf 92' lang='lat' dir='ltr'>ipse</span> <span class='ocrx_word' id='word_1_276' title='bbox 3100 1114 3233 1153; x_wconf 92' lang='lat' dir='ltr'>vero</span> <span class='ocrx_word' id='word_1_277' title='bbox 3262 1098 3389 1153; x_wconf 89' lang='lat' dir='ltr'>huic</span> <span class='ocrx_word' id='word_1_278' title='bbox 3417 1102 3609 1171; x_wconf 87' lang='lat' dir='ltr'>negotio</span> <span class='ocrx_word' id='word_1_279' title='bbox 3626 1103 3751 1157; x_wconf 85' lang='lat' dir='ltr'>inten-</span> 
     </span>
    </p>
   </div>
   <div class='ocr_carea' id='block_1_41' title="bbox 2219 1187 3753 1259">
    <p class='ocr_par' dir='ltr' id='par_1_41' title="bbox 2219 1187 3753 1259">
     <span class='ocr_line' id='line_1_41' title="bbox 2219 1187 3753 1259; baseline 0.003 -18"><span class='ocrx_word' id='word_1_280' title='bbox 2219 1192 2338 1252; x_wconf 90' lang='lat' dir='ltr'>tus,</span> <span class='ocrx_word' id='word_1_281' title='bbox 2359 1187 2812 1259; x_wconf 88' lang='lat' dir='ltr'>quampluribus</span> <span class='ocrx_word' id='word_1_282' title='bbox 2845 1189 2915 1242; x_wconf 90' lang='lat' dir='ltr'>de</span> <span class='ocrx_word' id='word_1_283' title='bbox 2946 1187 3299 1259; x_wconf 89' lang='lat' dir='ltr'>primoribus</span> <span class='ocrx_word' id='word_1_284' title='bbox 3324 1188 3502 1259; x_wconf 91' lang='lat' dir='ltr'>populi</span> <span class='ocrx_word' id='word_1_285' title='bbox 3519 1206 3617 1245; x_wconf 87' lang='lat' dir='ltr'>rem</span> <span class='ocrx_word' id='word_1_286' title='bbox 3639 1207 3753 1246; x_wconf 78' lang='lat' dir='ltr'>enar-</span> 
     </span>
    </p>
   </div>
   <div class='ocr_carea' id='block_1_42' title="bbox 2219 1276 3756 1346">
    <p class='ocr_par' dir='ltr' id='par_1_42' title="bbox 2219 1276 3756 1346">
     <span class='ocr_line' id='line_1_42' title="bbox 2219 1276 3756 1346; baseline 0.003 -17"><span class='ocrx_word' id='word_1_287' title='bbox 2219 1277 2385 1330; x_wconf 84' lang='lat' dir='ltr'>ravit.</span> <span class='ocrx_word' id='word_1_288' title='bbox 2411 1279 2725 1332; x_wconf 90' lang='lat' dir='ltr'>Assensere</span> <span class='ocrx_word' id='word_1_289' title='bbox 2757 1294 2985 1332; x_wconf 86' lang='lat' dir='ltr'>omnes.</span> <span class='ocrx_word' id='word_1_290' title='bbox 3021 1276 3291 1346; x_wconf 90' lang='lat' dir='ltr'>Demum,</span> <span class='ocrx_word' id='word_1_291' title='bbox 3322 1277 3463 1331; x_wconf 90' lang='lat' dir='ltr'>inter</span> <span class='ocrx_word' id='word_1_292' title='bbox 3503 1294 3555 1333; x_wconf 92' lang='lat' dir='ltr'>se</span> <span class='ocrx_word' id='word_1_293' title='bbox 3577 1280 3756 1335; x_wconf 87' lang='lat' dir='ltr'>concilio</span> 
     </span>
    </p>
   </div>
   <div class='ocr_carea' id='block_1_43' title="bbox 2220 1365 3758 1437">
    <p class='ocr_par' dir='ltr' id='par_1_43' title="bbox 2220 1365 3758 1437">
     <span class='ocr_line' id='line_1_43' title="bbox 2220 1365 3758 1437; baseline 0.003 -19"><span class='ocrx_word' id='word_1_294' title='bbox 2220 1365 2386 1431; x_wconf 87' lang='lat' dir='ltr'>inito,</span> <span class='ocrx_word' id='word_1_295' title='bbox 2447 1366 2747 1420; x_wconf 88' lang='lat' dir='ltr'>decretum</span> <span class='ocrx_word' id='word_1_296' title='bbox 2808 1371 2896 1420; x_wconf 89' lang='lat' dir='ltr'>est</span> <span class='ocrx_word' id='word_1_297' title='bbox 2953 1366 3012 1419; x_wconf 90' lang='lat' dir='ltr'>in</span> <span class='ocrx_word' id='word_1_298' title='bbox 3066 1371 3121 1419; x_wconf 86' lang='lat' dir='ltr'>S.</span> <span class='ocrx_word' id='word_1_299' title='bbox 3197 1365 3429 1420; x_wconf 88' lang='lat' dir='ltr'>Joannis</span> <span class='ocrx_word' id='word_1_300' title='bbox 3477 1366 3639 1437; x_wconf 86' lang='lat' dir='ltr'>vigilia</span> <span class='ocrx_word' id='word_1_301' title='bbox 3678 1368 3758 1422; x_wconf 71' lang='lat' dir='ltr'>hac</span> 
     </span>
    </p>
   </div>
   <div class='ocr_carea' id='block_1_44' title="bbox 2220 1453 3758 1526">
    <p class='ocr_par' dir='ltr' id='par_1_44' title="bbox 2220 1453 3758 1526">
     <span class='ocr_line' id='line_1_44' title="bbox 2220 1453 3758 1526; baseline 0.001 -18"><span class='ocrx_word' id='word_1_302' title='bbox 2220 1454 2694 1509; x_wconf 86' lang='lat' dir='ltr'>commemoratio</span> <span class='ocrx_word' id='word_1_303' title='bbox 2716 1455 2885 1509; x_wconf 87' lang='lat' dir='ltr'>annis</span> <span class='ocrx_word' id='word_1_304' title='bbox 2908 1453 3159 1526; x_wconf 90' lang='lat' dir='ltr'>singulis</span> <span class='ocrx_word' id='word_1_305' title='bbox 3185 1460 3458 1526; x_wconf 85' lang='lat' dir='ltr'>ageretur.</span> <span class='ocrx_word' id='word_1_306' title='bbox 3478 1453 3758 1519; x_wconf 85' lang='lat' dir='ltr'>Vide,lector,</span> 
     </span>
    </p>
   </div>
   <div class='ocr_carea' id='block_1_45' title="bbox 2220 1542 3762 1615">
    <p class='ocr_par' dir='ltr' id='par_1_45' title="bbox 2220 1542 3762 1615">
     <span class='ocr_line' id='line_1_45' title="bbox 2220 1542 3762 1615; baseline -0.001 -16"><span class='ocrx_word' id='word_1_307' title='bbox 2220 1542 2590 1599; x_wconf 90' lang='lat' dir='ltr'>clementiam</span> <span class='ocrx_word' id='word_1_308' title='bbox 2661 1544 2800 1599; x_wconf 89' lang='lat' dir='ltr'>Jesu</span> <span class='ocrx_word' id='word_1_309' title='bbox 2869 1543 3122 1599; x_wconf 73' lang='lat' dir='ltr'>Chrlstif</span> <span class='ocrx_word' id='word_1_310' title='bbox 3192 1544 3319 1598; x_wconf 89' lang='lat' dir='ltr'>vide</span> <span class='ocrx_word' id='word_1_311' title='bbox 3364 1542 3591 1615; x_wconf 88' lang='lat' dir='ltr'>Virginis</span> <span class='ocrx_word' id='word_1_312' title='bbox 3629 1544 3762 1597; x_wconf 74' lang='lat' dir='ltr'>Maria</span> 
     </span>
    </p>
   </div>
   <div class='ocr_carea' id='block_1_46' title="bbox 2220 1632 3760 1704">
    <p class='ocr_par' dir='ltr' id='par_1_46' title="bbox 2220 1632 3760 1704">
     <span class='ocr_line' id='line_1_46' title="bbox 2220 1632 3760 1704; baseline -0.001 -18"><span class='ocrx_word' id='word_1_313' title='bbox 2220 1632 2547 1688; x_wconf 87' lang='lat' dir='ltr'>inauditam</span> <span class='ocrx_word' id='word_1_314' title='bbox 2576 1632 2847 1704; x_wconf 88' lang='lat' dir='ltr'>pietatem</span> <span class='ocrx_word' id='word_1_315' title='bbox 2874 1649 2887 1699; x_wconf 92' lang='lat'>;</span> <span class='ocrx_word' id='word_1_316' title='bbox 2920 1633 3049 1688; x_wconf 91' lang='lat' dir='ltr'>vide</span> <span class='ocrx_word' id='word_1_317' title='bbox 3062 1636 3346 1703; x_wconf 88' lang='lat' dir='ltr'>quantum</span> <span class='ocrx_word' id='word_1_318' title='bbox 3367 1633 3445 1687; x_wconf 90' lang='lat' dir='ltr'>eis</span> <span class='ocrx_word' id='word_1_319' title='bbox 3464 1649 3631 1688; x_wconf 88' lang='lat' dir='ltr'>eorum</span> <span class='ocrx_word' id='word_1_320' title='bbox 3648 1633 3760 1700; x_wconf 84' lang='lat' dir='ltr'>ﬁdes,</span> 
     </span>
    </p>
   </div>
   <div class='ocr_carea' id='block_1_47' title="bbox 2221 1721 3764 1793">
    <p class='ocr_par' dir='ltr' id='par_1_47' title="bbox 2221 1721 3764 1793">
     <span class='ocr_line' id='line_1_47' title="bbox 2221 1721 3764 1793; baseline -0.001 -17"><span class='ocrx_word' id='word_1_321' title='bbox 2221 1726 2279 1777; x_wconf 92' lang='lat' dir='ltr'>et</span> <span class='ocrx_word' id='word_1_322' title='bbox 2298 1722 2353 1777; x_wconf 89' lang='lat' dir='ltr'>S.</span> <span class='ocrx_word' id='word_1_323' title='bbox 2372 1721 2617 1777; x_wconf 89' lang='lat' dir='ltr'>Joannis</span> <span class='ocrx_word' id='word_1_324' title='bbox 2631 1721 2959 1793; x_wconf 85' lang='lat' dir='ltr'>profuerint</span> <span class='ocrx_word' id='word_1_325' title='bbox 2982 1721 3592 1793; x_wconf 87' lang='lat' dir='ltr'>preces.Quintumjam</span> <span class='ocrx_word' id='word_1_326' title='bbox 3611 1737 3764 1775; x_wconf 87' lang='lat' dir='ltr'>annum</span> 
     </span>
    </p>
   </div>
   <div class='ocr_carea' id='block_1_48' title="bbox 2222 1809 3765 1882">
    <p class='ocr_par' dir='ltr' id='par_1_48' title="bbox 2222 1809 3765 1882">
     <span class='ocr_line' id='line_1_48' title="bbox 2222 1809 3765 1882; baseline -0.002 -17"><span class='ocrx_word' id='word_1_327' title='bbox 2222 1810 2475 1882; x_wconf 85' lang='lat' dir='ltr'>[agimus</span> <span class='ocrx_word' id='word_1_328' title='bbox 2535 1811 2622 1881; x_wconf 82' lang='lat' dir='ltr'>ex]</span> <span class='ocrx_word' id='word_1_329' title='bbox 2674 1814 2853 1879; x_wconf 90' lang='lat' dir='ltr'>tunc;</span> <span class='ocrx_word' id='word_1_330' title='bbox 2907 1828 3010 1866; x_wconf 93' lang='lat' dir='ltr'>nec</span> <span class='ocrx_word' id='word_1_331' title='bbox 3074 1828 3234 1866; x_wconf 88' lang='lat' dir='ltr'>unus</span> <span class='ocrx_word' id='word_1_332' title='bbox 3288 1810 3468 1866; x_wconf 88' lang='lat' dir='ltr'>adhuc</span> <span class='ocrx_word' id='word_1_333' title='bbox 3510 1827 3541 1864; x_wconf 90' lang='lat' dir='ltr'>a</span> <span class='ocrx_word' id='word_1_334' title='bbox 3580 1809 3765 1863; x_wconf 66' lang='lat' dir='ltr'>daemone</span> 
     </span>
    </p>
   </div>
   <div class='ocr_carea' id='block_1_49' title="bbox 2223 1897 3769 1970">
    <p class='ocr_par' dir='ltr' id='par_1_49' title="bbox 2223 1897 3769 1970">
     <span class='ocr_line' id='line_1_49' title="bbox 2223 1897 3769 1970; baseline -0.003 -16"><span class='ocrx_word' id='word_1_335' title='bbox 2223 1904 2450 1970; x_wconf 88' lang='lat' dir='ltr'>captus,</span> <span class='ocrx_word' id='word_1_336' title='bbox 2500 1897 2683 1954; x_wconf 91' lang='lat' dir='ltr'>aliove</span> <span class='ocrx_word' id='word_1_337' title='bbox 2750 1900 2953 1955; x_wconf 91' lang='lat' dir='ltr'>morbo</span> <span class='ocrx_word' id='word_1_338' title='bbox 3009 1899 3294 1969; x_wconf 86' lang='lat' dir='ltr'>irretitus,</span> <span class='ocrx_word' id='word_1_339' title='bbox 3356 1898 3629 1954; x_wconf 87' lang='lat' dir='ltr'>incolumis</span> <span class='ocrx_word' id='word_1_340' title='bbox 3663 1897 3769 1968; x_wconf 69' lang='lat' dir='ltr'>[nisi]</span> 
     </span>
    </p>
   </div>
   <div class='ocr_carea' id='block_1_50' title="bbox 2222 1987 3763 2061">
    <p class='ocr_par' dir='ltr' id='par_1_50' title="bbox 2222 1987 3763 2061">
     <span class='ocr_line' id='line_1_50' title="bbox 2222 1987 3763 2061; baseline -0.002 -20"><span class='ocrx_word' id='word_1_341' title='bbox 2222 1988 2415 2054; x_wconf 89' lang='lat' dir='ltr'>fuerit,</span> <span class='ocrx_word' id='word_1_342' title='bbox 2442 1988 2591 2043; x_wconf 90' lang='lat' dir='ltr'>hanc</span> <span class='ocrx_word' id='word_1_343' title='bbox 2612 1988 2667 2042; x_wconf 89' lang='lat' dir='ltr'>S.</span> <span class='ocrx_word' id='word_1_344' title='bbox 2687 1988 2879 2043; x_wconf 61' lang='lat' dir='ltr'>Maria:</span> <span class='ocrx_word' id='word_1_345' title='bbox 2903 1988 3171 2061; x_wconf 82' lang='lat' dir='ltr'>quaesivit</span> <span class='ocrx_word' id='word_1_346' title='bbox 3186 1990 3421 2044; x_wconf 84' lang='lat' dir='ltr'>domum</span> <span class='ocrx_word' id='word_1_347' title='bbox 3444 1988 3590 2059; x_wconf 88' lang='lat'>(188).</span> <span class='ocrx_word' id='word_1_348' title='bbox 3612 1987 3763 2041; x_wconf 82' lang='lat' dir='ltr'>Forsan</span> 
     </span>
    </p>
   </div>
   <div class='ocr_carea' id='block_1_51' title="bbox 2222 2076 3770 2148">
    <p class='ocr_par' dir='ltr' id='par_1_51' title="bbox 2222 2076 3770 2148">
     <span class='ocr_line' id='line_1_51' title="bbox 2222 2076 3770 2148; baseline -0.003 -17"><span class='ocrx_word' id='word_1_349' title='bbox 2222 2076 2528 2148; x_wconf 89' lang='lat' dir='ltr'>spiritibus</span> <span class='ocrx_word' id='word_1_350' title='bbox 2559 2076 2781 2148; x_wconf 90' lang='lat' dir='ltr'>iniquis</span> <span class='ocrx_word' id='word_1_351' title='bbox 2812 2077 3088 2133; x_wconf 90' lang='lat' dir='ltr'>omnibus</span> <span class='ocrx_word' id='word_1_352' title='bbox 3120 2078 3357 2133; x_wconf 91' lang='lat' dir='ltr'>nomine</span> <span class='ocrx_word' id='word_1_353' title='bbox 3379 2076 3510 2132; x_wconf 89' lang='lat' dir='ltr'>Jesu</span> <span class='ocrx_word' id='word_1_354' title='bbox 3531 2076 3770 2129; x_wconf 77' lang='lat' dir='ltr'>bonusAn-</span> 
     </span>
    </p>
   </div>
   <div class='ocr_carea' id='block_1_52' title="bbox 2221 2162 3771 2236">
    <p class='ocr_par' dir='ltr' id='par_1_52' title="bbox 2221 2162 3771 2236">
     <span class='ocr_line' id='line_1_52' title="bbox 2221 2162 3771 2236; baseline -0.004 -16"><span class='ocrx_word' id='word_1_355' title='bbox 2221 2164 2386 2236; x_wconf 88' lang='lat' dir='ltr'>gelus</span> <span class='ocrx_word' id='word_1_356' title='bbox 2415 2165 2775 2235; x_wconf 82' lang='lat' dir='ltr'>impetravit,</span> <span class='ocrx_word' id='word_1_357' title='bbox 2814 2183 2887 2221; x_wconf 91' lang='lat' dir='ltr'>ne</span> <span class='ocrx_word' id='word_1_358' title='bbox 2933 2166 3117 2234; x_wconf 90' lang='lat' dir='ltr'>illam,</span> <span class='ocrx_word' id='word_1_359' title='bbox 3171 2183 3306 2221; x_wconf 90' lang='lat' dir='ltr'>cum</span> <span class='ocrx_word' id='word_1_360' title='bbox 3349 2167 3406 2221; x_wconf 91' lang='lat' dir='ltr'>S.</span> <span class='ocrx_word' id='word_1_361' title='bbox 3460 2162 3663 2219; x_wconf 84' lang='lat' dir='ltr'>Joannis</span> <span class='ocrx_word' id='word_1_362' title='bbox 3687 2178 3771 2232; x_wconf 85' lang='lat' dir='ltr'>per-</span> 
     </span>
    </p>
   </div>
   <div class='ocr_carea' id='block_1_53' title="bbox 2222 2250 3772 2326">
    <p class='ocr_par' dir='ltr' id='par_1_53' title="bbox 2222 2250 3772 2326">
     <span class='ocr_line' id='line_1_53' title="bbox 2222 2250 3772 2326; baseline -0.001 -17"><span class='ocrx_word' id='word_1_363' title='bbox 2222 2254 2445 2325; x_wconf 88' lang='lat' dir='ltr'>cgerint</span> <span class='ocrx_word' id='word_1_364' title='bbox 2494 2256 3135 2321; x_wconf 89' lang='lat' dir='ltr'>commemorationem,</span> <span class='ocrx_word' id='word_1_365' title='bbox 3191 2255 3574 2326; x_wconf 82' lang='lat' dir='ltr'>ingrediantur</span> <span class='ocrx_word' id='word_1_366' title='bbox 3611 2250 3772 2323; x_wconf 76' lang='lat' dir='ltr'>provin-</span> 
     </span>
    </p>
   </div>
   <div class='ocr_carea' id='block_1_54' title="bbox 2221 2341 3773 2417">
    <p class='ocr_par' dir='ltr' id='par_1_54' title="bbox 2221 2341 3773 2417">
     <span class='ocr_line' id='line_1_54' title="bbox 2221 2341 3773 2417; baseline -0.005 -19"><span class='ocrx_word' id='word_1_367' title='bbox 2221 2343 2393 2398; x_wconf 88' lang='lat' dir='ltr'>ciam.</span> <span class='ocrx_word' id='word_1_368' title='bbox 2449 2343 2594 2398; x_wconf 90' lang='lat' dir='ltr'>Hine</span> <span class='ocrx_word' id='word_1_369' title='bbox 2646 2343 2848 2415; x_wconf 74' lang='lat' dir='ltr'>[patet]</span> <span class='ocrx_word' id='word_1_370' title='bbox 2897 2345 3213 2417; x_wconf 73' lang='lat' dir='ltr'>praecipue,</span> <span class='ocrx_word' id='word_1_371' title='bbox 3270 2348 3481 2417; x_wconf 87' lang='lat' dir='ltr'>quanta</span> <span class='ocrx_word' id='word_1_372' title='bbox 3524 2344 3573 2396; x_wconf 89' lang='lat' dir='ltr'>in</span> <span class='ocrx_word' id='word_1_373' title='bbox 3616 2341 3773 2395; x_wconf 85' lang='lat' dir='ltr'>Joanne</span> 
     </span>
    </p>
   </div>
   <div class='ocr_carea' id='block_1_55' title="bbox 2222 2429 3773 2506">
    <p class='ocr_par' dir='ltr' id='par_1_55' title="bbox 2222 2429 3773 2506">
     <span class='ocr_line' id='line_1_55' title="bbox 2222 2429 3773 2506; baseline -0.005 -18"><span class='ocrx_word' id='word_1_374' title='bbox 2222 2433 2583 2501; x_wconf 89' lang='lat' dir='ltr'>beatissimo,</span> <span class='ocrx_word' id='word_1_375' title='bbox 2614 2433 2809 2489; x_wconf 88' lang='lat' dir='ltr'>divina</span> <span class='ocrx_word' id='word_1_376' title='bbox 2839 2436 3228 2506; x_wconf 69' lang='lat' dir='ltr'>praeveniente</span> <span class='ocrx_word' id='word_1_377' title='bbox 3261 2435 3462 2506; x_wconf 87' lang='lat' dir='ltr'>gratia,</span> <span class='ocrx_word' id='word_1_378' title='bbox 3497 2429 3773 2493; x_wconf 84' lang='lat' dir='ltr'>insitvirtus,</span> 
     </span>
    </p>
   </div>
   <div class='ocr_carea' id='block_1_56' title="bbox 2221 2518 3775 2595">
    <p class='ocr_par' dir='ltr' id='par_1_56' title="bbox 2221 2518 3775 2595">
     <span class='ocr_line' id='line_1_56' title="bbox 2221 2518 3775 2595; baseline -0.006 -17"><span class='ocrx_word' id='word_1_379' title='bbox 2221 2522 2402 2593; x_wconf 90' lang='lat' dir='ltr'>[cum]</span> <span class='ocrx_word' id='word_1_380' title='bbox 2420 2539 2644 2590; x_wconf 90' lang='lat' dir='ltr'>omnes,</span> <span class='ocrx_word' id='word_1_381' title='bbox 2672 2523 2772 2593; x_wconf 92' lang='lat' dir='ltr'>qui</span> <span class='ocrx_word' id='word_1_382' title='bbox 2799 2525 3003 2579; x_wconf 90' lang='lat' dir='ltr'>devote</span> <span class='ocrx_word' id='word_1_383' title='bbox 3026 2542 3209 2580; x_wconf 89' lang='lat' dir='ltr'>suum</span> <span class='ocrx_word' id='word_1_384' title='bbox 3231 2518 3775 2595; x_wconf 80' lang='lat' dir='ltr'>implorantauxilium,</span> 
     </span>
    </p>
   </div>
   <div class='ocr_carea' id='block_1_57' title="bbox 2221 2610 3593 2685">
    <p class='ocr_par' dir='ltr' id='par_1_57' title="bbox 2221 2610 3593 2685">
     <span class='ocr_line' id='line_1_57' title="bbox 2221 2610 3593 2685; baseline -0.001 -21"><span class='ocrx_word' id='word_1_385' title='bbox 2221 2610 2685 2682; x_wconf 87' lang='lat' dir='ltr'>quamprimum,</span> <span class='ocrx_word' id='word_1_386' title='bbox 2721 2612 3002 2685; x_wconf 89' lang='lat' dir='ltr'>quidquid</span> <span class='ocrx_word' id='word_1_387' title='bbox 3039 2614 3245 2685; x_wconf 87' lang='lat' dir='ltr'>velint,</span> <span class='ocrx_word' id='word_1_388' title='bbox 3279 2613 3593 2684; x_wconf 86' lang='lat' dir='ltr'>impetrent.</span> 
     </span>
    </p>
   </div>
   <div class='ocr_carea' id='block_1_58' title="bbox 2290 2694 3778 2774">
    <p class='ocr_par' dir='ltr' id='par_1_58' title="bbox 2290 2694 3778 2774">
     <span class='ocr_line' id='line_1_58' title="bbox 2290 2694 3778 2774; baseline -0.005 -21"><span class='ocrx_word' id='word_1_389' title='bbox 2290 2701 2415 2754; x_wconf 80' lang='lat'>220.</span> <span class='ocrx_word' id='word_1_390' title='bbox 2449 2700 2649 2772; x_wconf 91' lang='lat' dir='ltr'>Neque</span> <span class='ocrx_word' id='word_1_391' title='bbox 2701 2706 2891 2774; x_wconf 90' lang='lat' dir='ltr'>turpe,</span> <span class='ocrx_word' id='word_1_392' title='bbox 2943 2719 3132 2774; x_wconf 89' lang='lat' dir='ltr'>neque</span> <span class='ocrx_word' id='word_1_393' title='bbox 3191 2702 3555 2757; x_wconf 88' lang='lat' dir='ltr'>inhonestum</span> <span class='ocrx_word' id='word_1_394' title='bbox 3602 2695 3721 2760; x_wconf 79' lang='lat' dir='ltr'>duxi,</span> <span class='ocrx_word' id='word_1_395' title='bbox 3744 2694 3778 2745; x_wconf 85' lang='lat' dir='ltr'>in</span> 
     </span>
    </p>
   </div>
   <div class='ocr_carea' id='block_1_59' title="bbox 2221 2787 3781 2851">
    <p class='ocr_par' dir='ltr' id='par_1_59' title="bbox 2221 2787 3781 2851">
     <span class='ocr_line' id='line_1_59' title="bbox 2221 2787 3781 2851; baseline -0.001 -8"><span class='ocrx_word' id='word_1_396' title='bbox 2221 2787 2375 2843; x_wconf 92' lang='lat' dir='ltr'>calce</span> <span class='ocrx_word' id='word_1_397' title='bbox 2406 2788 2524 2843; x_wconf 89' lang='lat' dir='ltr'>fere</span> <span class='ocrx_word' id='word_1_398' title='bbox 2556 2788 2765 2845; x_wconf 90' lang='lat' dir='ltr'>borum</span> <span class='ocrx_word' id='word_1_399' title='bbox 2796 2790 3149 2847; x_wconf 89' lang='lat' dir='ltr'>miraculum</span> <span class='ocrx_word' id='word_1_400' title='bbox 3206 2796 3453 2847; x_wconf 87' lang='lat' dir='ltr'>matrem</span> <span class='ocrx_word' id='word_1_401' title='bbox 3500 2801 3678 2851; x_wconf 86' lang='lat' dir='ltr'>meam,</span> <span class='ocrx_word' id='word_1_402' title='bbox 3698 2787 3781 2836; x_wconf 78' lang='lat' dir='ltr'>tum</span> 
     </span>
    </p>
   </div>
   <div class='ocr_carea' id='block_1_60' title="bbox 2220 2870 3784 2952">
    <p class='ocr_par' dir='ltr' id='par_1_60' title="bbox 2220 2870 3784 2952">
     <span class='ocr_line' id='line_1_60' title="bbox 2220 2870 3784 2952; baseline -0.001 -20"><span class='ocrx_word' id='word_1_403' title='bbox 2220 2876 2393 2932; x_wconf 88' lang='lat' dir='ltr'>etiam</span> <span class='ocrx_word' id='word_1_404' title='bbox 2427 2880 2484 2931; x_wconf 90' lang='lat' dir='ltr'>et</span> <span class='ocrx_word' id='word_1_405' title='bbox 2541 2882 2789 2934; x_wconf 90' lang='lat' dir='ltr'>matrem</span> <span class='ocrx_word' id='word_1_406' title='bbox 2851 2880 3035 2952; x_wconf 88' lang='lat' dir='ltr'>patris</span> <span class='ocrx_word' id='word_1_407' title='bbox 3094 2880 3212 2936; x_wconf 89' lang='lat' dir='ltr'>mei</span> <span class='ocrx_word' id='word_1_408' title='bbox 3278 2880 3605 2952; x_wconf 89' lang='lat' dir='ltr'>ponere;ut</span> <span class='ocrx_word' id='word_1_409' title='bbox 3640 2888 3692 2927; x_wconf 80' lang='lat' dir='ltr'>ex</span> <span class='ocrx_word' id='word_1_410' title='bbox 3712 2870 3784 2924; x_wconf 73' lang='lat'>1100</span> 
     </span>
    </p>
   </div>
   <div class='ocr_carea' id='block_1_61' title="bbox 2221 2961 3785 3039">
    <p class='ocr_par' dir='ltr' id='par_1_61' title="bbox 2221 2961 3785 3039">
     <span class='ocr_line' id='line_1_61' title="bbox 2221 2961 3785 3039; baseline -0.004 -20"><span class='ocrx_word' id='word_1_411' title='bbox 2221 2965 2411 3035; x_wconf 90' lang='lat' dir='ltr'>quivis</span> <span class='ocrx_word' id='word_1_412' title='bbox 2433 2964 2758 3039; x_wconf 90' lang='lat' dir='ltr'>intelligere</span> <span class='ocrx_word' id='word_1_413' title='bbox 2788 2967 2994 3038; x_wconf 88' lang='lat' dir='ltr'>valeat,</span> <span class='ocrx_word' id='word_1_414' title='bbox 3048 2984 3142 3023; x_wconf 92' lang='lat' dir='ltr'>me</span> <span class='ocrx_word' id='word_1_415' title='bbox 3196 2985 3314 3023; x_wconf 90' lang='lat' dir='ltr'>non</span> <span class='ocrx_word' id='word_1_416' title='bbox 3368 2969 3582 3021; x_wconf 88' lang='lat' dir='ltr'>tantum</span> <span class='ocrx_word' id='word_1_417' title='bbox 3617 2961 3785 3033; x_wconf 80' lang='lat' dir='ltr'>propter</span> 
     </span>
    </p>
   </div>
   <div class='ocr_carea' id='block_1_62' title="bbox 2222 3045 3785 3128">
    <p class='ocr_par' dir='ltr' id='par_1_62' title="bbox 2222 3045 3785 3128">
     <span class='ocr_line' id='line_1_62' title="bbox 2222 3045 3785 3128; baseline -0.008 -20"><span class='ocrx_word' id='word_1_418' title='bbox 2222 3053 2487 3109; x_wconf 90' lang='lat' dir='ltr'>habitum</span> <span class='ocrx_word' id='word_1_419' title='bbox 2524 3054 2842 3128; x_wconf 75' lang='lat' dir='ltr'>religionis,</span> <span class='ocrx_word' id='word_1_420' title='bbox 2890 3074 3095 3112; x_wconf 89' lang='lat' dir='ltr'>verum</span> <span class='ocrx_word' id='word_1_421' title='bbox 3152 3057 3336 3113; x_wconf 90' lang='lat' dir='ltr'>etiam</span> <span class='ocrx_word' id='word_1_422' title='bbox 3387 3054 3574 3110; x_wconf 89' lang='lat' dir='ltr'>multis</span> <span class='ocrx_word' id='word_1_423' title='bbox 3615 3048 3713 3104; x_wconf 84' lang='lat' dir='ltr'>aliis</span> <span class='ocrx_word' id='word_1_424' title='bbox 3739 3045 3785 3097; x_wconf 85' lang='lat' dir='ltr'>de</span> 
     </span>
    </p>
   </div>
   <div class='ocr_carea' id='block_1_63' title="bbox 2223 3137 3787 3218">
    <p class='ocr_par' dir='ltr' id='par_1_63' title="bbox 2223 3137 3787 3218">
     <span class='ocr_line' id='line_1_63' title="bbox 2223 3137 3787 3218; baseline -0.004 -21"><span class='ocrx_word' id='word_1_425' title='bbox 2223 3144 2440 3210; x_wconf 90' lang='lat' dir='ltr'>causis,</span> <span class='ocrx_word' id='word_1_426' title='bbox 2476 3143 2851 3199; x_wconf 90' lang='lat' dir='ltr'>sanctissimo</span> <span class='ocrx_word' id='word_1_427' title='bbox 2880 3145 3091 3201; x_wconf 87' lang='lat' dir='ltr'>Joanni</span> <span class='ocrx_word' id='word_1_428' title='bbox 3126 3144 3307 3218; x_wconf 88' lang='lat' dir='ltr'>longe</span> <span class='ocrx_word' id='word_1_429' title='bbox 3339 3140 3587 3215; x_wconf 87' lang='lat' dir='ltr'>obligari.</span> <span class='ocrx_word' id='word_1_430' title='bbox 3614 3137 3787 3193; x_wconf 78' lang='lat' dir='ltr'>Matrem</span> 
     </span>
    </p>
   </div>
   <div class='ocr_carea' id='block_1_64' title="bbox 472 3219 3785 3310">
    <p class='ocr_par' dir='ltr' id='par_1_64' title="bbox 472 3219 3785 3310">
     <span class='ocr_line' id='line_1_64' title="bbox 472 3219 3785 3310; baseline 0.005 -24"><span class='ocrx_word' id='word_1_431' title='bbox 472 3231 531 3286; x_wconf 92' lang='lat' dir='ltr'>in</span> <span class='ocrx_word' id='word_1_432' title='bbox 556 3231 894 3301; x_wconf 89' lang='lat' dir='ltr'>hujusmodi</span> <span class='ocrx_word' id='word_1_433' title='bbox 920 3236 1093 3291; x_wconf 90' lang='lat' dir='ltr'>verba</span> <span class='ocrx_word' id='word_1_434' title='bbox 1113 3236 1389 3291; x_wconf 89' lang='lat' dir='ltr'>interalia</span> <span class='ocrx_word' id='word_1_435' title='bbox 1410 3254 1540 3293; x_wconf 86' lang='lat' dir='ltr'>cum</span> <span class='ocrx_word' id='word_1_436' title='bbox 1557 3237 1683 3310; x_wconf 90' lang='lat' dir='ltr'>ipso</span> <span class='ocrx_word' id='word_1_437' title='bbox 1707 3238 1913 3295; x_wconf 92' lang='lat' dir='ltr'>incidi:</span> <span class='ocrx_word' id='word_1_438' title='bbox 1955 3219 2116 3295; x_wconf 73' lang='lat' dir='ltr'>Unde</span> <span class='ocrx_word' id='word_1_439' title='bbox 2146 3219 2188 3286; x_wconf 65' lang='grc' dir='ltr'>(ἶ</span> <span class='ocrx_word' id='word_1_440' title='bbox 2225 3230 2407 3302; x_wconf 80' lang='lat' dir='ltr'>igitur</span> <span class='ocrx_word' id='word_1_441' title='bbox 2426 3232 2607 3304; x_wconf 70' lang='lat' dir='ltr'>Patris</span> <span class='ocrx_word' id='word_1_442' title='bbox 2631 3233 3064 3299; x_wconf 67' lang='lat' dir='ltr'>mei.xantham</span> <span class='ocrx_word' id='word_1_443' title='bbox 3086 3235 3355 3301; x_wconf 58' lang='lat' dir='ltr'>nomine,</span> <span class='ocrx_word' id='word_1_444' title='bbox 3380 3231 3561 3288; x_wconf 70' lang='lat' dir='ltr'>adhuc</span> <span class='ocrx_word' id='word_1_445' title='bbox 3583 3221 3785 3299; x_wconf 66' lang='lat' dir='ltr'>Pueuam’</span> 
     </span>
    </p>
   </div>
   <div class='ocr_carea' id='block_1_65' title="bbox 473 3318 2115 3399">
    <p class='ocr_par' dir='ltr' id='par_1_65' title="bbox 473 3318 2115 3399">
     <span class='ocr_line' id='line_1_65' title="bbox 473 3318 2115 3399; baseline 0.004 -23"><span class='ocrx_word' id='word_1_446' title='bbox 473 3318 756 3386; x_wconf 87' lang='lat' dir='ltr'>Salvator,</span> <span class='ocrx_word' id='word_1_447' title='bbox 788 3325 874 3376; x_wconf 90' lang='lat' dir='ltr'>tot</span> <span class='ocrx_word' id='word_1_448' title='bbox 903 3323 974 3377; x_wconf 88' lang='lat' dir='ltr'>ad</span> <span class='ocrx_word' id='word_1_449' title='bbox 1008 3340 1111 3379; x_wconf 92' lang='lat' dir='ltr'>nos</span> <span class='ocrx_word' id='word_1_450' title='bbox 1141 3326 1212 3380; x_wconf 90' lang='lat' dir='ltr'>de</span> <span class='ocrx_word' id='word_1_451' title='bbox 1243 3325 1350 3380; x_wconf 89' lang='lat' dir='ltr'>hac</span> <span class='ocrx_word' id='word_1_452' title='bbox 1378 3326 1672 3397; x_wconf 88' lang='lat' dir='ltr'>provincia</span> <span class='ocrx_word' id='word_1_453' title='bbox 1701 3328 1889 3399; x_wconf 89' lang='lat' dir='ltr'>magis</span> <span class='ocrx_word' id='word_1_454' title='bbox 1937 3345 2115 3399; x_wconf 90' lang='lat' dir='ltr'>quam</span> 
     </span>
    </p>
   </div>
   <div class='ocr_carea' id='block_1_66' title="bbox 475 3408 2116 3488">
    <p class='ocr_par' dir='ltr' id='par_1_66' title="bbox 475 3408 2116 3488">
     <span class='ocr_line' id='line_1_66' title="bbox 475 3408 2116 3488; baseline 0.004 -24"><span class='ocrx_word' id='word_1_455' title='bbox 475 3409 546 3464; x_wconf 90' lang='lat' dir='ltr'>de</span> <span class='ocrx_word' id='word_1_456' title='bbox 576 3408 706 3465; x_wconf 90' lang='lat' dir='ltr'>aliis</span> <span class='ocrx_word' id='word_1_457' title='bbox 737 3410 1036 3467; x_wconf 89' lang='lat' dir='ltr'>conﬂuunt</span> <span class='ocrx_word' id='word_1_458' title='bbox 1056 3413 1325 3470; x_wconf 90' lang='lat' dir='ltr'>homines</span> <span class='ocrx_word' id='word_1_459' title='bbox 1345 3416 1373 3468; x_wconf 72' lang='grc' dir='ltr'><strong>γ</strong></span> <span class='ocrx_word' id='word_1_460' title='bbox 1394 3415 1619 3485; x_wconf 81' lang='lat' dir='ltr'>Nescio,</span> <span class='ocrx_word' id='word_1_461' title='bbox 1644 3416 1836 3488; x_wconf 89' lang='lat' dir='ltr'>inquit</span> <span class='ocrx_word' id='word_1_462' title='bbox 1857 3417 1969 3487; x_wconf 90' lang='lat' dir='ltr'>ille,</span> <span class='ocrx_word' id='word_1_463' title='bbox 2002 3418 2116 3473; x_wconf 88' lang='lat' dir='ltr'>nisi</span> 
     </span>
    </p>
   </div>
   <div class='ocr_carea' id='block_1_67' title="bbox 472 3497 2117 3576">
    <p class='ocr_par' dir='ltr' id='par_1_67' title="bbox 472 3497 2117 3576">
     <span class='ocr_line' id='line_1_67' title="bbox 472 3497 2117 3576; baseline 0.007 -25"><span class='ocrx_word' id='word_1_464' title='bbox 472 3497 619 3552; x_wconf 88' lang='lat' dir='ltr'>forte</span> <span class='ocrx_word' id='word_1_465' title='bbox 649 3498 785 3569; x_wconf 89' lang='lat' dir='ltr'>quia</span> <span class='ocrx_word' id='word_1_466' title='bbox 814 3499 990 3570; x_wconf 85' lang='lat' dir='ltr'>hujus</span> <span class='ocrx_word' id='word_1_467' title='bbox 1018 3501 1163 3556; x_wconf 66' lang='lat' dir='ltr'>villa;</span> <span class='ocrx_word' id='word_1_468' title='bbox 1198 3504 1385 3576; x_wconf 90' lang='lat' dir='ltr'>magis</span> <span class='ocrx_word' id='word_1_469' title='bbox 1416 3503 1685 3560; x_wconf 88' lang='lat' dir='ltr'>liberales</span> <span class='ocrx_word' id='word_1_470' title='bbox 1714 3510 1768 3560; x_wconf 92' lang='lat' dir='ltr'>et</span> <span class='ocrx_word' id='word_1_471' title='bbox 1793 3506 2117 3562; x_wconf 88' lang='lat' dir='ltr'>securiores</span> 
     </span>
    </p>
   </div>
   <div class='ocr_carea' id='block_1_68' title="bbox 474 3587 2113 3664">
    <p class='ocr_par' dir='ltr' id='par_1_68' title="bbox 474 3587 2113 3664">
     <span class='ocr_line' id='line_1_68' title="bbox 474 3587 2113 3664; baseline 0.006 -25"><span class='ocrx_word' id='word_1_472' title='bbox 474 3587 699 3642; x_wconf 68' lang='lat' dir='ltr'>caeteris</span> <span class='ocrx_word' id='word_1_473' title='bbox 728 3588 986 3644; x_wconf 84' lang='lat' dir='ltr'>existunt</span> <span class='ocrx_word' id='word_1_474' title='bbox 1007 3591 1293 3647; x_wconf 81' lang='lat' dir='ltr'>finitimis.</span> <span class='ocrx_word' id='word_1_475' title='bbox 1326 3593 1473 3647; x_wconf 90' lang='lat' dir='ltr'>Nam</span> <span class='ocrx_word' id='word_1_476' title='bbox 1506 3598 1571 3648; x_wconf 94' lang='lat' dir='ltr'>ut</span> <span class='ocrx_word' id='word_1_477' title='bbox 1589 3598 1795 3649; x_wconf 66' lang='lat' dir='ltr'>caetera</span> <span class='ocrx_word' id='word_1_478' title='bbox 1826 3595 2113 3664; x_wconf 87' lang='lat' dir='ltr'>omittam,</span> 
     </span>
    </p>
   </div>
   <div class='ocr_carea' id='block_1_69' title="bbox 483 3671 2113 3752">
    <p class='ocr_par' dir='ltr' id='par_1_69' title="bbox 483 3671 2113 3752">
     <span class='ocr_line' id='line_1_69' title="bbox 483 3671 2113 3752; baseline 0.006 -24"><span class='ocrx_word' id='word_1_479' title='bbox 483 3671 637 3728; x_wconf 90' lang='lat' dir='ltr'>soliti</span> <span class='ocrx_word' id='word_1_480' title='bbox 669 3680 810 3730; x_wconf 89' lang='lat' dir='ltr'>sunt</span> <span class='ocrx_word' id='word_1_481' title='bbox 840 3676 990 3732; x_wconf 79' lang='lat' dir='ltr'>filias</span> <span class='ocrx_word' id='word_1_482' title='bbox 1022 3695 1181 3745; x_wconf 89' lang='lat' dir='ltr'>suas,</span> <span class='ocrx_word' id='word_1_483' title='bbox 1213 3687 1338 3734; x_wconf 90' lang='lat' dir='ltr'>tum</span> <span class='ocrx_word' id='word_1_484' title='bbox 1372 3681 1596 3752; x_wconf 88' lang='lat' dir='ltr'>puellas</span> <span class='ocrx_word' id='word_1_485' title='bbox 1629 3682 1954 3747; x_wconf 89' lang='lat' dir='ltr'>maritatas,</span> <span class='ocrx_word' id='word_1_486' title='bbox 1987 3687 2113 3737; x_wconf 92' lang='lat' dir='ltr'>tum</span> 
     </span>
    </p>
   </div>
   <div class='ocr_carea' id='block_1_70' title="bbox 480 3762 2113 3841">
    <p class='ocr_par' dir='ltr' id='par_1_70' title="bbox 480 3762 2113 3841">
     <span class='ocr_line' id='line_1_70' title="bbox 480 3762 2113 3841; baseline 0.006 -25"><span class='ocrx_word' id='word_1_487' title='bbox 480 3762 731 3832; x_wconf 91' lang='lat' dir='ltr'>nubiles,</span> <span class='ocrx_word' id='word_1_488' title='bbox 780 3765 909 3821; x_wconf 90' lang='lat' dir='ltr'>sine</span> <span class='ocrx_word' id='word_1_489' title='bbox 956 3768 1167 3823; x_wconf 89' lang='lat' dir='ltr'>comite</span> <span class='ocrx_word' id='word_1_490' title='bbox 1215 3770 1286 3824; x_wconf 92' lang='lat' dir='ltr'>ad</span> <span class='ocrx_word' id='word_1_491' title='bbox 1331 3786 1590 3835; x_wconf 89' lang='lat' dir='ltr'>nemora,</span> <span class='ocrx_word' id='word_1_492' title='bbox 1641 3771 1712 3824; x_wconf 90' lang='lat' dir='ltr'>ad</span> <span class='ocrx_word' id='word_1_493' title='bbox 1774 3787 2008 3841; x_wconf 89' lang='lat' dir='ltr'>pascua,</span> <span class='ocrx_word' id='word_1_494' title='bbox 2042 3771 2113 3825; x_wconf 92' lang='lat' dir='ltr'>ad</span> 
     </span>
    </p>
   </div>
   <div class='ocr_carea' id='block_1_71' title="bbox 472 3853 2113 3931">
    <p class='ocr_par' dir='ltr' id='par_1_71' title="bbox 472 3853 2113 3931">
     <span class='ocr_line' id='line_1_71' title="bbox 472 3853 2113 3931; baseline 0.005 -25"><span class='ocrx_word' id='word_1_495' title='bbox 472 3856 658 3923; x_wconf 87' lang='lat' dir='ltr'>prata,</span> <span class='ocrx_word' id='word_1_496' title='bbox 695 3870 798 3924; x_wconf 93' lang='lat' dir='ltr'>pro</span> <span class='ocrx_word' id='word_1_497' title='bbox 829 3853 1026 3926; x_wconf 86' lang='lat' dir='ltr'>lignis,</span> <span class='ocrx_word' id='word_1_498' title='bbox 1061 3874 1164 3928; x_wconf 91' lang='lat' dir='ltr'>pro</span> <span class='ocrx_word' id='word_1_499' title='bbox 1195 3859 1503 3929; x_wconf 88' lang='lat' dir='ltr'>pascendis</span> <span class='ocrx_word' id='word_1_500' title='bbox 1561 3859 1771 3928; x_wconf 91' lang='lat' dir='ltr'>bobus,</span> <span class='ocrx_word' id='word_1_501' title='bbox 1822 3876 1923 3931; x_wconf 93' lang='lat' dir='ltr'>pro</span> <span class='ocrx_word' id='word_1_502' title='bbox 1962 3861 2113 3929; x_wconf 90' lang='lat' dir='ltr'>feno,</span> 
     </span>
    </p>
   </div>
   <div class='ocr_carea' id='block_1_72' title="bbox 474 3941 2113 4020">
    <p class='ocr_par' dir='ltr' id='par_1_72' title="bbox 474 3941 2113 4020">
     <span class='ocr_line' id='line_1_72' title="bbox 474 3941 2113 4020; baseline 0.005 -26"><span class='ocrx_word' id='word_1_503' title='bbox 474 3957 696 4012; x_wconf 89' lang='lat' dir='ltr'>proque</span> <span class='ocrx_word' id='word_1_504' title='bbox 744 3941 877 3997; x_wconf 86' lang='lat' dir='ltr'>aliis</span> <span class='ocrx_word' id='word_1_505' title='bbox 923 3948 1290 4017; x_wconf 90' lang='lat' dir='ltr'>necessariis,</span> <span class='ocrx_word' id='word_1_506' title='bbox 1352 3948 1557 4019; x_wconf 89' lang='lat' dir='ltr'>quavis</span> <span class='ocrx_word' id='word_1_507' title='bbox 1615 3948 1758 4003; x_wconf 88' lang='lat' dir='ltr'>hora</span> <span class='ocrx_word' id='word_1_508' title='bbox 1814 3950 2113 4020; x_wconf 78' lang='lat' dir='ltr'>[mittere],</span> 
     </span>
    </p>
   </div>
   <div class='ocr_carea' id='block_1_73' title="bbox 473 4028 2118 4109">
    <p class='ocr_par' dir='ltr' id='par_1_73' title="bbox 473 4028 2118 4109">
     <span class='ocr_line' id='line_1_73' title="bbox 473 4028 2118 4109; baseline 0.007 -27"><span class='ocrx_word' id='word_1_509' title='bbox 473 4028 555 4083; x_wconf 90' lang='lat' dir='ltr'>nil</span> <span class='ocrx_word' id='word_1_510' title='bbox 586 4034 870 4097; x_wconf 90' lang='lat' dir='ltr'>verentes,</span> <span class='ocrx_word' id='word_1_511' title='bbox 903 4048 1019 4087; x_wconf 89' lang='lat' dir='ltr'>non</span> <span class='ocrx_word' id='word_1_512' title='bbox 1065 4032 1256 4104; x_wconf 90' lang='lat' dir='ltr'>lupos,</span> <span class='ocrx_word' id='word_1_513' title='bbox 1305 4052 1419 4090; x_wconf 91' lang='lat' dir='ltr'>non</span> <span class='ocrx_word' id='word_1_514' title='bbox 1476 4052 1666 4102; x_wconf 89' lang='lat' dir='ltr'>ursos,</span> <span class='ocrx_word' id='word_1_515' title='bbox 1719 4054 1830 4092; x_wconf 91' lang='lat' dir='ltr'>non</span> <span class='ocrx_word' id='word_1_516' title='bbox 1870 4039 2118 4109; x_wconf 88' lang='lat' dir='ltr'>juvenes</span> 
     </span>
    </p>
   </div>
   <div class='ocr_carea' id='block_1_74' title="bbox 473 4120 2117 4200">
    <p class='ocr_par' dir='ltr' id='par_1_74' title="bbox 473 4120 2117 4200">
     <span class='ocr_line' id='line_1_74' title="bbox 473 4120 2117 4200; baseline 0.005 -26"><span class='ocrx_word' id='word_1_517' title='bbox 473 4134 672 4174; x_wconf 86' lang='lat' dir='ltr'>cereos</span> <span class='ocrx_word' id='word_1_518' title='bbox 694 4121 763 4175; x_wconf 88' lang='lat' dir='ltr'>ad</span> <span class='ocrx_word' id='word_1_519' title='bbox 783 4121 977 4176; x_wconf 86' lang='lat' dir='ltr'>carnis</span> <span class='ocrx_word' id='word_1_520' title='bbox 997 4120 1366 4195; x_wconf 91' lang='lat' dir='ltr'>aliarumque</span> <span class='ocrx_word' id='word_1_521' title='bbox 1380 4124 1667 4180; x_wconf 88' lang='lat' dir='ltr'>malarum</span> <span class='ocrx_word' id='word_1_522' title='bbox 1692 4143 1885 4182; x_wconf 91' lang='lat' dir='ltr'>rerum</span> <span class='ocrx_word' id='word_1_523' title='bbox 1917 4128 2117 4200; x_wconf 88' lang='lat' dir='ltr'>volup-</span> 
     </span>
    </p>
   </div>
   <div class='ocr_carea' id='block_1_75' title="bbox 474 4210 2114 4288">
    <p class='ocr_par' dir='ltr' id='par_1_75' title="bbox 474 4210 2114 4288">
     <span class='ocr_line' id='line_1_75' title="bbox 474 4210 2114 4288; baseline 0.007 -27"><span class='ocrx_word' id='word_1_524' title='bbox 474 4210 663 4263; x_wconf 87' lang='lat' dir='ltr'>tates:</span> <span class='ocrx_word' id='word_1_525' title='bbox 696 4224 762 4263; x_wconf 90' lang='lat' dir='ltr'>eo</span> <span class='ocrx_word' id='word_1_526' title='bbox 794 4210 858 4264; x_wconf 86' lang='lat' dir='ltr'>ﬁt</span> <span class='ocrx_word' id='word_1_527' title='bbox 904 4212 1118 4283; x_wconf 85' lang='lat' dir='ltr'>saepius</span> <span class='ocrx_word' id='word_1_528' title='bbox 1165 4212 1296 4283; x_wconf 75' lang='lat' dir='ltr'>{ut},</span> <span class='ocrx_word' id='word_1_529' title='bbox 1347 4230 1481 4269; x_wconf 91' lang='lat' dir='ltr'>cum</span> <span class='ocrx_word' id='word_1_530' title='bbox 1530 4232 1953 4288; x_wconf 88' lang='lat' dir='ltr'>nonnunquam</span> <span class='ocrx_word' id='word_1_531' title='bbox 1987 4234 2114 4271; x_wconf 86' lang='lat' dir='ltr'>sero</span> 
     </span>
    </p>
   </div>
   <div class='ocr_carea' id='block_1_76' title="bbox 474 4294 2115 4378">
    <p class='ocr_par' dir='ltr' id='par_1_76' title="bbox 474 4294 2115 4378">
     <span class='ocr_line' id='line_1_76' title="bbox 474 4294 2115 4378; baseline 0.008 -29"><span class='ocrx_word' id='word_1_532' title='bbox 474 4294 767 4352; x_wconf 91' lang='lat' dir='ltr'>interdum</span> <span class='ocrx_word' id='word_1_533' title='bbox 828 4316 960 4356; x_wconf 88' lang='lat' dir='ltr'>vero</span> <span class='ocrx_word' id='word_1_534' title='bbox 1009 4301 1262 4358; x_wconf 89' lang='lat' dir='ltr'>obscura</span> <span class='ocrx_word' id='word_1_535' title='bbox 1319 4308 1485 4359; x_wconf 89' lang='lat' dir='ltr'>nocte</span> <span class='ocrx_word' id='word_1_536' title='bbox 1537 4305 1776 4361; x_wconf 90' lang='lat' dir='ltr'>domum</span> <span class='ocrx_word' id='word_1_537' title='bbox 1836 4307 2115 4378; x_wconf 88' lang='lat' dir='ltr'>repedent</span> 
     </span>
    </p>
   </div>
   <div class='ocr_carea' id='block_1_77' title="bbox 473 4386 2116 4467">
    <p class='ocr_par' dir='ltr' id='par_1_77' title="bbox 473 4386 2116 4467">
     <span class='ocr_line' id='line_1_77' title="bbox 473 4386 2116 4467; baseline 0.006 -25"><span class='ocrx_word' id='word_1_538' title='bbox 473 4386 649 4457; x_wconf 88' lang='lat' dir='ltr'>(nosti</span> <span class='ocrx_word' id='word_1_539' title='bbox 680 4388 836 4444; x_wconf 90' lang='lat' dir='ltr'>enim</span> <span class='ocrx_word' id='word_1_540' title='bbox 870 4390 1181 4447; x_wconf 89' lang='lat' dir='ltr'>mulierum</span> <span class='ocrx_word' id='word_1_541' title='bbox 1213 4398 1269 4448; x_wconf 90' lang='lat' dir='ltr'>et</span> <span class='ocrx_word' id='word_1_542' title='bbox 1300 4394 1619 4465; x_wconf 78' lang='lat' dir='ltr'>praesertim</span> <span class='ocrx_word' id='word_1_543' title='bbox 1653 4396 1977 4467; x_wconf 88' lang='lat' dir='ltr'>puellarum</span> <span class='ocrx_word' id='word_1_544' title='bbox 2008 4398 2116 4452; x_wconf 89' lang='lat' dir='ltr'>vir-</span> 
     </span>
    </p>
   </div>
   <div class='ocr_carea' id='block_1_78' title="bbox 472 4476 2112 4557">
    <p class='ocr_par' dir='ltr' id='par_1_78' title="bbox 472 4476 2112 4557">
     <span class='ocr_line' id='line_1_78' title="bbox 472 4476 2112 4557; baseline 0.007 -27"><span class='ocrx_word' id='word_1_545' title='bbox 472 4476 678 4549; x_wconf 87' lang='lat' dir='ltr'>ginum</span> <span class='ocrx_word' id='word_1_546' title='bbox 740 4483 980 4536; x_wconf 90' lang='lat' dir='ltr'>naturas</span> <span class='ocrx_word' id='word_1_547' title='bbox 1029 4480 1171 4537; x_wconf 89' lang='lat' dir='ltr'>adeo</span> <span class='ocrx_word' id='word_1_548' title='bbox 1220 4482 1462 4539; x_wconf 89' lang='lat' dir='ltr'>timidas</span> <span class='ocrx_word' id='word_1_549' title='bbox 1506 4486 1678 4555; x_wconf 90' lang='lat' dir='ltr'>esse),</span> <span class='ocrx_word' id='word_1_550' title='bbox 1745 4484 1790 4540; x_wconf 93' lang='lat' dir='ltr'>si</span> <span class='ocrx_word' id='word_1_551' title='bbox 1855 4486 2112 4557; x_wconf 88' lang='lat' dir='ltr'>arbores,</span> 
     </span>
    </p>
   </div>
   <div class='ocr_carea' id='block_1_79' title="bbox 474 4566 2191 4656">
    <p class='ocr_par' dir='ltr' id='par_1_79' title="bbox 474 4566 2191 4656">
     <span class='ocr_line' id='line_1_79' title="bbox 474 4566 2191 4656; baseline 0.005 -36"><span class='ocrx_word' id='word_1_552' title='bbox 474 4566 769 4636; x_wconf 84' lang='lat' dir='ltr'>foliumve,</span> <span class='ocrx_word' id='word_1_553' title='bbox 794 4568 1093 4640; x_wconf 90' lang='lat' dir='ltr'>plantasve</span> <span class='ocrx_word' id='word_1_554' title='bbox 1115 4572 1370 4627; x_wconf 87' lang='lat' dir='ltr'>novellas</span> <span class='ocrx_word' id='word_1_555' title='bbox 1393 4578 1582 4628; x_wconf 90' lang='lat' dir='ltr'>motas</span> <span class='ocrx_word' id='word_1_556' title='bbox 1603 4578 1793 4639; x_wconf 91' lang='lat' dir='ltr'>vento,</span> <span class='ocrx_word' id='word_1_557' title='bbox 1823 4574 1911 4629; x_wconf 90' lang='lat' dir='ltr'>vel</span> <span class='ocrx_word' id='word_1_558' title='bbox 1939 4591 2115 4647; x_wconf 89' lang='lat' dir='ltr'>parva</span> <span class='ocrx_word' id='word_1_559' title='bbox 2146 4592 2191 4656; x_wconf 70' lang='grc' dir='ltr'>Β</span> 
     </span>
    </p>
   </div>
   <div class='ocr_carea' id='block_1_80' title="bbox 477 4657 2113 4730">
    <p class='ocr_par' dir='ltr' id='par_1_80' title="bbox 477 4657 2113 4730">
     <span class='ocr_line' id='line_1_80' title="bbox 477 4657 2113 4730; baseline 0.005 -19"><span class='ocrx_word' id='word_1_560' title='bbox 477 4657 654 4712; x_wconf 89' lang='lat' dir='ltr'>etiam</span> <span class='ocrx_word' id='word_1_561' title='bbox 678 4674 821 4714; x_wconf 90' lang='lat' dir='ltr'>aura</span> <span class='ocrx_word' id='word_1_562' title='bbox 842 4659 1312 4730; x_wconf 87' lang='lat' dir='ltr'>ﬂante,viderint,</span> <span class='ocrx_word' id='word_1_563' title='bbox 1330 4661 1482 4718; x_wconf 91' lang='lat' dir='ltr'>illico</span> <span class='ocrx_word' id='word_1_564' title='bbox 1498 4668 1651 4719; x_wconf 91' lang='lat' dir='ltr'>retro</span> <span class='ocrx_word' id='word_1_565' title='bbox 1674 4667 1831 4718; x_wconf 88' lang='lat' dir='ltr'>metu</span> <span class='ocrx_word' id='word_1_566' title='bbox 1856 4665 2113 4719; x_wconf 90' lang='lat' dir='ltr'>redeant.</span> 
     </span>
    </p>
   </div>
   <div class='ocr_carea' id='block_1_81' title="bbox 476 4746 2122 4825">
    <p class='ocr_par' dir='ltr' id='par_1_81' title="bbox 476 4746 2122 4825">
     <span class='ocr_line' id='line_1_81' title="bbox 476 4746 2122 4825; baseline 0.004 -23"><span class='ocrx_word' id='word_1_567' title='bbox 476 4746 580 4801; x_wconf 88' lang='lat' dir='ltr'>Cui</span> <span class='ocrx_word' id='word_1_568' title='bbox 604 4763 708 4820; x_wconf 88' lang='lat' dir='ltr'>ego</span> <span class='ocrx_word' id='word_1_569' title='bbox 739 4748 981 4806; x_wconf 91' lang='lat' dir='ltr'>:Multas</span> <span class='ocrx_word' id='word_1_570' title='bbox 1003 4755 1199 4806; x_wconf 89' lang='lat' dir='ltr'>tamen</span> <span class='ocrx_word' id='word_1_571' title='bbox 1215 4752 1522 4808; x_wconf 66' lang='lat' dir='ltr'>admmone</span> <span class='ocrx_word' id='word_1_572' title='bbox 1544 4758 1741 4825; x_wconf 90' lang='lat' dir='ltr'>captas</span> <span class='ocrx_word' id='word_1_573' title='bbox 1767 4752 2122 4810; x_wconf 89' lang='lat' dir='ltr'>bucvenisse</span> 
     </span>
    </p>
   </div>
   <div class='ocr_carea' id='block_1_82' title="bbox 474 4837 2120 4913">
    <p class='ocr_par' dir='ltr' id='par_1_82' title="bbox 474 4837 2120 4913">
     <span class='ocr_line' id='line_1_82' title="bbox 474 4837 2120 4913; baseline 0.004 -22"><span class='ocrx_word' id='word_1_574' title='bbox 474 4837 591 4892; x_wconf 90' lang='lat' dir='ltr'>vidi</span> <span class='ocrx_word' id='word_1_575' title='bbox 620 4844 675 4893; x_wconf 91' lang='lat' dir='ltr'>et</span> <span class='ocrx_word' id='word_1_576' title='bbox 697 4839 912 4894; x_wconf 91' lang='lat' dir='ltr'>audivi.</span> <span class='ocrx_word' id='word_1_577' title='bbox 938 4841 1144 4908; x_wconf 89' lang='lat' dir='ltr'>ltaest,</span> <span class='ocrx_word' id='word_1_578' title='bbox 1171 4842 1364 4913; x_wconf 88' lang='lat' dir='ltr'>inquit</span> <span class='ocrx_word' id='word_1_579' title='bbox 1385 4841 1483 4897; x_wconf 89' lang='lat' dir='ltr'>ille</span> <span class='ocrx_word' id='word_1_580' title='bbox 1517 4860 1529 4897; x_wconf 95' lang='lat'>:</span> <span class='ocrx_word' id='word_1_581' title='bbox 1564 4843 1625 4896; x_wconf 80' lang='lat' dir='ltr'>fit</span> <span class='ocrx_word' id='word_1_582' title='bbox 1658 4842 1813 4897; x_wconf 90' lang='lat' dir='ltr'>enim</span> <span class='ocrx_word' id='word_1_583' title='bbox 1848 4859 2120 4898; x_wconf 90' lang='lat' dir='ltr'>nonnun-</span> 
     </span>
    </p>
   </div>
   <div class='ocr_carea' id='block_1_83' title="bbox 474 4927 2119 5003">
    <p class='ocr_par' dir='ltr' id='par_1_83' title="bbox 474 4927 2119 5003">
     <span class='ocr_line' id='line_1_83' title="bbox 474 4927 2119 5003; baseline 0.002 -22"><span class='ocrx_word' id='word_1_584' title='bbox 474 4942 649 4997; x_wconf 91' lang='lat' dir='ltr'>quam</span> <span class='ocrx_word' id='word_1_585' title='bbox 682 4934 803 4983; x_wconf 89' lang='lat' dir='ltr'>arte</span> <span class='ocrx_word' id='word_1_586' title='bbox 833 4927 1069 4999; x_wconf 86' lang='lat' dir='ltr'>diaboli,</span> <span class='ocrx_word' id='word_1_587' title='bbox 1102 4930 1210 5000; x_wconf 90' lang='lat' dir='ltr'>[ut]</span> <span class='ocrx_word' id='word_1_588' title='bbox 1243 4935 1374 5001; x_wconf 90' lang='lat' dir='ltr'>post</span> <span class='ocrx_word' id='word_1_589' title='bbox 1420 4935 1644 4986; x_wconf 89' lang='lat' dir='ltr'>metum</span> <span class='ocrx_word' id='word_1_590' title='bbox 1696 4935 1976 5003; x_wconf 89' lang='lat' dir='ltr'>sequatur</span> <span class='ocrx_word' id='word_1_591' title='bbox 2020 4948 2119 4987; x_wconf 91' lang='lat' dir='ltr'>eos</span> 
     </span>
    </p>
   </div>
   <div class='ocr_carea' id='block_1_84' title="bbox 470 5014 2119 5092">
    <p class='ocr_par' dir='ltr' id='par_1_84' title="bbox 470 5014 2119 5092">
     <span class='ocr_line' id='line_1_84' title="bbox 470 5014 2119 5092; baseline 0.004 -22"><span class='ocrx_word' id='word_1_592' title='bbox 470 5016 828 5089; x_wconf 68' lang='lat' dir='ltr'>praecipuein</span> <span class='ocrx_word' id='word_1_593' title='bbox 842 5018 1143 5073; x_wconf 90' lang='lat' dir='ltr'>mulierem</span> <span class='ocrx_word' id='word_1_594' title='bbox 1158 5018 1389 5073; x_wconf 90' lang='lat' dir='ltr'>.Verum</span> <span class='ocrx_word' id='word_1_595' title='bbox 1406 5037 1478 5091; x_wconf 93' lang='lat' dir='ltr'>qu</span> <span class='ocrx_word' id='word_1_596' title='bbox 1489 5014 1786 5092; x_wconf 88' lang='lat' dir='ltr'>amplures</span> <span class='ocrx_word' id='word_1_597' title='bbox 1799 5019 2119 5076; x_wconf 70' lang='lat' dir='ltr'>semifatua:</span> 
     </span>
    </p>
   </div>
   <div class='ocr_carea' id='block_1_85' title="bbox 470 5103 2115 5179">
    <p class='ocr_par' dir='ltr' id='par_1_85' title="bbox 470 5103 2115 5179">
     <span class='ocr_line' id='line_1_85' title="bbox 470 5103 2115 5179; baseline 0.004 -22"><span class='ocrx_word' id='word_1_598' title='bbox 470 5103 557 5159; x_wconf 92' lang='lat' dir='ltr'>vel</span> <span class='ocrx_word' id='word_1_599' title='bbox 592 5104 704 5160; x_wconf 90' lang='lat' dir='ltr'>alio</span> <span class='ocrx_word' id='word_1_600' title='bbox 736 5107 938 5162; x_wconf 91' lang='lat' dir='ltr'>morbo</span> <span class='ocrx_word' id='word_1_601' title='bbox 971 5106 1244 5179; x_wconf 67' lang='lat' dir='ltr'>fatigatze,</span> <span class='ocrx_word' id='word_1_602' title='bbox 1278 5106 1422 5161; x_wconf 90' lang='lat' dir='ltr'>illud</span> <span class='ocrx_word' id='word_1_603' title='bbox 1475 5113 1741 5163; x_wconf 89' lang='lat' dir='ltr'>nostrum</span> <span class='ocrx_word' id='word_1_604' title='bbox 1789 5111 1844 5163; x_wconf 89' lang='lat' dir='ltr'>S.</span> <span class='ocrx_word' id='word_1_605' title='bbox 1901 5108 2115 5175; x_wconf 63' lang='lat' dir='ltr'>Mariae,</span> 
     </span>
    </p>
   </div>
   <div class='ocr_carea' id='block_1_86' title="bbox 472 5195 1832 5268">
    <p class='ocr_par' dir='ltr' id='par_1_86' title="bbox 472 5195 1832 5268">
     <span class='ocr_line' id='line_1_86' title="bbox 472 5195 1832 5268; baseline 0.002 -19"><span class='ocrx_word' id='word_1_606' title='bbox 472 5200 537 5250; x_wconf 86' lang='lat' dir='ltr'>ut</span> <span class='ocrx_word' id='word_1_607' title='bbox 561 5201 686 5252; x_wconf 84' lang='lat' dir='ltr'>tute</span> <span class='ocrx_word' id='word_1_608' title='bbox 711 5197 837 5268; x_wconf 88' lang='lat' dir='ltr'>ipse</span> <span class='ocrx_word' id='word_1_609' title='bbox 866 5197 1004 5262; x_wconf 87' lang='lat' dir='ltr'>scis,</span> <span class='ocrx_word' id='word_1_610' title='bbox 1040 5195 1356 5267; x_wconf 67' lang='lat' dir='ltr'>quaesivere</span> <span class='ocrx_word' id='word_1_611' title='bbox 1388 5199 1832 5252; x_wconf 87' lang='lat' dir='ltr'>monasterium.</span> 
     </span>
    </p>
   </div>
   <div class='ocr_carea' id='block_1_87' title="bbox 542 5285 2116 5354">
    <p class='ocr_par' dir='ltr' id='par_1_87' title="bbox 542 5285 2116 5354">
     <span class='ocr_line' id='line_1_87' title="bbox 542 5285 2116 5354; baseline 0.002 -16"><span class='ocrx_word' id='word_1_612' title='bbox 542 5287 666 5340; x_wconf 87' lang='lat'>219.</span> <span class='ocrx_word' id='word_1_613' title='bbox 702 5287 793 5343; x_wconf 84' lang='lat' dir='ltr'>Ad</span> <span class='ocrx_word' id='word_1_614' title='bbox 837 5286 946 5341; x_wconf 89' lang='lat' dir='ltr'>hoc</span> <span class='ocrx_word' id='word_1_615' title='bbox 991 5286 1109 5340; x_wconf 65' lang='lat' dir='ltr'>haec</span> <span class='ocrx_word' id='word_1_616' title='bbox 1160 5285 1336 5341; x_wconf 88' lang='lat' dir='ltr'>etiam</span> <span class='ocrx_word' id='word_1_617' title='bbox 1379 5286 1615 5341; x_wconf 90' lang='lat' dir='ltr'>addidi:</span> <span class='ocrx_word' id='word_1_618' title='bbox 1649 5288 1775 5342; x_wconf 88' lang='lat' dir='ltr'>Mea</span> <span class='ocrx_word' id='word_1_619' title='bbox 1806 5286 2116 5354; x_wconf 88' lang='lat' dir='ltr'>sententia,</span> 
     </span>
    </p>
   </div>
   <div class='ocr_carea' id='block_1_88' title="bbox 547 5426 2121 5498">
    <p class='ocr_par' dir='ltr' id='par_1_88' title="bbox 547 5426 2121 5498">
     <span class='ocr_line' id='line_1_88' title="bbox 547 5426 2121 5498; baseline 0.002 -18"><span class='ocrx_word' id='word_1_620' title='bbox 547 5426 695 5498; x_wconf 80' lang='lat'>(188)</span> <span class='ocrx_word' id='word_1_621' title='bbox 712 5428 972 5485; x_wconf 88' lang='lat' dir='ltr'>Vitiosus</span> <span class='ocrx_word' id='word_1_622' title='bbox 985 5428 1726 5484; x_wconf 58' lang='lat' dir='ltr'>etobscurussensusA’ult</span> <span class='ocrx_word' id='word_1_623' title='bbox 1741 5433 1958 5485; x_wconf 88' lang='lat' dir='ltr'>Auctor</span> <span class='ocrx_word' id='word_1_624' title='bbox 1974 5428 2121 5483; x_wconf 82' lang='lat' dir='ltr'>indi-</span> 
     </span>
    </p>
   </div>
   <div class='ocr_carea' id='block_1_89' title="bbox 472 5501 2117 5572">
    <p class='ocr_par' dir='ltr' id='par_1_89' title="bbox 472 5501 2117 5572">
     <span class='ocr_line' id='line_1_89' title="bbox 472 5501 2117 5572; baseline 0.002 -21"><span class='ocrx_word' id='word_1_625' title='bbox 472 5513 622 5566; x_wconf 88' lang='lat' dir='ltr'>care,</span> <span class='ocrx_word' id='word_1_626' title='bbox 657 5505 915 5571; x_wconf 89' lang='lat' dir='ltr'>tempore</span> <span class='ocrx_word' id='word_1_627' title='bbox 945 5501 1205 5572; x_wconf 86' lang='lat' dir='ltr'>quinque</span> <span class='ocrx_word' id='word_1_628' title='bbox 1250 5516 1538 5555; x_wconf 83' lang='lat' dir='ltr'>annorum</span> <span class='ocrx_word' id='word_1_629' title='bbox 1601 5501 1890 5556; x_wconf 88' lang='lat' dir='ltr'>neminem</span> <span class='ocrx_word' id='word_1_630' title='bbox 1950 5518 2019 5556; x_wconf 85' lang='lat' dir='ltr'>ex</span> <span class='ocrx_word' id='word_1_631' title='bbox 2051 5517 2117 5555; x_wconf 90' lang='lat' dir='ltr'>eo</span> 
     </span>
    </p>
   </div>
   <div class='ocr_carea' id='block_1_90' title="bbox 470 5572 2115 5642">
    <p class='ocr_par' dir='ltr' id='par_1_90' title="bbox 470 5572 2115 5642">
     <span class='ocr_line' id='line_1_90' title="bbox 470 5572 2115 5642; baseline 0.002 -18"><span class='ocrx_word' id='word_1_632' title='bbox 470 5586 609 5642; x_wconf 74' lang='lat' dir='ltr'>agro</span> <span class='ocrx_word' id='word_1_633' title='bbox 633 5588 665 5625; x_wconf 92' lang='lat' dir='ltr'>a</span> <span class='ocrx_word' id='word_1_634' title='bbox 690 5572 952 5627; x_wconf 71' lang='lat' dir='ltr'>daamone</span> <span class='ocrx_word' id='word_1_635' title='bbox 974 5589 1333 5642; x_wconf 87' lang='lat' dir='ltr'>possessum,</span> <span class='ocrx_word' id='word_1_636' title='bbox 1350 5577 1451 5627; x_wconf 90' lang='lat' dir='ltr'>aut</span> <span class='ocrx_word' id='word_1_637' title='bbox 1472 5572 1585 5627; x_wconf 87' lang='lat' dir='ltr'>alio</span> <span class='ocrx_word' id='word_1_638' title='bbox 1606 5574 1806 5627; x_wconf 89' lang='lat' dir='ltr'>morbo</span> <span class='ocrx_word' id='word_1_639' title='bbox 1832 5574 2115 5627; x_wconf 78' lang='lat' dir='ltr'>afflictum</span> 
     </span>
    </p>
   </div>
   <div class='ocr_carea' id='block_1_91' title="bbox 466 5641 2116 5702">
    <p class='ocr_par' dir='ltr' id='par_1_91' title="bbox 466 5641 2116 5702">
     <span class='ocr_line' id='line_1_91' title="bbox 466 5641 2116 5702; baseline 0.001 -5"><span class='ocrx_word' id='word_1_640' title='bbox 466 5641 692 5698; x_wconf 30' lang='lat' dir='ltr'>V’allem</span> <span class='ocrx_word' id='word_1_641' title='bbox 720 5641 1067 5698; x_wconf 83' lang='lat' dir='ltr'>Umbrosam</span> <span class='ocrx_word' id='word_1_642' title='bbox 1101 5644 1258 5698; x_wconf 90' lang='lat' dir='ltr'>adire</span> <span class='ocrx_word' id='word_1_643' title='bbox 1280 5645 1575 5702; x_wconf 88' lang='lat' dir='ltr'>debuisse.</span> <span class='ocrx_word' id='word_1_644' title='bbox 1602 5643 1804 5700; x_wconf 90' lang='lat' dir='ltr'>Plures</span> <span class='ocrx_word' id='word_1_645' title='bbox 1821 5645 2116 5701; x_wconf 89' lang='lat' dir='ltr'>habetsen</span> 
     </span>
    </p>
   </div>
   <div class='ocr_carea' id='block_1_92' title="bbox 2225 3318 3787 3406">
    <p class='ocr_par' dir='ltr' id='par_1_92' title="bbox 2225 3318 3787 3406">
     <span class='ocr_line' id='line_1_92' title="bbox 2225 3318 3787 3406; baseline 0.013 -34"><span class='ocrx_word' id='word_1_646' title='bbox 2225 3319 2467 3391; x_wconf 88' lang='lat' dir='ltr'>quidam</span> <span class='ocrx_word' id='word_1_647' title='bbox 2492 3322 2731 3377; x_wconf 80' lang='lat' dir='ltr'>furcifer</span> <span class='ocrx_word' id='word_1_648' title='bbox 2758 3328 2816 3378; x_wconf 91' lang='lat' dir='ltr'>et</span> <span class='ocrx_word' id='word_1_649' title='bbox 2837 3323 3236 3395; x_wconf 81' lang='lat' dir='ltr'>iniquissimae</span> <span class='ocrx_word' id='word_1_650' title='bbox 3266 3324 3396 3379; x_wconf 72' lang='lat' dir='ltr'>vita:</span> <span class='ocrx_word' id='word_1_651' title='bbox 3427 3318 3677 3393; x_wconf 60' lang='grc' dir='ltr'>Ρτθεδϊίθτ</span> <span class='ocrx_word' id='word_1_652' title='bbox 3700 3324 3787 3406; x_wconf 39' lang='grc' dir='ltr'>φ’</span> 
     </span>
    </p>
   </div>
   <div class='ocr_carea' id='block_1_93' title="bbox 2225 3395 3791 3480">
    <p class='ocr_par' dir='ltr' id='par_1_93' title="bbox 2225 3395 3791 3480">
     <span class='ocr_line' id='line_1_93' title="bbox 2225 3395 3791 3480; baseline -0.006 -18"><span class='ocrx_word' id='word_1_653' title='bbox 2225 3408 2336 3480; x_wconf 91' lang='lat' dir='ltr'>giis</span> <span class='ocrx_word' id='word_1_654' title='bbox 2363 3414 2418 3464; x_wconf 91' lang='lat' dir='ltr'>et</span> <span class='ocrx_word' id='word_1_655' title='bbox 2444 3409 2943 3468; x_wconf 89' lang='lat' dir='ltr'>incantationibus</span> <span class='ocrx_word' id='word_1_656' title='bbox 2969 3429 3037 3468; x_wconf 85' lang='lat' dir='ltr'>ex</span> <span class='ocrx_word' id='word_1_657' title='bbox 3059 3412 3330 3469; x_wconf 85' lang='lat' dir='ltr'>formosa</span> <span class='ocrx_word' id='word_1_658' title='bbox 3358 3415 3415 3466; x_wconf 90' lang='lat' dir='ltr'>et</span> <span class='ocrx_word' id='word_1_659' title='bbox 3442 3420 3650 3479; x_wconf 88' lang='lat' dir='ltr'>corpore</span> <span class='ocrx_word' id='word_1_660' title='bbox 3662 3395 3791 3456; x_wconf 82' lang='lat' dir='ltr'>solido</span> 
     </span>
    </p>
   </div>
   <div class='ocr_carea' id='block_1_94' title="bbox 2225 3497 3785 3569">
    <p class='ocr_par' dir='ltr' id='par_1_94' title="bbox 2225 3497 3785 3569">
     <span class='ocr_line' id='line_1_94' title="bbox 2225 3497 3785 3569; baseline -0.001 -18"><span class='ocrx_word' id='word_1_661' title='bbox 2225 3502 2281 3552; x_wconf 90' lang='lat' dir='ltr'>et</span> <span class='ocrx_word' id='word_1_662' title='bbox 2307 3498 2464 3552; x_wconf 91' lang='lat' dir='ltr'>succi</span> <span class='ocrx_word' id='word_1_663' title='bbox 2488 3498 2681 3569; x_wconf 91' lang='lat' dir='ltr'>pleno,</span> <span class='ocrx_word' id='word_1_664' title='bbox 2707 3501 2848 3555; x_wconf 91' lang='lat' dir='ltr'>adeo</span> <span class='ocrx_word' id='word_1_665' title='bbox 2868 3501 3081 3556; x_wconf 90' lang='lat' dir='ltr'>vietam</span> <span class='ocrx_word' id='word_1_666' title='bbox 3102 3506 3165 3556; x_wconf 88' lang='lat' dir='ltr'>et</span> <span class='ocrx_word' id='word_1_667' title='bbox 3186 3506 3549 3557; x_wconf 87' lang='lat' dir='ltr'>veternosam</span> <span class='ocrx_word' id='word_1_668' title='bbox 3575 3497 3623 3549; x_wconf 83' lang='lat' dir='ltr'>et</span> <span class='ocrx_word' id='word_1_669' title='bbox 3638 3498 3785 3560; x_wconf 68' lang='grc' dir='ltr'>εεετεω</span> 
     </span>
    </p>
   </div>
   <div class='ocr_carea' id='block_1_95' title="bbox 2226 3583 3789 3663">
    <p class='ocr_par' dir='ltr' id='par_1_95' title="bbox 2226 3583 3789 3663">
     <span class='ocr_line' id='line_1_95' title="bbox 2226 3583 3789 3663; baseline -0.006 -23"><span class='ocrx_word' id='word_1_670' title='bbox 2226 3588 2281 3640; x_wconf 89' lang='lat' dir='ltr'>et</span> <span class='ocrx_word' id='word_1_671' title='bbox 2312 3586 2642 3658; x_wconf 88' lang='lat' dir='ltr'>squalidam</span> <span class='ocrx_word' id='word_1_672' title='bbox 2662 3589 2935 3659; x_wconf 90' lang='lat' dir='ltr'>reddidit,</span> <span class='ocrx_word' id='word_1_673' title='bbox 2969 3593 3033 3645; x_wconf 89' lang='lat' dir='ltr'>ut</span> <span class='ocrx_word' id='word_1_674' title='bbox 3062 3589 3330 3663; x_wconf 79' lang='lat' dir='ltr'>efﬁgiem</span> <span class='ocrx_word' id='word_1_675' title='bbox 3364 3583 3603 3658; x_wconf 88' lang='lat' dir='ltr'>corporis</span> <span class='ocrx_word' id='word_1_676' title='bbox 3629 3595 3704 3634; x_wconf 90' lang='lat' dir='ltr'>seu</span> <span class='ocrx_word' id='word_1_677' title='bbox 3727 3589 3789 3645; x_wconf 88' lang='lat' dir='ltr'>po-</span> 
     </span>
    </p>
   </div>
   <div class='ocr_carea' id='block_1_96' title="bbox 2224 3666 3790 3751">
    <p class='ocr_par' dir='ltr' id='par_1_96' title="bbox 2224 3666 3790 3751">
     <span class='ocr_line' id='line_1_96' title="bbox 2224 3666 3790 3751; baseline -0.005 -23"><span class='ocrx_word' id='word_1_678' title='bbox 2224 3674 2344 3730; x_wconf 90' lang='lat' dir='ltr'>tius</span> <span class='ocrx_word' id='word_1_679' title='bbox 2373 3677 2667 3746; x_wconf 90' lang='lat' dir='ltr'>umbram,</span> <span class='ocrx_word' id='word_1_680' title='bbox 2694 3695 2806 3733; x_wconf 88' lang='lat' dir='ltr'>non</span> <span class='ocrx_word' id='word_1_681' title='bbox 2832 3694 3044 3751; x_wconf 90' lang='lat' dir='ltr'>corpus</span> <span class='ocrx_word' id='word_1_682' title='bbox 3068 3678 3354 3747; x_wconf 88' lang='lat' dir='ltr'>dixisses,</span> <span class='ocrx_word' id='word_1_683' title='bbox 3381 3681 3456 3743; x_wconf 84' lang='lat' dir='ltr'>et,</span> <span class='ocrx_word' id='word_1_684' title='bbox 3481 3689 3601 3730; x_wconf 88' lang='lat' dir='ltr'>cum</span> <span class='ocrx_word' id='word_1_685' title='bbox 3618 3666 3690 3723; x_wconf 79' lang='lat' dir='ltr'>vix</span> <span class='ocrx_word' id='word_1_686' title='bbox 3704 3675 3790 3717; x_wconf 71' lang='lat' dir='ltr'>ossa</span> 
     </span>
    </p>
   </div>
   <div class='ocr_carea' id='block_1_97' title="bbox 2225 3760 3791 3837">
    <p class='ocr_par' dir='ltr' id='par_1_97' title="bbox 2225 3760 3791 3837">
     <span class='ocr_line' id='line_1_97' title="bbox 2225 3760 3791 3837; baseline -0.004 -19"><span class='ocrx_word' id='word_1_687' title='bbox 2225 3763 2458 3819; x_wconf 90' lang='lat' dir='ltr'>ossibus</span> <span class='ocrx_word' id='word_1_688' title='bbox 2490 3766 2794 3834; x_wconf 70' lang='lat' dir='ltr'>haererent,</span> <span class='ocrx_word' id='word_1_689' title='bbox 2846 3772 2903 3822; x_wconf 88' lang='lat' dir='ltr'>et</span> <span class='ocrx_word' id='word_1_690' title='bbox 2932 3766 3057 3822; x_wconf 90' lang='lat' dir='ltr'>suis</span> <span class='ocrx_word' id='word_1_691' title='bbox 3109 3784 3177 3823; x_wconf 89' lang='lat' dir='ltr'>se</span> <span class='ocrx_word' id='word_1_692' title='bbox 3229 3767 3493 3837; x_wconf 87' lang='lat' dir='ltr'>vestigiis</span> <span class='ocrx_word' id='word_1_693' title='bbox 3539 3760 3681 3817; x_wconf 89' lang='lat' dir='ltr'>etiam</span> <span class='ocrx_word' id='word_1_694' title='bbox 3702 3764 3791 3806; x_wconf 77' lang='lat' dir='ltr'>cum</span> 
     </span>
    </p>
   </div>
   <div class='ocr_carea' id='block_1_98' title="bbox 2225 3842 3790 3921">
    <p class='ocr_par' dir='ltr' id='par_1_98' title="bbox 2225 3842 3790 3921">
     <span class='ocr_line' id='line_1_98' title="bbox 2225 3842 3790 3921; baseline -0.004 -15"><span class='ocrx_word' id='word_1_695' title='bbox 2225 3852 2434 3907; x_wconf 89' lang='lat' dir='ltr'>bacillo</span> <span class='ocrx_word' id='word_1_696' title='bbox 2467 3853 2623 3909; x_wconf 90' lang='lat' dir='ltr'>haud</span> <span class='ocrx_word' id='word_1_697' title='bbox 2656 3855 2906 3921; x_wconf 87' lang='lat' dir='ltr'>sisteret,</span> <span class='ocrx_word' id='word_1_698' title='bbox 2940 3856 3087 3911; x_wconf 88' lang='lat' dir='ltr'>lecto</span> <span class='ocrx_word' id='word_1_699' title='bbox 3120 3856 3300 3912; x_wconf 91' lang='lat' dir='ltr'>humi</span> <span class='ocrx_word' id='word_1_700' title='bbox 3334 3858 3514 3911; x_wconf 88' lang='lat' dir='ltr'>strato</span> <span class='ocrx_word' id='word_1_701' title='bbox 3534 3842 3790 3906; x_wconf 67' lang='lat' dir='ltr'>decumbere</span> 
     </span>
    </p>
   </div>
   <div class='ocr_carea' id='block_1_99' title="bbox 2225 3937 3798 4015">
    <p class='ocr_par' dir='ltr' id='par_1_99' title="bbox 2225 3937 3798 4015">
     <span class='ocr_line' id='line_1_99' title="bbox 2225 3937 3798 4015; baseline -0.006 -18"><span class='ocrx_word' id='word_1_702' title='bbox 2225 3941 2593 4015; x_wconf 63' lang='lat' dir='ltr'>[cogeretur].</span> <span class='ocrx_word' id='word_1_703' title='bbox 2628 3944 2714 3998; x_wconf 86' lang='lat' dir='ltr'>Ad</span> <span class='ocrx_word' id='word_1_704' title='bbox 2748 3961 2925 4015; x_wconf 89' lang='lat' dir='ltr'>quam</span> <span class='ocrx_word' id='word_1_705' title='bbox 2956 3945 3273 4001; x_wconf 86' lang='lat' dir='ltr'>visendam</span> <span class='ocrx_word' id='word_1_706' title='bbox 3306 3942 3478 4000; x_wconf 90' lang='lat' dir='ltr'>multi</span> <span class='ocrx_word' id='word_1_707' title='bbox 3529 3937 3798 4005; x_wconf 68' lang='lat' dir='ltr'>undiqueel</span> 
     </span>
    </p>
   </div>
   <div class='ocr_carea' id='block_1_100' title="bbox 2224 4019 3798 4101">
    <p class='ocr_par' dir='ltr' id='par_1_100' title="bbox 2224 4019 3798 4101">
     <span class='ocr_line' id='line_1_100' title="bbox 2224 4019 3798 4101; baseline -0.009 -13"><span class='ocrx_word' id='word_1_708' title='bbox 2224 4029 2440 4101; x_wconf 80' lang='lat' dir='ltr'>populo</span> <span class='ocrx_word' id='word_1_709' title='bbox 2471 4032 2893 4089; x_wconf 89' lang='lat' dir='ltr'>convolarunt:</span> <span class='ocrx_word' id='word_1_710' title='bbox 2929 4050 3062 4089; x_wconf 90' lang='lat' dir='ltr'>nam</span> <span class='ocrx_word' id='word_1_711' title='bbox 3096 4033 3474 4090; x_wconf 87' lang='lat' dir='ltr'>horrendum</span> <span class='ocrx_word' id='word_1_712' title='bbox 3505 4031 3569 4085; x_wconf 88' lang='lat' dir='ltr'>de</span> <span class='ocrx_word' id='word_1_713' title='bbox 3595 4042 3645 4081; x_wconf 88' lang='lat' dir='ltr'>se</span> <span class='ocrx_word' id='word_1_714' title='bbox 3668 4019 3798 4077; x_wconf 55' lang='lat' dir='ltr'>triste</span> 
     </span>
    </p>
   </div>
   <div class='ocr_carea' id='block_1_101' title="bbox 2225 4117 3800 4197">
    <p class='ocr_par' dir='ltr' id='par_1_101' title="bbox 2225 4117 3800 4197">
     <span class='ocr_line' id='line_1_101' title="bbox 2225 4117 3800 4197; baseline 0.002 -25"><span class='ocrx_word' id='word_1_715' title='bbox 2225 4132 2339 4187; x_wconf 91' lang='lat' dir='ltr'>que</span> <span class='ocrx_word' id='word_1_716' title='bbox 2369 4119 2542 4174; x_wconf 89' lang='lat' dir='ltr'>etiam</span> <span class='ocrx_word' id='word_1_717' title='bbox 2573 4120 2688 4176; x_wconf 92' lang='lat' dir='ltr'>sibi</span> <span class='ocrx_word' id='word_1_718' title='bbox 2720 4121 2967 4177; x_wconf 90' lang='lat' dir='ltr'>infensis</span> <span class='ocrx_word' id='word_1_719' title='bbox 2996 4122 3415 4193; x_wconf 89' lang='lat' dir='ltr'>spectaculum</span> <span class='ocrx_word' id='word_1_720' title='bbox 3443 4117 3700 4194; x_wconf 69' lang='lat' dir='ltr'>praebere;</span> <span class='ocrx_word' id='word_1_721' title='bbox 3736 4120 3800 4197; x_wconf 52' lang='grc' dir='ltr'>νς·</span> 
     </span>
    </p>
   </div>
   <div class='ocr_carea' id='block_1_102' title="bbox 2226 4197 3800 4281">
    <p class='ocr_par' dir='ltr' id='par_1_102' title="bbox 2226 4197 3800 4281">
     <span class='ocr_line' id='line_1_102' title="bbox 2226 4197 3800 4281; baseline -0.008 -23"><span class='ocrx_word' id='word_1_722' title='bbox 2226 4221 2358 4259; x_wconf 91' lang='lat' dir='ltr'>rum</span> <span class='ocrx_word' id='word_1_723' title='bbox 2386 4222 2542 4275; x_wconf 93' lang='lat' dir='ltr'>cum,</span> <span class='ocrx_word' id='word_1_724' title='bbox 2574 4209 2673 4279; x_wconf 92' lang='lat' dir='ltr'>qui</span> <span class='ocrx_word' id='word_1_725' title='bbox 2705 4210 2967 4277; x_wconf 89' lang='lat' dir='ltr'>aderant,</span> <span class='ocrx_word' id='word_1_726' title='bbox 3001 4208 3113 4265; x_wconf 92' lang='lat' dir='ltr'>sibi</span> <span class='ocrx_word' id='word_1_727' title='bbox 3147 4226 3329 4281; x_wconf 91' lang='lat' dir='ltr'>opem</span> <span class='ocrx_word' id='word_1_728' title='bbox 3380 4211 3538 4263; x_wconf 89' lang='lat' dir='ltr'>tanto</span> <span class='ocrx_word' id='word_1_729' title='bbox 3580 4203 3630 4257; x_wconf 90' lang='lat' dir='ltr'>in</span> <span class='ocrx_word' id='word_1_730' title='bbox 3655 4197 3800 4253; x_wconf 63' lang='grc' dir='ltr'>ὀίεαι-ιο</span> 
     </span>
    </p>
   </div>
   <div class='ocr_carea' id='block_1_103' title="bbox 2226 4293 3802 4369">
    <p class='ocr_par' dir='ltr' id='par_1_103' title="bbox 2226 4293 3802 4369">
     <span class='ocr_line' id='line_1_103' title="bbox 2226 4293 3802 4369; baseline 0.003 -20"><span class='ocrx_word' id='word_1_731' title='bbox 2226 4293 2383 4349; x_wconf 90' lang='lat' dir='ltr'>mine</span> <span class='ocrx_word' id='word_1_732' title='bbox 2415 4295 2573 4351; x_wconf 90' lang='lat' dir='ltr'>haud</span> <span class='ocrx_word' id='word_1_733' title='bbox 2622 4297 2770 4353; x_wconf 91' lang='lat' dir='ltr'>ferre</span> <span class='ocrx_word' id='word_1_734' title='bbox 2818 4302 3076 4369; x_wconf 89' lang='lat' dir='ltr'>possent,</span> <span class='ocrx_word' id='word_1_735' title='bbox 3128 4300 3289 4354; x_wconf 88' lang='lat' dir='ltr'>forte</span> <span class='ocrx_word' id='word_1_736' title='bbox 3338 4296 3571 4369; x_wconf 87' lang='lat' dir='ltr'>quidam</span> <span class='ocrx_word' id='word_1_737' title='bbox 3619 4306 3675 4345; x_wconf 71' lang='lat' dir='ltr'>ex</span> <span class='ocrx_word' id='word_1_738' title='bbox 3711 4293 3802 4353; x_wconf 66' lang='grc' dir='ltr'>εὲτθ</span> 
     </span>
    </p>
   </div>
   <div class='ocr_carea' id='block_1_104' title="bbox 2224 4376 3805 4471">
    <p class='ocr_par' dir='ltr' id='par_1_104' title="bbox 2224 4376 3805 4471">
     <span class='ocr_line' id='line_1_104' title="bbox 2224 4376 3805 4471; baseline -0.003 -34"><span class='ocrx_word' id='word_1_739' title='bbox 2224 4383 2428 4438; x_wconf 65' lang='lat' dir='ltr'>Geticas</span> <span class='ocrx_word' id='word_1_740' title='bbox 2460 4401 2606 4441; x_wconf 89' lang='lat' dir='ltr'>nova</span> <span class='ocrx_word' id='word_1_741' title='bbox 2637 4402 2697 4441; x_wconf 91' lang='lat' dir='ltr'>re</span> <span class='ocrx_word' id='word_1_742' title='bbox 2728 4388 2962 4453; x_wconf 92' lang='lat' dir='ltr'>ductus,</span> <span class='ocrx_word' id='word_1_743' title='bbox 2994 4386 3134 4442; x_wconf 91' lang='lat' dir='ltr'>huic</span> <span class='ocrx_word' id='word_1_744' title='bbox 3157 4391 3289 4443; x_wconf 84' lang='lat' dir='ltr'>tam</span> <span class='ocrx_word' id='word_1_745' title='bbox 3315 4379 3621 4442; x_wconf 87' lang='lat' dir='ltr'>miserabili</span> <span class='ocrx_word' id='word_1_746' title='bbox 3643 4376 3805 4471; x_wconf 54' lang='lat' dir='ltr'>spefla&#39;</span> 
     </span>
    </p>
   </div>
   <div class='ocr_carea' id='block_1_105' title="bbox 2225 4464 3808 4559">
    <p class='ocr_par' dir='ltr' id='par_1_105' title="bbox 2225 4464 3808 4559">
     <span class='ocr_line' id='line_1_105' title="bbox 2225 4464 3808 4559; baseline 0.011 -32"><span class='ocrx_word' id='word_1_747' title='bbox 2225 4472 2356 4527; x_wconf 90' lang='lat' dir='ltr'>culo</span> <span class='ocrx_word' id='word_1_748' title='bbox 2391 4475 2760 4545; x_wconf 90' lang='lat' dir='ltr'>supervenit:</span> <span class='ocrx_word' id='word_1_749' title='bbox 2795 4482 2851 4531; x_wconf 88' lang='lat' dir='ltr'>et</span> <span class='ocrx_word' id='word_1_750' title='bbox 2879 4493 3013 4532; x_wconf 89' lang='lat' dir='ltr'>cum</span> <span class='ocrx_word' id='word_1_751' title='bbox 3046 4477 3271 4549; x_wconf 88' lang='lat' dir='ltr'>ingens</span> <span class='ocrx_word' id='word_1_752' title='bbox 3296 4475 3602 4532; x_wconf 87' lang='lat' dir='ltr'>mulierum</span> <span class='ocrx_word' id='word_1_753' title='bbox 3623 4464 3808 4559; x_wconf 51' lang='lat'>8691‘“</span> 
     </span>
    </p>
   </div>
   <div class='ocr_carea' id='block_1_106' title="bbox 2224 4558 3801 4638">
    <p class='ocr_par' dir='ltr' id='par_1_106' title="bbox 2224 4558 3801 4638">
     <span class='ocr_line' id='line_1_106' title="bbox 2224 4558 3801 4638; baseline -0.001 -23"><span class='ocrx_word' id='word_1_754' title='bbox 2224 4566 2281 4616; x_wconf 90' lang='lat' dir='ltr'>et</span> <span class='ocrx_word' id='word_1_755' title='bbox 2308 4560 2573 4633; x_wconf 90' lang='lat' dir='ltr'>ploratus</span> <span class='ocrx_word' id='word_1_756' title='bbox 2596 4566 2871 4621; x_wconf 90' lang='lat' dir='ltr'>omnibus</span> <span class='ocrx_word' id='word_1_757' title='bbox 2901 4565 3199 4638; x_wconf 84' lang='lat' dir='ltr'>lacrymas</span> <span class='ocrx_word' id='word_1_758' title='bbox 3222 4567 3543 4628; x_wconf 87' lang='lat' dir='ltr'>excuteret,</span> <span class='ocrx_word' id='word_1_759' title='bbox 3570 4560 3648 4614; x_wconf 86' lang='lat' dir='ltr'>his</span> <span class='ocrx_word' id='word_1_760' title='bbox 3663 4558 3801 4638; x_wconf 56' lang='grc' dir='ltr'>εωθιξῆ</span> 
     </span>
    </p>
   </div>
   <div class='ocr_carea' id='block_1_107' title="bbox 2228 4633 3809 4737">
    <p class='ocr_par' dir='ltr' id='par_1_107' title="bbox 2228 4633 3809 4737">
     <span class='ocr_line' id='line_1_107' title="bbox 2228 4633 3809 4737; baseline -0.002 -34"><span class='ocrx_word' id='word_1_761' title='bbox 2228 4652 2328 4721; x_wconf 89' lang='lat' dir='ltr'>qui</span> <span class='ocrx_word' id='word_1_762' title='bbox 2360 4652 2520 4707; x_wconf 90' lang='lat' dir='ltr'>nulla</span> <span class='ocrx_word' id='word_1_763' title='bbox 2552 4670 2749 4709; x_wconf 90' lang='lat' dir='ltr'>secum</span> <span class='ocrx_word' id='word_1_764' title='bbox 2776 4633 3061 4711; x_wconf 79' lang='lat' dir='ltr'>afﬁnitate</span> <span class='ocrx_word' id='word_1_765' title='bbox 3076 4659 3390 4721; x_wconf 88' lang='lat' dir='ltr'>tenentur,</span> <span class='ocrx_word' id='word_1_766' title='bbox 3416 4650 3601 4725; x_wconf 87' lang='lat' dir='ltr'>inquit</span> <span class='ocrx_word' id='word_1_767' title='bbox 3615 4633 3809 4737; x_wconf 43' lang='lat' dir='ltr'>ille-:&quot;Ab&#39;</span> 
     </span>
    </p>
   </div>
   <div class='ocr_carea' id='block_1_108' title="bbox 2230 4726 3811 4816">
    <p class='ocr_par' dir='ltr' id='par_1_108' title="bbox 2230 4726 3811 4816">
     <span class='ocr_line' id='line_1_108' title="bbox 2230 4726 3811 4816; baseline -0.011 -21"><span class='ocrx_word' id='word_1_768' title='bbox 2230 4739 2349 4795; x_wconf 89' lang='lat' dir='ltr'>sint</span> <span class='ocrx_word' id='word_1_769' title='bbox 2399 4740 2688 4815; x_wconf 72' lang='lat' dir='ltr'>lacrymaa,</span> <span class='ocrx_word' id='word_1_770' title='bbox 2750 4743 2915 4800; x_wconf 92' lang='lat' dir='ltr'>dolor</span> <span class='ocrx_word' id='word_1_771' title='bbox 2973 4744 3169 4800; x_wconf 90' lang='lat' dir='ltr'>omnis</span> <span class='ocrx_word' id='word_1_772' title='bbox 3231 4743 3476 4816; x_wconf 90' lang='lat' dir='ltr'>penitus</span> <span class='ocrx_word' id='word_1_773' title='bbox 3534 4756 3564 4795; x_wconf 91' lang='lat' dir='ltr'>e</span> <span class='ocrx_word' id='word_1_774' title='bbox 3608 4726 3811 4816; x_wconf 77' lang='lat' dir='ltr'>cordibus</span> 
     </span>
    </p>
   </div>
   <div class='ocr_carea' id='block_1_109' title="bbox 2230 4811 3816 4905">
    <p class='ocr_par' dir='ltr' id='par_1_109' title="bbox 2230 4811 3816 4905">
     <span class='ocr_line' id='line_1_109' title="bbox 2230 4811 3816 4905; baseline -0.009 -22"><span class='ocrx_word' id='word_1_775' title='bbox 2230 4831 2436 4885; x_wconf 87' lang='lat' dir='ltr'>vestris</span> <span class='ocrx_word' id='word_1_776' title='bbox 2467 4811 2762 4901; x_wconf 81' lang='lat' dir='ltr'>solvatur;</span> <span class='ocrx_word' id='word_1_777' title='bbox 2796 4838 3007 4905; x_wconf 75' lang='lat' dir='ltr'>etquae</span> <span class='ocrx_word' id='word_1_778' title='bbox 3054 4833 3284 4905; x_wconf 90' lang='lat' dir='ltr'>dicam,</span> <span class='ocrx_word' id='word_1_779' title='bbox 3338 4830 3573 4889; x_wconf 85' lang='lat' dir='ltr'>silentio</span> <span class='ocrx_word' id='word_1_780' title='bbox 3616 4811 3816 4881; x_wconf 84' lang='lat' dir='ltr'>animad-</span> 
     </span>
    </p>
   </div>
   <div class='ocr_carea' id='block_1_110' title="bbox 2228 4919 3773 5001">
    <p class='ocr_par' dir='ltr' id='par_1_110' title="bbox 2228 4919 3773 5001">
     <span class='ocr_line' id='line_1_110' title="bbox 2228 4919 3773 5001; baseline 0.008 -28"><span class='ocrx_word' id='word_1_781' title='bbox 2228 4919 2487 4989; x_wconf 79' lang='lat' dir='ltr'>vertetis,</span> <span class='ocrx_word' id='word_1_782' title='bbox 2520 4938 2639 4977; x_wconf 92' lang='lat' dir='ltr'>oro.</span> <span class='ocrx_word' id='word_1_783' title='bbox 3764 4990 3773 5001; x_wconf 61' lang='grc'><em>,</em></span> 
     </span>
    </p>
   </div>
   <div class='ocr_carea' id='block_1_111' title="bbox 2307 5003 3817 5096">
    <p class='ocr_par' dir='ltr' id='par_1_111' title="bbox 2307 5003 3817 5096">
     <span class='ocr_line' id='line_1_111' title="bbox 2307 5003 3817 5096; baseline -0.009 -27"><span class='ocrx_word' id='word_1_784' title='bbox 2307 5017 2433 5070; x_wconf 88' lang='lat'>221.</span> <span class='ocrx_word' id='word_1_785' title='bbox 2459 5014 2736 5069; x_wconf 89' lang='lat' dir='ltr'>Estlocus</span> <span class='ocrx_word' id='word_1_786' title='bbox 2751 5012 2849 5085; x_wconf 90' lang='lat' dir='ltr'>qui</span> <span class='ocrx_word' id='word_1_787' title='bbox 2864 5012 3268 5069; x_wconf 90' lang='lat' dir='ltr'>Vallimbrosa</span> <span class='ocrx_word' id='word_1_788' title='bbox 3285 5010 3508 5067; x_wconf 88' lang='lat' dir='ltr'>dicitur</span> <span class='ocrx_word' id='word_1_789' title='bbox 3525 5003 3695 5096; x_wconf 65' lang='lat' dir='ltr'>;abest</span> <span class='ocrx_word' id='word_1_790' title='bbox 3710 5003 3817 5096; x_wconf 47' lang='lat' dir='ltr'>om?</span> 
     </span>
    </p>
   </div>
   <div class='ocr_carea' id='block_1_112' title="bbox 2229 5090 3819 5178">
    <p class='ocr_par' dir='ltr' id='par_1_112' title="bbox 2229 5090 3819 5178">
     <span class='ocr_line' id='line_1_112' title="bbox 2229 5090 3819 5178; baseline -0.01 -18"><span class='ocrx_word' id='word_1_791' title='bbox 2229 5104 2366 5161; x_wconf 89' lang='lat' dir='ltr'>hinc</span> <span class='ocrx_word' id='word_1_792' title='bbox 2397 5122 2500 5178; x_wconf 92' lang='lat' dir='ltr'>per</span> <span class='ocrx_word' id='word_1_793' title='bbox 2518 5106 2717 5160; x_wconf 88' lang='lat' dir='ltr'>decem</span> <span class='ocrx_word' id='word_1_794' title='bbox 2736 5103 2851 5159; x_wconf 90' lang='lat' dir='ltr'>fere</span> <span class='ocrx_word' id='word_1_795' title='bbox 2873 5106 2929 5158; x_wconf 86' lang='lat' dir='ltr'>et</span> <span class='ocrx_word' id='word_1_796' title='bbox 2949 5102 3062 5158; x_wconf 93' lang='lat' dir='ltr'>duo</span> <span class='ocrx_word' id='word_1_797' title='bbox 3085 5100 3288 5157; x_wconf 87' lang='lat' dir='ltr'>millia</span> <span class='ocrx_word' id='word_1_798' title='bbox 3310 5112 3591 5173; x_wconf 88' lang='lat' dir='ltr'>passuum</span> <span class='ocrx_word' id='word_1_799' title='bbox 3613 5090 3702 5149; x_wconf 86' lang='lat' dir='ltr'>sub</span> <span class='ocrx_word' id='word_1_800' title='bbox 3720 5090 3819 5155; x_wconf 66' lang='lat' dir='ltr'>ipsLs</span> 
     </span>
    </p>
   </div>
   <div class='ocr_carea' id='block_1_113' title="bbox 2230 5185 3822 5268">
    <p class='ocr_par' dir='ltr' id='par_1_113' title="bbox 2230 5185 3822 5268">
     <span class='ocr_line' id='line_1_113' title="bbox 2230 5185 3822 5268; baseline -0.005 -18"><span class='ocrx_word' id='word_1_801' title='bbox 2230 5193 2525 5251; x_wconf 91' lang='lat' dir='ltr'>radicibus</span> <span class='ocrx_word' id='word_1_802' title='bbox 2548 5193 2836 5249; x_wconf 88' lang='lat' dir='ltr'>montium</span> <span class='ocrx_word' id='word_1_803' title='bbox 2853 5197 3062 5248; x_wconf 81' lang='lat' dir='ltr'>nostrae</span> <span class='ocrx_word' id='word_1_804' title='bbox 3075 5190 3487 5263; x_wconf 84' lang='lat' dir='ltr'>Alpis,tamen</span> <span class='ocrx_word' id='word_1_805' title='bbox 3504 5185 3605 5243; x_wconf 90' lang='lat' dir='ltr'>sub</span> <span class='ocrx_word' id='word_1_806' title='bbox 3618 5186 3822 5268; x_wconf 35' lang='lat' dir='ltr'>promo?“</span> 
     </span>
    </p>
   </div>
   <div class='ocr_carea' id='block_1_114' title="bbox 2229 5274 3821 5356">
    <p class='ocr_par' dir='ltr' id='par_1_114' title="bbox 2229 5274 3821 5356">
     <span class='ocr_line' id='line_1_114' title="bbox 2229 5274 3821 5356; baseline -0.009 -16"><span class='ocrx_word' id='word_1_807' title='bbox 2229 5285 2399 5351; x_wconf 93' lang='lat' dir='ltr'>torio,</span> <span class='ocrx_word' id='word_1_808' title='bbox 2426 5283 2580 5356; x_wconf 90' lang='lat' dir='ltr'>quod</span> <span class='ocrx_word' id='word_1_809' title='bbox 2605 5283 2866 5338; x_wconf 90' lang='lat' dir='ltr'>montani</span> <span class='ocrx_word' id='word_1_810' title='bbox 2891 5280 3296 5337; x_wconf 88' lang='lat' dir='ltr'>Macenariam</span> <span class='ocrx_word' id='word_1_811' title='bbox 3320 5282 3550 5345; x_wconf 87' lang='lat' dir='ltr'>vocant,</span> <span class='ocrx_word' id='word_1_812' title='bbox 3567 5280 3767 5342; x_wconf 76' lang='lat' dir='ltr'>vergens</span> <span class='ocrx_word' id='word_1_813' title='bbox 3784 5274 3821 5312; x_wconf 72' lang='grc' dir='ltr'>ιο</span> 
     </span>
    </p>
   </div>
   <div class='ocr_carea' id='block_1_115' title="bbox 2231 5408 3825 5501">
    <p class='ocr_par' dir='ltr' id='par_1_115' title="bbox 2231 5408 3825 5501">
     <span class='ocr_line' id='line_1_115' title="bbox 2231 5408 3825 5501; baseline -0.011 -17"><span class='ocrx_word' id='word_1_814' title='bbox 2231 5427 2685 5501; x_wconf 12' lang='grc' dir='ltr'>ευδίίοῐιηὶᾳελὶοε,</span> <span class='ocrx_word' id='word_1_815' title='bbox 2719 5426 3039 5499; x_wconf 84' lang='lat' dir='ltr'>praesertim</span> <span class='ocrx_word' id='word_1_816' title='bbox 3067 5440 3209 5479; x_wconf 87' lang='lat' dir='ltr'>cum</span> <span class='ocrx_word' id='word_1_817' title='bbox 3268 5423 3613 5501; x_wconf 80' lang='lat' dir='ltr'>plerumque</span> <span class='ocrx_word' id='word_1_818' title='bbox 3652 5408 3825 5501; x_wconf 50' lang='lat' dir='ltr'>omittil</span> 
     </span>
    </p>
   </div>
   <div class='ocr_carea' id='block_1_116' title="bbox 2230 5492 3824 5571">
    <p class='ocr_par' dir='ltr' id='par_1_116' title="bbox 2230 5492 3824 5571">
     <span class='ocr_line' id='line_1_116' title="bbox 2230 5492 3824 5571; baseline -0.014 -17"><span class='ocrx_word' id='word_1_819' title='bbox 2230 5492 2703 5571; x_wconf 86' lang='lat' dir='ltr'>conjunctionem</span> <span class='ocrx_word' id='word_1_820' title='bbox 2719 5492 2816 5570; x_wconf 40' lang='lat' dir='ltr'>.ut,</span> <span class='ocrx_word' id='word_1_821' title='bbox 2849 5516 3025 5571; x_wconf 90' lang='lat' dir='ltr'>quam</span> <span class='ocrx_word' id='word_1_822' title='bbox 3048 5492 3573 5551; x_wconf 52' lang='lat' dir='ltr'>tamen&#39;claritatis</span> <span class='ocrx_word' id='word_1_823' title='bbox 3592 5499 3743 5543; x_wconf 86' lang='lat' dir='ltr'>causa</span> <span class='ocrx_word' id='word_1_824' title='bbox 3758 5492 3824 5532; x_wconf 65' lang='lat' dir='ltr'>se-</span> 
     </span>
    </p>
   </div>
   <div class='ocr_carea' id='block_1_117' title="bbox 2233 5570 2679 5644">
    <p class='ocr_par' dir='ltr' id='par_1_117' title="bbox 2233 5570 2679 5644">
     <span class='ocr_line' id='line_1_117' title="bbox 2233 5570 2679 5644; baseline -0.004 -18"><span class='ocrx_word' id='word_1_825' title='bbox 2233 5572 2365 5644; x_wconf 89' lang='lat' dir='ltr'>pius</span> <span class='ocrx_word' id='word_1_826' title='bbox 2396 5570 2679 5643; x_wconf 89' lang='lat' dir='ltr'>supplevi.</span> 
     </span>
    </p>
   </div>
  </div>
