4022 6160
197 299 306 362 897

1791 302 1990 364 ACTA
2003 345 2020 362 .

3466 329 3468 331 ’
3483 315 3599 378 898

199 428 757 495 Occidentem,inter
785 431 932 486 duos
963 431 1148 486 editos
1177 437 1234 486 et
1262 433 1466 488 ambos
1514 433 1835 506 praeipites
1866 438 1920 503 Α
1951 436 2247 508 percipere
2302 441 2494 509 potest
2539 438 2829 510 optimum
2875 456 3004 498 esse
3046 445 3274 514 corpori
3303 446 3597 504 cruciatus

199 521 533 590 dirutosque
565 517 762 589 colles,
792 536 906 591 qua
936 520 1102 576 nobis
1126 521 1315 592 primo
1348 538 1477 578 vere
1524 523 1837 594 aestivoque

193 616 452 680 tempore
482 608 804 663 descensue
841 614 930 664 est
959 609 1310 666 Florentiam
1347 613 1706 683 patentibus,
1740 613 1838 668 ubi

192 699 344 755 inter
355 697 728 769 amplissima
738 702 902 768 prata
918 698 1329 769 perpulchrum
1343 700 1600 756 cernitur
1613 718 1843 757 monas-

194 789 388 844 rium:
424 787 576 859 quod
608 787 748 842 bina
785 787 1043 859 cingitur
1072 787 1254 844 silva:
1289 789 1470 846 altera
1500 790 1680 856 enim,
1714 807 1841 861 quae

193 877 568 934 Occidentem
599 880 839 947 spectat,
873 891 1123 947 querens
1141 877 1598 951 habetingentes
1623 900 1636 946 ς
1661 879 1844 934 altera

194 983 353 1031 vero,
411 983 537 1037 qua:
577 965 634 1019 in
669 964 969 1020 meridiem
1001 966 1339 1038 porrigitur,
1376 985 1643 1040 proceras
1670 968 1847 1023 habet

193 1056 441 1119 abietes,
459 1071 586 1125 qua:
606 1054 973 1109 densissima:
989 1061 1045 1110 et
1065 1073 1254 1126 opacas
1277 1057 1471 1112 locum
1492 1057 1843 1113 horrendum

192 1149 248 1199 et
267 1141 661 1198 venerabilem
694 1142 962 1198 reddunt.
997 1144 1155 1208 Quod
1190 1145 1634 1212 monasterium,
1656 1151 1721 1200 ut
1743 1147 1848 1200 fer-

193 1237 309 1302 tur,
349 1232 408 1286 in
439 1229 693 1302 Virginis
729 1230 916 1286 Mariae
932 1232 1136 1287 matris
1151 1233 1292 1288 Jesu
1319 1251 1529 1289 nomen
1553 1235 1849 1305 decusque

192 1322 273 1377 vir
305 1320 556 1391 quidam
585 1318 1016 1390 sanctissimus,
1051 1321 1144 1376 cui
1177 1339 1389 1378 nomen
1413 1323 1625 1379 Joanni
1674 1322 1848 1378 Gual-

193 1409 341 1465 berti
373 1413 485 1480 est,
521 1409 777 1464 construi
807 1408 1028 1464 voluit:
1061 1411 1231 1480 cujus
1262 1429 1327 1467 os
1350 1412 1581 1468 aridum
1629 1411 1850 1468 brachii

111 1513 118 1519 '
193 1499 380 1556 dextri
410 1498 588 1554 etiam
611 1497 720 1552 hac
731 1503 930 1553 nostra
950 1503 1299 1571 tempestate
1324 1501 1660 1574 ingentibus
1676 1500 1854 1574 pollet

195 1586 545 1654 miraculis;
581 1587 752 1657 cujus
804 1587 956 1644 mira
986 1593 1044 1642 et
1073 1590 1365 1659 stupenda
1403 1590 1690 1662 prodigia,
1724 1607 1852 1661 quas

193 1695 306 1734 non
372 1676 570 1732 solum
600 1675 819 1742 audivi,
878 1677 980 1732 sed
1002 1677 1140 1743 vidi,
1175 1677 1224 1732 si
1245 1694 1314 1733 ex
1346 1679 1548 1734 multis
1581 1679 1852 1750 quaedam

191 1783 440 1824 narrare
452 1763 811 1830 vellem,dies
829 1765 972 1820 mihi
997 1782 1112 1822 non
1137 1754 1433 1822 sufﬁceret
1446 1768 1518 1823 ad
1537 1768 1741 1823 dicend
1753 1783 1852 1822 um

253 1856 485 1910 222.Εο
504 1853 859 1925 sisapitis,et
889 1853 939 1909 si
971 1853 1148 1925 hujus
1179 1855 1404 1910 miserze
1438 1855 1641 1927 puellae
1678 1855 1854 1911 saluti

189 1944 506 2003 consulere
552 1941 749 2013 vultis,
807 1959 933 1998 eam
982 1945 1422 2016 quamprimum
1449 1944 1588 2000 illuc
1625 1947 1853 2016 ducere,

191 2035 424 2093 ceteris
455 2030 807 2105 posthabitis
838 2031 1068 2088 auxiliis
1098 2033 1288 2089 velitis
1319 2050 1439 2090 oro.
1473 2035 1555 2090 Ne
1570 2051 1670 2090 vos
1692 2034 1858 2090 labor

107 2127 112 2134 ’
191 2126 426 2196 iterque
458 2123 780 2178 deterreat:
809 2137 910 2193 per
953 2139 1183 2178 ammna
1230 2127 1413 2195 prata,
1475 2128 1603 2178 tum
1661 2141 1858 2180 amore

190 2215 331 2271 Jesu
397 2217 528 2267 tum
585 2212 725 2284 quia
752 2211 890 2266 huic
932 2211 1136 2282 puellas
1171 2213 1317 2268 bene
1348 2217 1506 2283 opto,
1538 2213 1772 2279 ducam,
1803 2218 1859 2267 et

188 2303 358 2360 vobis
393 2301 800 2373 persuadeatis
829 2300 956 2356 volo
979 2301 1174 2371 (modo
1204 2301 1431 2374 integra
1490 2302 1604 2357 fide
1663 2301 1856 2356 locum

194 2391 572 2464 exquiratis),
599 2390 900 2462 Virginem
932 2390 1174 2446 Mariam
1207 2408 1324 2446 una
1337 2382 1706 2446 cumJoanne
1723 2408 1857 2446 san-

199 2481 478 2537 ctissimo
493 2478 629 2534 huic
643 2477 845 2548 puellae
857 2495 1024 2550 opem
1048 2478 1564 2546 laturam.Eamus,
1586 2479 1861 2550 inquiunt

190 2587 404 2626 omnes
465 2585 582 2624 uno
613 2584 730 2635 ore,
775 2572 832 2624 et
857 2568 995 2623 Jesu
1023 2567 1269 2623 Christri
1303 2585 1536 2624 servum
1570 2569 1761 2640 potius
1793 2585 1860 2624 ac

189 2660 465 2715 humana
494 2656 714 2713 auxilia
741 2658 800 2711 in
833 2657 942 2712 hoc
972 2672 1330 2728 quaramus.
1366 2660 1481 2713 Iter
1509 2657 1691 2729 igitur
1725 2675 1858 2712 cum

189 2750 333 2805 Jesu
372 2747 750 2819 Virginisque
779 2746 974 2802 Maria:
1006 2747 1336 2813 nomine,eo
1355 2748 1584 2816 comite,
1601 2746 1862 2819 aggressi

194 2838 470 2908 [essent],
495 2837 734 2892 demum
762 2835 834 2890 ad
865 2835 974 2890 hoc
1002 2835 1059 2890 S.
1094 2835 1287 2890 Mariae
1327 2837 1607 2891 devenere
1659 2852 1862 2890 mona-

194 2928 476 2984 sterium.
510 2925 720 2981 Verum
748 2924 856 2980 hoe
887 2924 1153 2980 mirabile
1175 2925 1537 2996 dignumque
1583 2925 1865 2980 memoria

196 3017 418 3087 extitit,
451 3016 634 3087 quod,
676 3014 774 3068 ubi
800 3013 926 3068 loca
958 3013 1366 3068 monasteriiet
1385 3013 1631 3084 hujusce
1654 3019 1863 3069 nostras

199 3107 371 3179 Alpis
409 3105 672 3175 attigere,
704 3102 862 3158 illico
875 3103 1142 3158 diabolus
1159 3107 1360 3156 mutus
1382 3103 1620 3158 effectus
1644 3103 1862 3173 [fuerit]

1947 524 2178 597 aliaque
2207 530 2441 599 tempus
2472 529 2590 600 pati
2624 530 2819 600 (modo
2850 529 2980 586 laeto
3003 533 3386 606 jucundoque
3402 535 3598 592 animo

1946 614 2313 686 tolerantur),
2368 633 2500 672 cum
2557 619 2628 672 ad
2674 619 2857 674 bonos
2889 637 3078 676 mores
3112 639 3227 678 non
3267 624 3457 679 solum
3490 643 3597 682 nos

1948 703 2265 772 instruant,
2297 722 2498 760 verum
2511 707 2684 761 etiam
2703 709 2773 762 ad
2801 709 2986 764 Deum
3003 728 3107 766 nos
3121 712 3204 767 ire
3224 715 3600 786 compellant.

2057 793 2144 846 24.
2177 793 2302 848 Pari
2336 795 2508 849 modo
2532 800 2777 850 matrem
2811 813 3022 867 meam,
3043 801 3250 871 magiis
3273 804 3602 862 etincanta-

1951 881 2214 937 tionibus
2261 883 2603 952 confectam,
2648 887 2883 955 accepi;
2935 902 3133 942 verum
3186 907 3353 946 secus
3397 910 3600 967 sospes

1955 971 2157 1026 effecta
2211 972 2359 1042 [est).
2396 972 2471 1026 Ea
2537 974 2883 1043 tempestate
2936 975 2994 1029 in
3028 975 3136 1031 hoc
3169 979 3227 1032 S.
3263 981 3452 1036 Marias
3485 1001 3608 1040 mo-

1955 1059 2230 1128 nasterio,
2290 1059 2530 1131 quidam
2591 1077 2758 1116 meus
2813 1067 3081 1134 patruus,
3151 1067 3609 1128 Bartholomasus

1957 1147 2192 1202 nomine
2251 1149 2609 1214 morabatur,
2667 1149 2974 1221 religiosus
3018 1154 3273 1223 profecto
3304 1157 3610 1230 bonusque

1955 1235 2062 1301 vir,
2095 1240 2152 1290 et
2179 1237 2552 1305 monasterio,
2586 1238 3368 1314 quia[erat]prudens,longe
3417 1247 3612 1315 utilis;

1959 1325 2130 1395 cujus
2162 1325 2414 1396 plurima
2446 1326 2742 1381 benefacta
2756 1332 2812 1382 et
2829 1329 3299 1404 memoriadigna
3315 1340 3614 1405 praetereo,

1960 1428 2031 1468 ne
2054 1413 2214 1468 illius
2241 1414 2420 1469 vitam
2445 1414 2684 1485 [potius]
2717 1433 2892 1487 quam
2937 1418 3184 1475 Joannis
3243 1425 3606 1480 sanctissimi

1963 1502 2244 1558 miracula
2275 1505 2547 1575 prosequi
2579 1505 2796 1560 videar.
2827 1505 2927 1560 Hic
2987 1509 3130 1563 forte
3181 1513 3319 1565 tunc
3363 1513 3613 1583 patriam

1964 1596 2245 1660 nostram,
2297 1597 2362 1648 ut
2418 1609 2728 1664 germanos
2761 1611 2900 1649 suos
2941 1598 3292 1665 conveniret,
3329 1601 3607 1660 adiverat.

1963 1681 2108 1736 Cum
2135 1680 2316 1752 igitur
2347 1682 2550 1736 matris
2583 1698 2721 1737 mea;
2737 1683 3402 1756 miserabilispectaculo
3421 1691 3610 1765 inspe-

1965 1774 2090 1824 rato
2122 1774 2179 1824 et
2205 1769 2276 1824 de
2322 1769 2639 1840 improviso
2698 1771 3083 1840 interfuisset,
3132 1790 3285 1840 eam,
3346 1776 3611 1836 laztitiam

1965 1861 2126 1913 vultu
2159 1857 2469 1925 simulans,
2491 1858 2740 1929 propriis
2763 1864 2818 1912 et
2841 1860 3011 1915 bonis
3035 1863 3306 1919 sensibus
3331 1867 3615 1936 privatam

1963 1947 2044 2001 ita
2073 1946 2427 2018 alloquitur:
2463 1947 2630 2001 Flora
2654 1949 2816 2017 (nam
2847 1947 2957 2002 sibi
2992 1949 3045 2002 id
3081 1967 3291 2007 nomen
3325 1959 3454 2026 est),
3483 1959 3621 2028 quia

1963 2036 2070 2091 tibi
2102 2035 2234 2090 est?
2265 2035 2426 2090 Unde
2458 2036 2696 2091 obseCro
2730 2036 2807 2091 ita
2831 2036 3212 2110 incomposite
3244 2041 3348 2098 das
3391 2046 3616 2115 modos,

1967 2124 2047 2179 ita
2103 2124 2348 2192 insulse,
2403 2125 2594 2196 inepte
2633 2130 2688 2181 et
2710 2125 2886 2181 stulte
2917 2127 3196 2199 loqueris,
3230 2149 3356 2203 quae
3387 2134 3532 2190 alias
3564 2141 3622 2193 et

1967 2213 2135 2268 bonis
2170 2214 2429 2268 moribus
2453 2213 2770 2268 excedebas
2794 2221 2849 2268 et
2880 2217 3426 2288 sapientia.Eia,cur
3448 2229 3615 2280 tuum

1967 2319 2082 2357 non
2115 2302 2356 2374 respicis
2390 2303 2648 2366 fratrem,
2683 2303 2784 2373 qui
2818 2309 2889 2370 to,
2925 2308 3567 2381 utsuamdiligitvitam
3591 2313 3619 2368 ?

2037 2392 2162 2445 225.
2224 2391 2366 2446 Cum
2427 2390 2608 2462 igitur
2644 2391 2764 2445 haec
2794 2395 2849 2446 ct
2879 2391 2991 2447 alia
3016 2393 3414 2455 misericordia
3443 2401 3620 2471 digna

1973 2481 2253 2553 proferret
2309 2481 2526 2548 verba;
2578 2481 2670 2534 vix
2728 2481 2875 2552 ipsa,
2918 2483 3105 2554 capite
3135 2501 3164 2539 e
3192 2486 3325 2542 sinu
3353 2489 3616 2558 alterius,

1969 2569 2099 2624 aliis
2123 2568 2469 2640 juvantibus
2503 2568 2882 2627 mulierculis.
2920 2570 3160 2638 elevato,
3193 2591 3445 2648 cumque
3474 2579 3623 2652 aspi-

1970 2658 2128 2713 ciens
2184 2657 2243 2712 in
2269 2659 2471 2713 fletum
2497 2658 2780 2730 prorupit,
2812 2664 2869 2715 et
2894 2660 3048 2716 illico
3079 2662 3293 2719 iterum
3333 2665 3390 2721 in
3423 2667 3621 2725 sinum

1971 2750 2144 2818 caput
2167 2745 2751 2819 declinanslacrymis
2772 2747 3035 2820 implevit
3058 2751 3403 2810 obortilele
3426 2755 3624 2830 itaque

1973 2835 2110 2907 quia
2124 2835 2468 2904 hujusmodi
2493 2835 2667 2891 rebus
2689 2853 2922 2908 saepenu
2935 2855 3091 2893 mero
3116 2839 3620 2917 interfuerat,per-

1971 2924 2192 2995 optime
2221 2923 2574 2979 calluitillas
2603 2941 2731 2980 esse
2764 2925 3189 2985 incantationes
3238 2936 3359 2987 arte
3407 2933 3623 2991 diaboli

1974 3015 2190 3077 factas;
2221 3019 2491 3067 castarum
2522 3030 2634 3068 non
2668 3014 2725 3068 in
2759 3015 2843 3070 els
2877 3016 3145 3073 diabolus
3195 3019 3510 3079 admixtus.
3545 3026 3622 3080 Eo

1973 3102 2226 3171 proipsa
2256 3101 2548 3155 interdum
2581 3120 2782 3171 orare;
2817 3107 3028 3176 Saepius
3073 3125 3202 3164 eam
3252 3109 3451 3168 habita
3499 3131 3630 3169 ora-

201 3178 338 3251 cum
375 3198 554 3249 antea
581 3191 760 3248 valles
790 3209 994 3248 omnes
1024 3192 1351 3248 ulutatibus
1381 3193 1860 3265 tartareisquevo-
1901 3178 1942 3243 Ο
1982 3189 2138 3242 tione
2195 3189 2412 3243 hortari
2467 3206 2529 3244 se
2585 3190 3018 3261 gloriosissimas
3066 3195 3289 3268 Virgini
3339 3201 3531 3255 Maria:
3573 3207 3631 3257 et

203 3287 383 3341 cibus
416 3281 811 3354 compleverit.

271 3375 412 3429 223.
451 3375 629 3427 Fuere
656 3377 797 3427 tunc
827 3371 926 3442 qui
961 3371 1220 3427 dicerent
1251 3371 1543 3426 daemones
1577 3388 1690 3426 non
1739 3376 1869 3425 tan-

206 3469 348 3519 tum
376 3461 617 3518 Joannis
649 3460 999 3524 beatissimi,
1029 3461 1129 3515 sed
1179 3463 1236 3515 et
1288 3476 1532 3515 suorum
1585 3459 1870 3524 locorum,

204 3558 420 3625 utpote
444 3554 801 3617 sanctorum,
835 3550 1112 3604 virtutem
1145 3549 1290 3604 ferre
1321 3565 1434 3603 non
1467 3547 1741 3614 valentes,
1761 3547 1873 3602 alio

204 3659 335 3716 quo
362 3640 559 3696 meriti
589 3644 772 3708 erant,
803 3637 1176 3694 contendisse
1205 3655 1218 3694 :
1253 3638 1408 3708 quod
1426 3638 1647 3692 itaesse
1672 3638 1872 3708 probo,

209 3737 351 3787 tum
365 3730 510 3801 quia
523 3733 870 3800 tempestate
891 3733 1092 3783 nostra
1113 3727 1302 3782 evenit
1317 3725 1873 3797 compluribus,tum

206 3821 422 3886 etiam,
457 3818 595 3890 quia
620 3817 832 3872 mulier
859 3817 986 3888 ipsa
1016 3833 1119 3888 per
1148 3832 1208 3871 se
1239 3817 1424 3871 Deum
1455 3815 1880 3884 laudare,insu-

208 3926 325 3982 per
351 3908 687 3963 Orationem
720 3905 1490 3977 Dominicam,Virginisque
1504 3904 1692 3960 Mariae
1715 3902 1879 3958 Salu-

209 3999 510 4054 tationem
543 3997 743 4051 devote
771 3996 983 4064 dicere,
1005 3994 1238 4065 signum
1270 3993 1653 4064 crucis,quod
1686 3993 1880 4062 majus

211 4084 665 4156 est,composite
696 4081 1282 4154 ornateque,nomine
1297 4083 1601 4137 Trinitatis
1617 4082 1880 4137 invocato

214 4177 276 4231 id
343 4178 433 4230 est
462 4174 669 4239 Patris,
704 4177 760 4228 et
790 4171 938 4242 Filii,
971 4176 1028 4226 et
1069 4169 1322 4242 Spiritus
1365 4171 1574 4239 sancti,
1607 4172 1794 4241 edere,
1828 4174 1885 4226 et

223 4264 450 4334 omnia,
502 4279 633 4334 quas
686 4264 870 4333 [sunt]
914 4260 1040 4316 sani
1073 4259 1351 4325 hominis,
1383 4260 1576 4314 officia
1596 4277 1785 4331 agere.
1817 4259 1885 4313 Et

223 4353 386 4424 quod
420 4351 776 4423 palmarium
803 4347 1284 4421 praedicabileque
1329 4349 1500 4415 duco,
1532 4353 1588 4404 et
1628 4348 1887 4419 Virginis

223 4441 429 4497 Mariae
462 4439 763 4510 sanctique
809 4437 1053 4494 Joannis
1105 4437 1398 4508 precibus,
1459 4454 1573 4492 non
1629 4435 1888 4507 corporis

1985 3277 2042 3331 S.
2076 3278 2288 3331 Joanni
2338 3293 2404 3331 ex
2433 3278 2605 3332 corde
2636 3283 3091 3337 commendaret.
3122 3284 3187 3337 Et
3209 3285 3316 3340 hoc
3343 3282 3546 3343 crebro
3573 3295 3632 3344 et

1981 3366 2194 3436 saepius
2228 3364 2709 3430 faciens,demum
2724 3366 2930 3421 desivit
2944 3385 2998 3422 m
3011 3369 3155 3424 ulier
3166 3371 3347 3426 stulta
3359 3379 3415 3428 et
3431 3374 3625 3446 inepta

1982 3462 2039 3513 et
2069 3453 2452 3525 incomposita
2484 3469 2672 3525 agere.
2708 3455 2939 3510 Addidit
2965 3459 3240 3530 tuncipse
3263 3477 3274 3514 ε
3295 3461 3404 3517 Fac
3430 3468 3629 3519 votum

1983 3547 2042 3600 S.
2076 3543 2307 3606 Joanni,
2334 3542 2500 3596 Flora
2528 3559 2713 3608 soror,
2747 3547 2800 3598 te
2828 3561 2930 3615 per
2953 3546 3299 3604 decennium
3315 3550 3634 3610 S.Joannis

1985 3636 2225 3689 domum
2257 3630 2764 3698 annuatim,modo
2796 3633 3215 3704 possis,devote
3237 3639 3630 3710 visitaturam,

1986 3739 2279 3795 suumque
2335 3722 2572 3787 festum,
2605 3721 2746 3776 dum
2779 3723 3020 3794 spiritus
3048 3729 3181 3782 tuos
3211 3729 3422 3785 rexerit
3451 3738 3636 3799 artus,

1988 3813 2162 3867 etiam
2223 3810 2491 3864 lubenter
2547 3810 3090 3880 sanctiﬁcaturam;
3130 3819 3186 3869 et
3218 3817 3552 3874 mihicrede
3582 3823 3637 3874 te

1991 3900 2146 3956 brevi
2204 3899 2546 3969 sospitatem
2588 3904 3059 3956 consccuturam.
3095 3904 3282 3973 Facio,
3318 3905 3512 3978 inquit
3543 3907 3643 3964 illa

1988 3994 2226 4060 totoque
2256 3988 2447 4056 corde,
2478 3991 2597 4042 tota
2630 3993 2842 4054 mente,
2880 3990 3134 4062 totisque
3163 3992 3387 4050 viribus
3415 3995 3642 4068 Virgini

1993 4079 2185 4133 Marias
2217 4076 2503 4150 gloriosae,
2538 4081 2857 4148 sanctoque
2876 4079 3111 4149 Joanni,
3145 4098 3238 4137 me
3286 4082 3378 4139 his
3434 4090 3643 4142 eruant

1994 4166 2186 4233 malis,
2219 4166 2692 4222 commandatam
2724 4167 2920 4224 reddo.

2063 4259 2189 4310 226.
2225 4254 2510 4310 Mirabilis
2546 4256 2714 4322 Deus,
2731 4255 3134 4328 aitPropheta,
3168 4258 3225 4314 in
3241 4259 3471 4317 Sanctis
3487 4261 3644 4318 suis!

1996 4345 2103 4399 Vix
2130 4348 2329 4399 votum
2361 4343 2652 4409 emiserat,
2687 4362 2819 4400 cum
2853 4346 3006 4402 illico
3046 4347 3328 4418 paulatim
3361 4349 3419 4404 in
3442 4350 3648 4422 pristi-

2002 4450 2106 4488 nos
2140 4432 2311 4486 rediit
2337 4448 2565 4487 sensus.
2608 4436 2726 4487 Hoc
2768 4438 2997 4488 tantum
3047 4436 3160 4490 sibi
3212 4438 3405 4492 divino
3463 4437 3654 4492 evenit

223 4535 491 4597 tantum,
521 4545 723 4584 verum
745 4531 802 4583 et
838 4528 1044 4582 animae
1084 4527 1374 4599 integram
1405 4525 1767 4597 recuperavit
1792 4540 1890 4579 sa-
1922 4543 1967 4608 D
1992 4520 2255 4592 judicio:
2289 4537 2424 4576 nam
2457 4536 2684 4575 comam
2715 4521 2947 4593 capitis,
2973 4540 3150 4593 quam
3193 4524 3305 4578 sibi
3346 4523 3654 4596 diligenter

227 4621 510 4675 nitatem.
544 4623 688 4672 Cum
712 4617 868 4671 enim
900 4620 1054 4685 ante,
1113 4621 1181 4670 ut
1239 4631 1444 4670 omnes
1504 4615 1618 4669 fere
1673 4613 1894 4668 faciunt

229 4708 470 4782 puellas,
502 4712 569 4762 ut
598 4708 861 4763 animum
887 4706 957 4761 ad
990 4705 1221 4776 aliquod
1256 4721 1470 4759 vanum
1501 4703 1767 4758 studium
1802 4702 1896 4757 ad-

221 4800 513 4870 jungant,
546 4813 673 4852 sese
703 4813 931 4860 ornare,
965 4810 1212 4860 comere,
1249 4793 1416 4858 fucis,
1447 4791 1695 4862 aliisque
1743 4790 1894 4845 colo-

233 4889 405 4943 ribus
437 4887 589 4958 (quaa
617 4886 1009 4941 instrumenta
1041 4887 1180 4938 sunt
1208 4881 1473 4952 luxuriae)
1507 4880 1588 4935 uti
1626 4878 1897 4946 [soleret],

234 4976 354 5032 hoc
385 4976 499 5032 sibi
533 4975 816 5031 miraculo
839 4977 1094 5045 experto,
1138 4971 1502 5042 sanitateque
1559 4973 1900 5040 recuperata

238 5065 632 5138 quamplures
664 5065 773 5120 hoc
801 5063 1180 5136 praedicantes
1214 5060 1426 5125 audivi,
1471 5059 1666 5131 ipsam
1696 5074 1901 5113 omnes

235 5155 534 5210 vanitates
566 5152 998 5226 posthabuisse,
1031 5155 1087 5205 et
1106 5149 1290 5204 oculis
1312 5147 1605 5212 demissis,
1635 5153 1692 5204 et
1713 5147 1902 5218 capite

240 5260 483 5315 semper
508 5242 696 5297 velato
728 5240 1004 5297 ecclesias
1030 5239 1245 5294 adiisse
1271 5255 1282 5293 :
1316 5241 1459 5293 etne
1490 5236 1622 5308 quis
1649 5237 1757 5291 hoc
1775 5236 1903 5290 ﬁcte

246 5332 449 5401 potius
506 5349 572 5387 ac
628 5347 760 5385 vere
804 5330 1022 5384 factum
1053 5327 1365 5393 existimet,
1399 5331 1690 5380 texentem
1727 5324 1904 5378 telam

250 5420 517 5475 studiose
548 5421 739 5492 ipsam
774 5419 988 5491 saepius
1019 5416 1485 5472 domioli'enderc
1503 5413 1902 5485 quamplures,

251 5509 632 5566 mediocriter
656 5510 948 5576 vestitam,
983 5507 1221 5579 capillos
1253 5521 1458 5575 passos
1491 5506 1709 5558 circum
1733 5505 1909 5574 caput

251 5599 628 5673 negligenter
652 5599 898 5671 rejectos
934 5597 1266 5653 habentem.
1310 5593 1454 5648 Hinc
1502 5591 1669 5648 facile
1718 5591 1908 5663 quivis

2002 4611 2308 4680 nutrierat,
2346 4611 2606 4665 nondum
2640 4610 2926 4682 completo
2958 4612 3360 4680 anno,sensim
3393 4613 3653 4668 cadendo

2006 4700 2216 4754 amisit.
2251 4699 2433 4761 Quam
2458 4714 2578 4752 rem
2612 4697 2766 4752 haud
2794 4716 2942 4770 aagre
2974 4700 3184 4764 ferens,
3215 4700 3516 4771 Virginem
3541 4701 3657 4756 Ma-

2005 4786 2154 4841 riam
2213 4790 2270 4840 et
2299 4785 2356 4839 S.
2395 4785 2679 4840 Joannem
2709 4786 2872 4840 miris
2901 4786 3172 4843 laudibus
3202 4787 3491 4857 extollere,
3526 4793 3652 4844 tum

2008 4874 2146 4946 quia
2169 4891 2296 4928 eam
2328 4872 2759 4929 exintolerabili
2792 4874 3128 4932 inﬁrmitate
3158 4875 3511 4933 incolumem
3533 4878 3658 4934 red-

2008 4953 2295 5033 diderant,
2357 4979 2490 5017 cum
2548 4962 2721 5017 etiam
2780 4964 2920 5034 quia
2980 4965 3301 5020 multorum
3369 4967 3654 5022 scelerum

2010 5055 2312 5113 materiam
2346 5052 2455 5108 sibi
2487 5052 2870 5108 abstuferant.
2897 5053 3110 5110 Eodem
3142 5054 3338 5126 itaquo
3389 5072 3542 5110 anno
3599 5055 3659 5109 in

2011 5146 2069 5200 S.
2101 5141 2344 5198 Joannis
2368 5139 2674 5194 festivitate
2705 5140 2853 5196 hanc
2875 5142 2934 5198 S.
2961 5143 3153 5198 Mariae
3185 5144 3424 5199 domum
3450 5143 3662 5198 lubens

2011 5231 2284 5294 visitavit,
2307 5237 2360 5284 et
2390 5245 2506 5283 non
2537 5229 2728 5284 solum
2763 5247 2864 5302 per
2893 5232 3261 5298 decennium,
3309 5236 3371 5286 ut
3403 5236 3659 5300 noverat,

2012 5337 2213 5377 verum
2244 5318 2380 5373 inde
2411 5319 2718 5374 annuatim
2738 5319 2797 5373 in
2828 5321 2972 5374 tanti
2989 5321 3183 5376 Sancti
3202 5321 3510 5378 festivitate
3530 5323 3662 5377 bra-

2015 5410 2212 5464 chium
2246 5424 2418 5461 suum
2451 5407 3170 5464 exosculavitdevote.Jam
3189 5411 3344 5465 enim
3376 5410 3662 5482 septimus

2015 5506 2069 5554 et
2121 5495 2462 5568 trigesimus
2511 5513 2703 5551 annus
2759 5497 3086 5568 completus
3135 5503 3224 5554 est
3263 5499 3416 5570 quod
3444 5500 3494 5555 ei
3528 5499 3661 5555 talis

2016 5585 2226 5643 accidit
2251 5601 2444 5641 casus.
2477 5584 2621 5642 Hinc
2651 5585 2904 5658 profecto
2935 5602 3074 5644 meae
3087 5585 3663 5647 conversationisori-
