4022 6160
172 299 281 364 901

1770 301 1971 363 ACTA
1984 346 1997 361 .

3461 310 3579 373 902

174 432 433 487 virorum
466 432 848 504 prudentium
879 436 1316 502 conservantur,
1346 432 1716 489 illustrantur
1763 436 1819 488 et
1846 434 1900 500 Α
1930 432 2262 500 irriderent,
2295 438 2442 491 nutu
2476 435 2669 491 divino
2700 452 2985 493 securese
3010 438 3286 495 manibus
3317 440 3582 497 inciden-

179 524 488 593 augentur.

246 611 372 664 231.
410 609 514 664 His
545 608 730 682 igitur
762 610 1302 666 necessitudinibus
1333 610 1516 666 abbas
1544 614 1685 665 tunc
1714 610 1825 665 cir-

176 704 546 769 cnmventus,
584 714 715 753 cum
745 699 1101 770 quibusdam
1132 700 1366 771 praediis
1396 716 1606 755 nemus
1637 699 1824 771 quod-

176 790 313 845 dam
344 788 522 843 etiam
554 786 819 854 contulit,
853 789 1021 858 cujus
1064 788 1252 861 gratia
1300 790 1357 845 S.
1407 788 1662 844 Joannes
1713 786 1826 843 tale

174 877 339 932 dedit
354 874 724 931 miraculum.
736 879 835 930 Est
848 874 1008 932 locus
1025 876 1118 932 his
1134 877 1192 931 in
1204 877 1448 948 Alpibus
1463 878 1519 931 in
1544 876 1826 931 orientem

173 982 449 1039 vergens,
483 966 637 1036 quod
669 968 945 1019 Metatum
977 966 1238 1022 montani
1261 967 1409 1037 (193)
1431 967 1603 1022 etiam
1632 970 1829 1021 nostra

173 1058 528 1126 tempestate
560 1054 795 1125 vulgato
826 1054 1064 1110 nomine
1098 1054 1413 1126 appellant.
1445 1056 1625 1110 Abest
1670 1055 1827 1109 enim

178 1146 254 1200 ab
277 1145 392 1200 isto
423 1144 481 1198 S.
519 1142 713 1198 Mariae
742 1144 1100 1199 monasterio
1137 1145 1316 1199 ferme
1336 1145 1451 1200 duo
1476 1144 1661 1200 millia
1691 1161 1829 1215 pas-

179 1249 383 1302 suum,
407 1233 463 1286 in
491 1248 606 1303 quo
629 1248 839 1288 nemus
864 1233 1159 1303 quoddam
1171 1233 1501 1306 ,diligenter
1517 1234 1829 1304 consitum,

180 1322 521 1393 quercubus
550 1319 841 1392 aliisquue
870 1322 1185 1393 generibus
1215 1322 1494 1377 arborum
1529 1324 1830 1392 refertum,

184 1412 394 1467 faciem
426 1411 797 1467 intuentibus
827 1409 1108 1468 laetiorem
1138 1411 1432 1479 ostendit;
1480 1412 1619 1483 quia
1664 1413 1836 1483 juxta

187 1502 406 1556 ﬂumen
433 1499 564 1571 jugi
597 1515 751 1570 aqua
771 1498 1103 1570 piscibusve
1118 1500 1397 1555 refertum
1415 1499 1656 1568 labitur,
1682 1501 1834 1556 aesti-

183 1602 373 1659 voqne
403 1592 665 1658 tempore
691 1601 898 1658 pecore
922 1590 1097 1656 atque
1144 1585 1467 1643 cultoribus
1505 1592 1564 1642 et
1613 1587 1838 1643 civibus

186 1675 490 1731 interdum
522 1674 926 1745 frequentatur
954 1675 1220 1746 piscandi
1251 1675 1460 1746 gratia.
1494 1677 1637 1731 Cum
1660 1676 1841 1747 igitur

1932 522 2080 577 tium
2114 522 2363 594 delapsae
2392 525 2668 581 cecidere.
2699 527 2862 591 Quod
2892 544 3025 582 cum
3058 528 3281 584 caeteris
3312 528 3420 585 hoc
3459 547 3579 586 me-

1930 614 2058 665 tum
2092 616 2148 666 et
2170 611 2471 668 horrorem
2503 613 2743 685 insuper
2765 619 2823 669 et
2854 632 2966 670 non
2996 633 3233 687 parvam
3287 616 3482 674 incute
3496 624 3583 675 ret

1935 699 2404 771 admirationem,
2431 719 2586 756 unus
2608 702 2738 758 aliis
2761 703 3007 774 nequior
3036 709 3092 760 et
3114 706 3454 777 improbior,
3481 724 3583 764 eos

1936 787 2154 843 hortari
2177 789 2287 860 [ut]
2310 789 2524 844 iterum
2546 806 2779 845 secures
2801 792 2872 845 ad
2893 791 3183 863 reliquum
3207 811 3419 851 nemus
3443 796 3584 851 inci-

1939 876 2196 931 dendum
2229 880 2604 949 corriperent.
2628 878 3037 934 Renitentibus
3062 880 3152 935 his
3174 886 3231 936 et
3253 884 3584 939 accusanti-

1940 965 2070 1034 bus,
2104 965 2201 1021 ille
2223 984 2337 1021 non
2363 969 2624 1022 futurum
2649 967 2761 1022 sibi
2780 968 3104 1039 praevidens
3123 986 3348 1041 casum,
3370 975 3581 1044 raptim

1941 1055 2194 1109 securim
2253 1056 2508 1128 capiens,
2560 1073 2685 1111 eam
2730 1062 3071 1127 perstrenue
3102 1057 3361 1115 elevavit.
3411 1064 3520 1117 Sed
3552 1080 3585 1118 o

1939 1144 2259 1198 verendum
2289 1145 2361 1199 ab
2393 1144 2667 1200 omnibus
2698 1144 2910 1200 Christi
2941 1146 3081 1201 Jesu
3110 1146 3431 1217 judicium!
3476 1165 3581 1205 nec

1944 1249 2155 1287 manus
2188 1249 2292 1287 nec
2322 1233 2572 1288 securim
2604 1234 2891 1305 deponere
2924 1251 2957 1289 a
2981 1238 3141 1307 tergo
3201 1252 3337 1291 cum
3370 1244 3588 1309 posset,

1944 1320 2005 1375 in
2036 1338 2143 1377 sua
2190 1326 2384 1377 tamen
2433 1322 2659 1377 malitia
2702 1339 3099 1393 perseverans,
3149 1326 3291 1380 dum
3346 1327 3589 1398 spiritus

1948 1426 2088 1467 suos
2120 1410 2426 1482 pestiferos
2457 1412 2602 1466 rexit
2631 1417 2815 1478 artus,
2846 1429 3057 1468 manus
3103 1418 3234 1485 post
3280 1432 3587 1487 nunquam

1947 1500 2207 1555 retraxit.
2231 1500 2348 1555 Hoc
2380 1500 2821 1572 quamprimum
2853 1506 2915 1558 P.
2951 1502 3159 1557 Abbati
3191 1504 3455 1559 nuntiari
3489 1522 3587 1560 cu-

1948 1593 2222 1644 raverunt
2250 1593 2511 1661 pastores
2536 1606 2548 1656 ;
2576 1594 2636 1644 at
2664 1588 2834 1644 illum
2866 1590 3073 1661 ingens
3102 1592 3386 1663 gaudium
3418 1597 3592 1665 atque

1948 1677 2115 1733 dolor
2143 1676 2321 1733 simul
2343 1694 2697 1750 occupavere
2722 1696 2735 1746 ;
2762 1696 2896 1733 nam
2911 1678 3217 1736 laetabatur
3234 1680 3593 1755 intelligens,

186 1766 427 1822 cuidam
463 1764 572 1820 civi
621 1763 975 1833 Florentino,
1024 1764 1117 1819 cui
1165 1780 1377 1821 nomen
1427 1764 1720 1819 Bernardo
1768 1765 1839 1820 de
1869 1805 1917 1870 Β
1949 1766 2157 1822 silvam
2189 1766 2777 1838 illamperpulchram
2800 1768 2855 1823 S.
2879 1768 3124 1824 Joannis
3142 1771 3593 1844 precibus[con-

185 1851 482 1920 Serzellis,
521 1856 585 1908 ut
615 1852 843 1908 fructus
891 1868 959 1908 ex
998 1868 1063 1908 eo
1094 1853 1437 1925 perciperet,
1490 1853 1728 1908 daretur
1779 1854 1837 1908 in

187 1941 650 2016 possessionem,
686 1944 744 1995 et
763 1940 859 1996 ille
889 1945 1094 1997 contra
1115 1943 1238 2011 jus,
1270 1945 1327 1996 et
1346 1941 1701 1996 tmdusinter
1721 1958 1844 1997 mo-

188 2032 415 2088 nachos
446 2036 505 2086 et
534 2047 595 2086 se
619 2045 985 2102 percussum,
1014 2046 1169 2101 mox,
1194 2031 1566 2101 possessione
1591 2035 1848 2102 accepta,

192 2122 434 2179 arbores
463 2135 667 2175 omnes
691 2119 873 2190 jussit
925 2119 1125 2175 incidi.
1175 2124 1294 2175 Hoc
1335 2118 1535 2190 inique
1585 2120 1849 2191 fcedeque

196 2211 419 2265 factum
448 2224 518 2263 ex
538 2207 754 2264 nostris
776 2208 1085 2263 Conversis
1107 2208 1368 2279 quidam,
1390 2208 1491 2280 qui
1522 2214 1663 2263 tunc
1684 2214 1850 2279 prata

198 2298 551 2365 tondebant,
584 2296 885 2369 aegerrime
930 2298 1200 2368 ferentes,
1220 2313 1340 2367 eos,
1363 2297 1464 2368 qui
1486 2297 1843 2365 incidebant,

202 2388 446 2455 adeunt,
472 2390 730 2453 monent,
755 2390 923 2442 orant
946 2402 1018 2441 ne
1047 2386 1156 2442 tale
1177 2386 1404 2442 facinus
1423 2390 1618 2459 agant,
1634 2387 1734 2458 [et]
1756 2403 1850 2442 ve-

198 2477 313 2533 lint
342 2477 701 2548 quandoque
732 2477 802 2531 ab
834 2474 1014 2547 impio
1046 2492 1216 2545 opere
1246 2475 1547 2531 desistere.

427 2567 737 2635 Ceterum,
772 2582 907 2620 cum
930 2564 1015 2620 illi
1046 2569 1277 2620 tantum
1301 2564 1723 2621 contumeliosa
1746 2564 1853 2620 mi-

200 2671 538 2726 narumque
568 2654 740 2727 plena
768 2655 942 2709 verba
990 2654 1318 2721 redderent,
1371 2653 1632 2709 conversi
1687 2655 1851 2710 veriti

196 2746 423 2819 pejora,
458 2744 509 2800 si
538 2748 866 2816 pergerent,
900 2742 1053 2799 illico
1072 2742 1221 2798 hanc
1241 2744 1614 2814 exquirentes
1645 2744 1849 2815 aedem,

195 2838 261 2890 P.
298 2834 577 2889 abbatem
608 2831 1004 2904 lacrymantes
1051 2833 1287 2900 adeunt,
1323 2847 1563 2903 remque
1594 2849 1852 2900 omnem,

200 2924 287 2978 uti
321 2926 469 2993 erat,
503 2926 795 2977 enarrant.
828 2921 950 2992 Ille,
972 2922 1081 2977 etsi
1114 2925 1322 2992 potens
1352 2922 1469 2976 vim
1490 2921 1544 2976 vi
1570 2939 1704 2977 cum
1729 2923 1855 2978 suis

202 3011 511 3084 repellere,
544 3016 739 3067 tamen
773 3010 912 3083 quia
937 3009 998 3065 in
1044 3009 1145 3065 tali
1200 3016 1461 3082 tempore
1503 3010 1591 3066 vis
1641 3011 1853 3067 civium

203 3101 399 3174 magis
431 3100 701 3155 lenienda
729 3116 907 3171 quam
940 3098 1285 3171 exagitanda
1315 3103 1457 3167 erat,
1500 3100 1681 3155 fretus
1740 3100 1853 3154 vir-

202 3196 329 3246 tute
350 3191 571 3257 divina,
598 3192 655 3244 S.
670 3188 913 3245 Joannis
934 3187 1274 3261 praesidium
1297 3186 1501 3243 statuit
1518 3187 1850 3260 implorare.
1887 3174 1930 3241 C

207 3280 588 3352 Igiturjussu
606 3295 714 3335 suo
726 3276 979 3333 collectis
996 3277 1276 3350 undique,
1298 3277 1398 3348 qui
1416 3276 1553 3333 foris
1580 3277 1855 3350 domique

209 3374 399 3439 erant,
432 3367 737 3424 monachis
767 3371 824 3422 et
853 3367 1169 3434 conversis,
1220 3366 1563 3437 capitulum,
1617 3372 1682 3421 ut
1731 3384 1857 3423 mos

214 3462 329 3524 est,
360 3457 628 3513 ﬂebiliter
658 3457 913 3524 adeunt;
946 3456 1157 3527 hisque
1189 3454 1481 3526 imprimis
1512 3456 1714 3523 abbas,
1757 3473 1861 3511 cur

209 3546 576 3616 accersisset,
610 3545 898 3617 aperiens,
931 3544 1065 3599 inde
1096 3544 1366 3615 praesenti
1395 3544 1644 3616 fortique
1662 3545 1858 3601 animo

207 3634 349 3703 sint,
382 3635 690 3701 hortatur;
725 3649 830 3690 nec
862 3632 1109 3688 dubium
1155 3632 1301 3688 foret
1349 3632 1432 3687 eis
1473 3633 1531 3688 S.
1573 3633 1857 3689 Joannem

206 3741 379 3797 opem
398 3724 752 3796 quandoque
772 3722 1053 3790 laturum,
1080 3722 1252 3777 modo
1264 3722 1417 3777 bono
1439 3726 1666 3777 rectove
1688 3723 1860 3778 corde

205 3812 514 3869 humiliter
545 3816 601 3869 et
627 3816 955 3868 revcrenter
984 3811 1056 3867 ab
1087 3812 1171 3866 eis
1190 3810 1539 3882 requiratur.
1563 3812 1666 3867 His
1687 3812 1860 3867 dictis

206 3904 451 3975 signum
481 3901 933 3974 cumcampanis
966 3900 1109 3967 ﬁeri,
1140 3905 1204 3955 ut
1226 3917 1353 3956 mos
1376 3901 1701 3971 est,jubet:
1726 3901 1860 3957 inde

210 3991 269 4046 P.
303 3992 595 4046 Abbatem
627 4006 830 4045 omnes
848 3988 1149 4044 imitantes
1173 3989 1497 4044 sacrarium
1517 3989 1749 4045 subnixi
1773 3990 1859 4044 in-

206 4080 582 4153 grediuntur.
617 4079 830 4134 Cereus
889 4095 1170 4134 accensus
1213 4080 1285 4133 ab
1330 4095 1419 4146 eo,
1455 4078 1555 4149 qui
1606 4084 1860 4134 sacrario

206 4173 408 4240 praet,
464 4169 675 4240 cuique
744 4169 954 4234 datur;
1007 4171 1063 4223 et
1109 4166 1305 4238 pluteo
1377 4183 1479 4222 seu
1548 4167 1862 4223 armariolo

210 4263 433 4329 aperto,
466 4274 583 4329 quo
616 4257 673 4313 S.
702 4256 948 4312 Joannis
988 4255 1293 4311 brachium
1328 4255 1647 4311 honorifice
1676 4273 1865 4312 serva-

208 4350 334 4411 tur,
367 4345 722 4417 quibusdam
753 4345 825 4400 ad
858 4344 999 4400 Jesu
1032 4343 1244 4399 Christi
1277 4345 1457 4399 decus
1488 4343 1865 4417 Virginisque

214 4434 414 4490 Maria:
435 4439 493 4490 et
520 4439 578 4490 S.
611 4434 857 4490 Joannis
887 4432 1135 4489 cantatis
1192 4433 1356 4504 prius
1406 4433 1655 4505 genibus
1704 4434 1866 4489 ﬂexis

216 4524 559 4596 antiphonis
591 4523 821 4579 abbatis
845 4524 1041 4594 jussu.

286 4614 413 4668 233.
448 4612 669 4669 Deinde
692 4612 763 4667 ad
785 4629 960 4667 suum
985 4611 1235 4682 quisque
1258 4611 1546 4667 concessit
1567 4610 1864 4683 negotium

212 4702 638 4775 peragendum,
672 4718 741 4757 ea
770 4705 967 4756 tamen
1017 4701 1131 4756 ﬁde
1159 4717 1223 4756 ac
1277 4717 1401 4772 spe,
1455 4704 1519 4755 ut
1567 4701 1869 4756 crederent

211 4790 464 4847 Joannis
496 4790 824 4846 beatissimi
877 4789 1215 4861 praesidium
1266 4806 1381 4844 non
1432 4790 1769 4844 defuturum
1807 4790 1865 4844 in

212 4884 483 4952 tempore
504 4884 867 4951 opportuno;
901 4879 1057 4950 quod
1090 4879 1282 4951 reipsa
1314 4878 1487 4950 paulo
1512 4883 1644 4950 post
1664 4879 1869 4950 proba-

218 4972 352 5024 tum
384 4974 510 5025 est:
547 4986 682 5024 nam
714 4968 816 5040 qui
848 4968 1204 5033 incidebant,
1259 4968 1417 5039 operi
1464 4968 1681 5023 nefario
1735 4984 1867 5022 cum

210 5055 533 5121 instarent,
567 5057 666 5126 [et]
701 5057 992 5127 quosdam
1025 5055 1201 5111 etiam
1232 5059 1514 5127 pastores,
1534 5056 1717 5112 bonos
1744 5072 1871 5128 pro-

210 5144 371 5201 fecto
400 5147 578 5213 viros,
608 5146 821 5217 quieos
853 5161 1018 5201 orare
1040 5150 1096 5199 et
1121 5161 1358 5200 monere
1380 5146 1739 5216 [coeperant,]
1770 5161 1869 5200 ne-

207 5237 453 5289 tantum
484 5234 543 5289 in
576 5250 814 5290 nemore
858 5232 1089 5289 discidii
1120 5237 1374 5305 agerent,
1426 5237 1768 5304 spernerent
1816 5237 1873 5287 et

302 5375 421 5443 (193
453 5379 719 5433 Metatum
751 5392 855 5447 pro
885 5374 1023 5429 villa
1080 5376 1309 5447 rustica
1334 5374 1495 5447 sumi
1541 5374 1677 5429 alibi
1728 5376 1873 5430 dixi-

206 5460 383 5500 mus.
414 5448 616 5519 Itaque
644 5445 921 5519 metatum
948 5448 1205 5502 Montani
1257 5446 1349 5501 hic
1402 5445 1600 5501 villam
1644 5453 1873 5503 monta-

208 5531 369 5590 nam
398 5518 733 5590 signiﬁcare
763 5518 1055 5574 existimo.

304 5587 764 5671 (thYOppidum
795 5590 902 5651 hoc
926 5590 998 5647 ab
1027 5589 1411 5649 aliisvocatus
1433 5588 1767 5665 Bmz’ghella
1786 5587 1872 5646 vel

1956 1859 2244 1911 servatam
2276 1871 2425 1925 esse,
2458 1855 2534 1925 et]
2564 1855 2845 1922 evenisse,
2880 1872 2953 1911 ne
3010 1856 3299 1912 malorum
3350 1861 3596 1917 audacia

1958 1946 2133 2015 [eamj
2164 1944 2436 2016 stirpitus
2464 1944 2851 2015 exstirparet;
2885 1961 3056 2016 porro
3099 1947 3306 2003 anxius
3338 1964 3466 2005 esse
3524 1952 3596 2006 ob

1960 2034 2155 2089 miseri
2187 2033 2345 2088 illius
2375 2031 2710 2088 inevitabile
2741 2032 2988 2088 malum.

2026 2123 2152 2177 234.
2176 2122 2390 2177 Eadem
2422 2121 2597 2176 etiam
2628 2122 2739 2180 die.
2776 2127 2832 2176 et
2860 2138 2929 2177 ea
2958 2122 3121 2191 hora,
3153 2141 3270 2196 qua
3302 2130 3596 2203 monachi,

1961 2216 2026 2266 ut
2054 2211 2330 2275 diximus,
2354 2210 2662 2265 S.Joannis
2679 2210 3059 2281 imploravere
3076 2214 3383 2283 auxilium,
3406 2217 3594 2289 ipsius

1960 2300 2122 2367 civis,
2154 2300 2245 2355 cui
2270 2302 2404 2371 jure
2452 2299 2593 2354 illud
2657 2299 2963 2355 devenerat
3007 2317 3237 2369 nemus,
3293 2308 3411 2361 tres
3466 2325 3599 2364 rure

1960 2390 2165 2446 domos
2197 2406 2310 2444 non
2342 2388 2578 2444 inutiles
2600 2388 2939 2444 combustae
2972 2388 3197 2463 [fuisse]
3222 2393 3599 2452 manifestum

1961 2483 2050 2534 est
2072 2496 2085 2545 ;
2112 2478 2266 2550 quod
2290 2477 2387 2532 ubi
2410 2477 2651 2548 accepit,
2676 2475 3038 2545 existimans,
3066 2478 3123 2533 id
3143 2481 3295 2551 quod
3319 2487 3463 2550 erat,
3489 2485 3602 2540 sibi

1963 2567 2170 2623 merito
2200 2567 2256 2623 id
2294 2566 2431 2621 mali
2465 2565 2743 2633 evenisse,
2777 2565 3131 2621 nolenscum
3151 2570 3372 2626 sanctis
3389 2576 3447 2627 et
3462 2573 3605 2629 Jesu

1963 2655 2354 2712 familiaribus
2375 2671 2497 2709 rem
2524 2670 2713 2726 agere,
2764 2654 2920 2709 illico
2954 2655 3142 2727 [petiit
3185 2662 3251 2712 ut
3302 2658 3435 2730 sibi)
3478 2679 3605 2719 sum

1962 2747 2346 2801 redderentur
2374 2746 2650 2815 pecunia,
2686 2747 2741 2799 et
2771 2743 2916 2813 ipse,
2949 2744 3236 2816 quidquid
3265 2752 3605 2806 monasterii

1962 2834 2323 2907 possidebat,
2360 2832 2664 2888 restituere
2695 2832 2934 2888 curavit.
2987 2837 3106 2888 Hoc
3158 2836 3431 2907 equidem
3483 2844 3605 2895 tam

1962 2924 2279 2979 verendum
2303 2921 2777 2993 stupendumque
2808 2920 3158 2978 miraculum
3206 2923 3357 2994 aliis,
3390 2927 3490 2999 qui
3540 2944 3607 2983 ea

1963 3016 2310 3083 tempestate
2336 3010 2713 3066 ecclesiarum
2744 3010 2914 3077 bona,
2933 3028 3019 3077 ea,
3044 3028 3223 3083 quam
3245 3014 3384 3081 dixi,
3407 3017 3606 3071 condi-

1964 3102 2121 3156 tione
2154 3101 2692 3164 babuere,mentem
2707 3099 3350 3174 consiliumqueinique
3370 3106 3604 3177 agendi,

1967 3190 2164 3245 veritis
2200 3189 2418 3259 pejora,
2451 3187 2687 3242 ademit.
2721 3191 2788 3243 Et
2817 3204 2889 3244 ne
2920 3188 3054 3259 quis
3084 3190 3241 3245 istud
3274 3192 3489 3248 falsum
3537 3195 3605 3248 fi-

1967 3283 2244 3348 ctumque
2273 3275 2583 3343 existimet,
2606 3277 2754 3330 sciat
2784 3292 2878 3330 me
2908 3293 2941 3331 a
2960 3278 3259 3334 nonnullis
3278 3284 3405 3334 tum
3428 3282 3606 3336 abba-

1966 3368 2125 3422 tibus
2158 3371 2283 3420 tum
2316 3364 2612 3420 conversis
2640 3364 2700 3418 in
2732 3364 3025 3436 decrepita
3053 3369 3218 3421 aetate
3249 3370 3605 3440 constitutis,

1967 3456 2067 3526 qui
2091 3454 2183 3509 his
2212 3454 2620 3523 interfuerunt,
2653 3452 2963 3524 accepisse.
2998 3453 3153 3508 Silva
3199 3471 3430 3526 quoque
3486 3455 3605 3525 illa,

1968 3545 2018 3600 si
2048 3542 2316 3598 homines
2348 3540 2607 3607 silerent,
2637 3541 3028 3597 calamitatem
3061 3560 3227 3599 suam
3257 3544 3432 3600 etiam
3488 3546 3609 3602 haec

1970 3636 2173 3689 nostra
2202 3634 2547 3701 tempestate
2576 3629 2852 3697 ostendit,
2888 3647 3021 3685 cum
3077 3648 3347 3702 quercus,
3399 3634 3609 3690 deinde

1969 3722 2263 3794 plantatze,
2297 3719 2518 3773 cmteris
2551 3717 2735 3773 multo
2764 3718 3109 3775 humiliores
3135 3720 3608 3795 intuentibusap-

1969 3813 2228 3881 pareant.
2260 3810 2331 3861 At
2349 3806 2491 3861 mihi
2512 3807 2766 3878 profecto
2789 3806 2974 3862 multa
2996 3806 3611 3881 legenti,audientique

1969 3897 2242 3970 plurima,
2277 3900 2504 3950 constat
2528 3900 2584 3950 S.
2607 3896 2893 3951 Joannem
2914 3896 3089 3951 etiam
3115 3897 3395 3953 memoria
3414 3904 3614 3954 nostra

1970 3985 2269 4043 miraculis
2301 3989 2358 4039 et
2390 3984 2671 4055 prodigiis
2690 3983 3055 4053 claruisse,et
3080 3985 3269 4041 adhuc
3290 3987 3371 4042 ita
3396 3987 3614 4044 clarere

1971 4077 2134 4147 (pace
2159 4075 2422 4129 omnium
2455 4073 2723 4144 dixerim)
2757 4078 2820 4127 ut
2847 4074 2898 4127 ei
2933 4073 3129 4130 nullus
3150 4080 3485 4131 sanctorum
3507 4076 3614 4133 hac

1970 4165 2029 4219 in
2062 4162 2357 4237 provincia
2390 4162 2714 4217 inveniatur
2735 4164 3051 4219 secundus.

2041 4255 2167 4308 235.
2200 4254 2245 4306 A
2276 4252 2548 4307 Faventia
2578 4251 2805 4307 civitate
2838 4251 3132 4307 Flaminia
3165 4254 3471 4326 oppidum,
3522 4255 3616 4311 cui

1974 4340 2695 4413 Berzighella(194)nomen
2710 4345 2936 4406 est,non
2955 4341 3370 4413 proculabesse
3382 4343 3615 4412 dicitur;

1974 4432 2032 4486 in
2065 4447 2180 4503 quo
2202 4429 2468 4500 qumdam
2496 4427 2726 4495 mulier,
2749 4445 2866 4483 non
2890 4430 3137 4485 obscuro
3160 4430 3284 4486 loco
3303 4436 3459 4497 nata,
3484 4448 3617 4486 cum

1896 4544 1942 4608 D
1973 4538 2043 4577 ex
2072 4518 2413 4592 quotidiana
2435 4517 2532 4571 diu
2557 4516 2713 4571 febre
2735 4516 3079 4583 laborasset,
3100 4535 3205 4574 nec
3234 4519 3617 4589 medicorum,

1976 4612 2037 4665 in
2069 4608 2282 4681 quibus
2315 4606 2565 4661 multum
2594 4605 2850 4676 pecunias
2902 4610 3369 4677 consumpserat,
3423 4605 3618 4677 aliquo

1976 4702 2172 4771 posset
2203 4695 2456 4751 remedio
2487 4693 2741 4763 liberari,
2778 4693 3049 4765 precibus
3080 4694 3388 4765 cujusdam
3435 4694 3617 4749 nostri

1978 4782 2628 4849 monachideMaratha,
2654 4782 2753 4853 qui
2775 4798 2900 4837 eam
2926 4782 3113 4852 gratia
3135 4782 3485 4838 visitationis
3518 4783 3620 4838 ad-

1978 4877 2180 4945 iverat,
2197 4871 2806 4942 sanctissimiinsuper
2821 4872 3066 4926 Joannis
3090 4871 3387 4927 miraculis
3422 4872 3617 4942 ducta,

1976 4970 2174 5020 votum
2195 4964 2278 5019 sic
2294 4962 2444 5017 vovit
2468 4977 2479 5014 :
2503 4962 2760 5016 Joannes
2794 4960 3151 5031 beatissime,
3170 4961 3411 5016 domum
3435 4964 3620 5027 tuam,

1981 5055 2029 5110 si
2043 5054 2161 5109 tuis
2175 5052 2398 5107 meritis
2411 5050 2747 5121 sospitatem
2762 5066 3198 5122 recuperavero,
3213 5050 3461 5106 visitabo
3486 5066 3621 5105 cum

1981 5142 2363 5208 muneribus;
2397 5139 2541 5193 mihi
2588 5156 2804 5209 quaeso,
2854 5139 3026 5195 Pater
3072 5139 3462 5205 sanctissime,
3513 5137 3622 5194 etsi

1981 5230 2288 5305 peccatrici
2306 5245 2473 5301 opem
2496 5229 2645 5283 feras
2668 5234 2883 5284 tamen.
2898 5228 3005 5283 Vix
3018 5229 3191 5284 verba
3212 5227 3620 5299 compleverat.

1984 5371 2631 5445 Bresegell_a,situmq_ue
2646 5374 2735 5445 est
2754 5370 2811 5424 in
2827 5370 3112 5445 Flaminia
3133 5387 3232 5445 seu
3242 5370 3627 5445 Romandiola

1983 5441 2217 5517 septem
2234 5443 2461 5498 circiter
2483 5441 2831 5498 milliaribus
2864 5443 3135 5499 Faventia
3158 5444 3310 5499 inter
3322 5442 3625 5501 meridiem

1981 5515 2453 5575 ethecidentem.
