4002 6170
510 278 630 341 908

1566 271 1630 328 S.
1676 267 1999 327 JOANNIS
2047 266 2492 327 GUALBEttTl
2540 265 2875 324 ABBA'I‘IS
3689 282 3765 345 9m

519 417 577 468 et
605 426 735 466 ecce
763 426 793 463 e
818 404 1059 476 vestigio
1091 401 1482 458 miraculum:
1521 417 1647 471 quae
1681 404 1852 470 capta
1884 397 2159 453 omnibus
2187 398 2242 463 Α
2274 396 2524 461 doceret,
2561 396 2921 451 medicorum
2954 396 3168 451 invenit
3195 401 3478 459 neminem.
3505 378 3768 471 Eodivinum

518 497 797 555 membris
831 496 886 548 in
919 493 1065 548 lecto
1089 490 1339 562 jacebat,
1375 489 1573 544 functa
1603 488 1791 543 ofﬁcio
1824 488 2003 541 totius
2036 502 2161 539 cor-

518 588 695 660 poris,
730 584 854 639 suis
885 581 1151 653 pedibus,
1178 579 1401 650 ingenti
1423 575 1687 634 omnium
1712 576 1810 647 qui
1834 592 1959 630 eam
1984 590 2159 629 nove-

517 680 648 730 rant
676 670 1081 740 admiratione,
1113 669 1223 723 hoc
1243 672 1298 722 S.
1321 667 1514 722 Mariae
1538 663 1961 721 monasterium
1986 662 2163 717 adivit

515 765 716 818 devote
743 778 757 828 ;
783 760 882 816 ubi
906 758 1165 831 primum
1191 756 1472 828 capellam
1495 772 1627 810 cum
1644 755 1876 808 duobus
1897 752 2162 823 ingressa

513 850 849 919 comitibus,
877 848 1126 919 genibus
1149 846 1542 916 ﬂexis,coram
1569 843 1861 909 adoravit;
1882 842 2015 896 inde
2032 858 2158 895 sur-

514 956 681 1012 gens,
705 937 967 995 osculato
984 935 1172 1001 altari,
1191 933 1621 1006 aliquantulum
1641 932 1897 1003 pecunim
1914 929 2156 996 obtulit;

513 1028 952 1101 quamlibenter
966 1041 1033 1080 ea
1056 1025 1149 1079 die
1173 1021 1556 1079 etliberaliter
1578 1021 1913 1075 habuimus.
1944 1018 2157 1073 Postri-

515 1120 607 1174 die
635 1133 792 1187 vero,
852 1115 1036 1170 miss'a
1088 1112 1400 1177 celebrata,
1433 1114 1490 1165 et
1536 1116 1590 1163 S.
1624 1109 1871 1165 Joannis
1924 1106 2161 1161 brachio

508 1206 787 1274 osculato,
822 1205 1061 1260 domum
1093 1200 1396 1256 contendit
1425 1216 1617 1254 suam.

578 1295 703 1349 236.
737 1294 905 1350 Aliud
936 1292 1115 1347 etiam
1147 1288 1499 1345 miraculum
1532 1286 1823 1358 praeterire
1845 1285 2155 1341 consilium

510 1402 624 1440 non
658 1384 788 1453 fuit,
823 1381 976 1454 quod
1010 1382 1070 1435 in
1103 1380 1308 1435 eodem
1338 1378 1553 1450 oppido
1590 1381 1792 1432 nostra
1814 1379 2158 1447 tempestate

509 1473 741 1529 cuidam
767 1470 1021 1537 mulieri,
1053 1486 1179 1540 quae
1214 1468 1371 1522 fluxu
1404 1465 1713 1537 sanguinis
1756 1465 1854 1519 diu
1915 1464 2157 1533 fatigata

510 1562 765 1631 [fuerat,]
800 1559 1064 1616 evenisse
1093 1558 1151 1613 S.
1175 1556 1415 1612 Joannis
1439 1554 1662 1610 meritis
1686 1554 1980 1624 probatur.
2004 1552 2156 1607 Ulim

512 1652 753 1724 quidam
786 1648 925 1705 civis
959 1646 1368 1703 Foroliviensis
1398 1661 1531 1699 cum
1563 1660 1631 1698 ex
1662 1644 1839 1710 febre,
1884 1642 2039 1696 lenta
2068 1644 2155 1694 ta-

511 1757 665 1810 men,
696 1743 966 1794 caeterum
999 1734 1298 1803 continua,
1331 1734 1639 1795 laboraret,
1691 1731 1799 1784 hoc
1850 1735 1904 1784 S.
1960 1728 2154 1783 Mariae

509 1826 931 1884 monasterium
954 1822 1259 1879 annuatim
1274 1823 1471 1877 multas
1510 1819 1830 1875 devotionis
1849 1818 2036 1890 gratia
2053 1818 2153 1871 ad-

508 1917 647 1983 ivit;
682 1914 782 1985 qui
817 1915 965 1968 forte
1016 1912 1167 1965 inter
1212 1910 1603 1965 incedendum
1655 1925 1786 1963 cum
1839 1907 2154 1962 comitibus

506 2008 744 2077 propter
774 2003 1011 2068 fontem,
1065 1999 1163 2071 qui
1218 2000 1347 2054 fons
1379 1998 1436 2052 S.
1484 1997 1727 2054 Joannis
1761 1996 2000 2065 dicitur,
2044 1995 2156 2050 iter

511 2092 746 2158 habuit;
782 2089 881 2162 qui
899 2088 1138 2161 quidem
1162 2086 1436 2158 religione
1462 2090 1697 2141 Patrum
1720 2087 1787 2137 ad
1814 2085 1933 2139 haec
1956 2089 2157 2139 nostra

507 2186 773 2252 tempora
803 2194 990 2249 usque
1041 2178 1267 2241 eodem,
1303 2180 1365 2229 ut
1417 2176 1617 2245 fertur,
1652 2176 1825 2245 topho
1859 2173 2154 2244 herbaque

508 2269 676 2325 viridi
709 2268 1128 2336 circumdatus,
1164 2282 1279 2337 quo
1311 2265 1498 2337 ipsius
1522 2264 1840 2319 S.Joannis
1862 2268 2145 2334 tempore,

510 2362 857 2431 prazstanter
886 2355 1195 2410 clauditur.
1229 2354 1409 2408 Abest
1435 2354 1590 2408 enim
1623 2354 1694 2407 ab
1725 2352 1852 2423 ipso
1875 2353 1932 2407 S.
1960 2352 2152 2406 Maria

507 2446 861 2503 monasterio
903 2447 1019 2499 fere
1077 2444 1429 2513 quingentos
1470 2450 1718 2513 passus,
1773 2442 1871 2511 qui
1914 2442 2150 2510 quidem

510 2535 769 2606 parvulis
782 2533 1071 2587 abietibus
1092 2530 1226 2585 hinc
1242 2530 1375 2584 inde
1398 2530 1741 2601 perpulchra
1755 2530 2027 2599 cingitur.
2054 2528 2153 2585 Ille

506 2624 704 2693 itaque
732 2637 867 2678 cum
900 2637 933 2675 a
966 2620 1316 2675 nostrisrem
1339 2635 1576 2673 omnem
1598 2619 1983 2689 cognovisset,
2005 2622 2067 2672 ut
2090 2619 2149 2673 S.

506 2710 894 2768 Joannisfons
918 2709 1225 2775 diceretur,
1248 2706 1822 2777 utquandoqueilluc
1840 2705 2000 2761 solus
2020 2707 2148 2775 iret,

510 2806 575 2856 ut
604 2800 803 2857 crebro
825 2802 1034 2865 oraret,
1061 2800 1120 2852 ut
1150 2797 1400 2867 majores
1424 2796 1608 2851 nostri
1627 2795 2151 2866 devotionisipsius

510 2889 700 2962 gratia
720 2887 1048 2944 noluissent
1070 2902 1239 2941 secus
1266 2884 1560 2957 lapidibus
1586 2883 1829 2955 sculptis
1852 2900 2147 2953 exornare,

510 2978 786 3034 manibus
816 2992 1017 3032 eorum
1048 2991 1284 3030 summa
1312 2990 1446 3029 cum
1477 2974 1817 3040 reverentia,
1852 2973 1991 3043 quia
2021 2974 2149 3029 fons

507 3067 662 3123 altus
696 3070 787 3121 est
815 3080 1028 3136 aquam
1062 3079 1283 3135 pronus
1312 3062 1546 3128 libavit;
1580 3062 1715 3117 inde
1744 3067 2009 3117 secutum
2033 3063 2145 3117 mi-

2271 486 2475 540 statuit
2506 486 2817 556 implorare
2849 486 3150 541 auxilium.
3183 488 3281 550 Qui
3312 507 3429 545 cum
3455 493 3618 551 Jesum
3644 500 3771 569 piam.

2271 592 2382 646 que
2424 575 2666 629 Matrem
2717 576 2865 643 ejus,
2919 576 3025 645 [ut]
3086 575 3292 631 ferrent
3338 595 3504 653 opem,
3548 585 3771 659 invocaret,

2269 664 2469 718 crebro
2494 664 2626 718 talis
2650 663 2700 718 ei
2721 664 2866 718 visio
2890 680 2992 734 per
3011 680 3299 731 somnum,
3320 676 3376 721 ut
3396 668 3502 739 ipse
3534 674 3689 730 referre
3709 696 3773 735 so-

2269 752 2409 807 litus
2441 758 2584 817 erat,
2620 753 2728 806 fuit
2786 752 3042 823 [oblata].
3102 753 3443 811 Venerabilis
3481 759 3555 812 vir
3592 764 3775 835 quidam,

2271 841 2601 896 monachali
2633 846 2905 911 praetexta
2936 842 3194 907 indutus,
3224 843 3373 898 visus
3400 850 3479 900 est
3504 847 3652 904 dicere
3667 853 3771 910 sibi:

2268 929 2367 983 Vis
2400 930 2740 998 hujusmodi
2777 932 2976 985 morbo
3008 930 3289 985 liberari?
3314 932 3464 1000 Volo,
3511 935 3664 1007 inquit
3697 941 3774 1009 ille,

2268 1018 2384 1073 imo
2417 1023 2473 1073 et
2506 1019 2801 1090 percupio,
2836 1019 3005 1073 modo
3024 1019 3161 1073 Jesu
3193 1020 3408 1075 Christo
3437 1022 3665 1091 placitum
3700 1029 3775 1097 sit;

2267 1107 2358 1161 cui
2389 1108 2475 1162 vir
2503 1108 2888 1163 venerabilis:
2927 1107 3331 1163 Monasterium
3361 1127 3555 1176 meum,
3597 1117 3709 1185 quod
3743 1120 3777 1172 in
3828 1134 3839 1143 ο

2266 1196 2507 1251 Etruriae
2541 1197 2807 1269 partibus
2838 1196 3018 1251 situm
3054 1202 3162 1263 est,
3195 1199 3385 1253 devote
3415 1201 3594 1266 adibis,
3619 1206 3778 1273 quodS.

2267 1285 2457 1339 Mariae
2488 1286 2558 1341 de
2588 1284 2747 1340 Valle
2779 1285 3063 1340 Umbrosa
3094 1286 3303 1342 dicitur
3329 1311 3342 1353 ;
3387 1286 3508 1342 inde
3554 1290 3689 1355 aliud,
3721 1293 3783 1345 ubi

2266 1390 2478 1445 corpus
2510 1391 2704 1430 meum
2729 1376 2884 1445 jacet
2902 1374 3222 1445 sepultum,
3246 1374 3489 1431 visitabis
3512 1394 3522 1441 ;
3544 1383 3589 1431 et
3603 1378 3780 1443 tertium,

2266 1462 2365 1516 ubi
2397 1462 2683 1527 cucullus,
2716 1478 2852 1534 quo,
2888 1463 3028 1517 dum
3060 1464 3178 1517 vita
3207 1465 3444 1519 viverem
3473 1466 3675 1533 mortali,
3713 1466 3783 1521 cir-

2265 1552 2605 1617 cumdabar,
2640 1569 2672 1605 a
2704 1550 3003 1606 monachis
3035 1550 3229 1606 adhuc
3259 1556 3598 1608 conservatur
3632 1556 3781 1610 devote.

2264 1641 2387 1703 Qua
2418 1640 2527 1695 via.
2592 1640 2774 1706 Pater,
2839 1639 2957 1694 haec
3010 1640 3361 1697 monasteria
3412 1641 3528 1697 sine
3568 1642 3715 1713 pravis
3748 1648 3787 1698 et

2266 1733 2648 1796 monstrante,
2684 1745 2810 1800 quae
2844 1730 2983 1797 sint,
3016 1729 3371 1803 intelligam;
3413 1748 3532 1786 cum
3580 1731 3715 1787 multa
3744 1733 3783 1786 in

2264 1818 2504 1872 Etruriae
2538 1818 2802 1890 partibus
2827 1818 2940 1873 sita
2969 1819 3385 1874 monachorum
3430 1819 3701 1875 habitacula
3733 1820 3786 1874 di-

2264 1906 2517 1960 cantur?
2548 1907 2829 1962 Abbatem
2863 1908 2923 1962 S.
2958 1908 3132 1963 Marte
3160 1908 3231 1963 de
3272 1908 3508 1963 Eremita
3552 1925 3689 1979 super
3719 1909 3784 1962 hoc

2264 1994 2521 2061 consule,
2552 1995 2744 2065 inquit
2776 1996 2940 2051 Pater
2970 1995 3088 2059 ille,
3119 2001 3181 2051 et
3211 1996 3482 2068 quidquid
3511 1996 3693 2063 dixerit,
3724 1996 3782 2050 de-

2265 2090 2394 2138 vote
2428 2085 2716 2155 perﬁcies.

2334 2174 2456 2228 339.
2490 2173 2682 2227 Primo
2714 2174 2910 2244 itaque
2942 2190 3111 2229 mane
3175 2174 3463 2245 sequentis
3510 2173 3605 2228 diei
3636 2172 3703 2226 vir
3732 2170 3789 2225 ille

2264 2261 2503 2316 devotus
2528 2262 2797 2317 abbatem
2830 2263 3275 2334 quamprimum
3298 2263 3508 2328 adiens,
3530 2262 3573 2317 ei
3593 2259 3788 2332 quidquid

2265 2350 2487 2404 viderat
2515 2350 2840 2405 enarravit:
2876 2351 3058 2406 abbas
3088 2369 3226 2408 vero
3281 2369 3346 2407 ex
3392 2349 3673 2407 monachali
3708 2365 3791 2421 pw-

2263 2443 2419 2493 texta
2449 2443 2505 2493 et
2534 2440 2745 2507 verbis,
2780 2438 2996 2509 quibus
3029 2457 3179 2496 usus
3217 2442 3419 2509 fuerat,
3465 2441 3516 2495 S.
3560 2439 3790 2495 Johauuem

2266 2528 2444 2597 hujus
2476 2526 2778 2597 religionis
2808 2528 3207 2584 institutorem
3242 2546 3368 2585 esse
3405 2528 3679 2590 declarans,
3708 2540 3790 2580 eum

2262 2615 2369 2669 rite
2394 2620 2601 2671 cuncta
2629 2617 2862 2682 edocet;
2895 2617 3030 2672 inde
3087 2618 3322 2686 litteris,
3373 2635 3508 2690 quas
3550 2617 3688 2686 hujus
3722 2629 3794 2667 mo-

2262 2704 2497 2759 nasterii
2532 2705 2726 2759 abbati
2762 2706 3041 2777 redderet,
3076 2707 3235 2762 datis
3267 2712 3323 2763 et
3350 2708 3459 2762 ﬁdo
3510 2706 3693 2763 comite,
3727 2700 3789 2772 qui

2260 2792 2368 2847 has
2393 2808 2596 2847 omnes
2627 2793 2846 2863 optime
2875 2794 3123 2849 callebat
3161 2796 3424 2869 regiones
3446 2799 3497 2851 et
3516 2792 3791 2852 monasteria,

2258 2898 2389 2936 eum
2424 2885 2562 2936 Jesu
2596 2882 2823 2937 Christo
2854 2886 3301 2953 commendans,
3334 2885 3556 2939 dimisit.
3575 2880 3721 2937 Voluit
3740 2883 3791 2931 ta-

2259 2987 2391 3025 men
2420 2970 2480 3025 in
2504 2974 2665 3026 tanto
2697 2972 2921 3038 itinere,
2956 2973 3094 3043 quia
3136 2990 3379 3047 corpore
3408 2972 3630 3029 invalido
3660 2974 3699 3025 et
3730 2968 3791 3021 iu-

2257 3059 2387 3114 edia
2417 3059 2745 3131 vigillisque
2776 3077 2942 3116 exeso
2991 3067 3046 3117 et
3087 3063 3401 3119 macilento
3444 3062 3608 3133 [erat],
3646 3069 3789 3127 equum

508 3154 774 3211 raculum
802 3171 813 3209 :
852 3135 988 3208 nam
1019 3170 1154 3208 mox
1184 3151 1342 3206 omni
1364 3150 1465 3205 illa
1492 3151 1658 3216 febri,
1684 3168 1799 3222 qua
1820 3152 2149 3223 priusjugi-
2180 3135 2222 3201 C
2260 3148 2493 3214 habrre,
2528 3166 2700 3220 quem
2758 3150 2947 3205 fessus
2992 3152 3205 3207 itinere
3255 3151 3501 3225 pedestri
3543 3147 3794 3221 quandoque

506 3249 594 3299 ter
614 3244 998 3311 afficiebatur,
1032 3240 1335 3301 exstincta.
1362 3256 1563 3310 sospes
1594 3241 1863 3295 efficitur.

573 3333 698 3386 237.
735 3331 836 3386 Hic
856 3330 1031 3402 igitur
1051 3346 1185 3385 cum
1210 3328 1375 3383 laetus
1399 3329 1456 3382 in
1483 3329 1731 3399 patriam
1752 3330 2148 3394 contenderet,

507 3422 749 3477 domum
774 3422 899 3491 jam
933 3419 1098 3474 dictae
1122 3417 1387 3473 mulieris
1407 3418 1493 3473 vel
1517 3418 1820 3472 affinitatis
1846 3418 1931 3472 vel
1949 3419 2151 3473 amici-

505 3511 601 3565 tiae
633 3510 822 3581 gratia
853 3508 1159 3576 concessit,
1193 3511 1250 3561 et
1282 3506 1419 3578 quid
1455 3507 1504 3561 ei
1538 3507 1609 3560 de
1638 3506 1853 3561 haustu
1878 3508 2055 3562 fontis
2078 3508 2149 3562 ob

507 3598 779 3653 virtutem
792 3597 1034 3652 Joannis
1051 3594 1406 3651 sanctissimi
1423 3595 1829 3665 evenerit,ipsa
1847 3582 2145 3666 praesente,

504 3686 906 3759 compluribus
936 3685 1244 3740 enarravit.
1280 3684 1357 3738 Ea
1379 3700 1481 3754 spe
1503 3685 1912 3754 recuperanda:
1934 3686 2150 3740 sanita-

502 3776 577 3831 tis
608 3777 808 3841 ducta,
838 3775 987 3829 duos
1017 3790 1084 3828 ex
1112 3772 1248 3828 ﬁliis
1283 3772 1567 3844 impigros
1599 3771 1883 3843 deligens,
1916 3789 2014 3827 eos
2073 3775 2145 3828 ad

504 3865 611 3920 hoc
644 3866 700 3921 S.
736 3864 929 3919 Mariae
962 3862 1385 3917 monasterium
1417 3878 1551 3916 eum
1598 3861 1889 3915 mandatis
1941 3861 2147 3931 hujus-

506 3954 664 4009 modi
698 3953 895 4019 misit;
928 3956 983 4007 S.
1016 3952 1259 4007 Joannis
1290 3950 1582 4022 imprimis
1613 3949 1792 4004 altare
1849 3950 2151 4006 visitarent

508 4043 729 4110 devote,
763 4046 840 4107 et,
869 4041 1051 4095 missa
1097 4039 1356 4095 oratione
1399 4040 1469 4093 ad
1519 4040 1742 4105 Jesum,
1795 4038 2147 4095 oblationem

511 4130 755 4195 darent;
802 4128 934 4183 dein
985 4145 1197 4198 aquam
1248 4145 1316 4183 ex
1367 4126 1554 4197 ipsius
1602 4127 1659 4181 S.
1701 4128 1945 4181 Joannis
1994 4128 2147 4184 fonte

507 4217 779 4272 haustam
811 4233 1007 4271 secum
1034 4217 1342 4271 deferrent.
1365 4215 1528 4270 Brevi
1551 4215 1745 4285 itaque
1768 4215 1849 4269 illi
1874 4219 2149 4273 mandata

510 4306 834 4361 efﬁcientes
865 4305 1215 4361 cantharum
1247 4321 1400 4377 aqua
1426 4303 1662 4375 plenum
1692 4322 1889 4360 secum
1941 4306 2143 4375 tulere,

503 4411 680 4467 quem
716 4395 843 4466 ipsa
874 4394 1121 4450 ﬁdeliter
1149 4411 1391 4450 sumens
1413 4393 1688 4466 cyathum
1726 4394 1899 4449 illlico
1928 4395 2145 4451 hausit.

2261 3239 2616 3293 ascenderet.
2652 3241 2895 3293 Domum
2927 3256 3081 3308 vero,
3109 3243 3266 3297 duce
3289 3241 3500 3296 famulo
3520 3235 3704 3297 abbatis,
3729 3231 3793 3284 die

2261 3332 2442 3396 sexta,
2468 3345 2584 3397 qua
2604 3329 2776 3382 domo
2798 3344 2906 3383 sua
2927 3328 3173 3385 abierat.
3205 3330 3323 3387 huo
3352 3329 3589 3403 pervenit
3607 3345 3617 3393 ;
3634 3334 3795 3393 vespere

2259 3432 2412 3485 vero,
2448 3416 2727 3471 accersito
2763 3417 2939 3485 hujus
2987 3419 3331 3474 monasterii
3382 3419 3588 3484 abbate,
3629 3406 3789 3467 cunctis.

2261 3505 2467 3575 queein
2525 3504 2749 3560 somnis
2799 3506 3020 3561 viderat
3076 3514 3136 3562 et
3177 3508 3463 3573 audierat,
3506 3507 3551 3562 ei
3591 3495 3789 3558 delaraﬁS.

2260 3593 2542 3663 postridie
2572 3611 2675 3664 pro
2708 3610 2815 3648 sua
2859 3594 3045 3650 salute
3093 3598 3289 3652 Missa:
3335 3597 3672 3655 celebrentur,
3698 3586 3785 3641 orat.

2259 3681 2379 3743 Quo
2413 3699 2584 3753 opere
2615 3683 2709 3754 pio
2742 3684 2942 3738 devote
2965 3692 3225 3755 peracto,
3264 3686 3406 3742 locis
3434 3684 3552 3740 istis
3593 3669 3794 3736 devotissi

2261 3771 2396 3837 mis,
2428 3774 2484 3824 et
2515 3770 2889 3827 eremitarum
2923 3774 3098 3827 etiam
3164 3775 3398 3830 cellulis
3444 3775 3587 3828 intus
3626 3766 3794 3829 forisque

2259 3858 2601 3930 suppliciter
2646 3859 2915 3927 visitatis,
2969 3866 3024 3916 et
3082 3863 3224 3918 inde
3277 3882 3393 3919 non
3439 3878 3597 3935 parvo
3635 3860 3792 3911 111W»re

2259 3949 2476 4014 oblato,
2507 3952 2563 4003 et
2602 3949 2725 4020 ipse
2765 3955 2821 4004 et
2850 3951 3057 4005 abbate
3081 3950 3412 4008 liberaliter
3469 3951 3682 4010 habitus,
3716 3952 3800 3992 cou-

2258 4037 2431 4092 cessit
2473 4037 2916 4107 Passinianum;
2951 4044 3006 4094 et
3033 4039 3269 4108 itidem,
3304 4046 3369 4096 ut
3400 4042 3457 4095 in
3489 4039 3585 4093 hoc
3608 4023 3797 4089 Silvia

2257 4126 2609 4181 monasterio
2640 4127 2835 4183 Missis
2870 4146 2971 4200 pro
3021 4132 3314 4202 sospitate
3357 4129 3536 4201 ipsius
3568 4115 3799 4202 celebratis.

2258 4219 2314 4270 et
2344 4216 2402 4270 S.
2448 4216 2693 4271 Joannis
2741 4198 3007 4288 sepulcro
3058 4198 3315 4275 su‘bnixe
3365 4198 3598 4281 visitato,
3636 4198 3803 4283 partem

2257 4305 2326 4359 ad
2359 4304 2417 4359 S.
2450 4304 2741 4372 Salvium;
2775 4305 2874 4360 ubi
2908 4308 3029 4378 pari
3064 4310 3244 4365 modo
3272 4313 3331 4364 et
3360 4306 3549 4363 missis
3570 4296 3749 4357 auditis.
3770 4290 3805 4378 Et

2256 4392 2442 4464 ipsius
2474 4394 2524 4447 S.
2559 4393 2803 4449 Joannis
2834 4394 3062 4451 cucullo
3092 4397 3246 4462 viso,
3270 4397 3481 4452 iterum
3510 4382 3737 4449 concessit
3757 4374 3802 4430 ad

504 4484 626 4548 Quo
656 4484 888 4540 hausto.
943 4485 1089 4539 mira
1120 4484 1221 4539 Dei
1280 4482 1573 4555 potentia!
1628 4483 1775 4538 mira
1818 4483 1876 4539 in
1929 4484 2149 4540 sanctis
2180 4504 2225 4567 Β
2260 4498 2383 4536 nos.
2420 4481 2701 4536 Postridie
2729 4499 2861 4537 vero
2894 4501 3096 4556 sospes
3129 4491 3189 4542 et
3221 4487 3393 4542 laetus
3424 4486 3491 4540 ad
3522 4471 3807 4567 urbem

509 4573 634 4629 suis
655 4573 989 4630 clementia!
1015 4590 1141 4645 quae
1163 4574 1261 4627 diu
1290 4572 1493 4628 morbo
1516 4570 1865 4627 intolerabili
1889 4574 2150 4629 confecta

511 4664 766 4735 [fuerat],
828 4663 979 4718 illico
1026 4662 1339 4718 incolumis
1393 4662 1595 4716 evasit.
1658 4661 1773 4716 Hoc
1823 4662 2046 4733 stupori
2094 4668 2151 4719 et

509 4752 883 4808 admirationi
904 4769 1017 4808 non
1036 4751 1225 4808 solum
1246 4751 1337 4806 his
1356 4751 1452 4821 qui
1470 4751 1749 4822 oppidum
1780 4751 2148 4823 Berzighellze

505 4841 874 4906 habitabant,
906 4857 1104 4896 verum
1138 4840 1403 4894 ﬁnitimis
1435 4840 1710 4895 omnibus
1732 4839 1968 4895 exstitit.
2018 4840 2031 4847 “

574 4930 699 4983 238.
760 4930 861 4984 Vir
913 4929 1153 5000 quidam
1213 4928 1500 4999 egregius,
1559 4928 1815 4983 Joannes
1892 4928 2145 4997 nomine,

505 5016 645 5073 civis
676 5017 1030 5090 Spoletanus
1058 5017 1230 5087 (195),
1264 5017 1529 5071 eruditus
1567 5017 1712 5072 satis
1761 5022 1887 5072 tum
1938 5018 2149 5074 litteris

503 5098 718 5163 Graecis
752 5112 875 5162 tum
910 5106 1153 5171 Latinis,
1192 5121 1323 5159 cum
1367 5104 1519 5158 circa
1568 5106 1888 5175 praecordia
1946 5108 2148 5162 morbo

502 5198 759 5267 quodam
783 5194 1130 5251 intolerabili
1158 5192 1591 5263 afﬁceretur,ita
1612 5198 1677 5249 ut
1700 5212 2146 5266 nonnunquam,

504 5288 570 5337 ut
599 5285 725 5355 ipse
756 5286 967 5341 referre
987 5283 1194 5339 solitus
1217 5286 1359 5347 erat,
1394 5298 1492 5336 cor
1513 5282 1621 5336 sibi
1648 5282 1841 5354 gladio
1857 5285 2151 5340 videretur

506 5373 799 5446 transﬁgi;
836 5378 891 5429 et
923 5374 1077 5445 quod
1112 5371 1433 5427 remedium
1468 5370 1518 5424 ei
1574 5373 1775 5427 morbo
1824 5379 1997 5443 esset,
2049 5374 2148 5446 qui

573 5476 726 5604 81.95)
745 5480 1043 5550 Spoletum
1065 5481 1205 5535 urbs
1224 5478 1398 5534 Italiae
1416 5476 1473 5531 in
1498 5476 1739 5533 Umbria
1760 5480 1831 5533 ad
1854 5482 2147 5537 montium

615 5566 730 5604 Ices
760 5551 971 5604 nartim
1003 5552 1062 5604 in
1093 5551 1239 5604 colle
1268 5556 1323 5604 et
1355 5549 1571 5604 partim
1603 5548 1663 5604 in
1724 5550 1962 5604 planitie
1991 5558 2047 5604 et
2076 5555 2145 5604 ad

504 5550 730 5612 radices
760 5551 971 5622 partim
1003 5552 1062 5607 in
1093 5551 1239 5608 colle
1268 5556 1323 5608 et
1355 5550 1571 5625 partim
1603 5550 1663 5605 in
1722 5550 1962 5623 planitie
1991 5558 2047 5611 et
2076 5555 2146 5611 ad

2259 4570 2513 4625 letanam
2537 4571 2870 4637 contendit;
2892 4576 3038 4643 et,ut
3063 4575 3239 4630 nobis
3256 4575 3493 4647 quidam
3517 4557 3803 4647 dejamdicio

2261 4659 2613 4714 monasterio
2646 4660 2702 4714 S.
2728 4660 2917 4714 Maria:
2940 4662 3009 4717 de
3031 4639 3293 4718 Eremita
3336 4660 3632 4718 monachus
3659 4639 3809 4704 deinde

2261 4748 2480 4819 retulit,
2505 4749 2643 4803 dum
2676 4748 2821 4803 civis
2844 4750 2938 4805 ille
2952 4750 3093 4805 vixit
3115 4752 3302 4808 vitam
3332 4744 3809 4807 hanczerumnosam.

2260 4854 2562 4908 nunquam
2596 4838 2850 4909 amplius
2871 4856 2936 4895 eo
2956 4842 3161 4897 morbo
3185 4838 3539 4898 intolerabili
3566 4820 3790 4909 laborati?

2331 4906 2455 4980 24f).
2492 4906 2791 4981 Florentiae
2824 4928 2962 4983 olim
2996 4930 3242 5001 quidam
3270 4928 3484 4985 nobilis
3503 4919 3687 4981 exstitit
3703 4906 3812 5001 οἱῇεν

2259 5016 2351 5071 cui
2385 5032 2598 5071 nomen
2627 5017 2878 5073 Zanobio
2904 5036 2916 5087 ;
2950 5020 3036 5073 vir
3064 5020 3345 5089 equidem
3370 5020 3429 5074 in
3454 4996 3817 5086 RepublicaFlo-

2260 5105 2492 5160 rentina
2521 5107 3065 5179 praestantissimus,
3097 5108 3351 5180 insuper
3375 5106 3497 5163 auri
3518 5096 3815 5181 agrorum‘l‘f‘f

2261 5194 2590 5250 ditissimus
2618 5214 2630 5263 ;
2656 5195 2748 5250 cui
2782 5213 2925 5251 uxor
2941 5197 3159 5252 sterilis
3174 5215 3315 5253 cum
3344 5199 3511 5257 esset,
3533 5168 3818 5261 aegerrimeid

2260 5283 2426 5345 ferre,
2462 5284 2599 5354 quia
2630 5284 2827 5339 multa)
2859 5286 2908 5340 ei
2941 5290 3136 5342 essent
3167 5285 3409 5351 divitiae,
3444 5290 3666 5354 quarum
3690 5270 3814 5324 ὺεΐέ·

2260 5374 2391 5428 dem
2424 5372 2609 5428 ﬁlium
2636 5380 2834 5429 exacta
2859 5376 2979 5445 jam
3012 5393 3117 5431 sua
3150 5380 3328 5431 aetate
3385 5369 3534 5427 haud
3577 5362 3821 5427 relin‘luere

2330 5480 2641 5535 Tessinum
2674 5497 2930 5548 amnem,
2966 5482 3175 5538 Incolae
3204 5484 3490 5537 vocantur
3512 5493 3542 5530 a
3566 5462 3820 5529 PlinioSPt"

2260 5552 2440 5623 letini,
2472 5570 2505 5609 a
2525 5552 2948 5614 recentioribus
2980 5555 3292 5629 Spoletam'.
