4002 6170
185 317 307 377 909

1772 321 1971 382 ACTA
1989 363 2002 378 .

3473 331 3595 389 910

185 463 294 520 per
319 449 623 521 parvulum
648 452 933 522 foramen,
957 454 1113 526 quod
1135 452 1322 525 gratia
1342 452 1542 524 pusilli
1588 452 1832 508 luminis
1863 457 1914 520 Α
1946 452 2058 507 dici
2084 452 2170 508 fas
2190 456 2300 518 est,
2323 456 2386 506 ut
2408 453 2723 522 ferebatur,
2746 454 3091 526 flagitiosus,
3115 472 3248 512 cum
3272 459 3330 514 in
3349 462 3594 518 sanctis-

181 538 362 594 dandi
391 538 450 593 in
473 540 736 612 egastulo
778 542 1084 598 tenebroso
1126 541 1334 614 positis
1384 540 1652 596 relictum
1684 545 1829 610 erat,

179 627 409 700 absque
438 628 561 688 ulla
589 629 825 686 lesione
871 631 1221 703 egrediatur.
1282 631 1349 685 Et
1403 630 1594 701 quid?
1625 629 1834 684 deinde

180 716 340 772 aliud
375 733 490 772 non
533 719 730 774 minus
759 721 1024 791 sequitur
1054 718 1405 775 miraculum
1436 737 1448 774 :
1484 719 1621 774 fune
1650 719 1830 787 enim,

179 821 358 876 quem
391 807 739 876 confecerat,
761 826 794 863 a
811 809 933 864 solo
956 825 1060 880 per
1083 809 1523 881 quatuordecim
1546 807 1717 863 ulnas
1738 808 1832 862 di-

177 899 396 961 stante,
419 894 545 967 ipse
565 895 624 950 in
648 901 861 952 terram
884 897 1116 969 lapsum
1153 897 1392 963 iaciens,
1412 899 1484 953 ab
1501 897 1832 953 excubanti-

173 984 290 1039 bus
313 984 826 1041 custodibusinter
845 987 1176 1042 cadendum
1198 987 1439 1042 auditur
1459 987 1719 1058 quidem,
1742 985 1831 1040 vi-

172 1070 350 1127 detur
366 1076 564 1140 autem
587 1073 849 1140 minime,
867 1075 974 1131 etsi
997 1075 1197 1131 omnia
1217 1075 1528 1148 diligenter
1548 1075 1724 1131 etiam
1747 1075 1833 1129 in-

174 1164 266 1216 ter
295 1176 502 1232 vepres
530 1161 668 1216 hinc
699 1163 834 1218 inde
865 1163 1342 1234 perlustrasseut.

246 1249 374 1304 250.
407 1248 528 1306 Illis
558 1251 758 1322 itaque
789 1252 1156 1319 custodibus,
1189 1254 1346 1308 omni
1372 1269 1474 1325 spe
1496 1253 1826 1309 inveniendi

172 1353 316 1394 eum
338 1354 580 1409 prorsus
600 1339 882 1412 deposita,
912 1342 1366 1397 concedentibus
1389 1343 1449 1397 in
1489 1358 1612 1397 rem
1635 1357 1825 1408 suam,

173 1426 294 1500 ille,
339 1427 496 1484 lento
526 1429 712 1496 gradu
745 1436 963 1499 tamen,
993 1433 1056 1485 ut
1086 1435 1217 1502 pote
1247 1431 1347 1502 qui
1382 1448 1415 1485 a
1445 1430 1829 1502 compedibus

173 1516 383 1574 ferreis
421 1516 828 1588 impedi-retur,
861 1519 920 1573 in
971 1537 1179 1575 nemus
1235 1535 1508 1575 securum
1539 1519 1829 1592 longeque

173 1605 438 1678 positum
470 1605 982 1689 divinapraaeunte
1003 1607 1190 1680 gratia
1216 1608 1465 1664 contulit
1484 1624 1633 1672 sese,
1658 1609 1827 1680 eique

173 1693 502 1766 quiescenti
531 1711 599 1750 ac
624 1694 832 1750 timido
862 1695 1102 1767 quidam
1135 1714 1203 1752 ex
1243 1697 1487 1768 Liguria:
1537 1696 1824 1767 partibus,

175 1782 279 1854 qui
300 1782 490 1855 tigiini
511 1782 749 1839 fabrilia
765 1784 1087 1850 exercebat,
1112 1801 1245 1840 cum
1277 1785 1460 1840 armis
1480 1786 1604 1840 suis
1625 1800 1824 1839 occur-

168 1871 286 1927 rit:
321 1888 458 1928 nam
480 1872 551 1929 ad
573 1871 868 1928 Casentini
894 1877 1090 1944 partes
1113 1871 1260 1928 lucri
1303 1873 1492 1945 gratia
1521 1872 1631 1927 iter
1654 1872 1827 1928 facie-

167 1960 278 2016 bat
303 1978 319 2027 ;
343 1959 444 2031 qui
465 1965 725 2029 sentum,
749 1960 1136 2032 squallidum,
1157 1977 1378 2033 aegrum
1421 1960 1722 2016 admirans
1745 1960 1828 2016 ita

169 2064 313 2106 eum
340 2050 552 2105 affatur
575 2065 588 2105 :
613 2049 763 2116 Quid
787 2057 846 2106 tu
871 2050 985 2118 hic,
1010 2055 1175 2121 pater
1195 2050 1222 2105 ?
1247 2050 1395 2114 Quid
1420 2049 1524 2105 tibi
1551 2049 1647 2104 isti
1670 2065 1826 2105 com-

164 2137 354 2209 pedes
375 2137 403 2192 ?
425 2154 596 2194 curve
617 2137 737 2194 haec
761 2139 890 2195 loca
914 2138 1123 2196 incolis
1157 2138 1314 2193 invia
1333 2143 1390 2194 et
1429 2139 1661 2194 deserta
1681 2138 1708 2192 ?
1741 2139 1828 2194 Me

166 2226 480 2292 miserum,
500 2225 693 2298 inquit
715 2226 1041 2283 monachus
1061 2225 1415 2298 lacrymans,
1436 2225 1520 2281 sic
1535 2231 1625 2282 est
1642 2227 1827 2281 fatum

163 2329 372 2372 meum
391 2316 402 2369 1
424 2314 599 2372 vitam
617 2315 915 2372 infelicem
942 2320 1208 2372 extrema
1231 2331 1331 2387 per
1350 2315 1550 2371 omnia
1570 2315 1783 2370 ducam
1812 2315 1825 2370 1

163 2404 261 2461 Me
286 2404 362 2461 ad
379 2403 486 2461 has
508 2421 758 2462 srumas
781 2421 875 2462 me
895 2405 1187 2461 deduxere
1235 2408 1492 2475 peccata.
1535 2403 1753 2460 Verum
1776 2411 1827 2460 te

161 2507 276 2564 per
303 2491 510 2549 Jesum
551 2492 1038 2564 omnipotentem,
1086 2492 1250 2564 (quia
1301 2493 1500 2548 omnia
1545 2492 1653 2547 tibi
1685 2495 1828 2548 sunt

162 2581 430 2653 abunde)
454 2597 546 2638 me
564 2581 658 2638 his
680 2581 1064 2654 compedibus
1087 2581 1320 2650 liberes,
1341 2598 1441 2636 oro
1467 2599 1480 2648 ;
1505 2586 1571 2636 ut
1589 2581 1825 2652 expedi-

163 2677 270 2725 tus
296 2670 428 2738 iter,
451 2670 606 2740 quod
626 2669 835 2741 incepi,
876 2685 1151 2742 peragere
1191 2669 1438 2726 valeam.
1467 2670 1582 2741 Ego
1602 2685 1736 2725 vero
1766 2668 1825 2725 id

163 2774 366 2830 agam,
396 2757 591 2830 inquit
610 2757 862 2830 Liguras
886 2776 898 2825 ;
919 2763 978 2814 et
1013 2757 1174 2814 illico
1212 2775 1347 2816 eum
1389 2775 1423 2814 a
1443 2759 1826 2830 compedibus

156 2847 378 2904 ferreis
417 2845 685 2918 explicat.

240 2936 368 2992 251.
390 2935 711 2994 Monachus
729 2936 950 3007 gratias
979 2937 1030 2992 ei
1054 2952 1234 3008 agens
1251 2937 1444 3008 inquit
1467 2953 1480 2993 :
1507 2937 1623 2993 Hoc
1647 2953 1826 3008 quam

159 3025 432 3084 maxime
453 3030 617 3098 potes
637 3025 932 3082 occultum
956 3025 1175 3082 habeas
1197 3026 1496 3097 deprecor,
1519 3043 1591 3082 ne
1611 3027 1824 3082 iterum

159 3115 242 3171 ad
268 3116 471 3187 pejora
490 3131 558 3174 ac
600 3131 812 3186 passus
861 3131 1016 3180 sum,
1063 3131 1313 3170 revocer.
1346 3114 1449 3170 Cui
1500 3114 1598 3170 ille
1627 3133 1646 3170 :
1668 3114 1824 3170 Nihil

1941 541 2076 596 simi
2103 541 2346 598 Joannis
2365 541 2692 598 festivitatis
2715 543 2826 612 die,
2859 544 3102 602 avaritia
3134 547 3327 617 potius
3349 553 3405 604 et
3427 551 3590 621 cupi-

1941 631 2121 685 ditate
2152 631 2403 701 quadam
2451 647 2629 702 quam
2679 631 3026 689 necessitate
3078 643 3318 706 urgente
3349 637 3586 706 ductus,

1941 719 2165 774 culmos
2184 718 2360 774 tritici
2384 719 2585 790 plenos
2611 721 2683 775 ad
2705 736 2897 776 aream
2921 738 3053 778 cum
3081 724 3267 780 bobus
3309 726 3584 794 deferret,

1939 825 2112 864 casus
2135 825 2287 864 unus
2308 825 2374 863 ex
2400 807 2684 874 ﬁnitimis,
2700 811 2800 880 qui
2815 812 2882 866 ad
2899 811 3073 866 hocS.
3096 812 3288 868 Mariae
3303 822 3590 872 monaste-

1941 897 2094 952 rium
2125 897 2198 952 ob
2234 903 2287 951 S.
2335 897 2579 954 Joannis
2620 898 2993 954 festivitatem
3033 903 3406 971 concedebat,
3440 921 3590 975 pone

1941 1001 2075 1040 eum
2097 987 2205 1040 iter
2216 986 2421 1040 habuit
2437 1003 2448 1041 :
2465 1003 2637 1057 quem
2656 986 2843 1058 primo
2856 988 3176 1055 demirans,
3193 993 3346 1062 quod
3364 997 3589 1050 tantam

1941 1090 2056 1129 non
2087 1074 2420 1131 observaret
2458 1076 2658 1130 devote
2705 1081 2764 1131 et
2813 1083 3142 1133 reverenter
3191 1080 3588 1153 festivitatem,

1939 1161 2173 1219 blandis
2195 1162 2329 1219 inde
2351 1163 2545 1219 verbis
2566 1181 2701 1220 eum
2723 1166 3058 1233 obsecrans,
3074 1168 3394 1239 inquit.~Ha
3407 1170 3592 1226 amice

1939 1252 2081 1322 quid
2115 1252 2337 1324 [agis]?
2382 1253 2776 1309 uecessitasne
2826 1255 2914 1310 vel
2963 1272 3160 1311 rerum
3211 1259 3478 1328 penuria.
3505 1257 3592 1314 vel

1939 1341 2138 1397 hostes
2168 1341 2566 1407 imminentes,
2602 1343 2689 1398 vel
2722 1343 2954 1399 subitus
2987 1349 3043 1400 et
3073 1345 3293 1402 nimius
3324 1346 3513 1402 imber
3532 1351 3586 1402 te

1939 1430 2009 1485 ad
2042 1429 2150 1484 hoc
2189 1429 2520 1502 impellunt,
2554 1437 2618 1486 ut
2661 1432 2807 1486 tanti
2853 1433 3037 1487 nostri
3089 1434 3276 1490 Patris
3321 1436 3588 1502 Joannis,

1939 1518 2119 1589 hujus
2147 1518 2258 1574 loci
2287 1519 2495 1574 tutoris
2525 1523 2582 1575 et
2611 1519 2931 1576 defensoris
2963 1521 3334 1578 festivitatem
3364 1540 3478 1578 non
3501 1541 3591 1580 ce-

1937 1608 2125 1662 lebres
2148 1607 2175 1661 ?
2203 1607 2360 1663 Veiis
2391 1623 2490 1664 oro
2522 1609 2593 1662 ab
2634 1608 2974 1678 hujusmodi
3025 1610 3254 1681 opificio
3286 1611 3457 1667 hodie
3486 1613 3586 1667 de-

1938 1696 2162 1763 sistere,
2195 1701 2253 1750 et
2281 1713 2400 1750 una
2448 1712 2677 1750 mecum
2727 1697 2838 1751 iter
2881 1699 3139 1769 aggredi.
3189 1700 3394 1755 Adhuc
3425 1701 3581 1756 enim

1937 1783 2144 1840 saltem
2161 1784 2573 1855 majoriMissae
2589 1784 3132 1854 intererimus,cum
3157 1791 3386 1842 tantum
3410 1789 3582 1859 quin-

1938 1889 2051 1944 que
2082 1871 2332 1927 millium
2373 1889 2658 1943 passuum
2693 1871 2804 1927 iter
2833 1873 2928 1942 sit,
2979 1878 3036 1928 et
3085 1891 3240 1930 nunc
3281 1876 3369 1931 sol
3399 1877 3494 1932 his
3526 1878 3582 1931 in

1937 1961 2274 2033 regionibus
2305 1961 2563 2031 primum
2613 1966 2910 2032 appareat.
2954 1961 3054 2017 Ille
3102 1970 3358 2030 econtra,
3389 1965 3584 2021 animo

1934 2050 2216 2121 inquieto,
2253 2050 2483 2121 inquit:
2516 2050 2848 2105 Tantumne
2881 2055 2970 2106 est
2998 2051 3070 2106 ab
3103 2069 3162 2108 re
3192 2059 3295 2108 tua
3324 2053 3428 2108 tibi
3459 2053 3584 2120 otii,

1937 2143 2002 2193 ut
2022 2138 2209 2194 aliena
2235 2155 2405 2194 cures
2423 2138 2450 2192 ?
2475 2139 2493 2192 1
2517 2143 2578 2192 tu
2602 2155 2718 2208 quo
2740 2139 2848 2204 vis,
2874 2144 2928 2194 et
2950 2139 3076 2194 sine
3100 2156 3193 2195 me
3215 2157 3341 2196 meo
3368 2142 3590 2198 interea

1937 2243 2106 2299 agere
2129 2229 2322 2282 modo.
2347 2227 2431 2281 Da
2450 2226 2680 2282 veniam
2704 2227 2942 2297 [inquit]
2965 2226 3062 2282 ille
3099 2228 3264 2297 alter,
3289 2234 3346 2284 et
3370 2246 3496 2300 age,
3523 2236 3589 2284 ut

1935 2314 2099 2372 lubet
2153 2315 2254 2371 His
2286 2315 2460 2370 dictis
2489 2315 2740 2386 quisque
2766 2331 2965 2384 suum,
2990 2317 3144 2386 quod
3167 2323 3441 2388 cceperat,
3461 2335 3589 2389 per-

1935 2405 2053 2476 egit
2083 2403 2212 2460 iter.

2004 2494 2128 2548 253.
2157 2492 2258 2548 Hic
2279 2491 2476 2564 itaque
2495 2491 2785 2548 Antonius
2819 2492 3019 2548 infelix
3033 2509 3165 2548 cum
3182 2510 3389 2564 parum
3405 2493 3582 2548 saluti

1936 2598 2058 2637 sua:
2079 2579 2426 2648 consuleret,
2452 2595 2662 2652 neque,
2687 2580 2838 2651 quod
2861 2581 3112 2652 desuper
3132 2580 3458 2652 periculum
3481 2582 3586 2637 im-

1936 2671 2215 2735 minebat,
2239 2670 2583 2737 adverteret,
2599 2670 2741 2724 dum
2760 2686 2868 2725 suu
2880 2686 2935 2724 m
2950 2668 3094 2725 illud
3116 2670 3411 2742 negotium
3426 2687 3586 2727 exse-

1934 2759 2152 2815 cutioni
2183 2759 2463 2814 mandare
2521 2758 2748 2827 nititur,
2807 2759 2952 2814 forte
3000 2759 3176 2815 boves
3205 2776 3443 2816 currum
3479 2778 3584 2817 seu

1932 2849 2161 2905 traham
2185 2852 2511 2904 transverse
2527 2864 2719 2920 agere,
2734 2852 2835 2903 eta
2864 2852 3020 2904 recta
3042 2847 3326 2905 divertere
3340 2850 3580 2918 semita;

1933 2955 2082 3010 quos
2110 2954 2246 2994 cum
2277 2938 2462 2994 iratus
2513 2938 2715 2993 crebro
2774 2937 3032 2994 stimulis
3079 2938 3403 3011 instigaret,
3435 2944 3495 2995 et
3523 2939 3585 2994 hi

1925 3027 2150 3100 jugiter
2169 3031 2295 3082 tum
2318 3026 2593 3082 cornibus
2615 3031 2740 3082 tum
2762 3026 2934 3083 dorso
2959 3043 3085 3084 sese
3120 3032 3430 3096 motarent,
3449 3033 3508 3084 et
3522 3045 3585 3084 se

1936 3115 2106 3171 traha
2137 3115 2197 3170 in
2232 3131 2440 3186 rupem
2470 3119 2738 3181 verteret,
2787 3117 2859 3171 ad
2905 3132 3084 3187 quam
3135 3118 3585 3173 sustentandam

159 3185 446 3274 est—quod
466 3185 718 3271 vereare,
743 3203 826 3259 mi
847 3207 1292 3276 paterztantum
1319 3220 1422 3275 pro
1437 3219 1529 3260 me
1545 3220 1664 3259 ora.
1685 3203 1826 3260 Inde
1858 3185 1901 3253 C
1939 3203 2162 3259 concite
2191 3185 2325 3257 cum
2357 3207 2615 3257 curreret
2645 3202 2762 3270 ille,
2795 3185 2972 3258 boves
3003 3205 3074 3258 ob
3100 3203 3210 3258 hoc
3242 3204 3301 3258 in
3333 3205 3594 3258 formidi-

152 3299 421 3363 uterque
439 3291 592 3349 viam
615 3309 784 3349 suam
807 3292 1126 3349 contendit.
1174 3292 1275 3349 ilic
1314 3292 1514 3363 itaque
1558 3293 1623 3348 D.
1649 3295 1827 3348 Anto-

162 3379 319 3438 nius
355 3379 423 3435 D.
446 3380 659 3438 Placidi
701 3381 881 3452 hujus
922 3381 1258 3442 monasterii
1311 3381 1561 3449 abbatis,
1611 3382 1682 3437 de
1714 3399 1828 3453 quo

153 3485 364 3540 supra
383 3470 615 3526 verbum
639 3469 909 3539 fecimus,
953 3471 1082 3542 ejus
1125 3474 1304 3537 atque
1343 3476 1721 3542 conspectum
1746 3471 1827 3526 fu-

152 3558 364 3634 giens,
389 3563 449 3614 et
465 3559 538 3615 ad
578 3560 893 3632 quemdam
935 3559 1214 3617 comitem
1253 3560 1650 3632 Parthenopes
1680 3560 1828 3632 (197)

153 3648 442 3720 regiones
467 3648 845 3716 incolentem,
869 3649 1108 3720 qui‘sibi
1144 3648 1284 3704 olim
1325 3649 1520 3704 Romae
1540 3649 1829 3706 amicissio

154 3753 314 3795 mus
329 3737 651 3804 exstiterat,
668 3755 733 3795 se
753 3739 1060 3794 conferens
1073 3742 1279 3794 etcum
1294 3754 1361 3794 eo
1375 3739 1446 3793 ad
1465 3739 1827 3796 sanctissimi

152 3826 214 3882 N
219 3825 422 3896 icolai(
432 3826 556 3898 198)
569 3827 788 3888 summi
804 3826 1155 3884 PontiﬁcisV
1169 3832 1436 3898 tempora
1448 3843 1636 3898 usque
1649 3827 1826 3884 vitam

154 3916 418 3982 ducens,
439 3916 822 3987 Eugenioque
844 3915 995 3988 (199)
1009 3915 1281 3987 pontiﬁce
1293 3916 1589 3983 defuncto,
1605 3917 1731 3986 jam
1744 3933 1830 3974 se-

165 4020 364 4060 curus
377 4004 628 4075 patriam
644 4004 926 4072 revisens,
945 4008 1141 4062 votum
1159 4021 1335 4062 suum
1353 4005 1577 4077 peregit
1591 4007 1823 4062 devote:

155 4088 314 4150 riam
342 4108 574 4150 cereum
614 4109 732 4150 non
775 4093 935 4165 parvi
969 4093 1244 4164 ponderis
1281 4093 1506 4166 Virgini
1553 4094 1741 4150 Maria:
1771 4100 1829 4151 et

149 4182 230 4238 S.
260 4181 484 4238 Joanni
517 4182 766 4240 offerens
805 4198 984 4255 super
1014 4182 1199 4254 ipsius
1249 4182 1440 4251 altari,
1493 4184 1648 4255 quod
1681 4189 1738 4240 et
1767 4184 1826 4240 in

149 4269 464 4326 Cellarum
496 4287 692 4326 eremo
739 4272 1000 4327 dicatum
1034 4277 1146 4336 est,
1195 4273 1445 4343 pendere
1486 4271 1685 4328 voluit.
1719 4272 1828 4337 Qui

147 4358 411 4432 quidem
432 4361 626 4416 adhuc
648 4360 708 4416 in
732 4360 878 4418 tanti
903 4360 1150 4432 prodigii
1173 4360 1516 4416 memoriam
1534 4377 1600 4416 eo
1621 4361 1680 4416 in
1702 4361 1826 4418 loco
1882 4395 1894 4412 .

148 4451 570 4516 conservatur.
594 4449 710 4505 Nec
747 4447 845 4504 ille
867 4450 1001 4506 inde
1039 4448 1318 4504 discessit
1357 4449 1537 4505 vitam
1567 4466 1736 4521 parce
1762 4467 1828 4506 ac

149 4537 400 4600 duriter
409 4538 766 4610 paenitentiae
779 4538 969 4610 gratia
981 4553 1183 4610 agens,
1201 4537 1390 4608 quoad
1407 4536 1600 4609 plures
1619 4539 1829 4596 Missas
1859 4560 1906 4626 D

147 4628 238 4684 ad
269 4627 560 4683 honorem
591 4627 842 4700 Virginis
866 4627 1058 4684 Maria
1080 4627 1386 4698 sanctique
1403 4627 1652 4684 Joannis
1673 4627 1819 4686 cele-

143 4715 382 4772 bravit.

231 4807 374 4859 252.
406 4803 582 4860 Varia
610 4805 885 4877 equidem
930 4803 1288 4860 sanctissimi
1337 4803 1442 4858 viri
1489 4803 1734 4860 Joannis
1764 4810 1822 4860 et

139 4899 311 4952 sunt
335 4893 560 4965 jugiter
585 4899 644 4949 et
685 4895 847 4950 fuere
895 4892 1200 4965 prodigia:
1251 4909 1385 4948 nam
1441 4909 1683 4948 omnes:
1719 4895 1818 4965 qui

136 4984 224 5040 S-
262 4983 452 5040 Hilari
481 4999 686 5056 agrum
737 4982 1022 5049 incolunt,
1073 4982 1265 5038 adhuc
1312 4983 1630 5052 affirmant,
1663 4983 1819 5054 quod

137 5072 348 5142 modo
382 5072 714 5144 scripturus
741 5088 899 5128 sum.
932 5071 1180 5136 Quidam
1203 5071 1360 5128 enim
1385 5069 1546 5128 illius
1567 5072 1822 5144 regionis

132 5161 452 5230 rusticus,
473 5161 762 5218 Antonius
783 5161 1042 5232 nomine,
1082 5161 1171 5217 vir
1220 5160 1497 5233 profecto,
1550 5161 1598 5216 si
1631 5160 1820 5218 virum

233 5358 392 5430 (197)
441 5360 526 5414 Ita
563 5357 702 5417 olim
748 5359 1068 5414 vocabatur
1112 5355 1405 5430 lycapolis,
1458 5358 1600 5430 urbs
1630 5358 1690 5411 in
1720 5373 1823 5430 ora

124 5428 356 5502 maris
377 5430 656 5502 Tyrrheni
691 5430 1087 5488 celeberrima.
1114 5428 1324 5502 Eodem
1348 5429 1604 5502 nomine
1631 5428 1820 5500 appel-

1939 3307 2072 3347 nem
2101 3291 2252 3347 versi
2277 3307 2414 3346 cum
2437 3306 2542 3345 nec
2565 3289 2678 3345 alio
2696 3291 3182 3362 propterjugum,
3209 3291 3350 3362 quia
3367 3293 3590 3360 eojun-

1937 3380 2244 3452 gebantur,
2269 3379 2352 3434 ire
2375 3383 2636 3450 possent,
2659 3381 2805 3433 nutu
2829 3379 3023 3433 divino
3055 3377 3385 3450 plaustrum
3415 3383 3591 3450 atque

1937 3469 2221 3524 miserum
2252 3468 2540 3524 rusticum
2591 3483 2710 3522 una
2740 3469 2813 3523 ad
2865 3466 3028 3538 rupis
3057 3466 3176 3522 ima
3207 3466 3510 3523 trahentes
3536 3471 3593 3522 et

1937 3558 2115 3613 istum
2145 3557 2490 3629 resupinum
2511 3556 2824 3624 calcantes,
2850 3575 2884 3612 a
2903 3557 3283 3627 quibusdam,
3307 3556 3591 3627 quijuxta

1935 3647 2047 3702 iter
2076 3647 2355 3712 habuere,
2397 3646 2670 3702 inventus
2701 3650 2790 3702 est
2820 3651 3109 3701 mortuus.
3144 3650 3263 3700 Hoc
3293 3645 3586 3716 equidem,

1937 3753 2115 3792 causa
2172 3736 2425 3807 cognita,
2485 3734 2764 3790 omnibus
2823 3735 3094 3791 finitimis
3157 3735 3504 3807 praesertim,
3537 3741 3592 3790 et

1936 3825 2162 3881 horrori
2193 3824 2416 3880 exstitit
2446 3827 2504 3879 et
2544 3823 2941 3879 admirationi.

2167 3915 2312 3968 Eum
2343 3912 2521 3984 igitur
2546 3913 2880 3968 exanimum
2920 3912 2978 3966 in
3004 3917 3274 3983 carpento
3289 3913 3584 3983 jacentem

1937 4003 2179 4059 domum
2197 4018 2364 4056 suam
2381 4018 2589 4072 usque,
2607 4000 2974 4057 ululantibus
2986 4000 3123 4056 hinc
3139 4001 3273 4057 inde
3285 4000 3583 4068 affinibus,

1937 4095 2160 4147 traxere
2183 4092 2378 4147 boves.
2402 4092 2480 4145 Eo
2504 4091 2716 4146 domus
2743 4095 2862 4146 tota
2884 4091 2940 4144 in
2965 4106 3272 4146 maerorem
3290 4094 3348 4144 et
3364 4090 3587 4152 luctum

1936 4197 2103 4237 versa
2125 4180 2278 4251 [est].
2307 4180 2406 4236 Ubi
2432 4180 2673 4247 rediere,
2697 4179 2798 4252 qui
2823 4178 2934 4235 hoc
2976 4180 3036 4234 S.
3080 4179 3273 4234 Mariae
3296 4183 3589 4234 monaste-

1937 4269 2091 4324 rium
2121 4269 2389 4324 adierant
2419 4272 2708 4339 parentes,
2742 4268 2988 4324 cadaver
3020 4267 3164 4323 illud
3189 4267 3491 4339 turgidum
3512 4271 3588 4336 et,

1940 4364 2002 4413 ut
2023 4357 2255 4413 aiebant
2276 4358 2376 4427 qui
2400 4357 2803 4426 interfuerant,
2826 4373 3007 4427 supra
3031 4357 3273 4411 modum
3291 4361 3347 4412 et
3365 4371 3585 4410 morem

1937 4447 2265 4502 humanum
2297 4444 2541 4500 lividum
2572 4450 2630 4499 et
2663 4445 2881 4499 foedum
2913 4445 3094 4500 humo
3126 4445 3436 4500 tradidere.
3468 4448 3582 4498 Me-

1938 4535 2135 4590 moriae
2167 4533 2340 4590 etiam
2372 4534 2575 4589 datum
2605 4538 2693 4588 est
2722 4539 2779 4588 et
2823 4534 3034 4589 dill‘use
3082 4533 3386 4604 scriptum,
3428 4531 3581 4586 idem

1936 4624 2054 4680 fere
2078 4624 2134 4678 in
2169 4640 2306 4694 agro
2336 4621 2665 4678 Passiniani
2705 4622 2940 4676 cuidam
2990 4623 3200 4676 restico
3231 4622 3289 4673 in
3323 4618 3578 4674 transla-

1933 4714 2088 4769 tione
2119 4712 2291 4768 istius
2323 4710 2680 4766 sanctissimi
2710 4710 2973 4776 Joannis,
3009 4726 3135 4780 qute
3163 4708 3489 4764 celebratur
3517 4724 3574 4761 Vl

1931 4803 2013 4858 Id.
2048 4801 2274 4869 Octob,,
2307 4799 2625 4856 accidisse:
2659 4814 2859 4853 verum
2892 4797 3012 4864 ille,
3041 4814 3176 4854 cum
3210 4801 3416 4869 praeter
3444 4812 3578 4851 con-

1931 4890 2305 4946 suetudinem
2339 4887 2592 4959 regionis
2624 4885 2782 4942 illius
2813 4892 3050 4956 sereret,
3097 4904 3210 4942 non
3238 4885 3437 4956 vitam,
3471 4885 3570 4940 sed

1930 4981 2104 5036 boves
2136 4978 2350 5034 amisit.
2385 4977 2668 5032 Caeterum
2705 4975 2894 5048 ipsius
2943 4975 3300 5034 sanctissimi
3328 4975 3574 5030 Joannis

1932 5068 2214 5125 festivitas
2237 5067 2562 5122 celebratur
2581 5083 2638 5121 ιν
2661 5066 2743 5122 1d.
2769 5066 3088 5122 Julii.Hinc
3104 5067 3571 5134 discantomnes,

1930 5157 2070 5230 quid
2083 5154 2443 5211 discriminis
2456 5159 2581 5209 tum
2595 5156 2803 5211 animae
2833 5160 2960 5211 tum
2996 5154 3256 5227 corporis
3270 5152 3576 5208 immineat

2005 5354 2154 5426 (198)
2185 5352 2239 5407 Is
2264 5351 2482 5426 electus
2505 5356 2600 5426 est
2629 5369 2903 5426 summus
2941 5352 3200 5425 pontifex
3229 5368 3381 5406 anno
3412 5351 3572 5426 Μιᾷῖ.

2002 5422 2150 5506 (199)
2181 5424 2475 5506 Ιεξιιεθηίιιε
2503 5424 2570 5480 lV
2596 5430 2726 5506 post
2756 5422 3049 5506 decim—um
3081 5431 3308 5506 sextum
3342 5422 3578 5506 Pontifi-

1932 5493 2099 5552 catus
2128 5493 2219 5550 Sui
2253 5493 2494 5564 annum,
2556 5493 2620 5551 ut
2676 5501 2926 5552 testatur
2981 5501 3036 5552 S.
3086 5497 3393 5563 Antonius,
3435 5493 3579 5552 obiit

117 5498 538 5560 laturinsula
560 5520 734 5574 parva
756 5503 938 5558 maris
960 5501 1241 5574 Tyrrheni
1266 5498 1438 5570 vulgo
1473 5498 1824 5554 Ventolie’nne
1932 5502 2099 5552 catus
2128 5498 2219 5550 sui
2253 5514 2261 5550 ι

117 5579 139 5624 ἱ
157 5592 213 5624 n
251 5588 435 5624 renuo
456 5574 858 5624 Neannlitano.
882 5572 1159 5624 Suspicor
1172 5573 1480 5624 Auctorem
1499 5570 1569 5624 de
1586 5570 1823 5624 Neapoli
1932 5585 2086 5624 anno
2127 5568 2261 5624 1447

1932 5585 2086 5626 anno
2127 5585 2281 5624 14‘“.

116 5579 214 5638 in
251 5588 435 5646 regno
456 5570 858 5650 Neapolitano.
874 5570 1159 5650 _Suspicor
1172 5573 1480 5650 Auctorem
1499 5570 1823 5650 de_Neapoli

123 5642 367 5721 agere,
392 5661 527 5702 cum
549 5642 711 5703 v'ocet
735 5642 1099 5717 Parthenopes
1135 5643 1399 5720 regiones,
1436 5658 1552 5700 non
1576 5642 1823 5720 insulas,
