4022 6160
500 306 608 363 911

1537 305 1600 361 S.
1647 300 1976 362 JOANNIS
2024 298 2471 359 GUALBERTI
2518 300 2855 363 ABBATIS

3714 315 3804 374 9H

500 436 613 503 his,
639 436 738 508 qui
771 434 999 490 Domini
1040 436 1177 487 Jesu
1219 434 1461 487 Sanctos
1492 432 1667 503 digno
1699 449 1812 487 non
1847 431 2139 487 celebrant
2168 436 2222 502 Α
2255 447 2463 502 posse:
2497 432 2622 487 Non
2653 436 2806 488 recte
2836 432 3068 488 sentitis
3115 432 3338 504 inquit:
3388 452 3512 491 nam
3555 438 3636 494 his
3660 443 3803 501 oculis

502 525 738 589 honore,
774 521 881 576 etsi
916 520 1021 575 hac
1078 520 1135 573 in
1187 522 1456 591 praesenti
1513 522 1628 577 vita
1687 538 1799 576 non
1839 538 1958 588 eas,
1993 536 2140 591 quas

498 616 813 677 merentur,
848 610 988 664 dent
1012 627 1231 680 pmnas.
1265 614 1567 680 Caeterum,
1620 615 1684 665 ut
1726 626 1904 681 supra
1934 609 2074 677 dixi,
2107 624 2139 663 ο

496 715 673 772 quam
705 698 1000 770 expediret
1029 699 1142 763 hic,
1178 715 1355 770 quam
1388 698 1549 769 alibi,
1594 715 1695 771 pro
1720 697 1936 753 nostris
1958 695 2138 752 scele-

496 788 659 844 ribus
680 787 878 860 ﬂagris
904 787 1265 859 torturisque
1286 786 1471 843 afﬁci!
1497 788 1711 843 Verum
1730 788 1798 843 ad
1818 788 1877 842 S.
1896 786 2140 841 Joannis

494 877 780 933 miracula
830 878 1162 946 redeamus,
1221 894 1347 949 quae
1406 894 1535 933 sese
1592 877 1760 932 nobis
1803 874 2138 932 catervatim

494 965 765 1022 offerunt.

563 1056 688 1111 255.
723 1055 909 1111 Alteri
931 1073 998 1111 ex
1020 1056 1234 1112 nostris
1256 1056 1528 1127 agricolis
1568 1054 1688 1110 ﬁlia
1721 1060 1777 1110 et
1797 1054 2134 1126 paralytica,

494 1145 551 1200 id
575 1150 685 1213 est,
711 1146 870 1201 omni
895 1146 1291 1201 membrorum
1315 1145 1503 1199 ofﬁcio
1545 1144 1767 1216 privata
1806 1160 1939 1199 cum
1962 1146 2138 1210 esset,

496 1233 613 1290 tale
635 1234 706 1289 ad
734 1235 791 1290 S.
816 1234 1098 1289 Joannem
1140 1238 1337 1288 votum
1360 1233 1522 1289 misit
1546 1250 1557 1286 :
1585 1233 1629 1287 Ο
1664 1237 1835 1287 Pater
1855 1236 1911 1287 et
1942 1237 2139 1304 pastor

496 1328 713 1391 noster,
736 1325 988 1378 Joannes
1009 1322 1366 1387 beatissime,
1391 1321 1440 1376 si
1489 1322 1607 1377 tuis
1655 1322 1924 1393 precibus
1955 1321 2135 1376 ﬁliam

495 1428 687 1468 meam
711 1411 1065 1467 incolumem
1088 1412 1306 1480 videro,
1341 1410 1448 1465 tibi
1479 1412 1548 1466 de
1579 1411 1824 1482 penuria
1856 1426 1986 1465 mea
2016 1415 2139 1465 tan-

494 1506 621 1556 tum
656 1502 892 1556 offeram
926 1501 1223 1571 frumenti,
1257 1504 1543 1571 quantum
1592 1501 1720 1572 ipsa
1769 1499 1887 1553 ﬁlia
1920 1516 2047 1555 mea
2077 1500 2135 1553 in

493 1591 745 1662 pondere
768 1594 823 1645 et
846 1606 1089 1645 numero
1113 1590 1565 1661 computabitur.
1591 1589 1737 1643 Mira
1758 1605 1850 1644 res
1879 1591 1888 1643 !
1918 1605 1947 1643 e
1969 1588 2137 1643 vesti-

490 1680 583 1753 gio
607 1680 875 1751 sequitur
905 1680 1272 1734 miraculum.
1339 1680 1467 1734 Mox
1519 1678 1674 1733 enim
1730 1682 1862 1733 voto
1895 1679 2132 1745 emisso,

491 1769 611 1823 ﬁlia
634 1785 809 1840 quam
836 1769 1047 1839 raptim
1072 1769 1142 1823 ad
1172 1772 1392 1839 patrem
1413 1768 1809 1837 seconferens,
1827 1768 1926 1838 qui
1945 1767 2135 1821 adhuc
2164 1810 2211 1873 B

492 1857 655 1913 ﬂexis
677 1856 922 1927 genibus
947 1856 1111 1912 humi
1138 1856 1579 1928 procumbebat,
1602 1855 1817 1911 collum
1834 1855 2126 1927 amplecti,
2150 1890 2155 1895 -

493 1946 699 2001 faciem
723 1944 974 2000 osculari
1002 1963 1013 2012 ;
1038 1945 1170 1999 dein
1194 1950 1312 2000 toto
1353 1961 1590 2017 corpore
1631 1944 1862 2016 gestire.
1890 1946 1964 1999 Eo
1987 1945 2132 2016 ipse,

493 2038 549 2088 et
570 2034 757 2105 quide
779 2033 1001 2089 familia
1022 2038 1187 2089 erant
1212 2051 1325 2106 prae
1366 2034 1578 2105 gaudio
1609 2033 1883 2107 lacrymis
1915 2033 2134 2089 obortis

491 2122 630 2178 Jesu
652 2127 710 2178 et
733 2122 956 2195 Virgini
980 2123 1174 2178 Mariae
1198 2123 1368 2178 matri
1392 2124 1518 2193 ejus
1552 2124 1770 2195 gratias
1808 2124 2058 2195 agebant
2080 2128 2135 2178 et

490 2212 778 2267 Joannem
803 2212 1243 2268 sanctissimum
1285 2229 1387 2284 pro
1413 2216 1575 2268 tanto
1602 2212 1865 2284 prodigio
1898 2211 2135 2268 extolle-

490 2302 633 2355 bant
664 2301 735 2356 ad
758 2299 1033 2369 sidera,et
1053 2300 1206 2356 illico
1230 2302 1589 2357 frumentum
1622 2302 2033 2373 ponderatum,
2070 2306 2134 2355 ut

487 2394 721 2446 voverat
776 2389 920 2461 ipse,
954 2389 1185 2446 cuidam
1216 2396 1414 2445 nostro
1447 2390 1826 2461 procuratori,
1860 2391 1960 2462 qui
1993 2396 2131 2445 tunc

488 2483 733 2534 Paterno
781 2483 1043 2550 praeerat,
1104 2496 1205 2550 per
1260 2495 1607 2549 germanum
1665 2478 1868 2549 puellae
1902 2480 2131 2535 mittere

483 2571 867 2625 curaverunt:
902 2567 1023 2638 qui,
1056 2583 1190 2621 cum
1223 2569 1605 2638 quamobrem
1640 2567 1746 2622 hoc
1769 2570 2128 2623 frumentum

490 2658 749 2729 daretur,
812 2656 1215 2728 interrogaret,
1248 2656 1298 2711 ei
1347 2654 1688 2711 adolescens
1742 2672 1863 2711 rem
1895 2672 2128 2712 omnem

485 2748 732 2818 aperuit.
766 2744 867 2801 Ille
906 2745 1101 2817 itaque
1138 2745 1278 2801 Jesu
1302 2749 1432 2800 ets.
1457 2745 1666 2800 Joanni
1689 2745 1905 2817 gratias
1927 2761 2126 2817 agens,

492 2840 726 2907 accepto
776 2836 1087 2901 frumento,
1130 2834 1333 2889 multis
1364 2834 1748 2906 praesentibus
1780 2834 2127 2891 miraculum

485 2923 817 2979 declaravit.
842 2923 1005 2987 Quod
1032 2939 1165 2977 cum
1190 2927 1377 2978 mater
1396 2924 1455 2977 in
1479 2924 1535 2978 S.
1557 2924 1801 2979 Joannis
1819 2924 2129 2980 festivitate

486 3012 843 3082 praedicaret,
877 3012 945 3067 ad
979 3015 1212 3067 nostras
1252 3011 1425 3068 etiam
1476 3028 1645 3068 aures
1698 3013 1845 3068 tanti
1877 3013 2129 3086 prodigii

488 3101 645 3155 fama
673 3100 1005 3172 pervolavit

2253 518 2445 574 hausi.
2478 520 2706 575 Sensim
2752 537 2974 588 omnes,
3025 521 3109 577 uti
3152 521 3350 577 morbo
3397 526 3692 599 contagioso
3716 531 3807 587 ﬁeri

2251 607 2417 675 solet,
2441 614 2497 664 et
2518 609 2835 682 sulphureo
2857 611 3057 666 foetore
3077 614 3134 667 et
3152 611 3402 668 tonitruo
3432 612 3633 687 ingenti
3653 622 3809 691 utpote

2251 696 2507 750 attonitas
2521 701 2576 751 et
2592 696 2867 769 perculsae
2882 698 3171 770 exstingui
3187 698 3518 773 [cmperuntj
3532 719 3547 769 °,
3559 703 3809 777 imo,quod

2248 784 2437 855 majus
2469 789 2576 855 est,
2608 801 2811 841 carnes
2842 785 2974 842 illas
3006 791 3070 842 ut
3116 788 3396 859 putridas,
3445 806 3543 846 nec
3569 790 3652 846 alii
3678 810 3809 852 canes

2249 887 2353 927 nec
2380 872 2647 930 volucres
2689 876 2863 930 etiam
2912 876 3196 949 attingere
3245 876 3575 947 voluerunt;
3620 885 3670 936 et
3692 883 3811 939 coria

2249 960 2490 1034 insuper
2519 979 2622 1018 seu
2655 964 2855 1035 pelles,
2887 965 3026 1036 quia
3047 982 3180 1022 mox
3204 964 3619 1035 scindebantur,
3640 969 3810 1027 nullius

2248 1050 2415 1119 pretii
2457 1053 2746 1108 exstitere.
2770 1054 3023 1109 Cadaver
3060 1072 3192 1111 vero
3223 1053 3378 1111 illius
3425 1056 3607 1112 miseri
3635 1059 3811 1129 pestife-

2249 1139 2365 1194 rive
2387 1142 2640 1212 pastoris
2663 1144 2932 1198 maximis
2955 1143 3307 1200 clamoribus
3339 1144 3651 1201 femineisve
3668 1145 3811 1202 ulula-

2246 1228 2424 1295 tibus,
2451 1230 2803 1287 rusticorum
2829 1249 3008 1301 more,
3027 1233 3233 1289 afﬁnes
3250 1232 3552 1305 sepultura:
3568 1234 3809 1290 dederunt.

2317 1318 2441 1373 258.
2476 1319 2625 1374 Sunt
2648 1324 2705 1375 et
2732 1320 2943 1376 villula
2984 1322 3251 1393 quaedam
3298 1326 3356 1377 et
3401 1322 3569 1377 etiam
3596 1323 3816 1395 oppidula

2249 1421 2363 1461 non
2397 1407 2648 1463 multum
2679 1409 2957 1465 distantia
2986 1412 3059 1466 ab
3103 1411 3441 1467 monasterii
3482 1410 3697 1483 Alpibus
3720 1427 3813 1483 qua

2247 1494 2482 1566 quidem
2516 1497 2818 1554 meridiem
2850 1503 3156 1571 spectant:
3192 1500 3250 1554 in
3295 1499 3511 1572 quibus
3554 1499 3689 1555 fuere
3714 1516 3818 1555 non-

2248 1583 2411 1655 nulli,
2440 1586 2541 1658 qui
2580 1585 2737 1642 soliti
2759 1593 2924 1643 erant
2966 1588 3211 1659 hujusce
3228 1594 3441 1644 nostra:
3455 1587 3816 1661 Alpisarbores,

2246 1689 2378 1729 cum
2403 1691 2653 1745 quercus
2676 1682 2800 1731 tum
2829 1692 3024 1733 aceres
3044 1693 3489 1750 nonnumquam
3503 1680 3556 1732 et
3568 1676 3817 1748 pomiferas

2246 1763 2501 1829 arbores,
2527 1769 2591 1818 ut
2610 1770 2935 1830 castaneas,
2968 1771 3034 1822 ut
3070 1766 3230 1839 fagos
3272 1766 3399 1822 sine
3435 1766 3595 1822 modo
3629 1770 3677 1821 et
3693 1779 3816 1819 men-

2244 1868 2399 1920 sura,
2427 1853 2584 1908 nulla
2604 1854 2807 1911 habita
2826 1871 3003 1928 super
3022 1856 3131 1911 hoc
3163 1855 3566 1927 permissione,
3585 1853 3815 1918 incidere;

2245 1942 2434 1997 minas
2448 1941 2689 2015 insuper
2699 1948 2755 1998 et
2768 1945 3341 2017 accusationes(quia
3354 1950 3549 2001 nostra
3571 1944 3818 2013 tempesta-

2244 2033 2299 2085 te
2312 2031 2615 2087 Bectorum
2631 2034 2885 2089 maxima
2898 2050 3032 2106 pars
3046 2034 3398 2090 muneribus
3410 2030 3818 2103 corrumpuntur)

2244 2120 2401 2190 parvi
2436 2120 2640 2177 facere.
2674 2121 2867 2177 Nostri
2906 2122 3105 2195 igitur,
3154 2124 3299 2195 quia
3341 2124 3443 2195 jus
3487 2124 3646 2193 negat
3668 2116 3818 2173 vimvi

2244 2208 2544 2280 repellare,
2576 2210 2646 2266 ad
2681 2210 2852 2266 solita
2895 2212 3199 2268 decurrere
3242 2228 3433 2280 arma,
3474 2211 3541 2267 ad
3571 2224 3737 2283 preces
3759 2205 3818 2260 vi-

2242 2298 2450 2354 delicet
2477 2304 2537 2355 et
2566 2301 2857 2356 orationes
2883 2300 3024 2357 Jesu
3069 2301 3307 2357 Christo
3337 2306 3394 2357 et
3439 2299 3647 2372 Virgini
3674 2294 3818 2352 Maria

2243 2388 2413 2442 matri
2446 2388 2574 2459 ejus
2613 2392 2668 2444 et
2697 2390 2756 2443 S.
2804 2389 3016 2445 Joanni
3067 2391 3406 2456 fundentes,
3454 2389 3637 2445 liceret
3662 2385 3815 2441 saltem

2242 2476 2614 2546 portiuncula
2643 2479 2821 2549 hujus
2850 2479 3107 2536 nemoris
3138 2480 3244 2535 uti.
3279 2479 3580 2536 Exaudivit
3600 2475 3819 2532 Dominus

2241 2581 2437 2621 servos
2459 2583 2621 2635 suos,
2644 2572 2708 2622 ut
2728 2568 2810 2623 ait
2831 2568 3136 2639 Propheta,
3179 2570 3250 2625 de
3291 2568 3508 2642 templo
3530 2572 3705 2624 sancto
3724 2578 3817 2629 suo,

2239 2658 2295 2708 et
2324 2654 2494 2710 nobis
2525 2655 2634 2711 hoc
2666 2656 2838 2712 modo
2868 2656 3002 2712 tulit
3029 2673 3218 2730 opem.
3806 2662 3811 2667 ’

2307 2743 2432 2798 259.
2465 2744 2609 2799 Cum
2643 2762 2799 2801 unus
2832 2746 3075 2802 ferocior
3104 2748 3332 2803 caeteris
3379 2747 3551 2803 etiam
3579 2743 3661 2800 hic
3685 2755 3816 2815 prope

2241 2836 2473 2888 nostras
2497 2833 2769 2905 dejiceret
2790 2836 3047 2903 arbores,
3070 2853 3201 2893 ecce
3224 2840 3468 2909 repente
3486 2835 3537 2890 vi
3573 2837 3815 2890 ventorum

2240 2935 2337 2974 aer
2358 2918 2552 2975 clarus
2576 2924 2633 2975 et
2652 2920 2882 2978 lucidus
2905 2927 3080 2995 atque
3107 2924 3428 2981 serenusin
3445 2920 3767 2996 gravedinem
3778 2916 3815 2971 ei

2239 3012 2647 3080 tempestatem
2674 3016 2956 3079 mutatur,
2981 3013 3123 3069 adeo
3148 3017 3212 3068 ut
3232 3015 3410 3071 nobis
3447 3014 3504 3069 in
3526 3005 3815 3068 monasterio

2239 3099 2738 3156 commorantibus
2757 3101 2880 3158 dies
2897 3101 2953 3156 in
2973 3106 3204 3159 noctem
3218 3103 3689 3161 videreturversa.
3705 3094 3818 3151 Proh

556 3191 681 3243 256.
716 3189 828 3245 Nec
858 3190 1033 3245 etiam
1066 3191 1213 3246 duco
1266 3192 1732 3262 praetereundum
1791 3194 2130 3266 [quomodo]
2159 3180 2201 3247 C
2241 3188 2389 3244 bone
2408 3188 2545 3244 Jesu
2574 3190 2585 3244 !
2612 3190 2964 3262 [audivimus
2989 3192 3479 3265 primotonitru];
3513 3183 3821 3264 quoddeinde

488 3280 605 3334 duo
620 3296 687 3335 ex
700 3278 965 3334 ﬁnitimis
981 3278 1223 3335 fulmine
1236 3279 1582 3352 interierint,
1599 3281 1699 3352 qui
1712 3280 1849 3337 huic
1864 3284 1918 3339 S.
1938 3284 2129 3339 Maria:

486 3368 842 3424 monasterio
864 3369 1281 3424 detrimentum
1306 3369 1649 3426 inferebant.
1675 3372 1983 3429 Montanus
2009 3374 2134 3446 qui-

487 3458 624 3513 dam
648 3458 717 3513 de
740 3462 935 3513 monte
958 3457 1244 3531 Migliario
1270 3460 1393 3529 (qui
1428 3459 1664 3530 quidem
1696 3478 1866 3516 mons
1906 3462 2131 3535 Miglia-

485 3546 610 3601 rius
632 3547 703 3601 ab
728 3546 840 3601 isto
862 3548 917 3599 S.
946 3546 1132 3601 Mariae
1157 3548 1510 3602 monasterio
1534 3565 1634 3619 per
1674 3555 1926 3621 quatuor
1948 3551 2134 3605 millia

487 3651 768 3706 passuum
786 3636 967 3691 ferme
986 3636 1149 3691 abest
1168 3636 1317 3691 inter
1352 3636 1695 3692 orientalem
1712 3643 1767 3693 et
1785 3640 2133 3712 septentrio-

490 3724 681 3780 nalem
704 3725 959 3797 plagam)
982 3740 1116 3779 cum
1140 3741 1355 3797 pascua
1369 3724 1547 3796 hujus
1560 3730 1614 3780 S.
1634 3726 1825 3781 Maria:
1841 3733 2132 3785 monaste-

492 3814 559 3868 rii
593 3818 649 3869 et
680 3814 929 3869 ﬁnitima
958 3814 1082 3869 suis
1116 3830 1248 3868 cum
1298 3815 1605 3886 pecoribus
1662 3818 1988 3888 annuatim,
2031 3834 2135 3872 nec

491 3902 685 3958 verbis
714 3918 817 3957 nec
842 3902 1018 3957 minis
1061 3902 1319 3973 territus,
1374 3908 1570 3975 utpote
1620 3905 1798 3974 ferox,
1850 3911 2135 3977 pasceret,

496 3996 639 4047 nutu
665 3990 858 4047 divino
881 3990 972 4045 die
995 3992 1273 4061 quadam,
1296 4008 1428 4046 cum
1452 4009 1587 4047 oves
1619 3998 1849 4050 coactas
1872 3996 1982 4050 sub
2006 3996 2136 4068 fago

495 4078 749 4148 quadam
772 4079 888 4133 lata
910 4082 967 4133 et
988 4080 1266 4133 umbrosa
1288 4080 1357 4133 ad
1382 4085 1558 4135 aestus
1580 4081 1788 4138 caloris
1812 4084 2135 4151 evitandos,

495 4170 560 4220 ut
581 4166 917 4237 pastoribus
934 4167 1129 4221 aastivo
1151 4171 1412 4238 tempore
1434 4184 1563 4223 mos
1588 4174 1693 4239 est,
1716 4170 1973 4238 haberet,
1999 4177 2139 4228 tem-

493 4258 716 4327 pestate
738 4260 793 4310 et
813 4254 864 4309 vi
888 4259 1191 4311 ventorum
1230 4256 1453 4335 ingenti
1484 4274 1615 4313 cum
1657 4259 1913 4316 tonitruo
1944 4261 2137 4318 subito

492 4347 708 4414 exorta,
734 4343 954 4399 fulmen
977 4343 1050 4398 ab
1071 4360 1201 4399 aere
1218 4360 1352 4399 cum
1373 4346 1569 4401 fcetore
1586 4351 1643 4402 et
1670 4347 1978 4420 splendore
1996 4367 2137 4405 con-

491 4438 1047 4505 tortum,pastorem
1074 4433 1266 4505 ipsum
1309 4452 1425 4490 una
1459 4452 1593 4490 cum
1630 4438 1951 4509 pecudibus
1974 4440 2136 4495 cani-

491 4522 1026 4594 busqueomnibus,
1050 4522 1149 4594 qui
1170 4539 1377 4594 parum
1400 4525 1471 4579 ab
1497 4526 1698 4581 arbore
1722 4528 1927 4583 semoti
1949 4533 2134 4595 erant,
2170 4552 2215 4617 Β

493 4612 721 4668 occidit.

561 4702 690 4758 257.
713 4706 908 4774 Operae
931 4704 1177 4775 pretium
1217 4709 1339 4760 erat
1388 4705 1645 4777 aspicere
1667 4712 1809 4778 quot
1861 4709 2137 4765 mortales

492 4792 780 4863 cujusque
811 4792 1162 4849 conditionis
1193 4798 1249 4848 et
1279 4793 1530 4866 generis,
1576 4795 1675 4867 qui
1708 4796 1779 4851 ob
1809 4801 1968 4852 varia
1996 4803 2135 4853 tunc

490 4880 693 4952 Alpem
727 4880 1082 4948 excolebant,
1117 4883 1185 4937 ad
1220 4882 1679 4939 hocinauditum
1702 4891 1757 4939 et
1778 4887 2133 4957 stupendum

494 4968 865 5036 miraculum,
891 4986 988 5024 seu
1013 4970 1205 5025 verius
1229 4972 1439 5036 dicam,
1464 4972 1759 5042 judicium
1782 4975 2131 5045 conﬂuxere,

490 5058 582 5113 cui
602 5057 863 5113 horribili
878 5058 1211 5129 spectaculo
1226 5064 1281 5113 et
1295 5061 1553 5130 pavendo
1567 5061 1807 5133 quidam
1827 5079 1894 5118 ex
1920 5066 2131 5120 nostris

488 5148 779 5204 conversis
806 5147 1086 5215 interfuit,
1112 5148 1212 5219 qui
1237 5147 1357 5202 haec
1378 5149 1545 5203 nobis
1570 5151 1768 5205 statim
1794 5152 2019 5207 curavit
2040 5170 2128 5208 re-

488 5236 651 5292 ferre.
677 5237 959 5291 Caeterum
983 5253 1116 5291 cum
1143 5235 1429 5301 nonnulli,
1456 5242 1519 5291 ut
1540 5237 1597 5292 in
1625 5256 1683 5294 re
1727 5241 1981 5296 maxime
2006 5242 2129 5297 ﬁeri

485 5324 651 5388 solet,
680 5324 1043 5396 impossibile
1064 5326 1361 5391 ducerent,
1387 5342 1502 5381 uno
1526 5327 1641 5381 ictu
1679 5328 1943 5384 fulminis
1967 5329 2129 5386 mille

483 5418 540 5465 et
559 5427 624 5465 eo
646 5411 900 5483 amplius
924 5414 1173 5485 pecudes
1197 5415 1266 5469 ad
1292 5418 1551 5470 extrema
1573 5415 1699 5471 vitae
1722 5434 1905 5489 usque
1919 5418 2127 5475 deduci

555 5554 1077 5628 (200)_Franciscus
1137 5558 1388 5613 Altovita
1444 5556 1662 5613 electus
1709 5565 1795 5614 est
1826 5560 2124 5618 Generalis

489 5624 1009 5689 vallumbrosanus
1039 5628 1189 5684 circr
1217 5646 1435 5686 annum
1486 5629 1644 5701 1450,
1696 5636 1753 5689 et
1800 5632 1945 5688 obiit
1968 5650 2121 5692 anno

2240 3278 2563 3335 tonitruum
2581 3284 2844 3336 secutum
2860 3286 2949 3336 est
2963 3280 3339 3355 fulmen,quo
3352 3283 3610 3354 equidem
3623 3276 3823 3333 rusticus

2243 3366 2339 3423 ille
2379 3369 2596 3439 injuste
2627 3385 2805 3441 agens
2837 3370 2998 3426 obiit.
3052 3372 3342 3428 Memoria
3396 3387 3525 3427 mea
3568 3374 3823 3437 numquam

2243 3456 2418 3512 talem
2442 3458 2697 3514 sonitum
2722 3460 2958 3515 audisse
2980 3476 3073 3515 me
3098 3462 3371 3517 memini.
3412 3456 3657 3517 Monacbi
3674 3463 3823 3509 omnes

2242 3546 2316 3602 ad
2349 3544 2569 3618 preces,
2605 3550 2799 3619 pueris
2821 3548 3156 3620 junioribus
3182 3567 3309 3623 prae
3358 3564 3562 3623 pavore
3597 3541 3820 3602 ﬂentibus,

2244 3651 2494 3692 currere.
2518 3636 2665 3703 Quid
2684 3638 2887 3694 multis
2901 3655 3049 3711 opus
3067 3643 3156 3695 est
3171 3640 3197 3694 ?
3212 3639 3451 3711 Nescio,
3471 3637 3603 3711 quid
3618 3640 3822 3691 tumcum

2247 3724 2460 3779 Abbate
2482 3730 2702 3793 nostro,
2729 3726 3055 3782 cuinomen
3103 3727 3421 3783 Francisco
3462 3714 3821 3788 Altovita(200l.

2244 3813 2557 3869 venerabili
2582 3814 2869 3888 longeque
2899 3815 3174 3888 prudenti
3204 3816 3359 3889 viro,
3404 3822 3463 3873 et
3472 3817 3591 3888 jam
3612 3812 3663 3867 in
3681 3808 3825 3863 ἀθετε-

2247 3901 2367 3973 pita
2397 3907 2560 3958 mtate
2591 3904 2932 3971 constituto,
2965 3906 3036 3961 de
3089 3905 3439 3963 monasterii
3484 3893 3826 3977 gubernatione

2246 3995 2505 4046 tractans
2537 3992 2834 4065 [agerem].
2870 3992 3030 4049 Illico
3074 3993 3281 4065 palatii
3334 3992 3599 4050 tabulata
3624 3992 3828 4047 tremere,

2248 4083 2304 4134 et
2335 4096 2501 4135 ruere
2529 4081 2727 4137 omnia
2754 4080 2879 4138 visa
2910 4086 3166 4155 repente.
3214 4083 3368 4140 Jesu
3395 4084 3408 4138 Ξ
3458 4079 3639 4153 inquit
3677 4073 3826 4130 abbas.

2249 4169 2365 4241 Ego
2395 4169 2570 4225 etiam
2597 4186 2609 4224 :
2644 4170 2818 4243 Virgo
2850 4172 3048 4242 Maria,
3081 4177 3205 4228 esto
3235 4174 3419 4230 nobis
3449 4168 3666 4229 miseris
3690 4156 3831 4238 presi-

2248 4257 2409 4313 dium
2438 4259 2449 4313 l

2317 4348 2441 4401 260.
2486 4347 2760 4405 Rusticus
2790 4350 2988 4423 itaque
3017 4350 3133 4418 ille,
3166 4352 3314 4423 quia
3344 4369 3381 4409 a
3410 4350 3643 4407 fulmine
3668 4336 3834 4401 exstin'

2247 4439 2376 4492 ctus
2407 4438 2647 4495 domum
2677 4441 2904 4512 vesperi
2936 4441 3231 4513 propriam
3282 4458 3422 4497 cum
3470 4456 3579 4496 non
3607 4428 3836 4492 rediimi,

2246 4525 2384 4580 fami
2394 4524 2470 4580 lia
2482 4527 2673 4583 omnis
2687 4527 2977 4600 imprimis
2990 4530 3049 4585 in
3064 4535 3372 4601 stuporem
3387 4534 3446 4586 et
3457 4520 3839 4586 admirationem

2249 4630 2416 4671 versa
2444 4616 2576 4687 [est]
2606 4642 2615 4665 ι
2651 4616 2786 4672 inde
2818 4617 2931 4673 alio
2978 4634 3039 4674 se
3088 4618 3189 4674 illa
3229 4624 3411 4676 nocte
3456 4613 3735 4675 contulisse
3756 4618 3841 4674 Pu“

2248 4709 2439 4760 tantes
2478 4704 2775 4776 quiescere
2823 4707 3245 4779 [incipiebant],
3298 4726 3441 4764 cum
3492 4704 3662 4764 subito
3684 4692 3840 4752 malus

2245 4796 2660 4865 superveniens
2693 4796 2956 4867 nuntius,
2990 4814 3124 4853 eum
3156 4798 3417 4854 fulmino
3439 4799 3590 4854 diem
3611 4785 3841 4849 clausi!se

2244 4887 2593 4953 extremum,
2655 4886 2968 4942 asserebat.
3030 4887 3465 4943 Advolantibus
3523 4886 3701 4955 itaque
3736 4872 3839 4929 illuc

2247 4971 2343 5026 ubi
2375 4973 2620 5028 cadaver
2640 4974 2893 5044 jacebat,
2919 4975 3379 5048 quampluribus
3404 4965 3839 5048 adolescentibus,

2240 5061 2296 5114 id
2332 5060 2389 5114 in
2422 5060 2599 5133 lignis
2630 5062 2869 5118 funibus
2900 5044 3179 5120 conneiis
3209 5063 3404 5121 tulere
3434 5066 3699 5119 domum:
3726 5044 3839 5125 (ιιιοά

2242 5150 2479 5219 quidem
2494 5152 2738 5207 cadaver
2750 5169 2863 5207 non
2880 5169 3055 5224 parva
3068 5169 3311 5209 suorum
3330 5154 3476 5209 ﬂetu
3489 5153 3663 5208 humo
3674 5146 3842 5202 tectum

2241 5244 2347 5294 est.
2369 5238 2651 5295 Ceterum
2670 5240 2789 5297 haec
2803 5258 3047 5298 summa
3069 5243 3452 5298 admirationi
3477 5256 3625 5309 esse,
3641 5234 3842 5309 quianec

2239 5328 2409 5383 arbor
2431 5328 2626 5401 aliquo
2650 5330 2709 5385 in
2732 5330 2857 5386 loco
2879 5336 3050 5399 tacta,
3086 5348 3191 5387 nec
3228 5332 3359 5402 ipse
3406 5318 3841 5400 [laesuslaspicie-

2237 5418 2426 5473 batur.
2450 5418 2699 5474 Tantum
2715 5419 2895 5493 ligula
2907 5420 3363 5490 solemlacerata,
3383 5434 3563 5491 quam
3578 5432 3687 5472 non
3700 5405 3839 5466 multo

2238 5561 2392 5630 1479,
2425 5561 2616 5637 die22
2644 5563 2876 5637 Aprilis,
2910 5571 2973 5621 ut
3008 5569 3251 5624 testatur
3291 5563 3521 5624 Simius
3565 5559 3623 5617 in
3653 5548 3839 5613 (ἓαωίοε

2233 5647 2305 5706 go
2335 5648 2467 5707 pag.
2512 5634 2630 5691 108.
