4002 6170
171 386 290 451 913

1752 392 1985 455 ACTA.

3452 397 3573 463 914

167 520 343 595 longe
373 537 409 578 a
436 519 713 579 cadavere
741 519 898 580 intra
927 520 1062 581 folia
1082 528 1441 597 repererunt.
1467 526 1595 581 Haec
1617 524 1814 599 igitur,
1848 527 1901 593 Α
1933 526 2195 600 meisque
2226 527 2530 601 acquiesce
2550 529 2829 599 consiliis,
2855 547 2927 588 ne
2948 529 3331 588 immaturum
3362 548 3575 606 corpus

172 611 311 685 quia
335 610 717 680 inevitabilia,
743 611 946 670 multis
964 612 1306 670 mortalibus
1328 631 1507 687 prope
1530 614 1817 689 longeque

172 700 553 757 manentibus
584 718 688 774 pro
718 706 977 774 tempore
1004 703 1302 760 incussere
1332 709 1551 761 metum
1580 722 1817 772 ;verum

170 791 244 847 ad
276 790 519 847 solitum
552 807 700 862 opus
731 791 952 847 rediere
980 792 1241 864 quidam.
1275 792 1419 848 Nam
1452 810 1686 866 semper
1714 795 1815 851 ho-

170 878 387 945 mines,
403 878 619 950 quibus
640 895 778 950 opes
799 879 972 935 nullae
985 881 1072 936 vel
1087 898 1271 955 parvae
1295 884 1584 954 sunt(imo
1603 884 1816 952 dicam,

166 969 350 1041 quodi
365 966 769 1023 ntolerabilius
790 969 965 1041 est)hi
988 970 1529 1044 interdum,quibus
1544 974 1815 1029 secundae

170 1074 265 1114 res
292 1061 435 1113 sunt
454 1060 510 1112 et
530 1056 740 1113 divitiae
764 1057 981 1129 multis,
1005 1060 1175 1116 furtis
1200 1064 1257 1117 et
1286 1062 1612 1132 fraudibus,
1646 1063 1818 1118 modo

162 1146 420 1220 possint,
444 1144 682 1201 aluntur
705 1164 719 1213 ;
748 1147 849 1203 sed
873 1152 939 1203 ut
957 1147 1098 1204 alias
1119 1149 1331 1221 saepius
1349 1150 1660 1206 retulimus
1681 1167 1817 1206 con-

161 1234 484 1291 ducibilius
504 1238 659 1292 esset
680 1252 849 1292 secus
868 1236 1043 1292 vitam
1068 1238 1415 1307 instituisse,
1440 1256 1595 1295 nunc
1626 1242 1697 1296 ad
1732 1257 1817 1295 re—

160 1324 351 1398 ﬁqua.

232 1414 365 1470 261.
401 1414 706 1486 Presbyter
752 1415 1014 1485 quidam,
1071 1417 1325 1473 Jacobus
1374 1419 1634 1484 nomine,
1677 1418 1818 1474 olim

162 1504 350 1575 hujus
375 1503 715 1560 monasterii
743 1503 799 1560 S.
834 1504 1027 1560 Maria
1058 1506 1384 1562 monachus
1416 1526 1428 1575 ;
1480 1524 1681 1564 verum
1716 1526 1820 1565 nec

162 1608 443 1665 expresse
463 1606 567 1648 seu
608 1592 950 1648 solemniter
984 1594 1285 1665 professus
1326 1598 1514 1667 [erat],
1538 1597 1687 1653 bene
1709 1599 1817 1670 [ta-

163 1682 327 1753 men]
350 1680 563 1737 tacitus
588 1697 601 1736 :
626 1697 761 1735 nam
785 1684 1050 1737 octavum
1072 1687 1129 1738 et
1148 1683 1443 1741 decimum
1475 1686 1590 1755 iam
1614 1688 1822 1759 agebat

163 1785 572 1837 annum,cum
605 1769 810 1842 Puppii
838 1770 901 1826 in
957 1771 1014 1826 S.
1040 1771 1253 1828 Fidelis
1301 1772 1481 1842 hujus
1520 1773 1820 1847 religionis

161 1857 524 1959 monasterio
554 1859 664 1959 sub
694 1859 761 1916 D.
794 1860 1047 1959 Antonio
1076 1866 1451 1959 procuratore
1495 1880 1612 1920 una
1640 1864 1816 1921 vitam
1856 1895 1921 1959 B.

163 1949 544 2007 duceremus.
578 1948 704 2014 Hic,
740 1948 933 2004 nescio
957 1965 1069 2019 quo
1100 1949 1255 2006 malo
1285 1952 1546 2007 daemone
1578 1952 1820 2025 instiga-

159 2044 295 2107 tus,
329 2037 596 2094 habitum
652 2054 770 2093 suae
830 2037 1126 2110 religionis
1184 2056 1488 2112 spernens,
1548 2046 1605 2096 et
1642 2042 1715 2097 ab
1763 2060 1825 2099 se

163 2142 418 2195 exuens,
443 2126 558 2182 huc
588 2124 748 2192 illuc,
786 2131 849 2181 ut
876 2126 1068 2183 malus
1099 2131 1156 2183 et
1176 2133 1464 2200 apostata,
1487 2130 1710 2187 nullius
1731 2148 1825 2187 ve-

158 2215 461 2273 recundiae
493 2215 730 2287 signum
777 2215 1041 2272 moribus
1070 2216 1159 2272 vel
1192 2218 1353 2273 vultu
1404 2218 1692 2286 indicans,
1726 2237 1828 2293 per

162 2303 467 2361 Casentini
496 2303 829 2360 ecclesiolus
851 2306 1203 2378 vagabatur;
1238 2322 1411 2378 quem
1436 2308 1825 2380 memini,jam

162 2392 565 2469 prasentibus
595 2393 725 2449 aliis
748 2394 1125 2466 presbyteris,
1145 2411 1275 2450 cum
1301 2412 1415 2451 non
1438 2398 1825 2469 erubesceret,

164 2484 353 2542 etiam
386 2482 680 2556 Puppium
710 2482 837 2538 sine
867 2484 927 2539 S.
958 2483 1202 2539 Joannis
1235 2488 1509 2555 praetexta
1552 2486 1745 2542 venire
1774 2491 1830 2542 et

170 2572 394 2629 ofﬁciis
424 2576 480 2628 et
508 2571 697 2629 Missis
728 2588 847 2628 una
894 2588 1029 2627 cum
1080 2572 1300 2629 caeteris
1330 2573 1641 2647 religiosis,
1672 2576 1826 2647 quod

170 2662 339 2719 haud
376 2665 625 2734 poterat,
658 2661 803 2734 ipsis
836 2661 1054 2727 invitis,
1088 2662 1368 2719 interesse
1416 2664 1730 2735 [voluisse],
1763 2681 1829 2719 eo

170 2749 361 2809 semel
396 2768 429 2806 a
448 2751 686 2823 profata
718 2750 785 2806 D.
809 2750 1057 2807 Antonio
1080 2767 1314 2807 summo
1340 2769 1475 2808 cum
1498 2754 1779 2809 dedecore
1800 2770 1831 2808 e

171 2842 235 2897 S.
270 2839 452 2896 Marci
484 2838 750 2906 ecclesia,
775 2855 903 2910 quae
925 2840 1136 2912 Puppii
1165 2843 1275 2911 est,
1298 2841 1514 2913 pepulo
1545 2846 1831 2914 praesente

170 2928 450 2985 convitiis
490 2927 683 3001 pulso.
721 2929 859 2984 Inde
888 2928 1109 2985 factum
1141 2933 1248 3000 est,
1280 2934 1344 2984 ut
1373 2930 1653 3002 oppidum
1688 2930 1830 2985 illud

170 3034 509 3088 numquam
559 3020 761 3088 postea
820 3016 1083 3084 adiverit,
1117 3016 1229 3073 nisi
1287 3017 1428 3073 dum
1488 3017 1831 3075 sacerdotali

170 3107 374 3164 ofﬁcio
404 3107 761 3179 fungeretur.

245 3213 381 3268 262.
412 3212 517 3268 Hic
548 3212 744 3284 itaque
787 3228 922 3268 cum
952 3229 1068 3269 non
1101 3212 1286 3268 multo
1336 3216 1469 3285 post
1514 3214 1831 3285 quamdam

172 3303 243 3359 S.
278 3302 471 3357 Maria
501 3300 807 3358 ecclesiam
865 3300 926 3356 in
981 3300 1106 3357 loco
1164 3301 1265 3373 qui
1319 3304 1467 3357 Ama
1522 3303 1835 3359 vernacula

175 3390 399 3461 lingua
426 3390 631 3446 dicitur
657 3390 845 3459 (abest
873 3389 1030 3445 enim
1062 3407 1096 3445 a
1135 3394 1332 3447 monte
1365 3392 1625 3447 Alvernze
1657 3392 1840 3449 ferme

176 3483 448 3553 quatuor
474 3478 654 3536 millia
682 3480 990 3552 passuum)
1023 3480 1093 3535 ab
1126 3480 1410 3552 EpiscOpo
1447 3482 1682 3536 Aretino
1705 3481 1839 3553 jure

175 3567 532 3627 sacerdotali
545 3568 936 3641 impetrasset,
952 3567 1012 3622 in
1026 3572 1257 3624 tantum
1272 3585 1513 3624 suorum
1534 3570 1838 3625 hominum

174 3658 391 3715 odium
436 3661 493 3713 et
519 3656 859 3713 inimicitias
890 3656 1169 3729 capitales
1200 3658 1272 3714 ob
1304 3662 1575 3730 stuprum
1606 3658 1838 3714 cuidam

174 3744 396 3819 puellas
426 3744 657 3801 illatum
715 3745 872 3802 brevi
934 3744 1183 3811 devenit,
1234 3750 1300 3801 ut
1353 3746 1593 3818 quidam
1652 3763 1719 3802 ex
1748 3747 1841 3802 his

175 3834 427 3892 rusticis
476 3833 679 3906 puellae
728 3834 1014 3890 afﬁnitate
1060 3835 1438 3907 [conjunctis]
1491 3835 1603 3891 sibi
1652 3836 1842 3909 magis

176 3923 429 3988 infensi,
462 3923 678 3996 saepius
710 3923 970 3995 undique
999 3923 1210 3979 armati
1260 3924 1633 3981 convolarent
1664 3924 1842 3996 (Talis

174 4015 347 4069 enim
377 4012 463 4069 eis
492 4029 622 4069 mos
652 4016 742 4069 est
765 4031 777 4075 ;
812 4029 927 4069 non
951 4016 1183 4069 tantum
1206 4013 1419 4080 verbis,
1442 4030 1643 4069 verum
1665 4014 1840 4069 etiam

176 4106 419 4159 armata
473 4118 652 4158 manu
696 4102 796 4172 jus
848 4118 1023 4157 suum
1081 4101 1405 4173 exquirere)
1461 4104 1560 4173 [et]
1607 4102 1665 4157 in
1705 4119 1840 4159 eum

171 4191 489 4248 interdum
538 4192 609 4247 de
659 4191 973 4263 improviso
1022 4192 1364 4263 pradonum
1412 4208 1570 4247 more
1598 4191 1844 4248 infestos

177 4281 452 4354 impetus
482 4281 757 4348 facerent,
790 4283 916 4335 tum
946 4279 1124 4335 minis
1174 4280 1494 4345 atrocibus,
1528 4280 1843 4353 ﬁagrisque

176 4367 508 4428 hostilibus
560 4368 930 4440 impeterent,
987 4369 1071 4425 ita
1110 4372 1174 4424 ut
1232 4385 1364 4424 cum
1414 4368 1688 4425 manibus
1718 4386 1844 4426 sese

176 4458 387 4514 ultum
414 4457 518 4527 ire,
548 4461 676 4513 tum
709 4457 849 4529 quia
881 4457 1174 4528 sacerdos,
1208 4460 1333 4513 tum
1380 4458 1518 4529 quia
1565 4456 1749 4523 solus,
1782 4458 1841 4512 in

177 4546 421 4603 multos
449 4545 606 4601 haud
639 4549 857 4619 posset,
889 4550 1195 4618 cogeretur
1222 4545 1471 4617 genibus
1524 4546 1687 4601 ﬂexis
1720 4562 1841 4601 rem

1926 622 2115 686 terra,
2148 617 2409 673 animam
2457 635 2589 675 vero
2638 624 2848 676 aeterno
2898 620 3166 677 incendio
3206 623 3442 691 tradas;
3476 628 3577 679 aut

1927 706 2195 762 habitum
2230 724 2417 778 sume,
2452 725 2627 780 quem
2661 714 2853 765 mente
2902 714 3169 781 proterva
3220 712 3531 767 deseruisti
3560 731 3571 777 ;

1927 800 2050 865 aut,
2082 795 2130 851 si
2161 796 2271 851 hoc
2297 813 2412 851 non
2445 796 2654 868 placet,
2686 798 2834 854 istoc
2877 799 3057 854 utitor
3084 818 3096 865 ;
3150 800 3238 855 fac
3267 805 3488 868 votum,
3523 806 3580 857 et

1928 901 2032 957 ego
2086 902 2203 940 una
2252 890 2445 941 tecum
2479 886 2755 957 [faciam],
2816 888 3121 943 annuatim
3178 889 3235 943 in
3294 889 3482 961 ipsius
3514 891 3573 946 S.

1925 975 2171 1031 Joannis
2198 975 2505 1031 festivitate
2530 977 2633 1047 [ut]
2667 976 2961 1032 nonnullae
2993 978 3180 1033 Missae
3214 978 3579 1035 celebrentur

1928 1064 1986 1118 in
2019 1063 2112 1119 sui
2142 1064 2375 1119 laudem
2408 1069 2466 1119 et
2504 1066 2701 1135 decus,
2735 1070 2791 1120 et
2812 1067 2937 1136 jam
2969 1071 3093 1121 esto
3124 1083 3403 1123 securus:
3441 1085 3577 1123 nam

1928 1152 2073 1208 nihil
2104 1160 2195 1209 est
2233 1155 2387 1225 quod
2448 1154 2702 1225 amplius
2759 1172 3010 1223 vereare,
3069 1156 3150 1210 mi
3208 1156 3309 1210 ﬁli.
3364 1156 3577 1227 Voveo,

1927 1242 2124 1315 inquit
2154 1242 2273 1313 ille,
2306 1260 2371 1299 ac
2403 1244 2611 1300 lubens
2646 1245 2877 1313 faciam,
2911 1262 3016 1300 nec
3048 1245 3187 1301 illuc
3218 1246 3441 1313 redibo,
3464 1245 3578 1300 nisi

1928 1331 2093 1403 prius
2121 1332 2208 1387 hae
2241 1332 2431 1389 Missae
2456 1333 2838 1389 celebrentur.
2876 1335 2987 1390 Res
3023 1335 3205 1390 mira!
3256 1352 3392 1391 mox
3429 1335 3578 1391 cele-

1928 1422 2114 1477 bratis
2135 1421 2349 1492 Missis,
2370 1422 2531 1478 solus
2554 1428 2611 1479 et
2635 1423 2879 1479 inermis
2906 1440 2967 1479 se
2989 1425 3058 1479 ad
3078 1423 3385 1480 ecclesiam
3408 1441 3579 1481 suam

1929 1511 2255 1582 conferens,
2286 1511 2535 1567 libenter
2552 1513 2935 1585 jucundoque
2957 1512 3153 1569 animo
3184 1514 3257 1569 ab
3280 1515 3577 1585 omnibus,

1929 1600 2102 1672 paulo
2134 1605 2268 1656 ante
2296 1600 2739 1668 infensissimis,
2770 1602 3072 1674 accipitur,
3097 1606 3155 1658 et
3177 1602 3483 1667 hactenus,
3518 1608 3583 1657 ut

1928 1689 2178 1761 percepi,
2214 1691 2490 1745 omnibus
2533 1706 2764 1763 semper
2815 1708 2985 1748 carus
3016 1696 3074 1747 et
3103 1696 3307 1765 gratus
3337 1691 3582 1748 exstitit.

1930 1778 2069 1844 Quis
2100 1778 2282 1851 igitur
2312 1778 2471 1834 hunc
2515 1779 2956 1836 sanctissimum
2995 1782 3284 1837 Joannem
3345 1782 3469 1836 suis
3521 1781 3582 1836 in

1935 1867 2381 1923 necessitatibus
2414 1884 2529 1923 non
2563 1869 2907 1924 advocatum
2940 1873 2997 1924 et
3036 1872 3346 1941 patronum
3376 1870 3586 1940 suique

1935 1956 2299 2012 defensorem
2342 1957 2691 2029 requisierit,
2744 1974 2875 2013 cum
2936 1958 3064 2027 hoc,
3125 1961 3182 2012 et
3231 1957 3362 2013 aliis
3420 1957 3586 2013 miris

1934 2044 2214 2117 prodigiis
2245 2044 2373 2100 luce
2401 2045 2617 2101 clarius
2649 2050 2894 2115 constet,
2928 2063 3061 2102 eum
3103 2063 3217 2102 non
3249 2045 3441 2102 solum
3474 2045 3585 2101 sibi

1936 2132 2215 2205 religione
2247 2134 2596 2205 conjunctis,
2631 2136 2731 2190 sed
2765 2136 3039 2191 omnibus
3071 2134 3245 2191 etiam
3296 2135 3588 2190 extraneis

1936 2227 2145 2294 praesto
2167 2223 2239 2278 ad
2272 2222 2553 2278 auxilium
2590 2227 2645 2278 et
2675 2224 2744 2278 ad
2775 2239 2944 2294 opem
2978 2223 3271 2279 ferendam
3306 2239 3433 2279 esse
3454 2223 3482 2276 ‘I

2606 2346 2781 2402 PARS
2813 2346 2907 2401 III.

2007 2437 2131 2490 264.
2166 2434 2483 2491 Laudabile
2503 2436 2695 2491 visum
2720 2439 2827 2505 est,
2864 2437 2969 2505 [ut]
3002 2434 3167 2491 bisS.
3191 2435 3435 2491 Joannis
3458 2452 3589 2507 pro-

1938 2525 2115 2597 digiis
2145 2523 2327 2588 aliud,
2359 2524 2512 2595 quod
2547 2524 2661 2593 [delJ
2705 2528 2911 2579 nostrae
2960 2524 3327 2594 tempestatis
3358 2525 3589 2579 duobus

1940 2612 2208 2668 finitimis
2240 2612 2519 2683 eremitis,
2545 2612 2642 2684 qui
2678 2611 2734 2666 in
2763 2612 3014 2667 dedecus
3037 2612 3217 2682 hujus
3252 2611 3590 2667 monasterii

1940 2701 2109 2774 plura
2138 2706 2194 2756 et
2235 2702 2429 2756 dixere
2459 2705 2515 2756 et
2567 2718 2735 2772 egere
2791 2700 3005 2773 turpia,
3064 2702 3315 2757 inseram
3346 2720 3358 2756 :
3390 2718 3591 2757 verum

1940 2792 2105 2863 prius
2136 2791 2206 2846 de
2238 2792 2355 2845 situ
2386 2790 2494 2845 loci
2527 2791 2729 2862 paucis
2752 2790 3060 2845 disseram.
3083 2790 3325 2863 lnjugis
3346 2790 3595 2861 hujusce

1941 2884 2152 2936 nostra:
2172 2879 2332 2951 Alpis
2348 2896 2517 2935 mons
2536 2896 2799 2943 saxosus,
2817 2879 3197 2951 asperrimus,
3218 2879 3595 2951 incultusque

1941 2972 2165 3037 exstat;
2201 2969 2300 3040 qui
2332 2969 2569 3040 quidem
2629 2986 2698 3024 ex
2728 2986 2796 3024 ea
2855 2973 3039 3041 parte,
3099 2985 3226 3040 qua
3286 2968 3590 3025 meridiem

1942 3074 2287 3114 occasumve
2344 3061 2587 3130 spectat,
2643 3075 2818 3130 rupes
2876 3057 3205 3124 horribiles,
3265 3058 3593 3114 confractas

1943 3147 2353 3217 abscissasque
2378 3146 2553 3201 habet
2579 3146 2794 3201 mirum
2818 3148 2877 3202 in
2902 3148 3165 3214 modum,
3188 3163 3316 3218 quae
3345 3146 3405 3202 in
3426 3150 3595 3203 vasta

1864 3261 1906 3328 ρ
1947 3235 2261 3292 solitudine
2280 3235 2577 3290 horrorem
2596 3234 3019 3306 aspicientibus
3040 3252 3155 3290 non
3178 3252 3421 3306 parvum
3440 3235 3599 3290 incu-

1948 3325 2119 3381 tiunt.
2158 3326 2312 3379 Inter
2338 3325 2484 3379 duas
2515 3324 2695 3395 igitur
2723 3340 2898 3394 rupes
2922 3327 3117 3378 vastas
3148 3323 3356 3394 ingens
3386 3337 3594 3377 saxum

1950 3415 2009 3469 in
2043 3414 2336 3469 Orientem
2368 3411 2706 3484 porrigitur,
2739 3411 2798 3465 in
2822 3412 2988 3480 cujus
3032 3410 3400 3467 eminentiori
3433 3414 3599 3481 parte

1951 3502 2310 3573 conspicitur
2340 3501 2660 3556 oratorium
2683 3501 2827 3556 satis
2850 3499 3258 3556 venerabiliter
3282 3503 3338 3554 et
3357 3496 3600 3570 pulchre

1950 3594 2377 3652 constructum,
2410 3590 2563 3661 quod
2588 3606 2655 3644 ex
2686 3606 2803 3644 una
2827 3593 2987 3659 parte
3010 3593 3134 3643 atra
3164 3587 3323 3643 silice
3349 3587 3600 3659 jamjam

1952 3680 2180 3735 ruinam
2216 3678 2497 3743 minante,
2530 3695 2597 3733 ex
2641 3678 2825 3733 altera
2870 3695 3003 3733 vero
3052 3678 3203 3733 casis
3251 3675 3602 3732 humillimis

1952 3768 2387 3833 circumdatur;
2441 3783 2615 3838 quem
2666 3766 2879 3836 locum,
2939 3767 3039 3838 qui
3095 3766 3260 3837 prius
3309 3763 3599 3829 habuerit,

1952 3855 2154 3929 paucis
2182 3856 2406 3927 aperire
2437 3857 2675 3922 curabo,
2710 3856 2844 3912 inde
2876 3857 2945 3910 ad
2977 3855 3276 3927 inceptum
3308 3852 3527 3909 redibo.

2022 3946 2146 3999 265.
2183 3946 2467 4016 Tempore
2500 3945 2696 4015 itaque
2745 3944 2987 4017 Eugenii
3035 3944 3254 4000 summi
3306 3942 3601 3999 Pontiﬁcis

1954 4034 2027 4090 IV
2047 4033 2270 4089 exstitit
2291 4034 2754 4089 molendinarius
2773 4033 3033 4106 quidam,
3049 4033 3143 4088 cui
3160 4049 3371 4088 nomen
3386 4032 3599 4098 Marco,

1951 4123 2024 4179 de
2052 4122 2199 4178 valle
2230 4139 2406 4193 quam
2438 4122 2709 4194 vulgares
2738 4127 2795 4177 et
2823 4122 3033 4194 plebeii
3059 4121 3351 4178 Chiantim
3372 4123 3600 4176 vocant.

1953 4212 2055 4267 Hic
2095 4210 2408 4283 imprimis,
2470 4212 2577 4267 etsi
2634 4228 2854 4284 egenus
2908 4228 3103 4267 rerum
3162 4208 3601 4282 temporalium,

1952 4304 2150 4355 tamen
2177 4300 2355 4355 vitam
2388 4317 2556 4355 suam
2582 4316 2740 4355 more
2762 4300 3086 4371 priscorum
3111 4300 3415 4354 beatorum
3453 4298 3604 4353 viro-

1953 4405 2084 4443 rum
2113 4387 2387 4459 instituit,
2440 4404 2610 4460 parce
2660 4406 2725 4443 ac
2785 4388 3007 4443 duriter
3052 4388 3269 4457 vivens,
3329 4385 3605 4442 ecclesias

1954 4478 2287 4548 frequenter
2317 4477 2542 4543 adiens,
2592 4475 2969 4548 pauperibus,
3004 4480 3069 4529 ut
3115 4478 3361 4546 poterat,
3404 4473 3605 4527 alimo-

1954 4566 2111 4621 niam
2142 4566 2428 4636 praabens.
2456 4566 2509 4619 Is
2532 4564 2782 4636 denique
2803 4579 2979 4619 uxore
2995 4564 3256 4627 orbatus,
3281 4562 3435 4616 ﬁlios
3454 4561 3603 4615 duos

176 4652 430 4710 negare,
487 4636 587 4707 [et,
619 4638 704 4706 ut]
763 4635 875 4691 sibi
933 4638 1259 4707 parcerent,
1319 4651 1503 4691 orare.
1562 4636 1821 4691 Caeterum

1950 4655 2089 4710 Jesu
2123 4633 2336 4710 Christi
2369 4652 2602 4709 servitio
2649 4633 2904 4724 obligat:
2963 4667 3099 4705 nam
3150 4650 3287 4705 huic
3334 4647 3599 4719 religioni

176 4742 328 4783 cum
352 4723 707 4781 rusticorum
730 4725 947 4780 durum
966 4739 1153 4797 genus
1178 4723 1334 4780 haud
1360 4724 1703 4794 flecteretur,
1725 4724 1842 4778 imo

174 4813 453 4872 atrocius
484 4813 665 4880 ﬁeret,
699 4812 881 4869 alium
901 4812 1027 4869 loco
1060 4813 1151 4869 sui
1181 4830 1249 4868 ex
1269 4813 1531 4886 ipsorum
1554 4815 1844 4869 sententia

174 4904 553 4975 relinquens,
570 4902 641 4957 ad
660 4902 867 4957 affines
887 4906 944 4957 et
962 4902 1322 4975 propinquos
1343 4902 1443 4974 qui
1463 4902 1617 4958 haud
1641 4901 1842 4975 procul

171 4994 459 5059 aberant,
492 4990 828 5056 convolans,
856 4990 991 5046 inde
1039 4991 1280 5046 domum
1311 4991 1607 5063 propriam
1639 4990 1841 5046 adiens

171 5080 559 5157 genitoribus
589 5080 715 5137 suis
744 5096 866 5137 rem
900 5094 1135 5136 omnem
1163 5080 1413 5152 aperuit.

254 5188 390 5244 263.
425 5190 642 5244 Verum
672 5203 807 5243 cum
837 5187 891 5241 vi
941 5186 1247 5243 ecclesiam
1302 5202 1469 5242 suam
1503 5203 1842 5259 recuperare

169 5277 384 5345 vellet,
418 5276 558 5351 quia
598 5292 690 5333 res
738 5292 946 5349 parum
996 5275 1046 5331 ei
1107 5279 1488 5347 processerat,
1540 5275 1839 5347 ignorans,

172 5368 338 5442 quid
367 5366 430 5423 in
461 5382 523 5423 re
550 5369 671 5423 tam
717 5364 895 5422 atroci
952 5369 1106 5422 esset
1160 5365 1470 5439 agendum,
1519 5364 1837 5421 aestuabat:

168 5456 299 5517 Cui
332 5459 541 5527 mater,
574 5455 714 5527 quia
761 5453 1034 5528 religiosa
1062 5458 1119 5510 et
1167 5454 1287 5527 [pia
1315 5456 1483 5523 erat,]
1523 5457 1677 5509 recte
1704 5470 1840 5508 con-

169 5546 399 5605 sulens
430 5544 623 5617 inquit
647 5563 659 5601 :
683 5543 756 5599 Mi
788 5543 893 5612 ﬁli,
918 5542 1084 5614 mihi,
1117 5543 1342 5608 credas,
1365 5541 1493 5598 volo
1514 5540 1677 5597 nulla
1698 5542 1841 5597 adeo

168 5654 259 5693 ex
297 5651 360 5691 re
386 5635 541 5691 istuc
568 5634 676 5690 tibi
707 5633 988 5702 accidere,
1020 5632 1132 5688 nisi
1164 5631 1302 5704 quia
1321 5632 1378 5687 S.
1409 5629 1651 5687 Joannis
1683 5629 1845 5685 habi-

167 5733 326 5784 tum
359 5723 663 5783 temerarie
692 5722 1050 5795 deposuisti;
1102 5721 1373 5794 quocirca
1422 5721 1525 5777 tibi
1582 5719 1840 5787 consule,

1952 4759 2158 4809 unum,
2192 4743 2288 4813 qui
2321 4742 2513 4797 adhuc
2542 4740 2720 4795 vitam
2753 4740 2904 4794 hanc
2925 4738 3084 4802 vivit,
3109 4737 3358 4793 alterum
3381 4735 3603 4793 Camal-

1952 4830 2202 4895 dulensi,
2229 4831 2325 4901 qui
2354 4830 2621 4902 praesenti
2655 4828 2772 4882 vita
2796 4828 3035 4882 functus
3057 4830 3165 4893 est,
3189 4830 3254 4881 ut
3277 4825 3401 4897 ipse
3433 4840 3600 4897 expe~

1952 4920 2135 4975 ditius
2161 4919 2299 4976 Jesu
2331 4918 2653 4981 inserviret,
2695 4915 3068 4988 mancipavit.
3122 4916 3261 4970 Inde
3310 4913 3596 4986 quidquid

1952 5009 2063 5063 sibi
2090 5012 2410 5080 supererat,
2437 5006 2794 5079 pauperibus
2824 5004 3111 5072 tribuens,
3146 5004 3339 5059 nudus
3370 5002 3596 5057 nudum

1950 5098 2155 5153 Jesum
2187 5097 2389 5152 statuit
2416 5095 2602 5167 sequi.
2636 5095 2755 5149 Tali
2789 5095 2986 5166 itaque
3019 5097 3215 5149 mente
3256 5093 3463 5147 devota
3490 5088 3599 5145 hoc

1950 5187 2008 5240 S.
2041 5185 2233 5241 Mariae
2262 5184 2684 5241 monasterium
2717 5182 3061 5255 suppliciter
3091 5181 3313 5251 adiens,
3349 5197 3383 5233 a
3430 5180 3495 5233 Η.
3535 5179 3595 5233 D.

1951 5274 2181 5329 Placido
2214 5280 2353 5329 tunc
2384 5273 2623 5340 Abbate,
2647 5289 2759 5328 non
2783 5271 3072 5341 habitum,
3094 5286 3297 5325 verum
3320 5267 3601 5340 temporis

1950 5363 2352 5435 probationem
2386 5360 2552 5417 facile
2579 5359 2931 5433 impetravit.

2019 5452 2145 5506 265.
2182 5452 2244 5506 In
2303 5451 2413 5506 hoc
2472 5450 2669 5522 itaque
2719 5450 2778 5505 S.
2831 5447 3024 5504 Maria:
3085 5446 3439 5503 monasterio
3498 5462 3602 5518 per

1951 5557 2173 5597 annum
2205 5541 2499 5611 integrum
2533 5536 2946 5609 corpusculum
2992 5552 3166 5591 suum
3207 5534 3478 5607 jejuniis,
3519 5535 3600 5589 vi-

1951 5630 2131 5703 giliis,
2176 5630 2305 5686 aliis
2353 5630 2528 5685 etiam
2581 5627 2797 5699 ﬂagris,
2848 5642 2973 5697 quae
3014 5624 3369 5681 abstinentia
3414 5628 3592 5686 amat,

1953 5720 2164 5791 oppido
2198 5720 2529 5776 enervavit:
2560 5732 2716 5785 nam,
2752 5720 2813 5771 ut
2844 5714 2955 5770 alia
2984 5716 3275 5779 omittam,
3310 5728 3435 5781 qua:
3472 5725 3594 5779 pro-
