4002 6170
476 354 591 415 eis
1528 346 1593 409 s.
1639 340 1967 408 JOANNIS
2015 340 2461 407 GUALBERTI
2508 346 2842 411 ABBATIS
3495 299 3511 312 “
3678 363 3766 425 θιθ

482 485 626 560 priis
659 481 851 555 aspexi
902 478 1087 537 oculis
1140 478 1397 548 (aderam
1442 477 1622 547 enim)
1672 477 1861 533 hieme
1900 493 2127 550 aspera,
2158 477 2212 542 Α
2244 478 2435 535 Μίδεω
2486 480 2805 550 audiendas,
2852 478 3087 551 quando
3120 477 3385 536 deformis
3418 481 3597 542 stridet
3632 486 3767 550 hiems

478 577 577 632 vili
610 578 767 628 veste
799 576 853 625 et
884 568 1117 641 palliolo
1141 573 1453 624 contentus
1476 569 1655 624 etiam
1679 568 1853 623 nudis
1884 567 2133 639 pedibus
2250 567 2471 623 fessum
2503 572 2670 624 vento
2700 570 2911 637 Boreze,
2945 566 3237 639 oppletum
3268 567 3405 636 nive,
3434 572 3654 630 cruribus
3674 595 3765 636 san.

478 666 631 719 inter
648 662 808 716 nives
838 665 894 716 et
923 675 1163 730 asperas
1194 657 1432 730 glacies,
1461 659 1629 713 nobis
1652 658 1774 714 solo
1796 658 1924 713 visu
1947 658 2137 729 rigen-
2249 656 2605 727 guinolentis
2631 657 3038 728 calcaneisque
3068 654 3283 722 scissis,
3312 656 3487 713 laetum
3514 665 3764 737 tamenim

484 753 665 816 tibus,
698 749 1044 812 incedebat;
1091 765 1264 819 quem
1321 764 1546 803 morem
1608 748 1746 817 fere,
1804 748 1944 802 dum
1978 746 2139 816 vixit,
2252 746 2642 817 festivumque
2674 747 2729 801 in
2758 745 3018 814 Domino,
3040 744 3149 800 hoc
3168 745 3225 800 S.
3247 745 3425 800 Mariae
3446 755 3766 812 monasterium

494 840 763 897 servavit.
786 842 943 894 Inter
962 842 1187 908 cmtera,
1222 854 1348 908 qua:
1382 836 1768 909 spiritualiter
1790 853 1905 892 non
1936 852 2140 908 super-
2252 835 2444 891 adisse
2469 855 2481 904 ;
2516 854 2623 894 nos
2645 853 2776 892 vero
2798 851 3002 891 omnes
3025 833 3395 889 admiratione
3414 836 3569 904 ducti,
3588 842 3767 912 undique

495 930 718 987 stitiose
740 932 936 1001 ageret
978 928 1046 982 ad
1083 944 1315 982 carnem
1348 926 1742 982 edomandam
1792 929 1934 995 erat,
1985 926 2141 996 quod
2250 925 2474 981 visendi
2508 925 2704 982 studio
2734 926 2803 980 ad
2838 940 2972 981 eum
2994 923 3299 979 conﬂuere.
3322 923 3427 978 Alii
3446 925 3768 996 palliolumter-

495 1018 845 1075 creberrime
874 1017 1035 1072 intus
1065 1020 1121 1072 et
1151 1016 1288 1071 foris
1320 1017 1480 1071 nuda
1517 1032 1707 1087 genua
1759 1016 1927 1070 nudae
1977 1013 2141 1069 humi
2253 1031 2424 1086 gere;
2467 1014 2563 1071 alii
2613 1030 2825 1086 aquam
2875 1013 3121 1069 calidam
3164 1029 3263 1083 pro
3308 1012 3557 1069 fricandis
3601 1017 3768 1086 pedibus

500 1108 786 1163 flectebat.
812 1107 1057 1177 Insuper
1079 1105 1308 1177 quoties
1339 1121 1443 1160 nos
1476 1104 1639 1176 pueri
1671 1103 1856 1175 gratia
1885 1101 2146 1159 exercitii

496 1197 585 1251 vel
610 1195 823 1267 quietis
845 1196 915 1250 ad
955 1194 1131 1265 Alpes
1163 1211 1265 1250 seu
1297 1195 1366 1249 ad
1404 1210 1641 1249 nemora
1672 1192 2142 1259 concederemus,

2256 1105 2432 1172 ferre;
2463 1105 2712 1177 quisque
2742 1122 2846 1176 pro
2890 1120 2954 1160 se
2983 1103 3249 1159 certatim
3295 1102 3603 1174 obsequium
3636 1104 3772 1161 libenti

2254 1193 2448 1249 animo
2473 1197 2765 1264 praestare.

498 1285 592 1341 hic
624 1302 740 1339 una
772 1301 1002 1355 semper
1031 1283 1337 1338 nobiscum
1371 1283 1480 1338 iter
1509 1282 1985 1355 aggrediebatur:
2023 1297 2145 1335 mo-

498 1391 653 1439 nere,
686 1373 901 1428 hortari
936 1374 1007 1427 ad
1042 1371 1304 1440 meliora,
1338 1373 1408 1427 ad
1439 1371 1616 1426 vitam
1665 1376 1961 1438 aeternam,
1996 1386 2145 1424 nun-

497 1479 673 1535 quam
706 1461 1005 1516 desistere.

564 1552 688 1604 267.
726 1550 881 1604 Idem
916 1550 1094 1621 igitur
1116 1549 1330 1620 saepius
1364 1566 1567 1621 agens,
1602 1549 1907 1604 nobiscum
1940 1564 2149 1603 ascen-

497 1641 642 1695 dens
698 1643 755 1694 et
824 1640 1207 1704 descendens,
1272 1638 1595 1693 solitariam
1673 1638 1910 1693 tandem
1969 1637 2147 1691 vitam

500 1727 761 1799 cupiens,
788 1727 992 1781 statuit
1021 1743 1220 1782 secum
1253 1742 1404 1791 esse,
1437 1742 1777 1795 secumque,
1819 1729 1884 1779 ut
1912 1724 2147 1789 dicitur;

496 1817 705 1873 vivere.
739 1817 923 1871 Petita
970 1814 1152 1887 igitur
1214 1815 1496 1870 missione
1541 1818 1599 1869 et
1638 1813 1805 1869 facile
1836 1813 2152 1885 impetrata
2182 1848 2229 1911 Β

503 1907 661 1974 (nam
718 1905 980 1960 nondum
1054 1903 1416 1974 probationis
1496 1902 1765 1957 habitum
1835 1906 2153 1973 acceperat)

505 1993 645 2049 illuc
677 1995 747 2048 ad
772 2010 902 2048 eum
937 1992 1130 2048 locum
1151 1992 1541 2059 inaccessum,
1571 1992 1641 2047 de
1672 2009 1787 2063 quo
1817 2009 1997 2063 supra
2026 2007 2154 2047 ver-

509 2084 650 2139 bum
683 2083 947 2153 fecimus,
981 2100 1097 2137 non
1130 2083 1256 2138 sine
1288 2081 1544 2137 maxima
1590 2081 1951 2147 difficultate,
1985 2081 2157 2136 nobis

511 2172 711 2244 pueris
741 2172 1177 2242 comitantibus,
1213 2176 1269 2226 et
1315 2188 1497 2241 arma,
1552 2172 1768 2242 quibus
1815 2170 2155 2225 caedendum

510 2265 663 2317 esset
685 2278 912 2327 saxum,
935 2260 1276 2328 ferentibus,
1302 2261 1538 2315 demum
1557 2258 2153 2315 concessit.Cmterum

508 2351 709 2422 ajugo
741 2350 974 2421 Alpium
1022 2349 1092 2403 ad
1126 2365 1330 2404 saxum
1363 2347 1472 2401 iter
1500 2346 1729 2402 nullum
1762 2350 1918 2403 erat:
1953 2363 2156 2402 omnes

506 2439 663 2494 enim
711 2439 770 2491 in
801 2438 894 2491 his
942 2436 1108 2500 locis,
1171 2441 1379 2507 praeter
1434 2441 1590 2490 recta
1647 2436 1875 2502 itinera,
1937 2435 2156 2491 semitm

508 2526 833 2599 praecipites
864 2530 920 2579 et
950 2526 1226 2579 anfractae
1258 2530 1314 2579 et
1339 2529 1599 2596 angustae
1634 2530 1809 2592 sunt;
1839 2526 1918 2581 ita
1941 2530 2023 2594 ut,
2058 2525 2158 2595 qui

509 2613 817 2687 paululum
852 2614 1149 2679 titubarct,
1183 2613 1349 2684 lapsu
1392 2614 1608 2683 pedum
1664 2614 1721 2668 in
1773 2613 2158 2686 praecipitium

510 2701 671 2775 (quia
703 2700 865 2757 nulla
894 2700 1148 2773 virgulta
1179 2707 1234 2756 et
1264 2702 1481 2774 stirpes
1514 2703 1672 2772 sunt)
1701 2702 2029 2769 laberetur;
2055 2720 2159 2758 nec

508 2792 682 2847 etiam
719 2794 857 2847 sunt
886 2786 1134 2859 radices,
1163 2791 1233 2845 ad
1267 2807 1413 2861 quas
1444 2792 1587 2862 pede
1627 2795 1727 2845 aut
1776 2807 1955 2846 manu
2000 2792 2160 2863 quis-

494 2874 687 2953 Jquam
718 2880 858 2936 eniti
890 2880 1113 2952 possit;
1149 2885 1211 2934 ut
1243 2883 1375 2951 pote
1415 2879 1551 2950 quia
1582 2878 1707 2935 loca
1754 2878 1915 2935 arida
1962 2879 2160 2936 herbis

509 2968 858 3024 humillimis
888 2974 945 3023 et
976 2968 1253 3040 lapillulis
1294 2971 1564 3039 cooperta
1594 2967 1710 3022 fere
1741 2984 1971 3040 semper
2002 2972 2157 3037 sunt,

514 3058 628 3114 nisi
662 3057 872 3127 hieme,
909 3073 1024 3128 qua
1054 3057 1185 3111 nive
1215 3055 1468 3129 geluque
1498 3056 1696 3111 omnia
1725 3056 1934 3128 rigent.

583 3148 709 3201 268.
742 3146 1000 3202 Tandem
1024 3146 1228 3201 martis
1251 3147 1399 3217 (201)
1421 3148 1477 3201 et
1497 3144 1745 3201 sarculis
1765 3143 1889 3201 loco
1912 3148 2158 3217 purgato

2324 1284 2448 1336 270.
2482 1283 2761 1338 Caeterum
2794 1282 2902 1337 hoc
2925 1296 3295 1351 summopere
3317 1279 3688 1335 admirabantur
3700 1299 3775 1337 om-

2258 1387 2380 1439 nes,
2415 1372 2724 1442 quomodo,
2761 1388 2895 1427 cum
2936 1368 3095 1426 brevi
3146 1368 3397 1440 corporis
3439 1372 3631 1423 statura
3661 1376 3773 1433 esset,

2258 1459 2435 1515 altam
2467 1460 2654 1515 nivem
2690 1458 3023 1529 molemque
3043 1457 3253 1529 glaeiei
3280 1456 3783 1527 vitasset;priesertim

2258 1565 2391 1603 cum
2422 1548 2716 1604 interdum
2745 1563 2853 1620 per
2876 1563 3139 1602 mensem
3180 1550 3296 1601 tote
3325 1561 3447 1601 aere
3474 1544 3779 1616 pingeretl‘iet

2259 1642 2315 1691 et
2347 1636 2502 1692 aliud
2538 1638 2751 1707 majus,
2786 1652 2902 1708 quo
2932 1633 3323 1706 insuperabile
3342 1633 3447 1688 iter
3461 1634 3777 1704 superarem}

2260 1731 2494 1796 posset:
2530 1743 2663 1781 nam
2698 1740 2907 1781 novere
2930 1739 3154 1789 omnes,
3190 1738 3362 1794 super
3398 1725 3615 1777 veterem
3637 1723 3777 1789 nivem,

2259 1815 2537 1869 intactam
2570 1813 2914 1886 praesertim,
2947 1830 3096 1869 nova
3124 1811 3363 1867 modica
3396 1809 3671 1865 altitudinis
3695 1824 3779 1864 cum

2266 1904 2361 1971 sit,
2394 1920 2510 1960 non
2542 1904 2708 1960 facile
2738 1904 2916 1976 pedes
2946 1901 3397 1975 ingredientium
3421 1898 3674 1954 insistere:
3694 1895 3781 1950 dile-

2265 1992 2424 2048 bitur
2450 1993 2606 2048 enim
2639 2009 2741 2065 pes
2762 2009 2865 2064 per
2886 1992 3105 2049 nudam
3126 1990 3388 2063 glaciem,
3412 2002 3636 2043 eumnou
3652 1984 3781 2054 recipit

2264 2081 2598 2154 vestigium,
2630 2086 2709 2148 et,
2741 2081 2886 2153 pede
2908 2080 3168 2147 fallente,
3194 2094 3297 2135 nec
3327 2076 3575 2133 manibus
3590 2089 3668 2128 nec
3681 2071 3785 2144 geni-

2269 2172 2379 2227 bus
2412 2188 2517 2226 nec
2547 2170 2922 2227 adminiculis
2963 2169 3279 2241 quisquam
3327 2164 3610 2239 periculum
3646 2175 3785 2229 anceps

2267 2260 2447 2317 vitare
2479 2259 2657 2327 valet;
2691 2261 2773 2315 ita
2798 2259 2858 2314 in
2887 2258 3012 2315 laevi
3043 2257 3231 2331 glacie
3260 2255 3553 2325 tabidaque
3587 2249 3786 2306 volutetur

2268 2366 2501 2420 corpus,
2524 2354 2799 2405 secantur
2820 2348 3116 2404 interdum
3155 2347 3349 2419 pedes,
3374 2342 3499 2399 nudi
3518 2340 3657 2398 etiam
3673 2352 3785 2407 quu-

2270 2439 2460 2509 doque
2488 2438 2544 2492 in
2568 2438 2833 2493 infimam
2855 2436 3269 2508 ingrediuntur
3287 2434 3462 2489 nivem
3480 2434 3531 2488 et
3548 2428 3615 2485 ibi
3627 2422 3787 2515 luctatio

2270 2528 2336 2582 fit
2360 2545 2372 2594 ;
2402 2544 2534 2582 cum
2566 2525 2782 2599 glacies
2803 2524 3048 2589 lubrica,
3075 2529 3143 2580 ut
3167 2523 3303 2590 dixi,
3327 2538 3437 2577 non
3464 2514 3786 2588 recipiatvesti-

2268 2617 2454 2688 siam,
2488 2622 2545 2671 θῑ
2575 2616 2918 2687 plerumque
2941 2613 3099 2675 velut
3120 2612 3326 2685 pedica
3344 2608 3484 2681 capti
3509 2599 3786 2671 harenaria:

2270 2704 2604 2760 miserabile
2629 2704 2640 2758 Ξ
2675 2705 2734 2758 in
2768 2705 2917 2759 dura
2944 2707 3002 2759 et
3031 2702 3157 2758 alta
3185 2704 3544 2767 concretaque
3565 2690 3713 2782 glacie.
3766 2772 3773 2782 .

2338 2796 2463 2847 271.
2499 2794 2642 2849 Cum
2672 2792 2829 2849 enim
2860 2792 3164 2848 interdum
3195 2789 3424 2863 quidam
3454 2800 3514 2843 ex
3545 2779 3709 2870 nostris
3726 2779 3790 2870 mi-

2271 2882 2586 2939 sericordia
2614 2881 2775 2937 ducti
2807 2897 2964 2950 eum,
2998 2880 3298 2951 quomodo
3317 2868 3677 2946 exhujusmodi

2271 2970 2419 3027 culis
2450 2970 2749 3036 evasisset,
2783 2970 3242 3041 interrogarent,
3290 2962 3469 3036 inquit
3496 2975 3608 3049 voce
3630 2954 3791 3049 tenuia!

2272 3059 2528 3114 demissa
2550 3076 2561 3113 :
2580 3060 2611 3114 J
2619 3075 2753 3113 esus
2776 3062 2865 3113 est
2888 3082 2902 3123 ;
2924 3059 3093 3112 Jesus
3118 3060 3216 3112 est
3241 3072 3253 3110 :
3278 3051 3499 3110 interfui
3516 3047 3639 3105 enim
3653 3047 3790 3138 Betim
3882 3080 3883 3135 1

2272 3164 2405 3203 cum
2437 3164 2506 3203 ex
2537 3146 2800 3218 patribus
2831 3146 3071 3217 quidam
3103 3145 3208 3201 his
3254 3141 3441 3199 verbis
3480 3152 3591 3194 eum
3628 3133 3789 3218 ωειίεξι·

511 3234 1150 3306 perdeclivummontis
1169 3233 2157 3306 semitaminstarsulciegessimus.
2191 3209 2235 3276 δ
2272 3237 2451 3291 bant:
2505 3236 2645 3290 Pace
2693 3238 2905 3302 vestra,
2957 3235 3139 3289 frater
3193 3235 3395 3298 Marce,
3444 3213 3791 3287 dicemuszqm‘

507 3324 655 3387 Quid
680 3321 903 3378 multa?
925 3322 1161 3377 demum
1186 3322 1356 3389 ferro,
1380 3322 1669 3392 incendio,
1691 3328 1967 3395 acetoque
1986 3340 2161 3395 rupes

506 3408 790 3481 mollitur,
824 3410 1136 3482 frangitur,
1170 3409 1465 3482 panditur.
1519 3411 1795 3467 Triennio
1826 3411 2022 3483 itaque
2052 3410 2161 3467 hoc

507 3499 569 3552 in
594 3515 766 3570 opere
788 3497 1012 3553 difﬁcili
1044 3502 1412 3569 consumpto,
1439 3499 1760 3554 oratorium
1786 3500 1856 3554 ad
1880 3500 2160 3556 honorem

506 3586 772 3658 Virginis
804 3586 997 3641 Mariae
1044 3587 1383 3653 dedicatur;
1435 3587 1585 3656 quod
1615 3587 1853 3657 quidem
1886 3589 2162 3645 omnibus

505 3675 776 3731 ﬁnitimis
808 3679 865 3730 et
896 3674 1259 3747 longinquis,
1294 3676 1392 3747 qui
1418 3675 1608 3731 locum
1632 3676 1953 3731 devotionis
1976 3676 2161 3749 gratia

504 3764 766 3831 adibant,
802 3762 1013 3819 laetitiae
1046 3780 1173 3819 esse
1216 3768 1274 3819 et
1321 3763 1716 3819 admirationi.
1769 3765 2159 3835 Laztabantur,

507 3854 614 3908 hac
646 3856 812 3907 aetate
834 3853 1019 3907 ferrea
1041 3851 1219 3907 talem
1259 3853 1561 3907 eremitam
1593 3851 1686 3908 his
1716 3850 1774 3906 in
1824 3851 1967 3907 locis
2000 3869 2160 3925 repe-

507 3942 641 3997 riri:
677 3942 1124 3996 admirabantur
1172 3940 1588 3996 abstinentiam
1638 3941 1765 4007 viri,
1799 3940 1908 3995 loci
1941 3942 2159 4013 asperi-

510 4034 711 4096 tatem,
734 4029 1001 4084 omnium
1023 4030 1266 4100 insuper
1282 4045 1476 4084 rerum
1494 4029 1667 4084 victui
1696 4030 2157 4086 necessariarum

510 4114 963 4171 difficultatem:
1021 4133 1179 4182 nam,
1232 4122 1297 4171 ut
1330 4118 1470 4184 dixi,
1525 4118 1681 4172 nudo
1727 4118 1844 4172 fere
1899 4135 2156 4190 corpore,

512 4203 687 4259 nudis
720 4202 987 4274 pedibus,
1020 4204 1194 4268 fame,
1229 4204 1460 4275 frigore,
1495 4205 1805 4277 squallore,
1840 4206 2019 4262 barba
2048 4206 2156 4262 im-

508 4307 675 4363 pexa,
702 4292 1272 4361 membristorridus,
1297 4293 1544 4365 genibus
1562 4294 1781 4349 crebris
1798 4295 2159 4352 orationibus

509 4380 828 4451 quassatis,
865 4381 1087 4446 fractis,
1135 4381 1285 4435 inter
1327 4398 1499 4453 rupes
1560 4383 1935 4453 asperrimas,
1967 4384 2159 4439 hieme

505 4470 641 4524 nive
671 4468 922 4541 glacieve
956 4468 1199 4541 opletas,
1247 4470 1386 4525 Jesu
1438 4470 1727 4543 Matrique
1758 4472 1886 4543 ejus
1935 4471 2155 4545 Virgini

507 4558 701 4614 Mariae
734 4558 987 4613 interdiu
1019 4562 1076 4613 et
1106 4564 1273 4613 nocte
1304 4558 1591 4615 deservire
1613 4561 1905 4616 studebat.

574 4649 701 4701 269.
738 4646 949 4702 Verum
974 4647 1264 4718 imprimis
1288 4647 1575 4720 mirabile,
1602 4650 1756 4704 unde
1778 4654 1976 4704 tantus
2003 4648 2163 4705 talis-

502 4753 616 4807 que
649 4737 885 4790 animus
939 4735 1050 4790 sibi
1082 4735 1300 4809 [esset],
1334 4741 1399 4791 ut
1426 4736 1484 4791 in
1536 4736 1780 4809 rupibus
1814 4738 2158 4810 asperrimis

510 4823 819 4878 aedificium
852 4825 1299 4895 aggrederetur:
1334 4843 1492 4888 nam.
1527 4830 1591 4880 ut
1621 4830 1825 4881 caetera
1853 4827 1910 4881 in
1943 4844 2151 4898 corpu-

510 4911 738 4965 sculum
779 4912 1141 4966 domandum
1203 4914 1583 4968 admiratione
1642 4914 1821 4987 digna
1867 4916 2154 4980 omittam,

510 4998 712 5053 Jesum
764 5003 946 5055 testor
987 5004 1043 5054 et
1071 5001 1173 5054 SS.
1224 5000 1477 5070 Angelos
1523 5002 1651 5071 ejus
1682 5005 1772 5074 (ut
1802 5002 1982 5074 patris
2013 5004 2160 5075 (202)

516 5087 630 5143 mei
667 5086 999 5159 Hieronymi
1031 5087 1222 5143 verbis
1252 5090 1403 5159 utar)
1454 5108 1561 5145 nos
1594 5090 1912 5146 monachos
1960 5108 2162 5147 omnes

517 5177 733 5248 saepius
763 5193 891 5233 eam
924 5177 982 5231 in
1036 5176 1344 5233 Nativilate
1384 5177 1613 5232 Domini
1644 5180 1783 5234 Jesu
1837 5183 1895 5235 et
1925 5179 1983 5235 in
2034 5180 2164 5236 aliis

518 5266 823 5336 pracipuis
881 5265 1296 5321 festivitatibus
1370 5267 1554 5337 gratia
1612 5268 2051 5324 Communionis
2108 5271 2165 5324 et

598 5388 955 5463 (gillmartus
977 5394 1297 5463 usurpatur
1318 5406 1418 5463 pro
1437 5389 1641 5463 malleo
1658 5393 1809 5463 apud
1830 5394 2053 5448 Conrad
2065 5409 2161 5447 um

527 5456 596 5510 de
624 5458 859 5538 [:‘abaria
907 5461 975 5538 de
997 5456 1334 5538 casibusb‘:
1374 5458 1519 5538 Galli
1560 5456 1785 5538 cap.'1_{i
1840 5469 1908 5517 At
1937 5464 2159 5531 dubito,

527 5545 599 5582 an
632 5528 723 5582 hic
754 5547 867 5584 non
896 5532 1285 5605 deriveturab
1316 5531 1510 5587 Italica
1540 5528 1695 5597 voce,
1730 5535 1981 5600 Martem,
2012 5528 2158 5605 quae,

528 5604 733 5677 printer
762 5606 981 5677 certum
1005 5603 1277 5658 animalis
1298 5620 1503 5677 genus,
1529 5605 1816 5658 fuscinam
1846 5603 2161 5677 significat,

528 5670 683 5743 quod
715 5675 804 5727 est
834 5670 1496 5730 instrumentum'locis'
1518 5670 2161 5747 expurgandisvaptumi

2270 3330 2475 3397 praeter
2497 3327 2723 3378 aetatem
2756 3326 3033 3391 vestram,
3064 3328 3122 3378 et
3158 3326 3526 3395 praeterquam
3568 3305 3787 3401 [audiit

2268 3412 2406 3483 ligio
2430 3416 2487 3468 et
2503 3428 2593 3467 res
2615 3411 2977 3501 adhortetur,
3003 3411 3155 3501 dure
3166 3415 3222 3501 et
3234 3396 3782 3501 Par

2272 3500 2420 3556 Proh
2446 3501 2457 3554 l
2494 3501 2668 3558 ﬁdem
2725 3500 2821 3555 Dei
2853 3503 3029 3571 atque
3058 3496 3406 3555 hominuml
3440 3490 3561 3565 quid
3583 3484 3776 3571 queritis}

2270 3587 2524 3643 vultisne
2559 3587 2869 3643 indiscrete
2910 3587 3090 3642 vitam
3147 3590 3418 3644 aeternam
3462 3561 3781 3647 arriperehﬂ‘

2270 3677 2421 3732 tisne
2452 3676 2509 3730 in
2561 3680 2746 3731 morte
2803 3675 3013 3731 acerba
3065 3680 3205 3731 ante
3262 3679 3484 3743 tempus
3525 3664 3783 3753 aliquo'will

2271 3764 2501 3837 perire?
2534 3764 2636 3819 Ille
2667 3768 2924 3833 econtra,
2955 3779 3016 3820 se
3046 3763 3134 3820 ita
3166 3765 3343 3820 vitam
3364 3762 3482 3834 jam
3501 3746 3785 3813 dudumineu-

2270 3854 2475 3920 tuisse,
2510 3858 2566 3909 et
2596 3870 2659 3909 se
2687 3852 2769 3908 ita
2799 3852 2988 3908 vivere
3019 3852 3192 3923 velle,
3228 3853 3366 3908 dum
3388 3844 3604 3921 spiritus
3624 3848 3713 3925 φφ
3728 3842 3785 3925 fe".

2270 3948 2430 4015 geret
2460 3918 2642 4005 artus,
2695 3942 2905 4005 aiebat,
2941 3947 2998 3997 et
3042 3918 3214 4015 spem
3257 3918 3501 3998 suam—in
3524 3933 3634 3989 Jesu
3655 3918 3787 4015 Chiis?

2270 4008 2458 4103 gratia
2487 4029 2658 4084 sitam
2706 4030 3017 4085 afﬁrmare.
3076 4008 3334 4101 Denique
3379 4022 3569 4098 saepius
3605 4008 3786 4104 αηοέίιξε

2271 4092 2551 4190 fatigatur
2575 4136 2588 4186 ;
2622 4118 2899 4174 omniain
2931 4120 3191 4191 pejorem
3215 4092 3432 4190 partem
3454 4106 3684 4179 accipiens
3698 4092 3786 4150 indl‘

2268 4211 2484 4278 gnatur
2515 4207 2614 4277 [et]
2655 4207 2830 4263 veluti
2862 4207 2912 4262 si
2970 4206 3178 4278 pulsus
3238 4206 3344 4261 hoc
3398 4204 3453 4258 S.
3482 4194 3638 4255 Maria:
3660 4195 3785 4279 ωορδ·

2268 4294 2443 4351 sterio
2477 4296 2703 4363 fuisset,
2747 4295 3002 4368 amplius
3058 4313 3175 4352 non
3236 4294 3532 4355 rediturus,
3579 4297 3629 4347 βο
3667 4279 3791 4331 δηίωθ

2270 4384 2561 4440 discessit.
3767 4439 3774 4449 ,

2337 4475 2458 4527 272.
2497 4472 2737 4539 Exinde,
2798 4472 2992 4530 nescio
3022 4490 3140 4544 qua
3200 4470 3352 4528 furia
3397 4466 3640 4535 arrePlu’v
3682 4444 3793 4544 ⁸⁸⁸Ρῇ

2192 4573 2235 4636 D
2268 4568 2470 4617 contra
2503 4561 2926 4617 monasterium
2959 4562 3193 4618 animos
3214 4558 3507 4617 hominum
3533 4537 3791 4636 vemwa

2273 4649 2528 4722 grassari
2557 4666 2567 4704 :
2604 4648 2751 4721 (203)
2786 4666 2923 4705 nam
2951 4650 3110 4706 nullo
3142 4646 3444 4705 maledicto
3488 4656 3543 4699 se

2272 4756 2473 4793 verum
2505 4738 2723 4810 ubique
2766 4738 3112 4795 debacchari
3142 4738 3203 4793 in
3262 4730 3577 4791 monachos,
3620 4722 3793 4815 centuria

2270 4827 2329 4881 in
2354 4844 2663 4883 conversos
2687 4827 2899 4900 turpia,
2925 4832 2979 4882 et
3001 4824 3311 4883 maledicta
3332 4819 3533 4893 saepius
3548 4795 3794 4900 εειὲίξδλὲδῗ

2273 4916 2506 4981 addere,
2538 4921 2614 4983 et,
2640 4892 3039 4987 quoddictum
3063 4930 3295 4987 quoque
3318 4892 3793 4987 nefariummlmm‘?

2276 5004 2610 5058 monasterii
2636 4984 2825 5058 virum
2844 4984 3142 5076 egregium
3161 4984 3351 5057 verbis
3367 4998 3593 5053 lacerare
3608 5005 3621 5053 ἱ

2274 5091 2418 5146 nihil
2452 5063 2911 5163 praetermittere:
2944 5063 3096 5164 quod
3147 5092 3207 5145 in
3266 5086 3439 5143 nostri
3486 5079 3690 5136 dedecus
3721 5063 3794 5164 ξοῖέ

2273 5180 2647 5235 existimaret.
2690 5152 2979 5237 Creterum‘
3020 5198 3122 5238 nos
3175 5175 3338 5234 ﬂocci
3382 5170 3619 5248 pendere,
3644 5152 3794 5248 ωξίυω

2275 5268 2365 5324 sui
2398 5268 2680 5337 misereri,
2714 5286 2779 5325 eo
2812 5270 2948 5342 quia
2979 5269 3295 5325 indiscreta
3313 5255 3618 5338 pmnitentia
3641 5248 3685 5303 in
3701 5242 3795 5298 hanc

2346 5374 2737 5485 (ξρξγέκυέεςοιτ
2767 5411 2870 5467 per
2899 5370 3797 5485 Patreaégusiﬁtatinﬁditﬁi

2277 5450 2489 5533 tel‘ligit'
2512 5468 2566 5517 S.
2604 5450 3039 5535 Hieronymum,
3061 5450 3569 5534 suum-patronum.
3588 5450 3759 5514 6⁸3³⁸⁸

2278 5552 2407 5589 men
2440 5536 2693 5603 gerebat.

2347 5580 2784 5680 Z‘ébﬁvard-ssari
2810 5607 2903 5663 hic
2934 5624 3035 5680 pro
3081 5615 3435 5662 commovere
3474 5593 3553 5651 vel
3592 5580 3799 5645 conc-“3"

2280 5678 2474 5747 posuit
2502 5683 2736 5751 Auctor,
2769 5684 2833 5737 ut
2864 5678 3021 5751 patet
3047 5695 3113 5737 ex
3144 5691 3341 5734 sensu.
