4002 6170
173 396 294 460 9H

1770 392 1995 454 ACTA.

3464 386 3582 450 9i8

172 527 484 588 devenisse
512 525 806 591 insaniam
853 526 1259 586 censebamus.
1293 523 1406 582 Res
1436 524 1621 582 mira!
1683 524 1819 581 hinc
1850 527 1904 593 Α
1934 524 2211 591 diximus,
2253 537 2442 596 neque
2471 522 2624 580 dicto
2658 538 2846 597 neque
2876 522 3028 580 facto
3057 521 3254 595 aliquo
3269 520 3581 590 abstinere,

171 620 287 678 sibi
314 619 505 692 prima
525 618 665 675 mali
686 618 848 675 labes
872 635 885 673 :
919 634 1055 673 nam
1076 615 1232 672 illico
1252 624 1365 671 nun
1378 615 1551 671 nobis
1570 618 1821 682 tantum,

170 726 378 767 verum
430 707 709 764 omnibus
751 706 1018 763 ﬁnitimis
1047 706 1218 778 coepit
1243 704 1509 760 infensus
1540 704 1819 759 existere:

171 797 512 871 complures
530 798 691 854 enim.
709 798 769 852 in
787 797 976 852 forum
999 794 1272 866 judicum
1292 795 1599 864 contrajus
1619 793 1822 865 fasque

170 890 390 946 ducere
421 890 666 944 conatus
697 890 802 942 est.
836 886 1049 942 Verum
1072 889 1308 956 tempus
1321 900 1498 954 quam
1516 899 1608 939 res
1640 886 1825 938 matu-

169 979 300 1035 rius
332 993 427 1033 me
455 977 767 1045 desereret,
799 975 849 1031 si
878 975 953 1031 de
979 974 1230 1045 his,quae
1261 973 1322 1028 in
1355 972 1600 1045 quodvis
1638 987 1823 1045 genus

169 1064 515 1123 mortalium
572 1064 791 1135 injuste
848 1063 1052 1136 egerit,
1100 1061 1446 1136 singillatim
1522 1066 1623 1118 aut
1672 1061 1821 1133 [pro]

167 1153 585 1228 magnitudine
614 1168 824 1224 parum
856 1152 1225 1209 dissererem.

240 1245 372 1299 273.
410 1242 507 1299 [iis
547 1242 729 1314 igitur
757 1246 814 1298 et
843 1240 974 1297 aliis
1006 1239 1213 1297 multis
1242 1239 1465 1296 insulse
1514 1241 1824 1312 inepteque

166 1333 450 1407 peractis,
480 1335 715 1387 tantum
766 1330 879 1387 sibi
936 1330 1199 1387 omnium
1257 1329 1563 1385 hominum
1623 1329 1821 1384 odium

162 1421 507 1488 vindicavit,
538 1424 605 1476 ut
634 1436 739 1476 nec
789 1421 1029 1486 victum,
1071 1418 1247 1474 etiam
1296 1418 1410 1474 sibi
1460 1418 1566 1474 soli
1625 1434 1822 1473 neces-

165 1512 418 1581 sarium,
445 1508 699 1566 ostiatim
720 1508 966 1581 petendo
988 1507 1290 1564 inveniret.
1318 1508 1576 1563 Fuerunt
1594 1522 1661 1563 ea
1682 1510 1823 1562 tem-

166 1603 397 1674 pestate
428 1597 526 1670 qui
555 1597 832 1663 dicerent,
865 1611 1000 1652 eum
1032 1595 1141 1652 hac
1171 1595 1379 1668 gratia,
1411 1595 1549 1651 Jesu
1596 1594 1822 1652 occulto

155 1687 395 1762 judicio
421 1687 478 1742 id
512 1685 903 1759 permittente,
919 1685 981 1740 in
998 1684 1165 1740 illam
1183 1685 1487 1741 devenisse
1505 1684 1820 1752 insaniam,

165 1778 310 1850 quia
322 1776 579 1849 quadam
600 1775 819 1831 visione
836 1772 1079 1830 delusus
1094 1773 1347 1829 nimium
1370 1773 1481 1829 sibi
1504 1774 1823 1829 vindicaret

163 1868 314 1923 dum
343 1864 755 1938 aliosquosvis
802 1862 1106 1935 religiosos
1148 1879 1265 1934 prae
1306 1879 1369 1918 se
1397 1863 1555 1935 parvi
1588 1863 1818 1917 faceret.
1856 1898 1903 1963 Β

162 1957 306 2021 Quae
352 1953 590 2027 quidem
639 1952 788 2009 visio
836 1968 939 2009 seu
984 1951 1266 2008 daemonis
1323 1950 1541 2017 illusio,
1588 1956 1653 2005 ut
1699 1951 1824 2023 ipse

162 2045 389 2101 reisue
431 2042 639 2100 solitus
690 2045 834 2112 erat,
893 2039 1028 2096 talis
1087 2040 1219 2096 fuit.
1289 2040 1425 2097 Erat
1474 2039 1611 2095 huic
1658 2040 1822 2095 fratri

161 2134 369 2191 Marco
394 2148 525 2188 cum
550 2132 829 2203 quodam,
863 2130 965 2202 qui
997 2129 1243 2201 [incolit]
1275 2130 1516 2185 domum
1567 2129 1824 2201 hospita-

159 2223 378 2279 iariam
408 2225 463 2276 S.
498 2220 690 2277 Mariae
720 2221 792 2275 de
826 2219 1136 2286 Florentia,
1170 2235 1297 2290 quae
1330 2218 1389 2273 in
1416 2233 1629 2290 egenos
1657 2219 1825 2273 infir-

160 2309 857 2383 musque‘suscipiendos
886 2312 943 2364 et
970 2306 1267 2365 tollendos
1314 2324 1503 2379 nuper
1540 2307 1823 2363 aediﬁcata

158 2402 301 2467 fuit,
333 2399 601 2456 amicitiis
630 2403 795 2454 vetus
827 2397 1224 2465 consuetudo;
1245 2396 1338 2452 cui
1368 2397 1507 2468 quia
1525 2396 1821 2453 interdum

161 2490 446 2564 quadam
457 2487 567 2545 sibi
590 2486 944 2544 munuscula
966 2486 1269 2542 rusticalia
1282 2486 1597 2551 deferebat,
1611 2485 1822 2556 gratis-

159 2581 360 2636 simﬂs
386 2590 537 2647 esse,
555 2580 613 2633 et
653 2577 794 2632 dum
825 2592 961 2632 eum
993 2575 1228 2647 negotia
1256 2573 1344 2631 vel
1366 2574 1569 2647 religio
1592 2574 1823 2631 Floren-

156 2668 333 2726 ticin
361 2667 602 2739 longum
622 2666 1021 2738 protraxisset,
1039 2663 1179 2720 illuc
1197 2680 1302 2736 pro
1327 2665 1672 2721 necessariis
1694 2681 1819 2721 cor-

158 2758 329 2831 poris
356 2756 441 2812 ire
466 2769 717 2827 semper.
749 2754 830 2811 lbi
864 2755 1023 2811 fama
1054 2757 1164 2820 est,
1192 2753 1253 2809 in
1301 2753 1495 2825 quiete
1525 2754 1712 2810 visam
1746 2756 1821 2810 ub

158 2864 231 2904 eo
252 2845 557 2919 Virginem
605 2845 851 2900 Mariam
878 2860 1010 2900 cum
1037 2859 1254 2916 pompa
1280 2842 1655 2915 Angelorum,
1691 2860 1819 2917 quae

157 2953 229 2993 se
258 2954 296 2992 a
322 2939 463 2992 Jesu
495 2934 713 2990 diceret
742 2932 1010 2988 missam.

233 3025 363 3080 274.
396 3027 615 3081 Verum
646 3021 813 3088 visio,
847 3025 915 3077 ut
965 3022 1037 3077 ab
1094 3021 1219 3093 ipso
1251 3037 1523 3092 accepere
1552 3020 1816 3093 quidam,

160 3114 279 3172 fuit
307 3112 481 3170 talis:
513 3110 958 3169 Matutinalibus
989 3110 1212 3167 Officiis
1244 3110 1511 3183 expletis,
1543 3110 1635 3165 hic
1658 3127 1818 3167 more

158 3221 274 3262 suo
308 3218 444 3259 cum
474 3199 891 3273 corpusculum
921 3198 1106 3271 quieti
1136 3198 1442 3271 paululum
1465 3200 1604 3255 dare
1622 3198 1814 3266 vellet,

152 3293 349 3363 Virgo
394 3263 595 3346 Maria-
620 3288 889 3362 piissime
937 3263 1019 3356 -(si
1052 3263 1225 3360 Virgo
1255 3286 1434 3343 Maria
1490 3287 1620 3359 fuit)
1678 3263 1819 3359 prae;-
1848 3263 1891 3330 Ο

159 3384 355 3437 eunte
384 3395 502 3435 non
555 3394 731 3450 parvo
779 3376 1022 3434 luminis
1070 3376 1262 3449 globo,
1298 3393 1473 3449 super
1502 3393 1662 3445 saxo,
1719 3377 1819 3433 ubi

164 3469 371 3527 adem
400 3466 775 3523 aediﬁcaverat
797 3467 977 3522 frater
1005 3466 1154 3538 ipse,
1180 3466 1366 3538 gratia
1385 3465 1626 3522 honoris
1656 3466 1825 3539 spiri-

156 3559 334 3615 tibus
356 3556 636 3630 angelicis
660 3554 1104 3620 comitantibus,
1137 3554 1238 3609 ubi
1269 3554 1380 3610 sibi
1413 3555 1472 3610 in
1500 3554 1603 3610 illa
1631 3554 1823 3627 quiete

158 3647 366 3705 visum
398 3649 509 3716 est,
531 3649 740 3718 presto
772 3643 977 3700 adfuit.
1009 3642 1349 3716 Cumigitur
1367 3642 1485 3707 ille,
1508 3643 1744 3700 insolita
1765 3661 1825 3701 re

161 3736 412 3793 horrore
451 3735 747 3806 perfusus,
810 3731 1118 3805 paululum
1168 3735 1519 3798 moraretur,
1572 3733 1825 3805 indeque

164 3825 374 3891 etiam,
417 3840 545 3896 quae
568 3827 689 3879 tam
721 3821 961 3894 insigni,
993 3825 1117 3877 tam
1148 3821 1359 3877 decora
1390 3820 1603 3877 mulier
1650 3828 1822 3892 esset,

162 3915 579 3986 interrogaret,
598 3910 792 3984 inquit
819 3909 955 3967 illa:
990 3908 1094 3966 Illa
1109 3926 1241 3967 sum
1273 3911 1566 3982 equidem,
1591 3910 1683 3966 cui
1706 3915 1828 3966 tota

165 4006 391 4074 mente,
426 4005 483 4059 et
510 4005 633 4057 toto
665 4015 906 4072 corpore
934 3998 1214 4056 inservire
1240 3998 1520 4067 statuisti,
1556 4004 1609 4054 et
1641 3999 1829 4072 gratia

165 4094 367 4163 cujus,
409 4091 505 4147 bis
530 4091 593 4146 in
624 4089 765 4146 locis
799 4088 1187 4155 silvestribus,
1211 4092 1267 4144 et
1289 4089 1407 4145 fere
1436 4087 1827 4144 inhabitabili-

166 4182 287 4237 bus
322 4179 643 4238 oratorium
674 4178 960 4235 aedificare
981 4176 1238 4234 voluisti.

241 4270 374 4326 275.
404 4270 513 4326 His
537 4268 718 4343 igitur
746 4268 806 4323 in
838 4266 1156 4324 maximam
1182 4282 1369 4338 spem,
1394 4282 1455 4321 se
1476 4266 1832 4338 quandoque

166 4359 407 4431 aliquid
456 4374 738 4431 magnum
796 4358 937 4427 fore,
990 4355 1299 4425 adductus,
1350 4354 1513 4411 flexis
1558 4355 1828 4426 genibus,

168 4448 524 4522 scapitatem
556 4446 765 4503 animae
794 4450 853 4502 et
900 4444 1162 4519 corporis
1218 4443 1453 4500 orabat:
1523 4443 1623 4498 Cui
1654 4442 1829 4515 Virgo

170 4538 402 4595 Maria:
436 4535 553 4593 Hac
574 4534 951 4607 potissimum
1000 4550 1180 4590 causa
1209 4550 1243 4588 a
1272 4531 1519 4588 Domiuo
1548 4531 1684 4587 Jesu
1719 4532 1833 4587 huc

1934 615 2089 686 quod
2121 613 2294 669 modo
2326 613 2704 670 ambitiosum
2736 614 2904 682 foret,
2939 613 3129 685 quoad
3152 616 3337 669 semet
3384 612 3583 685 praeci-
3668 610 3671 611 ⁷

1933 702 2153 776 pitavit.
2217 703 2362 758 Nam
2414 703 2772 759 Romam...
2832 704 3002 774 (204),
3054 702 3253 757 dolore
3304 706 3362 757 et
3415 702 3583 759 taedio

1933 793 2194 859 affectus,
2220 792 2377 847 diem
2400 792 2615 848 clausit
2653 797 3001 849 extremum.

2001 884 2127 937 276.
2162 882 2297 938 Post
2326 882 2483 937 hunc
2514 883 2685 954 longo
2744 887 2938 936 tamen
2969 880 3274 936 intervallo
3304 880 3587 938 successit

1933 970 2114 1039 alter;
2174 972 2246 1027 de
2288 988 2403 1043 quo
2466 971 2628 1043 (quia
2655 971 2921 1026 omnium
2962 985 3158 1025 rerum
3192 970 3500 1025 simulator
3529 975 3585 1026 et

1931 1060 2335 1117 dissimulator
2362 1061 2473 1116 fuit
2501 1060 2787 1128 omnium,
2818 1076 2966 1131 quos
3006 1075 3286 1132 umquam
3318 1060 3581 1131 gentium

1930 1150 2199 1216 viderim,
2234 1150 2549 1221 maximus)
2602 1150 2876 1206 idoneum
2926 1149 3117 1205 visum
3178 1153 3285 1214 [est
3315 1148 3582 1219 quaedam

1933 1238 2180 1311 praefari,
2209 1240 2288 1309 et]
2320 1240 2391 1295 de
2421 1244 2633 1295 natura
2662 1239 3044 1310 moribusque
3071 1238 3199 1308 ejus
3226 1237 3429 1309 paucis
3460 1238 3588 1292 dis-

1933 1343 2143 1383 serere.
2176 1327 2321 1383 Huic
2352 1328 2534 1400 igitur
2582 1344 2795 1384 nomen
2853 1328 3110 1383 Joannes
3158 1331 3302 1394 erat,
3344 1326 3582 1383 natione

1932 1417 2249 1488 Hispanus,
2276 1434 2517 1490 corpore
2549 1434 2844 1489 procerus,
2885 1418 3028 1473 satis
3069 1416 3433 1487 eloquentiae,
3481 1433 3585 1487 pa-

1931 1521 2064 1561 rum
2096 1507 2393 1579 sapientiai
2424 1508 2667 1573 habens,
2699 1512 2756 1563 et
2785 1511 2850 1562 ut
2894 1507 3030 1560 κατὰ
3059 1503 3370 1581 ἀντίφρασιν
3399 1505 3583 1572 decet,

1932 1593 2234 1665 hypocrita
2265 1595 2579 1651 maximus.
2634 1597 2844 1651 Omnia
2891 1610 3122 1667 nempe,
3181 1610 3308 1666 quas
3337 1594 3408 1649 ad
3438 1592 3583 1648 illud

1932 1683 2191 1738 officium
2223 1684 2534 1755 pertinent,
2569 1686 2788 1756 optime
2829 1684 3067 1753 callens,
3119 1683 3335 1755 quibus
3367 1681 3582 1738 mullos

1932 1771 2397 1828 mortalesvariis
2415 1773 2606 1828 modis
2634 1773 2877 1845 decepit.
2895 1772 2998 1828 Hic
3028 1788 3284 1844 namque
3302 1771 3411 1826 fuit
3427 1788 3582 1826 unus

1932 1875 2001 1916 ex
2015 1860 2107 1915 his
2120 1860 2788 1934 pseudo-religiosis,qui
2807 1861 3195 1917 Flcrentinam
3215 1862 3418 1916 urbem
3432 1865 3579 1915 teme

1935 1966 2073 2021 pore
2102 1950 2404 2006 Pontificis
2438 1950 2595 2006 Pauli
2616 1952 2658 2005 Il
2682 1952 2829 2021 (205)
2843 1950 3406 2023 adivere,exquibus
3424 1963 3583 2005 unus

1934 2055 2032 2093 cru
2041 2055 2166 2095 cem
2197 2039 2451 2111 ligneam
2472 2039 2656 2095 instar
2669 2040 2735 2094 D.
2752 2041 2871 2095 And
2881 2056 2986 2095 reae
3002 2039 3252 2115 Apostoli
3268 2038 3577 2111 [gestabat]

1934 2127 2089 2183 ultra
2117 2144 2341 2198 omnes,
2376 2144 2523 2199 quos
2541 2145 2803 2199 unquam
2816 2129 3081 2195 viderim,
3100 2128 3364 2184 mortalis
3384 2128 3581 2183 varius

1933 2222 1990 2273 et
2019 2217 2346 2285 mutabilis,
2378 2218 2479 2288 qui
2512 2217 2748 2288 quidem
2781 2218 2894 2272 nisi
2918 2222 3125 2289 suapte
3153 2216 3579 2287 prmterChristi

1932 2306 2071 2361 Jesu
2104 2311 2331 2378 poterat
2362 2306 2671 2362 convenire
2703 2312 2806 2361 aut
2863 2306 3114 2377 colloqui
3174 2307 3355 2375 (206):
3411 2306 3582 2375 cujus

1930 2394 2181 2466 ineptias
2212 2395 3035 2467 etdeliramenta,quialonge
3059 2393 3289 2449 inutilia
3333 2398 3391 2449 et
3409 2409 3580 2462 vana,

1930 2485 2425 2556 praetermittenda
2455 2484 2613 2552 duxi,
2645 2489 2701 2539 et
2729 2484 3020 2540 Joannem
3051 2487 3320 2539 nostrum
3367 2482 3575 2552 redire,

1930 2572 2001 2628 de
2028 2589 2142 2644 quo
2173 2574 2231 2627 in
2261 2572 2427 2629 initio
2455 2573 2698 2628 verbum
2735 2571 2998 2627 fecimus.

1997 2663 2119 2716 277.
2156 2662 2269 2717 Iste
2309 2662 2469 2718 enim
2501 2677 2737 2716 crucem
2770 2660 3039 2728 ferream,
3099 2664 3164 2716 ut
3194 2660 3421 2733 pictura
3451 2658 3585 2732 plus

1930 2767 2107 2822 quam
2140 2750 2430 2823 prophetae
2461 2750 2711 2806 Joannis
2724 2749 2998 2821 Baptistae
3018 2748 3471 2821 adspicientium
3488 2764 3583 2804 oc-

1928 2841 2112 2896 currit
2137 2839 2342 2907 oculis,
2385 2856 2512 2911 quas
2544 2855 2607 2894 se
2656 2843 2821 2895 ferre.
2856 2840 3007 2894 Proh
3060 2839 3200 2894 Jesu
3246 2839 3426 2894 bone‘!
3488 2837 3584 2893 hic

1927 2929 2183 2986 Joannes
2231 2929 2527 2985 cilicinam
2581 2934 2802 2985 vestem
2860 2944 3041 3001 supra
3068 2944 3297 3000 pannos
3344 2927 3579 2998 habere,

1934 3034 2111 3091 quam
2143 3020 2396 3075 Joannes
2427 3018 2694 3090 Baptista
2726 3035 2908 3091 supra
2938 3019 3163 3075 nudum
3191 3034 3403 3089 corque
3435 3018 3583 3073 ferre

1927 3107 2138 3163 solitus
2168 3111 2311 3163 erat.
2338 3106 2439 3162 llle
2469 3106 2908 3179 propheta,imo
2930 3107 3253 3179 plusquam
3279 3106 3582 3179 propheta,

1929 3196 2105 3251 nudis
2136 3196 2424 3268 pedibus;
2484 3194 2579 3250 hic
2623 3213 2737 3251 non
2792 3195 2983 3251 solum
3031 3196 3228 3261 soleis,
3264 3196 3364 3251 sed
3397 3194 3584 3250 ocreis

1931 3284 2329 3340 circumdatus
2358 3282 2657 3350 incedere,
2692 3283 2789 3338 ille
2820 3284 2892 3338 ad
2946 3284 3194 3350 deserta,
3231 3300 3301 3338 ne
3334 3283 3441 3338 levi
3477 3282 3587 3337 sal-

1930 3378 2050 3430 tem
2082 3372 2299 3429 famine
2326 3372 2507 3427 vitam
2540 3371 2837 3427 maculare
2860 3376 3094 3443 posset;
3120 3371 3215 3426 hic
3232 3371 3303 3424 ad
3337 3368 3584 3442 populos

1931 3468 1989 3520 et
2018 3463 2089 3518 ad
2119 3463 2323 3517 turbas
2355 3478 2482 3517 sese
2512 3461 2715 3517 crebro
2748 3461 3027 3517 conferre.
3050 3459 3151 3515 Ille
3173 3458 3335 3515 solus
3356 3462 3413 3514 et
3441 3459 3585 3514 dure

1931 3556 1990 3608 et
2016 3550 2457 3623 parcitervitam
2493 3566 2661 3621 agere
2686 3568 2699 3607 :
2736 3551 2830 3605 hic
2845 3566 2999 3618 vero,
3025 3548 3233 3604 multis
3253 3547 3584 3603 comitanti-

1933 3641 2065 3712 bus,
2099 3645 2155 3695 et
2186 3640 2417 3712 ecpiose
2447 3643 2503 3695 et
2534 3639 2708 3695 laute.
2745 3639 2844 3695 llic
2870 3638 3000 3694 vina
3022 3643 3079 3693 et
3107 3654 3312 3693 carnes
3330 3641 3394 3692 ut
3415 3652 3582 3692 vene-

1934 3746 2076 3786 num
2110 3730 2345 3801 fugere:
2400 3729 2493 3784 hic
2526 3729 2747 3801 optima
2788 3728 3107 3801 exquirere.
3149 3725 3248 3783 Ille
3279 3727 3437 3782 omni
3469 3727 3583 3781 vir-

1933 3823 2077 3887 tute,
2103 3819 2196 3875 hic
2226 3818 2455 3874 cunctis
2474 3818 2631 3873 vitiis
2663 3819 2910 3875 refertus
2937 3834 2948 3872 :
2986 3823 3043 3873 et
3068 3831 3429 3889 quamquam
3448 3814 3583 3870 talis

1934 3913 1991 3964 et
2021 3911 2220 3964 tantus
2253 3924 2506 3980 nequam
2542 3911 2597 3962 et
2621 3906 3589 3979 pseudo-religiosus,quocumque

1936 3999 1995 4053 in
2028 3998 2221 4069 trivio,
2255 4013 2629 4070 quacumque
2666 3996 2723 4051 in
2757 3999 2950 4063 turba,
3007 4012 3068 4051 se
3099 4012 3308 4051 novam
3356 3994 3587 4066 religio-

1937 4103 2071 4142 nem
2106 4086 2517 4143 instituturum
2550 4087 2621 4141 ad
2654 4090 2709 4139 S.
2754 4084 3003 4141 Joannis
3033 4084 3304 4156 Baptistae
3352 4099 3586 4149 nomen,

1938 4176 2151 4233 dicere.

2009 4266 2136 4321 278.
2170 4265 2317 4329 Quid
2339 4266 2367 4319 ?
2423 4266 2579 4336 quod
2636 4265 2729 4320 his
2778 4263 3117 4320 falsissimis
3148 4262 3401 4318 multum
3434 4261 3591 4334 fidei,

1942 4354 2198 4410 multum
2227 4354 2550 4409 devotionis
2574 4372 2607 4408 a
2640 4353 2866 4409 cunctis
2893 4353 3205 4409 haberetur
3225 4352 3252 4405 ‘?
3278 4351 3427 4407 Proh
3458 4351 3597 4406 Jesu

1941 4444 2091 4498 bone
2117 4444 2127 4496 !
2162 4442 2263 4497 ubi
2294 4442 2551 4514 primum
2576 4440 2931 4513 provinciam
2964 4442 3115 4497 hanc
3146 4441 3397 4512 ingressi
3429 4444 3589 4507 sunt,

1941 4548 2008 4586 ex
2038 4530 2268 4586 cunctis
2302 4532 2479 4603 agris,
2515 4530 2765 4602 cppidis,
2802 4529 3157 4595 civitatibus,
3198 4527 3471 4583 mortales
3493 4544 3592 4582 cu-

169 4628 367 4684 missa
395 4640 552 4691 sum,
585 4627 651 4680 ut
678 4640 784 4695 pro
831 4627 918 4679 tot
950 4621 1330 4687 cruciatibus,
1370 4622 1590 4692 quibus
1621 4638 1827 4692 corpu-
1862 4634 1908 4698 D
1932 4622 2155 4692 jusque
2176 4619 2526 4675 conditionis
2553 4623 2610 4674 et
2636 4618 2865 4689 generis
2895 4618 2977 4673 eis
3009 4617 3239 4671 obviam
3285 4616 3387 4681 ire,
3443 4615 3589 4686 ipsis

170 4716 414 4774 oculum
432 4718 611 4770 tuum
644 4715 979 4779 exesum,et
1008 4710 1215 4767 animas
1241 4709 1555 4767 obnoxium
1577 4727 1704 4765 mea
1725 4727 1830 4781 po—

168 4805 483 4862 tiasimum
531 4818 708 4858 causa
750 4800 1078 4868 reddidisti,
1136 4799 1387 4872 gratiam
1430 4799 1538 4853 tibi
1576 4799 1830 4853 tribuam

172 4893 457 4951 abunde:
488 4907 554 4948 eo
586 4890 743 4947 enim
775 4889 1059 4962 magis[id
1088 4888 1345 4957 faciam],
1367 4887 1507 4959 quia
1536 4904 1829 4958 nusquam

171 4986 464 5040 totntum
522 4996 625 5036 seu
684 4977 1040 5044 iucolumen,
1092 4977 1206 5033 nisi
1263 4976 1321 5031 in
1380 4993 1510 5031 meo
1558 4975 1829 5047 praesidio

171 5077 376 5146 putas.
410 5071 706 5127 Indecum
737 5067 895 5123 omni
928 5083 1145 5139 pompa
1172 5082 1277 5122 ceu
1310 5066 1509 5121 fumus
1544 5081 1613 5121 ex
1643 5063 1830 5120 oculis

168 5159 469 5219 intuentis
488 5158 743 5216 evanuit.
782 5157 883 5214 Hic
911 5157 1121 5231 ingens
1167 5155 1377 5227 cupido
1398 5171 1563 5222 eum,
1599 5158 1663 5209 ut
1702 5171 1831 5209 ora-

169 5250 400 5307 torium
421 5248 568 5304 illud
584 5247 725 5303 huic
746 5246 1105 5303 monasterio
1127 5242 1827 5317 praeponereturjnvasit.

168 5337 550 5413 Itaque-,bac
606 5336 878 5410 cupidine
933 5340 1109 5409 atque
1166 5333 1498 5401 insolentia,
1549 5338 1617 5387 ut
1652 5347 1831 5403 supra

252 5518 409 5591 (ω
434 5516 621 5599 omisi
645 5516 741 5599 hic
769 5513 1513 5599 absurdamquamdamuet
1526 5508 1829 5599 seandalo-

172 5583 333 5670 sam
348 5583 745 5670 parenthesin,
773 5603 899 5660 qua
931 5587 1001 5670 ad
1034 5583 1294 5670 remOnon
1327 5583 1601 5670 facit..Aln
1633 5586 1828 5670 autem

383 5661 499 5718 hoc
524 5653 897 5745 Auctore‘per
921 5656 1360 5745 simplicitatem
1391 5653 1626 5726 scripta,
1660 5670 1730 5708 an
1756 5653 1828 5708 ab

177 5734 303 5792 alia
333 5750 441 5807 per
466 5731 680 5792 malam
710 5731 885 5788 fidem
919 5731 1138 5788 inserta
1153 5731 1251 5799 sit,
1284 5731 1506 5800 ignoro.

1942 4709 2158 4764 hzerere
2181 4708 2366 4779 parati
2392 4723 2601 4776 panem
2633 4712 2690 4761 et
2718 4706 2832 4761 alia
2858 4705 3185 4760 necessaria
3218 4703 3329 4759 sibi
3378 4707 3436 4759 et
3466 4704 3588 4758 suis

1942 4798 2101 4863 dare,
2135 4802 2534 4852 commeatum
2566 4799 2826 4867 portare;
2865 4798 3158 4865 postremo
3182 4809 3307 4864 quas
3337 4792 3589 4865 impera-

1941 4890 2162 4954 rentur,
2198 4887 2404 4941 facere.
2444 4886 2587 4952 Haec,
2631 4900 2747 4939 non
2808 4888 2873 4938 ut
2916 4882 3136 4952 audita,
3197 4882 3296 4937 sed
3347 4886 3411 4937 ut
3466 4880 3591 4937 visa

1940 4976 2161 5030 refero:
2220 4973 2478 5039 interfui,
2509 4972 2645 5042 vidi,
2687 4972 2884 5044 tetigi:
2942 4976 2999 5026 et
3047 4972 3233 5026 multa
3284 4970 3507 5027 insulse
3533 4974 3590 5027 et

1940 5063 2248 5120 temerario
2280 5064 2351 5118 ab
2382 5062 2474 5117 his
2501 5066 2628 5117 acta
2658 5065 2841 5118 atram
2878 5059 3023 5117 mihi
3054 5059 3230 5117 bilem
3261 5063 3586 5125 moverunt,

1942 5153 2228 5227 praecipue
2253 5152 2381 5218 hoc,
2424 5168 2558 5207 cum
2602 5152 2685 5206 eis
2716 5152 3045 5206 sacerdotes
3092 5164 3262 5206 senes
3288 5148 3588 5205 venerabi-

1940 5242 2144 5315 lesque
2173 5241 2426 5313 religiosi
2458 5240 2805 5297 inservirent
2834 5240 2894 5295 in
2909 5240 3083 5295 rebus
3103 5238 3275 5295 etiam
3298 5238 3519 5294 inﬁmis
3532 5242 3589 5293 et

1940 5330 2266 5388 vilissimis.
2300 5329 2514 5386 Verum
2547 5329 2687 5401 quid
2702 5328 2917 5385 mirum
2938 5330 3119 5384 ?Cum
3140 5330 3380 5385 beatum
3394 5331 3451 5384 et
3468 5326 3589 5383 feli-

2012 5510 2161 5579 (205)
2193 5507 2417 5564 Paulus
2446 5507 2494 5563 ΙΙ
2525 5512 2755 5563 creatus
2786 5506 3049 5562 Pontifex
3071 5521 3223 5562 anno
3258 5506 3416 5575 1464,
3440 5506 3587 5565 obiit

1940 5581 2639 5723 an(132?)???l7t1erumsensus
2658 5648 2929 5723 mutilus,
2957 5665 3090 5720 quo,
3124 5650 3264 5721 quid
3288 5652 3499 5705 Auctor
3512 5648 3583 5703 si-

1944 5720 2287 5793 gniﬁcatum
2318 5721 2472 5785 velit,
2508 5737 2622 5776 non
2656 5720 2937 5791 intelligo.
