4022 6160
449 344 569 410 919

1499 345 1565 409 S.
1611 345 1940 411 JOANNIS
1986 345 2433 409 GUALBERTI
2477 346 2811 411 ABBATIS

3713 343 3824 416 '920

451 498 579 538 cem
612 496 675 536 se
696 480 814 536 fore
837 476 1088 551 quisque
1116 482 1368 550 putaret,
1391 477 1441 535 si
1465 478 1554 535 vel
1580 479 2097 536 fimbriamhorum
2126 482 2182 548 Α
2212 484 2337 536 tum
2384 481 2727 537 monialium
2758 482 3251 553 constructurum,
3276 484 3332 537 et
3363 496 3463 537 eos
3481 496 3583 555 pro
3612 482 3827 542 nomine

449 586 845 643 pannosorum
900 568 1205 640 tetigisset.
1242 568 1465 641 Quippe
1498 570 1578 625 ita
1608 586 1699 625 res
1732 570 2002 625 humana:
2034 586 2097 625 se

449 660 685 724 habent,
719 662 782 712 ut
813 674 927 713 non
961 657 1150 714 solum
1190 659 1592 731 imprudentes
1650 675 1845 714 rerum
1894 676 2094 714 verum

448 749 624 804 etiam
657 748 953 803 interdum
985 754 1040 803 et
1072 747 1567 821 prudentissimos
1601 765 1746 804 nova
1778 748 1976 803 omnia
2006 749 2095 803 fu-

446 838 594 895 catis
617 838 875 894 faciebus
908 837 1133 893 fallant.

515 929 644 982 279.
668 928 950 983 Caeterum
975 926 1120 983 alios
1151 928 1661 1000 praetermittentes
1692 928 1904 999 (neque
1935 926 2092 982 enim

445 1017 611 1089 digni
643 1021 801 1088 sunt,
821 1019 891 1073 de
914 1017 1488 1089 quibusverbaﬁant)
1503 1017 1573 1071 ad
1589 1021 1854 1071 nostrum
1879 1015 2092 1071 falsum

443 1106 731 1161 Joannem
747 1107 1063 1178 Baptistam
1087 1104 1335 1161 veniam.
1352 1106 1456 1160 Hic
1482 1104 1773 1177 imprimis
1795 1103 2095 1160 codicillos

444 1195 623 1251 falsos
655 1212 757 1250 seu
781 1195 991 1261 bullas,
1018 1196 1075 1250 in
1095 1195 1332 1266 quibus,
1359 1194 1776 1265 undehujusce
1799 1193 2095 1265 religionis

442 1284 677 1339 initium
712 1284 1128 1340 ostendebatur
1157 1285 1216 1339 in
1248 1283 1438 1339 lucem
1470 1284 1763 1354 proferre;
1798 1300 1925 1354 quae
1958 1283 2093 1354 qui-

446 1373 578 1429 dem
603 1373 879 1429 omnibus
910 1373 967 1428 in
992 1373 1167 1428 rebus
1191 1371 1582 1444 adipiscendis
1605 1371 1712 1427 hac
1736 1376 1934 1428 nostra
1954 1376 2098 1426 tem-

442 1466 666 1535 pestate
684 1463 907 1534 optima
926 1462 1021 1518 via
1041 1466 1130 1517 est
1151 1462 1222 1517 ad
1247 1460 1583 1517 fallendum.
1608 1461 1890 1516 Preterea
1912 1476 2091 1515 anum

440 1552 758 1623 quamdam
818 1552 1135 1623 [habebat],
1198 1568 1325 1622 quae
1384 1551 1492 1606 sub
1550 1550 1758 1606 habitu
1820 1547 2094 1605 monialis

439 1642 633 1698 Romae
664 1658 800 1697 cum
831 1640 963 1697 aliis
994 1641 1186 1696 tribus
1208 1639 1266 1695 in
1299 1638 1590 1695 columnis
1612 1637 1813 1710 templi
1848 1638 1914 1704 D,
1943 1638 2092 1692 Petri

433 1730 722 1803 Apostoli,
751 1729 940 1802 gratia
970 1728 1320 1800 pcenitentiae
1343 1729 1599 1799 agendae,
1634 1726 1820 1782 latens
1852 1727 2089 1797 lingere,

2208 570 2420 627 Christi
2449 571 2588 627 Jesu
2625 570 2829 643 frigus,
2864 570 3100 635 famem,
3155 570 3338 638 sitim,
3379 574 3437 626 et
3464 572 3663 628 eodem
3691 578 3822 630 tem-

2207 677 2346 733 pore
2378 661 2636 733 inopiam
2681 664 2737 715 et
2783 660 3064 726 laborem,
3098 660 3336 715 demum
3394 676 3594 716 cruces
3644 666 3697 717 et
3721 666 3824 720 tor-

2208 752 2407 804 menta
2423 753 2500 803 im
2512 748 2727 815 mania,
2757 748 3162 820 turpissimam
3176 747 3351 803 etiam
3366 753 3611 805 mortem
3628 749 3824 822 ingenti

2207 838 2620 909 constantique
2651 838 2846 894 animo
2887 836 3234 910 perlaturos.
3292 838 3604 894 Asserebat
3651 839 3823 906 etiam,

2206 927 2565 983 monasteria
2588 927 2839 982 ﬁnitima
2867 932 2923 984 et
2952 926 3427 1000 longinqua,imo
3457 932 3515 983 et
3545 926 3824 1000 religiones

2205 1020 2440 1072 caeteras
2472 1016 2606 1071 huic
2639 1034 2756 1072 suae
2788 1016 3171 1089 pedissequas
3202 1018 3341 1072 fore.
3738 1042 3741 1045 ν

2276 1107 2401 1161 282.
2435 1106 2657 1170 Quibus
2689 1106 2922 1161 auditis.
2960 1105 3248 1161 simulans
3279 1106 3686 1162 necessitatem
3721 1124 3822 1162 cor-

2205 1196 2385 1267 poris,
2419 1194 2824 1251 stomachatus
2856 1194 3010 1251 foras
3042 1212 3217 1266 quam
3250 1195 3462 1267 raptim
3485 1212 3580 1250 me
3611 1194 3823 1261 contuli,

2206 1283 2522 1349 demirans,
2558 1298 2673 1337 non
2724 1283 2852 1338 dico
2904 1282 3160 1338 hominis
3209 1283 3590 1348 dementiam,
3649 1301 3821 1339 verum

2205 1376 2262 1428 et
2300 1371 2612 1435 insaniam,
2672 1389 2786 1443 qua
2840 1372 2985 1427 talia
3041 1388 3237 1428 coram
3295 1372 3551 1445 proferre
3593 1373 3825 1428 auderet.

2206 1466 2474 1527 Demum,
2507 1462 2849 1517 confirmato
2889 1462 3109 1527 animo,
3154 1478 3273 1517 una
3302 1478 3435 1518 cum
3486 1461 3625 1517 aliis
3645 1461 3745 1517 iter
3769 1463 3826 1517 ad

2204 1549 2333 1621 hoc,
2368 1550 2509 1622 quid
2541 1549 2681 1616 dixi,
2715 1551 2768 1605 S.
2803 1550 2994 1606 Mariae
3022 1549 3366 1615 oratorium,
3400 1555 3466 1606 ut
3495 1550 3580 1605 rei
3636 1550 3828 1606 exitum

2204 1639 2583 1710 pereiperem,
2641 1638 2770 1694 feci.
2853 1638 3089 1708 Mirum,
3148 1644 3371 1710 quanta
3426 1638 3511 1694 illi
3568 1639 3827 1711 equitanti

2204 1727 2543 1795 auctoritas,
2588 1732 2808 1799 quanta
2867 1728 2940 1782 ab
2992 1727 3268 1783 omnibus
3318 1726 3639 1785 haberetur
3676 1728 3817 1783 ﬁdes.

438 1820 547 1875 sibi
581 1836 684 1891 per
703 1818 891 1874 visum
924 1818 1282 1873 S.Joannem
1309 1816 1629 1888 Baptistam
1647 1814 2090 1888 apparuisse,in
2120 1853 2167 1917 B
2204 1817 2353 1873 Proh
2388 1818 2584 1873 nefas!
2640 1817 2912 1885 audebat,
2969 1817 3049 1872 uti
3092 1832 3219 1872 mos
3250 1817 3543 1889 episcopis
3595 1821 3702 1883 est,
3746 1816 3825 1873 ubi

435 1924 538 1964 ora
566 1907 873 1964 hominum
906 1906 1210 1978 propalare
1240 1910 1296 1960 et
1322 1904 1508 1961 multa
1537 1905 1670 1973 alia,
1714 1922 1841 1976 quae
1867 1905 2087 1959 instru-

439 2000 638 2052 menta
666 1996 890 2051 fraudis
907 2000 1066 2065 sunt,
1082 1994 1273 2050 dicere
1294 1998 1350 2050 et
1380 1996 1567 2050 facere
1591 2012 1604 2061 ;
1626 1998 1917 2066 postremo
1931 2011 2086 2065 quaa-

439 2102 691 2156 cumque
712 2084 1095 2156 diciautﬁngi
1119 2086 1367 2155 possunt
1397 2085 1467 2139 ad
1500 2082 1934 2139 simulationem
1957 2100 2088 2138 con-

436 2174 728 2241 ducentia,
763 2172 905 2228 nihil
966 2173 1426 2245 praetermittere.
1488 2173 1593 2229 His
1632 2172 1827 2244 itaque
1871 2176 1927 2227 et
1958 2170 2087 2227 aliis

437 2265 665 2321 artibus
687 2262 1010 2318 instructus
1042 2263 1114 2318 ad
1147 2262 1255 2317 has
1288 2280 1348 2318 se
1382 2261 1628 2318 contulit
1659 2262 1941 2333 regiones.

506 2354 631 2408 280.
665 2352 952 2408 Castorum
1009 2351 1305 2424 imprimis
1347 2350 1729 2407 mulierculas
1775 2350 2086 2423 quasdam,

437 2460 564 2515 qua:
597 2440 902 2497 Florentia
943 2440 1101 2496 domi
1134 2441 1379 2512 propriae
1409 2440 1588 2496 veluti
1637 2440 1696 2495 in
1730 2439 2088 2495 monasterio

436 2548 498 2588 se
522 2532 875 2595 clauserant,
908 2529 1095 2585 socias
1126 2529 1235 2585 sibi
1272 2530 1391 2584 fore
1414 2534 1470 2585 et
1499 2528 1879 2585 consiliorum
1907 2528 2087 2600 parti-

436 2621 594 2693 cipes
626 2619 962 2687 ostendens,
995 2618 1095 2672 diu
1126 2620 1419 2689 noctuque
1453 2618 1579 2673 suis
1611 2616 2088 2673 simulationibus

437 2709 756 2782 fatigando,
788 2706 1039 2778 denique
1078 2706 1277 2762 omnia
1308 2707 1586 2761 tentando
1618 2708 1686 2762 ad
1722 2722 1821 2762 eas
1862 2706 2085 2761 aditum

437 2798 676 2854 invenit.
712 2797 849 2852 Inde
878 2794 1168 2861 discessit,
1191 2795 1579 2866 exutriusque
1594 2795 1892 2851 voluntate
1914 2795 2088 2851 rebus

439 2887 749 2959 diligenter
778 2883 1138 2955 compositis.
1175 2884 1307 2939 Erat
1339 2883 1391 2939 ei
1422 2884 1599 2940 frater
1621 2884 1860 2956 quidam
1892 2884 2089 2956 fugiti-

436 2992 565 3044 vus,
599 2972 967 3045 negotiorum
1000 2976 1239 3026 curator
1268 2972 1423 3026 fidus
1454 2977 1867 3045 acceptusque,
1892 2976 1947 3027 et
1970 2988 2090 3028 om-

439 3062 606 3119 nium
630 3059 1569 3130 consiliorum,nisinovissimi,ut
1586 3062 1831 3118 inferius
1846 3061 2089 3127 dicetur,

440 3150 751 3223 particeps,
768 3167 940 3221 quem
971 3166 1214 3206 suarum
1235 3149 1449 3205 artium
1469 3154 1640 3206 antea
1660 3150 1927 3223 ignarum
1950 3167 2089 3223 quo-

439 3240 658 3297 tidiano
684 3256 793 3295 usu
828 3238 1203 3311 facileparem
1219 3238 1591 3310 similemque
1618 3239 1729 3296 sibi
1752 3240 1978 3295 efﬁcere
1996 3257 2086 3296 cu-
2120 3223 2163 3291 C

440 3329 591 3386 ravit
615 3346 628 3386 :
650 3345 785 3385 nam
806 3328 1153 3401 supplicem,
1171 3328 1796 3401 humilem,oculisque
1813 3329 1979 3385 humi
2003 3330 2094 3385 de-

442 3418 662 3486 missis,
676 3423 734 3474 et
754 3423 956 3474 contra
987 3434 1208 3474 morem
1228 3418 1665 3474 Sabaraitarum
1679 3420 1828 3491 (207)
1848 3419 2092 3475 tacitum

441 3510 513 3565 ad
546 3513 777 3579 tempus
805 3508 1065 3574 reddere,
1101 3507 1181 3563 ita
1210 3512 1273 3562 ut
1304 3507 1395 3563 his
1417 3513 1472 3563 et
1501 3507 1630 3563 aliis
1661 3508 1978 3565 virtutibus
2004 3509 2091 3563 fu-

441 3599 607 3663 catis,
641 3597 916 3653 omnibus
949 3596 1078 3651 aliis
1125 3596 1499 3652 vehementer
1555 3596 1948 3662 admirationi,
1983 3595 2095 3653 sibi

440 3704 575 3743 vero
622 3686 832 3757 gaudio
890 3690 945 3740 et
989 3685 1229 3740 utilitati
1261 3690 1433 3741 esset.
1478 3685 1625 3739 Proh
1657 3686 1855 3740 nefas!
1916 3686 2093 3741 etiam

444 3791 692 3848 puerum
725 3773 1249 3842 adolescentulum,
1268 3791 1442 3845 quem
1477 3773 1713 3829 aiebant
1735 3774 2095 3831 liliumillius

445 3864 708 3920 mulieris
742 3863 1064 3930 clausae,de
1081 3880 1199 3934 qua
1228 3880 1407 3934 supra
1438 3863 1679 3918 verbum
1709 3863 2098 3933 fecimus,exi-

445 3958 618 4017 stere,
652 3958 715 4007 ut
744 3969 806 4008 se
850 3951 1035 4022 pilosa
1064 3956 1221 4006 veste
1252 3951 1525 4006 indutum
1576 3967 1709 4006 cum
1742 3950 1854 4007 alio
1885 3952 2097 4008 comite

444 4041 760 4111 equitando
794 4040 1061 4094 ducebat.
1094 4040 1309 4094 Verum
1338 4039 1594 4111 plurima
1624 4041 2097 4111 praetermittens,

447 4129 711 4200 quaedam
747 4127 936 4199 magis
960 4128 1287 4183 necessaria
1310 4128 1511 4200 paucis
1543 4130 1820 4201 aperiam.

518 4217 642 4271 281.
675 4216 866 4287 Hujus
887 4216 1067 4287 igitur
1083 4216 1239 4272 fama
1264 4218 1487 4289 passim
1505 4235 1618 4273 non
1651 4234 1855 4289 agrum
1878 4218 2098 4275 Tusciae

446 4309 702 4372 tantum,
757 4321 957 4360 verum
1032 4310 1089 4360 et
1147 4306 1430 4362 finitimos
1488 4324 1694 4363 omnes
1750 4308 2095 4380 complevit;

448 4394 699 4450 alterum
728 4393 993 4449 videlicet
1022 4395 1307 4451 Joannem
1323 4396 1644 4468 Baptistam
1670 4397 1918 4467 venisse,
1942 4398 2099 4452 futu-

447 4500 581 4540 rum
604 4484 872 4540 Ecclesiae
886 4483 1097 4538 Christi
1126 4501 1266 4556 pene
1289 4486 1493 4540 dirutae
1509 4502 1721 4541 novum
1745 4488 2101 4558 composito-

2190 1908 2292 1977 jus
2322 1907 2406 1961 eis
2436 1907 2630 1973 datur,
2667 1907 2842 1961 etiam
2884 1906 3157 1962 omnibus
3204 1905 3623 1962 occurentibus
3678 1906 3823 1961 bene-

2196 1996 2510 2051 dictionem
2580 1995 2737 2050 dare.
2816 1996 2897 2050 En
2959 1995 3222 2061 audacia,
3295 1995 3413 2051 imo
3488 1994 3817 2051 insolentia!

2195 2089 2472 2140 Caeteram
2549 2101 2654 2139 nos
2705 2085 2839 2139 caeci
2912 2088 3124 2154 mente,
3183 2088 3242 2139 et
3308 2100 3595 2140 novarum
3657 2099 3820 2140 rerum

2197 2173 2469 2246 cupidine
2516 2170 2713 2239 illecti,
2789 2174 3319 2245 prosequebamur;
3401 2190 3517 2228 non
3582 2171 3819 2229 ruricola

2197 2268 2449 2329 tantum,
2482 2279 2681 2318 verum
2713 2268 2771 2318 et
2818 2262 3063 2326 nobiles,
3118 2263 3290 2333 cives,
3350 2267 3409 2318 et
3438 2262 3598 2335 quod
3651 2262 3823 2334 majus

2198 2357 2305 2423 est,
2339 2352 2513 2407 etiam
2544 2357 2598 2408 et
2632 2352 2846 2424 egregii
2881 2352 3221 2423 presbyteri,
3274 2351 3377 2422 qui
3424 2368 3533 2407 sua
3584 2354 3831 2423 portenta

2198 2446 2255 2499 et
2286 2440 2549 2513 prodigia
2574 2441 2631 2495 in
2664 2441 2870 2497 itinere
2902 2441 3073 2513 pleno
3105 2457 3223 2507 ore,
3256 2441 3625 2512 adductoque
3644 2455 3831 2510 super-

2198 2530 2350 2596 cilio,
2369 2529 2553 2585 multo
2578 2529 2747 2601 plura
2770 2535 2827 2585 et
2853 2531 3099 2601 majora,
3116 2546 3293 2602 quam
3320 2530 3522 2585 fecerit
3546 2528 3829 2591 dixcritve,

2198 2620 2366 2675 nobis
2396 2620 2805 2675 ennarrabant.
2837 2619 2984 2684 Quid
3036 2620 3190 2692 quod
3242 2624 3450 2675 nostra:
3499 2616 3831 2675 temeritatis

2198 2709 2401 2764 eadem
2460 2709 2552 2763 die
2609 2726 2809 2779 poenas
2849 2708 3105 2776 luimus;
3197 2724 3333 2763 cum
3384 2707 3565 2772 enim,
3621 2704 3832 2763 casulis

2200 2796 2649 2869 mapalibusque
2695 2796 3045 2853 rusticorum
3100 2796 3338 2867 relictis,
3399 2795 3516 2851 iter
3560 2796 3732 2867 rupis
3757 2811 3831 2850 ar-

2200 2886 2384 2941 duum
2418 2886 2669 2956 jamjam
2702 2886 3165 2958 aggrederemar,
3198 2901 3329 2942 aere
3360 2900 3566 2941 sereno
3595 2884 3652 2938 in
3708 2889 3828 2939 tem-

2200 2979 2485 3047 pestatem
2518 2979 2769 3043 mutato,
2830 2974 2941 3030 cito
2991 2975 3386 3047 inexspectata
3434 2977 3492 3028 et
3536 2972 3734 3029 subita
3758 2970 3830 3025 vis

2198 3069 2505 3120 ventorum
2536 3068 2591 3120 et
2623 3064 2901 3119 immanis
2921 3081 3211 3135 aquarum
3242 3062 3517 3135 procella,
3540 3063 3829 3118 obscurato

2200 3154 2366 3220 coelo,
2394 3154 2651 3225 undique
2682 3158 2737 3209 et
2768 3153 3028 3225 undique
3057 3153 3337 3209 oboritur.
3373 3152 3490 3208 Nos
3504 3150 3723 3217 miseri,
3745 3148 3829 3220 qui

2204 3243 2313 3298 iter
2370 3243 2618 3315 pedibus
2648 3242 2931 3315 aggressi,
2981 3242 3041 3297 in
3072 3241 3173 3298 tali
3203 3246 3485 3313 tantoque
3516 3239 3829 3296 discrimine

2202 3334 2483 3403 [eramus]
2517 3331 2710 3404 positi,
2744 3331 2884 3403 quid
2917 3348 3106 3404 agere,
3141 3347 3257 3403 quo
3289 3347 3398 3386 nos
3426 3335 3652 3386 vertere
3681 3328 3826 3384 debe-

2204 3438 2423 3488 remus,
2478 3420 2898 3493 ignorabamus
2936 3421 3212 3493 penitus:
3275 3436 3411 3475 nam
3443 3419 3518 3474 ob
3547 3423 3825 3474 ventorum

2204 3510 2630 3565 immanitatem
2661 3513 2718 3564 et
2760 3509 2987 3580 copiam
3020 3509 3297 3564 imbrium
3349 3508 3441 3563 vix
3470 3506 3737 3579 progredi
3760 3503 3823 3559 ul-

2204 3598 2387 3654 terius
2421 3602 2777 3670 poteramus,
2810 3602 2865 3653 et
2897 3599 3217 3671 retrogradi
3269 3597 3637 3652 ducebamus
3666 3600 3824 3665 turpe.

2204 3692 2260 3742 et
2288 3686 2408 3742 illic
2437 3703 2564 3743 esse
2595 3687 2694 3742 diu
2723 3686 2833 3741 sub
2864 3686 2994 3742 divo
3032 3685 3195 3742 locus
3253 3683 3490 3755 sterilis,
3532 3688 3590 3739 et
3615 3680 3829 3757 penuria

2207 3794 2401 3832 rerum
2434 3776 2699 3831 omnium
2733 3792 2846 3831 non
2879 3775 3274 3848 permittebat.

2276 3866 2402 3920 283.
2448 3866 2572 3936 Ipse
2631 3881 2763 3920 vero
2802 3865 3060 3919 Joannes
3118 3860 3338 3920 veritus
3364 3863 3586 3935 pejora,
3644 3875 3708 3915 ne
3752 3854 3827 3911 vel

2207 3953 2368 4010 solus
2398 3953 2484 4009 vel
2515 3970 2647 4009 cum
2682 3952 3282 4025 paucismontaniloci
3301 3952 3555 4023 abrupta
3575 3954 3632 4006 et
3646 3962 3828 4004 conca-

2206 4060 2275 4098 va
2306 4043 2466 4098 adire
2508 4046 2831 4114 cogeretur,
2891 4041 3084 4096 verbis
3135 4041 3345 4097 fucatis
3381 4045 3441 4096 et
3489 4035 3827 4111 compositis,

2210 4149 2335 4204 quae
2362 4130 2470 4186 sibi
2504 4132 2734 4187 abunde
2763 4134 2947 4199 erant,
2984 4148 3089 4186 nos
3118 4130 3189 4185 ad
3222 4128 3430 4184 altiora
3459 4126 3701 4196 hortari,
3732 4138 3829 4178 non

2210 4221 2352 4276 satis
2383 4237 2529 4283 esse,
2565 4220 2620 4274 id
2651 4237 2758 4276 nos
2814 4219 3072 4275 voluisse
3120 4219 3377 4292 aggredi,
3438 4217 3560 4273 nisi
3593 4210 3831 4271 durando

2211 4325 2512 4365 summum
2544 4309 2973 4365 reiteneremus
2999 4308 3102 4371 :ad
3134 4308 3255 4363 hac
3275 4303 3831 4379 VirginemMariam,

2212 4399 2451 4454 unicum
2484 4398 2746 4453 omnium
2783 4396 3118 4452 mortalium
3134 4395 3451 4467 refugium,
3482 4394 3545 4449 in
3575 4389 3834 4448 aerumnis

2213 4487 2535 4559 praesertim
2567 4504 2683 4543 non
2714 4466 3069 4541 defuturam.
3098 4486 3201 4540 His
3219 4466 3399 4557 igitur
3419 4483 3663 4555 aliisque
3678 4477 3835 4535 ratio.

450 4590 595 4629 rem.
634 4574 788 4641 Ideo,
820 4574 963 4628 dum
986 4575 1223 4629 verbum
1248 4574 1478 4629 Domini
1502 4574 1791 4631 hincinde
1820 4575 2101 4648 praedica-
2134 4594 2180 4659 Ι)
2216 4577 2386 4631 nibus
2418 4575 2869 4648 probatissimis,
2908 4574 3005 4629 ubi
3066 4574 3293 4629 animos
3342 4577 3577 4629 nostros
3630 4570 3835 4624 erectos

452 4669 537 4718 ret
574 4664 755 4733 (nam,
792 4666 854 4717 ut
880 4662 1018 4728 dixi,
1055 4662 1200 4718 satis
1231 4662 1576 4734 eloquentia
1630 4664 1901 4736 habebat)
1935 4664 2103 4720 multi

453 4750 865 4819 mortales,alii
902 4752 1175 4807 audiendi
1203 4752 1443 4807 verbum
1465 4752 1625 4818 Jesu,
1654 4753 1751 4808 alii
1776 4770 1922 4809 nova
1941 4753 2101 4825 cupi-

452 4841 587 4895 dine
614 4841 758 4895 tanti
790 4840 895 4894 viri
921 4841 1062 4910 (sive
1078 4842 1266 4896 virum
1296 4842 1408 4897 dici
1429 4842 1517 4896 fas
1547 4843 1654 4911 est)
1673 4842 2100 4911 visendiillecti,

454 4929 524 4984 ad
558 4943 691 4983 eum
723 4928 897 4985 variis
922 4929 1063 4985 locis
1094 4931 1418 4986 confluere:
1457 4948 1591 4986 nam
1617 4930 1879 4999 memini,
1903 4946 1993 4986 me
2015 4949 2105 4987 se-

455 5016 568 5073 mel
600 5035 738 5074 casu
772 5018 1142 5091 quodam,ita
1158 5024 1220 5072 ut
1250 5020 1332 5088 fit,
1366 5020 1506 5074 dum
1532 5019 1893 5093 negotiorum
1917 5020 2105 5093 gratia

453 5107 612 5163 varia
642 5108 769 5164 loca
798 5108 1048 5163 lustrare
1098 5124 1331 5163 necesse
1364 5112 1472 5176 est,
1510 5108 1565 5163 in
1626 5110 1691 5164 D.
1752 5109 1990 5165 Martini
2023 5112 2101 5165 fe-

454 5197 708 5252 stivitate
731 5196 1122 5267 praedicationi
1166 5214 1289 5251 sua:
1319 5195 1678 5268 interfuisse,
1714 5198 1772 5253 in
1805 5216 1921 5270 qua
1951 5199 2104 5255 inter

455 5284 589 5351 alia,
614 5302 740 5354 quae
772 5285 844 5338 ab
865 5284 992 5357 ipso
1023 5286 1166 5341 satis
1187 5288 1406 5355 ornate,
1432 5286 1688 5356 copiose,
1716 5288 2105 5360 distincteque

455 5370 679 5442 prolata
711 5376 867 5441 sunt,
894 5373 1187 5445 pollicitus
1218 5380 1327 5441 est,
1360 5390 1461 5429 ceu
1516 5380 1776 5431 montem
1836 5394 2101 5441 aureum,

457 5475 633 5530 quam
668 5461 856 5516 multa
875 5480 935 5518 se
950 5462 1304 5519 monasteria
1333 5463 1512 5517 etiam
1535 5468 1661 5518 tum
1680 5466 2102 5522 monachorum

531 5599 692 5687 (2.071
714 5599 868 5687 Puto.
886 5602 1130 5687 intelligi
1164 5604 1465 5687 haereticos
1483 5604 1770 5687 Sabaitas,
1795 5606 1895 5687 qui
2011 5606 2102 5687 Jo-

460 5673 632 5728 annis
654 5673 922 5745 Baptistte
955 5673 1224 5747 discipuli
1248 5675 1570 5747 nuncupari
1602 5673 1887 5732 volebant.
1923 5678 2001 5734 De
2028 5677 2099 5734 iis

2214 4665 2376 4729 vidit,
2410 4665 2734 4721 calcaribus
2774 4664 3068 4735 stringens
3106 4679 3347 4735 equum,
3408 4661 3688 4723 festinare,
3733 4668 3838 4709 nos

2215 4753 2411 4810 miseri
2447 4770 2621 4825 quam
2653 4754 2865 4825 raptim
2888 4752 3051 4824 sequi
3078 4770 3090 4817 ;
3115 4752 3355 4806 demum
3388 4749 3549 4817 fessi,
3570 4753 3628 4804 et
3645 4744 3839 4802 sudore

2214 4847 2272 4897 et
2303 4842 2535 4913 pulvere
2584 4847 2640 4897 et
2667 4842 2855 4897 imbre
2888 4840 3121 4913 copioso
3170 4838 3352 4912 pleni,
3382 4836 3642 4911 Virginis
3664 4831 3836 4889 Marias

2214 4931 2533 4987 oratorium
2594 4930 2903 4997 adivimus,
2965 4930 3120 5002 quod
3175 4933 3316 4984 tunc
3374 4927 3618 4999 quidam
3679 4922 3834 4983 alius,

2218 5021 2563 5075 Franciscus
2617 5019 2872 5085 nomine,
2952 5016 3186 5090 juvenis
3271 5015 3516 5072 eremita
3593 5011 3837 5074 habebat,

2214 5126 2387 5179 quem
2438 5107 2577 5164 olim
2607 5112 2663 5163 S.
2726 5108 2981 5163 Joannes
3030 5110 3267 5177 captum
3317 5122 3352 5161 a
3398 5106 3658 5161 daemone
3712 5098 3836 5153 libs.

2214 5201 2456 5253 raverat.

2284 5288 2407 5341 284.
2470 5287 2572 5342 Hic
2621 5286 2819 5359 itaque
2884 5286 2993 5342 iste
3038 5286 3229 5341 bonus
3288 5284 3396 5349 vir,
3448 5286 3570 5339 toto
3625 5287 3837 5347 corporo

2214 5376 2379 5430 humi
2435 5380 2784 5448 prostratus,
2830 5376 2970 5430 dum
3002 5372 3265 5445 Virginis
3321 5372 3515 5429 Maria
3576 5370 3835 5442 hymnum

2214 5466 2613 5537 vespertinum
2662 5479 3029 5535 caneremus,
3052 5462 3241 5535 jacuit
3271 5477 3520 5535 semper.
3557 5460 3691 5516 Cum
3719 5464 3838 5509 ecce

2212 5606 2343 5733 Ege
2374 5608 2667 5664 Labbeum
2701 5611 2989 5674 nostrum,
3030 5609 3170 5661 tem.
3206 5604 3253 5661 II
3284 5603 3683 5663 Conciliorum,
3737 5591 3835 5650 col.
