4002 6170
252 388 364 454 921

1837 386 2071 451 ACTA.

3536 379 3653 442 922

251 524 498 596 repente
530 521 952 581 monachorum
982 527 1314 581 nostrorum
1345 538 1461 579 non
1494 538 1673 597 parva
1701 522 1893 593 turba,
1928 519 1982 587 Α
2012 520 2584 594 dicuntur.Suntqui
2613 520 2926 587 afﬁrment,
2945 518 3079 575 eum
3102 513 3358 574 ofﬁcium
3372 510 3653 589 ganeonis

246 616 456 669 ventos
487 612 750 684 perpessi
798 617 857 669 et
905 614 1173 683 imbrem,
1206 613 1525 669 oratorium
1557 612 1897 685 ingrediun-

246 706 367 758 tur.
403 702 541 758 Inde
573 718 820 775 surgens
853 702 969 772 ille,
1001 704 1249 776 oppletis
1280 702 1462 759 oculis
1494 706 1731 774 totaque
1755 700 1900 757 facie

247 789 553 863 lacrymis,
578 791 842 847 constitit
868 791 926 846 in
958 792 1169 859 medio,
1203 796 1379 864 atque
1427 790 1611 848 oculis
1644 807 1749 846 nos
1781 806 1900 845 om-

246 895 357 935 nes
389 878 897 951 circumspiciens,
947 880 1205 937 demissa
1248 886 1305 936 et
1356 880 1713 953 lacrymabili
1761 894 1898 934 voce

243 967 481 1039 inquit:
521 968 636 1023 Vos
667 985 869 1024 omnes
900 986 999 1025 oro
1052 971 1465 1041 deprecorque,
1512 970 1737 1035 Jesum,
1774 968 1899 1022 Vir-

245 1058 571 1131 ginemque
601 1057 730 1128 ejus
760 1063 1004 1114 matrem
1032 1059 1271 1115 Mariam
1307 1058 1528 1131 precari
1558 1057 1768 1123 velitis,
1790 1058 1899 1129 [ut]

243 1162 341 1201 me
373 1149 739 1201 constantem
780 1150 836 1201 et
865 1147 1104 1202 ﬁrmum
1137 1146 1655 1218 invincibilemque
1699 1150 1901 1201 contra

242 1234 501 1291 insidias
531 1234 749 1290 diaboli
785 1235 997 1291 faciat:
1033 1253 1167 1291 nam
1218 1236 1328 1292 hoc
1374 1237 1717 1305 oratorium,
1751 1234 1898 1290 mihi

242 1329 530 1380 aeternam
562 1323 684 1379 fore
751 1324 1113 1397 sepulturam
1173 1343 1377 1398 spero:
1440 1342 1545 1381 nec
1593 1324 1781 1397 plura,
1835 1328 1899 1378 ut

235 1406 453 1480 fertur,
487 1428 591 1484 per
620 1412 813 1484 ipsam
848 1414 1001 1469 diem
1038 1414 1267 1470 locutus
1298 1413 1452 1488 [est],
1482 1414 1593 1469 nisi
1624 1414 1684 1469 in
1716 1430 1899 1469 remo-

244 1501 505 1557 tioribus
530 1504 587 1557 et
615 1501 831 1557 abditis
863 1502 1024 1558 locis.
1061 1503 1176 1558 Nos
1208 1504 1468 1573 demum,
1503 1503 1641 1575 quia
1662 1503 1787 1573 jam
1812 1501 1897 1557 sol

246 1589 665 1657 declinaverat,
698 1590 854 1659 inde,
887 1591 1245 1648 admirantes
1302 1596 1359 1647 et
1400 1592 1559 1647 varia
1604 1591 1662 1645 in
1694 1591 1899 1646 itinere

240 1680 327 1736 de
352 1695 437 1741 eo,
475 1682 538 1734 ut
570 1679 654 1747 ﬁt,
678 1679 1140 1748 contabulantes,
1182 1681 1251 1736 ad
1317 1680 1738 1736 monasterium
1782 1678 1896 1733 laeti

243 1768 677 1836 concessimus,
712 1769 934 1825 exitum
993 1770 1074 1825 rei
1123 1786 1255 1826 cum
1306 1769 1518 1842 gaudio
1558 1767 1895 1841 praestolan-

246 1860 364 1913 tes.

324 1947 449 2002 285.
482 1947 766 2003 Caeterum
797 1964 914 2003 non
949 1947 1136 2003 multo
1186 1952 1319 2019 post
1371 1946 1564 2004 socius
1597 1947 1795 2013 frater,
1827 1946 1898 2000 de

254 2052 377 2107 quo
407 2052 586 2107 supra
614 2037 857 2092 verbum
888 2036 1155 2103 fecimus,
1188 2036 1287 2092 lite
1343 2035 1496 2092 inter
1549 2052 1648 2092 eos
1693 2037 1763 2090 de
1794 2051 1898 2090 cte-

258 2123 542 2181 remoniis
574 2125 953 2181 observandis
984 2129 1141 2190 nata,
1165 2124 1357 2198 palam
1381 2124 1584 2180 multis
1607 2142 1715 2180 sua
1745 2125 1902 2180 mala

256 2214 523 2270 facinora
553 2214 708 2271 fecit.
738 2213 884 2271 Hinc
914 2213 1021 2270 sibi
1085 2215 1274 2286 prima
1332 2214 1468 2269 mali
1528 2214 1689 2270 labes
1718 2230 1729 2269 :
1764 2214 1901 2269 hinc

252 2303 330 2358 ab
362 2301 635 2359 omnibus
664 2303 874 2359 deinde
903 2303 1219 2369 observari,
1244 2304 1481 2375 iniquus
1513 2311 1567 2358 et
1598 2320 1900 2374 perversus

253 2408 291 2447 a
324 2391 549 2447 cunctis
580 2392 800 2448 haberi.
835 2394 1014 2447 Erant
1042 2408 1107 2448 eo
1137 2396 1417 2465 tempore,
1453 2393 1552 2465 qui
1600 2392 1898 2448 existima-

252 2485 407 2547 rent,
441 2480 598 2537 hunc
628 2482 738 2537 sub
770 2481 963 2553 specie
988 2481 1281 2539 eremitica
1314 2481 1442 2538 loca
1471 2482 1569 2537 illa
1608 2499 1815 2538 saxosa
1846 2486 1903 2537 et

251 2568 378 2625 fere
410 2569 817 2626 inhabitabilia
845 2570 1081 2639 adiisse,
1114 2575 1179 2625 ut
1209 2570 1288 2624 ibi
1318 2570 1478 2626 omni
1512 2574 1668 2625 metu
1703 2570 1898 2626 subla-

252 2662 339 2725 to,
368 2657 609 2713 furtivas
640 2663 885 2715 monetae
918 2659 1182 2715 ofﬁcinas
1211 2675 1346 2714 cum
1376 2658 1579 2731 paucis
1609 2658 1900 2715 clientulis

252 2752 584 2815 exerceret;
621 2747 720 2803 sed
769 2764 838 2803 ex
881 2746 1013 2803 aliis
1059 2747 1217 2802 vitiis
1266 2748 1476 2819 magis,
1529 2764 1706 2820 quam
1746 2748 1899 2819 quod

252 2837 535 2907 cuiquam
566 2836 677 2892 hoc
708 2840 1069 2910 compertum
1098 2837 1268 2905 foret,
1298 2837 1417 2893 haec
1448 2837 1605 2893 fama
1631 2836 1897 2893 volabat:

253 2942 396 2982 nam
428 2925 603 2998 paulo
636 2930 786 2999 post,
821 2927 954 2999 quis
985 2925 1249 2998 qualisve
1280 2926 1570 2994 existeret,
1602 2943 1709 2983 sua
1750 2927 1900 2983 mul-

255 3018 322 3070 ta
352 3015 607 3071 nefanda
635 3015 913 3083 facinora,
936 3031 1063 3087 quae
1080 3015 1328 3088 turpiter
1357 3016 1742 3088 obscceneque
1762 3015 1900 3088 egit,

252 3103 662 3160 declaravere:
697 3121 833 3160 nam
865 3120 943 3160 aes
975 3104 1231 3161 alienum
1262 3104 1556 3177 imprimis
1602 3105 1776 3161 variis
1806 3105 1904 3160 do-

252 3191 336 3247 lis
390 3196 447 3248 et
502 3192 730 3249 astibus
783 3194 1003 3266 grande
1058 3210 1127 3249 ex
1170 3192 1413 3249 diversis
1446 3192 1587 3249 locis
1614 3192 1899 3263 conﬂavit,

2014 612 2381 683 [exercuisse]
2414 616 2470 668 et
2498 608 2898 667 meretriculas
2945 608 3389 672 conducentem,
3426 602 3656 660 luxuria

2008 704 2322 775 perditum,
2339 707 2396 757 et
2421 700 2730 757 lenociniis
2746 696 3396 763 infamem,etomnibus
3416 692 3653 766 ﬂagitiis

2009 795 2067 847 et
2094 792 2451 849 facinoribus
2485 794 2844 863 coopertum,
2877 805 2910 843 a
2958 788 3080 842 suis
3111 783 3539 853 consimilibus,
3574 781 3653 836 ita

2009 886 2074 938 ut
2102 882 2161 936 in
2194 881 2295 937 tali
2326 897 2385 936 re
2418 880 2645 936 evenire
2677 878 2843 944 solet,
2874 876 2935 931 in
2968 875 3153 930 frusta
3182 872 3504 929 concisum.
3538 870 3649 925 Alii

2008 972 2081 1027 ob
2110 972 2329 1026 furtum
2364 971 2556 1025 Romae
2590 969 2789 1039 inique
2814 962 3503 1037 perpetratum,deposito
3534 976 3653 1015 ere-

2009 1060 2192 1116 mitali
2214 1060 2580 1127 habitu,cum
2599 1057 2955 1129 quibusdam
2970 1053 3209 1109 nefariis
3223 1067 3391 1106 crure
3412 1064 3654 1119 suspen-

2010 1167 2163 1207 sum.
2188 1149 2389 1218 Nobis,
2412 1165 2480 1205 ea
2499 1165 2591 1203 res
2614 1146 2722 1202 etsi
2748 1162 2850 1217 pro
2879 1144 3138 1199 locorum
3160 1138 3424 1196 absentia
3444 1152 3651 1209 parum

2008 1243 2309 1310 comperta
2329 1238 2424 1304 sit,
2448 1242 2644 1293 tamen
2669 1235 2814 1291 satis
2838 1235 3087 1301 constat,
3119 1228 3277 1301 turpi
3318 1230 3503 1285 morte
3526 1240 3648 1296 pce-

2010 1343 2117 1381 nas
2148 1325 2349 1382 luisse.
2384 1329 2469 1380 Ita
2496 1323 2593 1379 ille
2623 1339 2807 1378 novus
2839 1322 3096 1377 Joannes
3118 1316 3397 1389 Baptista,
3423 1312 3521 1386 qui
3546 1328 3649 1367 no-

2006 1430 2138 1470 vam
2170 1414 2509 1470 Christiana:
2545 1413 2675 1468 ﬁdei
2709 1409 3047 1483 religionem
3096 1407 3392 1479 professus
3437 1402 3647 1468 fuerat,

2008 1504 2254 1576 dignum
2288 1502 2549 1558 moribus
2580 1502 2865 1572 lactisque
2905 1497 3028 1554 suis
3060 1498 3235 1552 ﬁnem
3258 1494 3385 1549 vita:
3407 1490 3647 1547 invenit.

2080 1595 2203 1647 287.
2222 1592 2366 1648 Huic
2393 1591 2675 1649 successit
2696 1589 2843 1645 alter
2873 1585 3264 1642 Ariminensis
3286 1582 3434 1654 (209)
3455 1580 3648 1636 bonus

2008 1681 2264 1752 profecto
2293 1680 2417 1747 vir;
2451 1680 2541 1735 cui
2576 1663 2785 1734 nomen
2819 1678 2997 1734 etiam
3032 1676 3091 1731 in
3122 1676 3249 1746 ipso
3300 1686 3463 1727 sacro
3496 1670 3652 1723 fonte

2008 1770 2383 1843 baptismatis
2414 1773 2503 1824 est
2533 1769 2717 1824 Homo
2748 1768 2850 1823 Dei
2877 1785 2889 1833 ;
2923 1766 3022 1837 qui
3057 1764 3315 1836 quidem,
3349 1757 3528 1816 veluti
3560 1773 3651 1811 su-

1930 1891 1977 1956 Β
2008 1860 2311 1932 pradictus
2349 1860 2527 1913 frater
2548 1857 2801 1918 Marcus,
2825 1855 2959 1927 plus
2988 1854 3097 1956 hoc
3124 1853 3182 1951 in
3215 1845 3566 1956 monasterio
3590 1845 3650 1956 S‘:

2012 1947 2205 2003 Mariae
2236 1946 2461 2019 (quam)
2502 1962 2723 2001 annum
2754 1944 2864 1999 sub
2917 1939 3180 1998 saeculari
3237 1942 3294 1993 et
3334 1932 3654 1992 conversali

2012 2036 2214 2092 habitu
2240 2035 2479 2108 peregit.
2499 2035 2639 2090 Inde
2663 2038 2871 2104 optans
2886 2030 3058 2104 paulo
3081 2028 3434 2101 asperiorem
3448 2023 3649 2086 vitam,

2014 2122 2685 2197 praeterquaminstituta
2702 2123 2761 2177 P.
2787 2111 3651 2188 Benedicti,adamare,diligere

2011 2214 2153 2270 illud
2187 2214 2245 2269 S.
2280 2213 2471 2269 Mariae
2532 2208 2949 2266 monasterium
3005 2206 3205 2262 adivit.
3262 2202 3390 2269 Qui,
3426 2205 3491 2256 ut
3538 2198 3654 2253 alia

2010 2302 2473 2377 prmtermittam,
2508 2301 2579 2355 ad
2612 2299 2888 2355 libidines
2934 2301 2989 2352 et
3035 2294 3365 2365 voluptates
3395 2286 3654 2359 corporis

2012 2392 2337 2448 domandae
2369 2406 2671 2461 nunquam
2706 2403 2931 2456 carnes,
2964 2399 3267 2455 nunquam
3315 2379 3472 2445 vina,
3508 2392 3658 2431 nun-

2010 2498 2191 2553 quam
2222 2479 2517 2536 lacticinia
2546 2478 2850 2549 degustat;
2871 2491 3001 2529 raro
3029 2469 3458 2535 oluscula,raro
3480 2480 3655 2537 poma

2013 2570 2332 2640 (comedit),
2366 2569 2482 2624 fere
2535 2565 2759 2638 jugiter
2806 2579 2956 2635 pane
3013 2566 3069 2617 et
3124 2576 3277 2632 aqua
3315 2558 3647 2613 contentus.

2012 2659 2160 2726 Quid
2184 2659 2212 2713 ἱ)
2243 2659 2397 2730 quod
2434 2657 2491 2711 in
2524 2656 2632 2710 hac
2665 2669 2881 2723 eremo,
2923 2648 3192 2723 quamvis
3222 2647 3349 2719 ipse
3374 2642 3517 2699 satis
3549 2657 3652 2696 no-

2010 2749 2169 2819 bilis,
2203 2752 2261 2804 et
2288 2747 2440 2819 quod
2476 2744 2666 2817 magis
2697 2748 2807 2809 est,
2840 2739 3105 2796 delicatis
3154 2737 3326 2793 rebus
3375 2732 3539 2806 prius
3566 2747 3655 2785 as-

2010 2835 2478 2908 suetus,quando
2501 2834 2678 2890 etiam
2700 2830 2979 2888 deformis
3001 2828 3209 2884 stridet
3239 2826 3448 2891 hiems,
3475 2819 3651 2876 nudis

2012 2928 2260 3003 pedibus
2290 2927 2442 2981 inter
2488 2923 2650 2979 nives
2698 2926 2754 2977 et
2800 2936 3038 2992 asperas
3076 2915 3292 2991 glacies
3320 2910 3555 3003 incedit,
3587 2924 3652 2963 eo

2011 3001 2275 3089 tempore
2302 3015 2479 3070 etiam
2513 3012 2610 3068 vili
2636 3015 2794 3067 veste
2824 3014 2880 3066 et
2930 3007 3165 3081 palliolo
3214 3001 3614 3061 circumdatus
3640 3015 3671 3063 ;»

2012 3111 2067 3162 et
2098 3103 2313 3161 circulo
2342 3105 2524 3159 ferreo
2546 3102 2735 3157 instar
2752 3097 3129 3170 Evangelistee
3152 3096 3320 3151 Lucae
3337 3106 3517 3163 supra
3548 3102 3656 3144 nu-

2014 3196 2156 3251 dum
2188 3210 2398 3264 corpus
2430 3191 2665 3246 assidue
2696 3189 2914 3245 utitur:
2946 3192 3071 3243 orat
3100 3182 3515 3255 frequenter,et
3539 3193 3660 3233 cor-

256 3297 379 3353 quo
408 3257 938 3353 monasteriarquze
969 3283 1211 3352 dixerat,
1234 3282 1631 3338 exaediﬁcaret.
1664 3257 1903 3349 Verum,
1935 3257 1978 3325 (ἶ
2018 3301 2128 3358 pus
2142 3257 2317 3339 suum
2349 3282 2585 3353 iugibus
2608 3277 2786 3335 afﬁcit
2809 3279 3179 3345 maceratque
3199 3268 3492 3358 diciplinis
3514 3310 3527 3332 ,
3549 3265 3659 3320 lec-

262 3384 434 3426 more
459 3370 829 3444 bilinguium,
862 3370 1018 3427 aliud
1049 3371 1316 3428 clausum
1347 3371 1408 3427 in
1461 3376 1710 3443 pectore,
1744 3370 1903 3427 aliud

259 3458 328 3514 in
358 3457 556 3532 lingua
584 3464 920 3533 promptum
951 3460 1226 3517 habebat.
1260 3461 1520 3517 Ducebat
1550 3461 1705 3516 enim
1729 3477 1904 3532 quos-

252 3548 400 3605 dam
431 3548 787 3607 facinorosos
835 3566 1056 3616 secum,
1105 3554 1231 3605 tum
1266 3549 1579 3623 religiosos
1611 3549 1902 3622 fugitivos,

252 3642 390 3693 tum
424 3638 735 3707 seculares,
763 3656 911 3711 quos
942 3638 1212 3710 precibus
1228 3639 1299 3695 de
1327 3638 1621 3710 ergastulo
1653 3642 1906 3695 extraxe-

254 3732 375 3783 rat.
414 3727 648 3785 Mutuas
678 3727 903 3784 litteras
932 3732 989 3784 et
1017 3729 1251 3784 crebras
1280 3745 1315 3784 a
1356 3726 1724 3795 mulieribus,
1759 3745 1906 3801 quas

253 3817 373 3872 sub
425 3817 617 3888 specie
666 3816 1010 3874 monialium
1058 3817 1291 3873 clausas
1348 3834 1527 3890 supra
1567 3818 1903 3887 memoravi,

255 3906 407 3961 dare
447 3905 659 3978 saepius
707 3910 763 3962 et
823 3906 1121 3978 accipere;
1176 3923 1274 3962 eas
1332 3907 1653 3974 interdum,
1698 3907 1907 3963 comite

254 4010 379 4050 uno
413 3998 743 4066 contentus,
775 3996 1030 4052 visitare.

332 4084 461 4140 286.
494 4084 627 4155 Sed,
662 4088 727 4139 ut
754 4100 953 4140 verum
1004 4086 1204 4151 fatear,
1254 4084 1391 4141 huic
1433 4085 1908 4157 pseudoeremitae

257 4189 383 4230 non
416 4173 609 4230 minor
636 4174 863 4231 vanitas
891 4173 1079 4231 inerat
1118 4191 1295 4246 quam
1326 4175 1672 4247 hypocrisis,
1722 4190 1909 4246 neque

257 4263 511 4320 reticere
540 4280 668 4335 qua:
698 4264 983 4334 audierat,
1006 4279 1194 4335 neque
1219 4268 1450 4319 suamet
1478 4263 1697 4320 scelera
1725 4262 1909 4320 occul-

256 4356 410 4408 tare.
444 4355 531 4407 Me
558 4352 789 4409 vidente
848 4357 906 4409 et
954 4353 1246 4419 audiente,
1307 4351 1479 4423 plura
1525 4353 1670 4407 dixit
1710 4358 1766 4407 et
1795 4353 1913 4424 egit

255 4441 463 4512 inepte
492 4445 549 4497 et
576 4440 823 4508 insulse,
844 4445 902 4496 et
923 4441 1079 4512 quod
1112 4440 1361 4496 levitatis
1391 4440 1767 4512 potissimum
1800 4444 1911 4509 est,

256 4530 595 4588 scenobatte
623 4530 775 4602 (208)
806 4530 1001 4587 officia
1030 4529 1276 4586 ridicula
1304 4529 1593 4601 ludosque
1642 4529 1911 4585 ambitio-

2012 3354 2170 3429 tione
2196 3371 2371 3428 etiam
2422 3368 2881 3439 Scripturarum,
2928 3379 3056 3435 quae
3098 3356 3411 3415 vernacula
3452 3354 3658 3424 lingua

2013 3460 2461 3535 imprimuntur,
2490 3457 2672 3513 instat
2702 3470 2969 3526 semper;
3021 3450 3196 3508 etiam
3249 3443 3473 3503 Domini
3511 3441 3653 3496 Jesu

2014 3554 2302 3624 praecepta
2326 3564 2431 3620 pro
2461 3545 2683 3601 viribus
2713 3541 3030 3615 adimplere
3061 3541 3324 3595 conatur.

2085 3620 2219 3694 288.
2244 3638 2493 3693 Domum
2524 3634 2697 3701 hanc,
2721 3632 2820 3689 ubi
2844 3630 3099 3703 primum
3132 3642 3300 3684 suam
3332 3620 3656 3679 secundum

2014 3732 2197 3787 Deum
2228 3726 2445 3796 incepit
2474 3724 2781 3779 instituere
2809 3720 3013 3786 vitam,
3036 3716 3237 3773 crebro
3253 3713 3440 3768 visere
3461 3708 3655 3781 cmpit,

2016 3821 2074 3875 S.
2102 3819 2389 3875 Joannem
2441 3812 2631 3868 ubivis
2676 3810 2940 3883 gentium
2989 3804 3232 3873 extollit,
3283 3819 3391 3858 sua
3429 3797 3661 3872 egregia

2016 3911 2168 3965 facta
2199 3904 2489 3961 narrando
2522 3901 2593 3957 ad
2621 3899 2832 3955 caelum
2862 3897 3047 3956 ferre;
3080 3895 3150 3950 de
3180 3888 3485 3948 monachis
3515 3891 3659 3943 cete-

2016 3997 2216 4069 risque
2248 3992 2466 4049 nostris
2496 3990 2696 4046 omnia
2743 3989 2895 4044 bona
2924 3986 3134 4041 dicere.
3157 3982 3250 4036 Sic
3280 3981 3352 4036 ab
3384 3976 3659 4069 omnibus

2017 4064 2190 4143 bonis
2220 4099 2364 4156 puro
2395 4080 2660 4152 diligitur
2689 4077 2893 4133 affectu
2924 4100 2938 4141 ;
2988 4071 3125 4129 mali
3171 4086 3305 4126 vero
3354 4083 3489 4123 eum
3527 4064 3660 4121 odio

2018 4176 2256 4239 habent,
2280 4171 2379 4243 qui
2412 4183 2747 4242 perversam
2774 4180 2977 4221 eorum
3007 4162 3187 4218 vitam
3235 4159 3567 4243 insectatur
3604 4157 3662 4243 et

2018 4241 2374 4327 crimina,—et
2418 4241 2682 4330 probatis
2732 4253 3001 4324 verisque
3054 4248 3381 4306 rationibus
3438 4241 3661 4316 ﬂagitia

2017 4348 2530 4422 turpitudinesque
2559 4361 2761 4400 eorum
2792 4340 3141 4398 eﬂ‘ulminat.
3184 4338 3432 4407 Stupent
3459 4347 3665 4422 omnes

2020 4441 2081 4495 in
2112 4419 2178 4494 eo
2210 4442 2267 4493 et
2298 4436 2417 4492 oris
2448 4435 2717 4507 gratiam,
2746 4436 2803 4487 et
2832 4429 3177 4487 suavitatem
3211 4419 3667 4491 sermonis,quia

2023 4546 2129 4585 nec
2152 4525 2399 4599 jejuniis
2428 4540 2530 4579 nec
2562 4521 2693 4578 aliis
2722 4519 2923 4591 ﬂagris
2971 4517 3189 4589 quibus
3220 4528 3431 4584 corpus
3462 4508 3664 4599 afﬁcit,

259 4636 365 4677 sos
423 4636 544 4689 ore,
601 4618 809 4686 oculis,
871 4619 1144 4675 manibus
1201 4618 1459 4685 efﬁcere;
1510 4635 1770 4690 prorsus,
1806 4635 1911 4674 nec
1942 4628 1989 4692 1)
2022 4633 2292 4674 morosus
2321 4620 2375 4669 et
2402 4611 2608 4669 anxius
2633 4613 2688 4664 et
2718 4607 3038 4663 iracundus
3069 4600 3430 4692 etdifﬁcilis,
3454 4601 3520 4692 ut
3540 4595 3666 4692 qui?

259 4708 411 4781 quid
446 4707 681 4780 diceret,
713 4724 820 4764 nec
874 4707 1014 4780 quid
1074 4707 1310 4773 faceret,
1369 4705 1693 4778 quidquam
1748 4706 1912 4778 pensi

261 4797 526 4865 habere;
558 4801 854 4869 postremo
884 4796 943 4852 in
976 4796 1101 4853 dies
1133 4795 1320 4868 magis
1350 4793 1627 4850 insanire.
1664 4798 1911 4850 Demum

184 4934 195 4937 -
261 4903 404 4943 cum
442 4885 627 4943 multa
650 4885 874 4942 nefaria
904 4888 1108 4956 stupra
1140 4883 1396 4950 fecisset,
1417 4900 1670 4956 praesens
1694 4882 1917 4955 pericu-

264 4976 394 5033 lum
428 4975 772 5045 formidans,
806 4977 1082 5047 congesta
1112 4972 1298 5029 mutio
1330 4978 1385 5030 et
1412 4972 1588 5029 etiam
1647 4988 1715 5028 ex
1758 4972 1916 5027 vasis

265 5064 518 5122 sacratis
533 5069 591 5122 et
611 5064 863 5137 planetis
877 5062 1066 5135 ipsius
1078 5061 1332 5135 Virginis
1342 5062 1535 5119 Mariae
1550 5061 1785 5118 oratorii
1802 5079 1915 5117 non

266 5170 451 5229 parva
481 5153 748 5227 pecunia,
763 5152 913 5210 clam
938 5168 1072 5209 cum
1106 5152 1361 5224 quodam
1384 5151 1657 5225 pestifero
1676 5152 1748 5207 ad
1770 5150 1916 5207 alias

268 5262 335 5302 se
365 5243 619 5301 contulit
647 5242 936 5317 regiones.
969 5245 1048 5298 De
1076 5242 1204 5313 ejus
1234 5240 1407 5298 exitio
1436 5240 1596 5297 varia
1623 5241 1777 5313 apud
1811 5256 1918 5296 nos

341 5442 494 5512 (208)
524 5439 647 5496 Vox
674 5442 869 5512 Graeca
897 5441 991 5512 est
1014 5454 1048 5493 a
1076 5429 1447 5512 cmmoéazéw,
1480 5435 1537 5489 id
1583 5439 1672 5512 est
1702 5436 1762 5512 in
1794 5451 1916 5490 sce—

270 5507 411 5571 nam
445 5507 681 5586 prodeo,
713 5510 806 5567 vel
835 5510 893 5565 in
954 5510 1250 5565 theatrum
1303 5507 1579 5587 produco.
1616 5507 1756 5587 Inde
1786 5525 1916 5574 σκη-

270 5579 515 5633 νοϐἀττ.ς
545 5581 789 5633 histrio:
825 5580 924 5633 aui
956 5580 1181 5633 nrivata
1227 5578 1449 5633 ﬂagitia
1494 5592 1760 5632 omnium
1789 5593 1918 5633 ocu-

269 5579 515 5652 νοὸἀτῆς
545 5579 789 5649 histrio;
825 5580 924 5653 qui
956 5580 1181 5653 privata
1227 5579 1449 5650 ﬂagitia
1494 5579 1737 5632 omnium

272 5657 348 5714 lis
370 5654 701 5733 inAtbeatra
732 5652 968 5733 exponit
1018 5649 1673 5733 utiexplicatIBud'eus,
1729 5722 1737 5731 .

343 5727 496 5799 (209)
527 5726 623 5783 Sic
648 5720 890 5785 vocatur
918 5724 989 5782 ab
1020 5720 1267 5781 Arimino
1313 5720 1487 5794 vulgo
1528 5721 1755 5794 Rimini,
1790 5737 1917 5794 quae

2024 4708 2181 4775 dam,
2216 4706 2333 4759 imo
2366 4695 3016 4775 perbenignus,suavis,
3050 4690 3260 4760 dulcis,
3285 4685 3592 4775 jucundus
3608 4687 3667 4737 et

2025 4774 2276 4852 affabilis
2307 4790 2576 4847 efﬁcitur.
2609 4788 2787 4857 Cujus
2820 4798 2996 4855 opera
3032 4779 3264 4853 egregia
3294 4778 3353 4832 in
3384 4774 3664 4847 religione

2023 4883 2236 4941 Christi
2269 4881 2429 4950 Jesu,
2462 4894 2588 4949 quas
2620 4874 2735 4930 vidi
2795 4878 2852 4928 et
2889 4870 3109 4942 accepi,
3168 4868 3216 4924 si
3261 4866 3433 4922 velim
3465 4862 3665 4920 omnia

2025 4971 2337 5044 diligenter
2367 4966 2576 5023 litteris
2604 4963 2903 5028 mandare,
2934 4966 3169 5030 tempus
3200 4971 3377 5029 quam
3422 4951 3667 5009 materia

2026 5061 2198 5121 citius
2229 5076 2323 5115 me
2352 5058 2600 5113 deseret.

2096 5151 2222 5205 289.
2257 5145 2597 5215 Quodcirca,
2640 5142 2778 5216 quia
2808 5140 2926 5195 vita
2954 5138 3145 5194 adhuc
3176 5137 3445 5208 superest
3490 5131 3562 5199 ei,
3613 5135 3669 5187 et

2028 5254 2203 5312 quem
2234 5236 2453 5294 exitum
2484 5232 2561 5289 sit
2588 5231 2921 5297 habiturus,
2954 5228 3295 5299 ignoramus
3327 5222 3579 5295 penitus,
3611 5224 3670 5276 et

2030 5440 2121 5492 est
2150 5433 2291 5489 urbs
2322 5428 2715 5488 Romandiole
2746 5427 2880 5491 sita,
2916 5425 2970 5479 in
3004 5441 3103 5481 ora
3141 5424 3323 5481 maris
3357 5423 3667 5479 Hadriatici

2031 5508 2102 5562 ad
2130 5505 2279 5561 ostia
2307 5503 2467 5560 ﬂuvii
2494 5499 2762 5567 Arimini,
2797 5502 3001 5567 estque
3054 5496 3204 5551 inter
3244 5494 3562 5552 Bononiam
3597 5496 3669 5567 ad

2032 5592 2327 5644 occasum,
2357 5579 2413 5631 et
2441 5565 2846 5630 Anconam'ad
2897 5565 3087 5623 ortum
3139 5567 3450 5625 hibernum
3502 5565 3670 5641 quasi

2034 5649 2245 5706 media.
