4022 6160
1420 365 1486 427 S.
1532 362 1853 428 JOANNIS
1900 360 2349 427 GUALBERTI
2396 360 2721 425 ABBATIS

3641 364 3751 428 921

372 501 525 574 apud
540 500 899 557 Christianos
919 516 1034 556 non
1058 498 1527 571 initium,verum
1552 500 1687 557 ﬁnis
1709 499 2006 567 laudatur,
2039 500 2091 565 Α
2122 496 2465 552 animalium
2485 513 2692 554 sonum
2724 497 3214 565 existimans,rem
3233 511 3400 555 suam
3422 499 3747 571 peragebat.

376 591 448 647 de
473 607 537 647 eo
560 592 731 645 ﬁnem
755 590 960 645 faciam
988 591 1295 657 dicendi,si
1310 592 1474 663 prius
1490 607 1767 647 monuero
1789 606 2012 657 omnes,

377 683 442 735 ut
471 695 585 733 non
618 694 679 733 se
709 680 880 734 corde
897 680 983 736 vel
1015 681 1288 752 operibus
1314 680 1593 737 extollant
1618 698 1630 747 ;
1655 697 1855 735 verum
1880 696 2013 735 cum

374 767 654 838 propheta
683 767 916 824 dicant:
952 773 1067 842 Ego
1116 774 1311 825 autem
1355 787 1485 825 sum
1535 770 1751 825 vermis
1801 773 1859 823 et
1898 785 2013 824 non

370 855 565 911 homo.
599 857 702 911 Et:
739 858 863 913 Non
896 859 1087 929 nobis,
1124 859 1391 923 Domine,
1424 876 1538 914 non
1571 858 1760 923 nobis,
1795 859 1894 913 sed
1918 874 2016 912 no-

371 943 514 999 mini
544 949 645 1001 tuo
676 947 748 1001 da
779 946 1022 1018 gloriam
1054 974 1066 1016 ;
1098 953 1153 1004 et
1182 966 1312 1004 cum
1330 949 1467 1004 Jesu
1491 966 1508 1002 .·
1533 948 1650 1019 Ego
1683 965 1795 1002 non
1820 963 2014 1018 quaero

370 1032 615 1105 gloriam
649 1051 859 1090 meam.
895 1037 962 1091 Et
990 1037 1070 1093 ita
1100 1053 1277 1110 agens
1308 1040 1464 1109 quis,
1496 1054 1769 1109 prospere
1799 1038 1847 1091 ei
1884 1053 2013 1092 suc-

372 1123 576 1177 cedent
605 1124 836 1192 omnia;
886 1127 983 1180 ubi
1043 1131 1238 1182 autem
1297 1143 1465 1182 secus
1518 1128 1698 1181 vitam
1751 1125 2016 1181 mortalis

376 1212 566 1267 omnis
606 1213 925 1270 instituerit
955 1233 1144 1283 suam,
1175 1234 1536 1288 quamquam
1571 1217 1903 1271 fortunatus
1933 1216 2013 1269 vi-

373 1301 601 1366 deatur,
633 1304 703 1357 ad
735 1308 967 1375 tempus
996 1306 1104 1360 hoc
1131 1306 1276 1372 erit;
1310 1307 1549 1360 demum
1594 1321 1727 1359 vero
1760 1304 2013 1376 comple-

371 1389 529 1445 bitur
560 1391 617 1444 in
650 1392 747 1446 illo
776 1392 834 1447 id
864 1395 1016 1464 quod
1044 1394 1197 1449 idem
1232 1396 1513 1467 propheta
1546 1393 1687 1449 dixit
1713 1411 1725 1449 :
1748 1393 1879 1448 Vidi
1912 1394 2018 1447 im-

370 1477 531 1548 pium
565 1480 1057 1550 superexaltatum
1091 1487 1148 1538 et
1177 1483 1465 1539 elevatum
1499 1483 1651 1537 sicut
1698 1483 1897 1537 cedros
1932 1482 2019 1535 Li-

370 1566 528 1637 bani,
555 1571 611 1621 et
639 1570 902 1635 transivi,
938 1576 995 1625 et
1041 1588 1171 1627 ecce
1220 1590 1334 1627 non
1390 1576 1552 1638 erat;
1588 1570 1825 1643 quaesivi
1858 1587 2013 1639 eum,

371 1658 428 1710 et
458 1672 572 1710 non
603 1660 692 1712 est
724 1658 994 1714 inventus
1019 1660 1183 1715 locus
1214 1663 1361 1731 ejus.
1395 1662 1554 1726 Quod
1585 1659 1785 1714 multis
1830 1675 2017 1713 exem-

374 1743 510 1815 piis,
535 1746 634 1800 sed
665 1749 985 1818 praesertim
1012 1748 1103 1804 his
1127 1750 1529 1821 superioribus
1558 1748 1782 1820 liquido
1806 1747 2013 1818 patuit.

1040 1838 1219 1893 PARS
1259 1838 1350 1894 1V.

443 1922 567 1977 290.
601 1925 884 1989 Quoniam
950 1926 1327 1982 beatissimus
1377 1927 1465 1981 vir
1519 1927 1573 1980 S.
1609 1926 1863 1981 Joannes
1895 1938 2015 1977 mo-

375 2011 697 2067 nasterium
723 2012 831 2067 hoc
854 2013 913 2068 in
945 2014 1226 2070 honorem
1251 2015 1511 2088 Virginis
1540 2014 1731 2070 Mariae
1762 2010 2017 2069 dedicari

373 2099 574 2170 voluit,
608 2116 714 2157 nos
745 2102 917 2158 etiam
951 2105 1078 2174 ejus
1110 2104 1372 2177 exemplo
1419 2104 1596 2169 ducti,
1632 2103 1899 2175 quaedam
1931 2100 2013 2170 ip-

373 2188 497 2243 sius
528 2189 785 2263 Virginis
814 2193 1005 2247 Mariaz
1038 2193 1372 2265 prodigiosa
1402 2199 1529 2249 acta
1559 2210 1737 2263 supra
1781 2190 1875 2245 his
1907 2189 2014 2243 mi-

376 2277 592 2334 raculis
624 2279 983 2338 inseruimus
1011 2308 1025 2351 ;
1059 2299 1173 2338 non
1205 2284 1513 2356 indignum
1547 2283 1721 2339 etiam
1754 2296 1908 2334 nunc
1938 2277 2018 2333 vi-

374 2383 505 2422 sum
536 2372 645 2433 est,
679 2374 977 2442 egregium
1009 2377 1065 2427 et
1096 2389 1189 2427 me
1220 2372 1478 2428 norabile
1533 2371 1760 2426 facinus
1794 2368 2015 2423 utrius-

374 2472 490 2527 que
518 2457 862 2513 describere.
896 2461 1141 2523 Quidam
1176 2460 1546 2515 Florentinus
1581 2461 1652 2513 de
1683 2457 1886 2530 Ughis,
1922 2454 2016 2510 cui

374 2560 586 2599 nomen
617 2546 801 2616 Ugho,
837 2547 1015 2602 nobili
1047 2564 1255 2620 genere
1295 2557 1487 2618 natus,
1537 2548 1724 2602 ﬁlium
1775 2548 2014 2601 unicum

374 2633 431 2687 in
464 2633 631 2688 cunis
662 2634 854 2690 adhuc
886 2636 1142 2707 positum
1176 2638 1419 2705 habens,
1462 2653 1593 2691 cum
1643 2635 1838 2690 aestivo
1869 2640 2014 2690 tem-

373 2738 532 2793 pore,
558 2724 792 2794 quando
826 2725 1101 2780 frumenti
1160 2726 1370 2782 tritura
1426 2727 1621 2793 fervet,
1656 2730 1721 2779 ut
1768 2740 1896 2779 mos
1928 2728 2017 2780 est

375 2810 682 2881 nobilium,
717 2829 849 2868 cum
882 2830 1059 2869 uxore
1090 2819 1328 2887 totaque
1384 2814 1605 2870 familia
1643 2830 1744 2869 rus
1776 2816 2012 2884 peteret,

379 2900 592 2955 accidit
611 2901 705 2957 die
731 2903 983 2973 quadam
1008 2905 1296 2959 nutricem
1320 2921 1453 2960 cum
1480 2904 1700 2959 infante
1718 2904 1788 2958 ad
1820 2918 2015 2957 aream

366 2989 768 3046 contendisse.
804 2992 943 3047 Inde
976 2992 1141 3063 forte,
1188 2994 1275 3049 vel
1323 3011 1460 3049 casu
1514 2993 1601 3048 vel
1641 2992 1753 3048 alio
1786 2991 2015 3064 negotio

375 3078 714 3149 prapedita,
772 3079 1054 3137 infantem
1102 3082 1163 3137 in
1222 3082 1403 3154 paleis
1456 3084 1747 3153 jacentern
1794 3096 1894 3137 seu
1928 3095 2017 3136 se-

374 3165 604 3221 dentem
637 3168 929 3236 deserens,
965 3170 1126 3226 abiit.

2124 592 2264 642 Cum
2297 586 2478 659 igitur
2534 587 2745 643 iterum
2804 592 2859 643 et
2916 588 3124 643 iterum
3175 592 3232 643 et
3261 587 3476 659 saepius
3504 589 3750 660 Vagitum

2124 676 2366 732 auribus
2398 681 2675 748 captaret,
2693 684 2977 750 suspenso
2998 678 3203 750 gradu,
3221 682 3287 731 ut
3308 676 3557 732 callidus
3577 678 3754 750 explo-

2125 770 2302 833 rator,
2334 767 2639 837 tugurium
2671 766 3062 839 introgressus
3082 784 3103 827 ;
3125 771 3183 821 et
3212 764 3495 838 paulatim
3532 782 3752 838 progre-

2125 855 2314 921 diens,
2341 854 2671 926 smpiusque
2693 855 3041 922 subsistens,
3064 853 3274 910 melius
3297 870 3530 926 semper
3552 870 3751 911 sonum

2125 959 2263 997 aure
2294 948 2546 1013 captare.
2573 949 2837 1013 Demum,
2860 942 2959 1001 ubi
2984 944 3221 1015 propius
3244 948 3483 999 ventum
3508 949 3616 1009 est,
3639 960 3755 1001 vere

2117 1031 2366 1087 infantis
2394 1032 2653 1103 vagitum
2712 1049 2839 1088 esse
2896 1032 3169 1104 percepit.
3217 1032 3519 1087 Submotis
3578 1032 3758 1103 itaque

2121 1119 2324 1175 leviter
2355 1120 2554 1192 paleis,
2586 1138 2719 1177 eum
2752 1122 3022 1188 illaesum,
3046 1120 3352 1189 risibilem,
3376 1125 3433 1177 et
3463 1122 3630 1177 bona:
3665 1123 3758 1177 ha-

2126 1208 2429 1278 bitudinis,
2463 1210 2720 1284 Virginis
2749 1211 2965 1277 Mariae,
2990 1215 3047 1265 et
3076 1212 3133 1266 S.
3161 1211 3409 1267 Joannis
3435 1210 3757 1283 gratia,non

2127 1299 2253 1353 sine
2284 1300 2538 1355 maxima
2568 1300 2975 1367 admiratione,
3009 1300 3272 1373 gaudens
3307 1304 3365 1355 et
3408 1300 3580 1355 laetus
3610 1316 3762 1356 cons-

2127 1388 2285 1458 picit.
2324 1389 2461 1444 Inde
2487 1389 2819 1455 sublevans,
2850 1389 3244 1461 osculansque
3291 1389 3516 1455 crebro,
3550 1390 3623 1444 ad
3672 1406 3760 1461 pa-

2127 1482 2321 1533 rentes
2352 1494 2489 1533 suos
2520 1494 2719 1544 ovans,
2751 1482 2807 1533 et
2836 1478 2975 1533 Jesu
3007 1478 3227 1549 gratias
3256 1494 3456 1549 agens,
3491 1478 3716 1533 detulit.

2195 1568 2319 1621 293.
2354 1568 2535 1630 Quem
2564 1567 2659 1623 ubi
2692 1566 2943 1638 primum
2974 1572 3242 1638 parentes
3273 1582 3649 1638 conspexere,
3680 1568 3760 1621 la-

2127 1654 2553 1728 titialacrymis
2609 1655 2848 1723 obortis,
2880 1655 2940 1710 in
2996 1655 3194 1711 oscula
3251 1661 3467 1722 ruunt;
3511 1655 3613 1711 ille
3642 1672 3762 1711 vero

2127 1743 2303 1799 veluti
2334 1746 2405 1799 ad
2438 1749 2604 1801 notos
2631 1744 2897 1800 alludens
2930 1746 3207 1814 [amorem
3241 1744 3765 1815 reddidit].Tantus

2127 1833 2290 1904 vigor
2320 1833 2378 1888 in
2412 1832 2531 1899 illo,
2551 1838 2607 1889 et
2636 1833 2826 1888 dulcis
2850 1832 3201 1890 blandientis
3233 1833 3474 1889 infantis
3497 1834 3661 1888 risus
3681 1850 3765 1904 ap-

2130 1921 2343 1992 paruit,
2367 1925 2431 1976 ut
2450 1926 2613 1993 pater
2632 1923 2852 1994 ingenti
2876 1920 3135 1995 repletus
3157 1922 3368 1993 gaudio
3393 1922 3628 1993 [fueritz
3655 1924 3763 1995 qui]

2126 2009 2356 2079 inquit:
2391 2011 2461 2064 Mi
2496 2010 2598 2074 fili,
2632 2026 2807 2083 quem
2836 2010 2924 2066 vel
2957 2010 3277 2080 sublatum,
3311 2010 3397 2066 vel
3430 2010 3765 2066 laniatuma

2131 2099 2266 2153 feris
2298 2099 2600 2169 putabam,
2634 2099 2811 2154 talem
2844 2100 2942 2169 (te)
2984 2099 3321 2171 conspicio?
3349 2099 3510 2166 Quis,
3545 2100 3630 2154 mi
3674 2098 3763 2167 ﬁli,

2128 2192 2181 2242 te
2212 2188 2357 2242 mihi
2388 2188 2459 2243 ad
2492 2188 2641 2243 hanc
2672 2188 2874 2243 horam
2916 2188 3203 2243 deduxit?
3233 2186 3395 2244 Unde
3425 2188 3609 2244 datur
3631 2187 3766 2244 mihi

2128 2292 2229 2330 ora
2258 2277 2429 2347 tueri,
2454 2280 2606 2343 nate,
2630 2276 2856 2332 tua?Te
2881 2281 3108 2333 tantum
3121 2278 3297 2350 Virgo
3310 2278 3510 2345 Maria,
3526 2286 3587 2333 et
3604 2279 3770 2333 Joano

2130 2381 2235 2420 nes
2265 2365 2645 2421 beatissimus
2674 2367 2731 2421 in
2754 2366 2911 2421 hunc
2933 2382 3231 2422 servavere
3253 2367 3408 2423 diem
3435 2384 3447 2433 ;
3493 2368 3583 2423 sic
3606 2368 3771 2439 equi-

2130 2456 2284 2522 dem,
2320 2456 2400 2510 mi
2436 2455 2539 2521 fili,
2572 2456 2854 2511 ducebam
2887 2455 3103 2519 animo,
3134 2457 3416 2527 rebarque
3466 2457 3770 2523 futurum;

2130 2560 2234 2599 nec
2267 2561 2359 2599 me
2387 2545 2527 2600 Jesu
2558 2545 2771 2601 Christi
2803 2545 3010 2616 gratia,
3046 2560 3177 2600 mea
3219 2560 3378 2611 cura,
3408 2544 3625 2600 fefellit.
3664 2546 3773 2599 ‘Vix

2129 2633 2250 2687 haec
2280 2634 2454 2688 verba
2483 2634 2758 2697 ediderat,
2793 2634 2949 2704 quod
2980 2634 3060 2703 (id
3086 2637 3167 2689 est
3194 2635 3350 2705 cum)
3383 2634 3647 2689 additum
3696 2636 3773 2689 est

2125 2722 2315 2777 verbis
2343 2722 2691 2777 miraculum
2725 2739 2738 2778 :
2769 2738 2903 2777 nam
2927 2722 3259 2793 infans,qui
3278 2721 3369 2777 vix
3390 2722 3769 2778 balbutiendo

2128 2827 2339 2867 nomen
2363 2811 2548 2883 patris
2568 2811 2730 2883 prius
2754 2812 3124 2883 exprimeret,
3148 2812 3304 2867 clara
3322 2826 3458 2867 voce
3480 2811 3656 2882 quidq
3676 2812 3770 2866 uid

2129 2905 2290 2974 pater
2320 2900 2561 2968 dixerat,
2596 2900 2966 2962 affirmabat;
3022 2902 3316 2972 quomodo
3372 2900 3549 2972 Virgo
3590 2901 3771 2956 Maria

2127 3007 2260 3046 eum
2314 2989 2645 3057 lactaverat,
2698 2990 3004 3055 nutrierat,
3049 2994 3509 3047 conservaverat.
3551 2989 3767 3045 Deinde

2127 3078 2428 3135 conticuit.
2461 3080 2591 3135 Mox
2620 3082 2789 3135 Pater
2816 3079 2957 3135 Jesu
2988 3079 3209 3151 gratias
3249 3093 3451 3151 agens,
3488 3078 3763 3150 inclytam

2127 3168 2307 3224 aedem
2341 3168 2411 3222 ad
2444 3166 2702 3240 Virginis
2731 3168 2945 3239 Mariae,
2978 3168 3283 3238 sanctique
3319 3167 3564 3223 Joannis
3592 3168 3762 3222 decus

446 3256 571 3309 201.
606 3256 889 3313 Caeterum
920 3258 1307 3327 trituratores,
1338 3261 1518 3332 hujus
1548 3260 1629 3316 rei
1663 3259 1896 3331 penitus
1939 3256 2020 3328 ig-
2050 3238 2093 3308 C
2130 3257 2385 3313 dedicari
2403 3238 2617 3327 jussit;
2651 3257 2867 3328 praadia
2895 3257 3071 3313 etiam
3105 3255 3385 3312 nonnulla
3412 3256 3550 3311 huic
3571 3256 3628 3311 S.
3655 3256 3762 3311 Ma-

375 3344 523 3412 nari,
558 3344 837 3403 infantem
897 3366 1013 3403 una
1069 3366 1200 3405 cum
1262 3351 1463 3423 paleis,
1493 3340 1703 3423 ligneis
1753 3347 1931 3403 furcis
1963 3351 2019 3403 et

375 3433 504 3489 aliis
535 3436 715 3490 armis
755 3452 857 3492 seu
888 3437 1317 3512 instrumentis,
1352 3440 1455 3496 tali
1488 3439 1716 3512 negotio
1749 3454 2014 3494 necessa-

375 3522 498 3590 riis,
534 3523 592 3577 in
623 3526 948 3597 tugurium,
980 3528 1078 3582 ubi
1142 3528 1307 3600 palea
1347 3531 1698 3589 reconditur,
1731 3529 2015 3585 suffocan-

370 3613 459 3663 tes
490 3609 890 3668 intruserunt:
923 3614 1057 3669 inde
1088 3615 1287 3670 nutrix
1336 3616 1585 3686 rediens,
1620 3619 1677 3670 et
1705 3615 2011 3681 infantem,

371 3713 488 3769 quo
518 3697 580 3753 in
613 3698 737 3756 loco
770 3707 1063 3773 posuerat,
1097 3703 1339 3759 minime
1388 3705 1706 3775 reperiens,
1741 3704 1799 3757 in
1840 3704 2012 3757 ﬂetus

370 3786 642 3843 muliebri
676 3806 836 3845 more
866 3792 1152 3864 prorupit.
1202 3792 1404 3847 Statim
1456 3792 1819 3847 sciscitantes
1861 3791 2011 3846 ruri-

373 3875 830 3948 colae,quidnam
863 3881 1282 3952 esset,cognita
1312 3898 1509 3948 causa,
1529 3886 1593 3936 ut
1620 3880 1775 3935 illico
1807 3880 2011 3947 abiret,

370 3964 745 4035 consuluere.
774 3967 876 4022 Illa
906 3967 1123 4039 itaque,
1154 3969 1335 4025 verita
1365 3972 1584 4041 pejora,
1615 3971 1811 4041 fugam
1836 3968 2013 4023 Arizi-

374 4069 474 4107 um
510 4054 655 4123 (210)
686 4071 890 4110 versus
922 4057 1140 4111 cursim
1173 4058 1436 4128 arripuit.
1462 4058 1568 4112 Ubi
1601 4062 1795 4112 autem
1829 4058 1899 4112 ad
1924 4057 2017 4112 he-

376 4141 424 4194 ri
457 4157 648 4206 aures,
682 4144 969 4199 nutricem
1000 4160 1135 4199 cum
1170 4144 1286 4200 filio
1319 4146 1552 4213 abiisse,
1585 4146 1863 4218 pervenit,
1898 4146 2015 4217 pri-

380 4244 543 4282 mum
577 4245 704 4284 eam
723 4247 826 4302 per
847 4248 984 4287 suos
1012 4233 1177 4304 sequi
1195 4238 1438 4289 conatur
1456 4252 1469 4302 ;
1485 4251 1685 4290 verum
1706 4240 2015 4307 postquam

379 4316 438 4369 id
469 4316 685 4374 frustra
709 4319 837 4386 fuit,
860 4321 1125 4377 divinum
1149 4323 1353 4379 statuit
1372 4324 1651 4379 auxilium
1668 4325 2014 4396 implorare;

377 4421 445 4461 eo
474 4404 628 4462 illico
658 4408 773 4464 tale
801 4410 997 4466 emisit
1027 4416 1225 4467 votum
1251 4429 1262 4466 :
1315 4414 1491 4485 Virgo
1536 4414 1720 4469 Maria
1746 4414 2017 4470 dulcissi-

383 4511 498 4561 ma,
533 4498 789 4555 nominis
820 4500 1134 4557 Christiani
1165 4502 1337 4558 unica
1358 4520 1511 4574 spes,
1546 4504 1893 4559 miserorum
1926 4520 2015 4559 re;

2128 3345 2224 3401 riae
2251 3346 2605 3402 monasterio
2663 3346 2814 3401 dono
2871 3345 3049 3409 dedit,
3101 3361 3228 3417 quae
3287 3345 3543 3417 propriis
3571 3344 3761 3416 aspexi

2126 3434 2347 3491 oculis:
2382 3451 2517 3490 nam
2550 3433 2671 3489 haec
2698 3432 2957 3506 Virginis
2986 3434 3179 3489 Maria
3228 3435 3378 3489 aedes
3418 3449 3453 3489 a
3482 3434 3539 3489 S.
3573 3433 3761 3489 Hilaro

2126 3524 2291 3579 abest
2317 3524 2432 3580 fere
2462 3540 2565 3595 per
2592 3524 2707 3579 duo
2737 3523 2922 3579 millia
2981 3539 3266 3595 passuum
3314 3522 3608 3579 Orientem
3641 3538 3759 3578 ver-

2125 3630 2226 3669 sus
2252 3632 2265 3679 ;
2290 3614 2393 3683 jus
2423 3614 2593 3683 cujus
2620 3612 2877 3669 ecclesia:
2918 3614 3093 3669 etiam
3143 3612 3253 3668 hac
3281 3616 3483 3668 nostra
3508 3618 3755 3684 tempes—

2124 3706 2240 3758 tate
2270 3703 2448 3773 hujus
2476 3707 2532 3757 S.
2568 3703 2752 3757 Marias
2786 3702 3125 3758 monasterii
3157 3705 3386 3758 constat
3414 3718 3563 3758 esse.

2102 3789 2121 3797 ”
2193 3794 2317 3847 294.
2347 3792 2508 3860 Quis,
2541 3809 2573 3847 ο
2606 3794 2755 3848 bone
2782 3792 2957 3847 Jesul
2992 3797 3111 3848 tam
3143 3792 3351 3848 obtuso
3379 3792 3749 3865 ingenio,tam

2123 3882 2303 3953 impio
2334 3882 2467 3953 (est)
2518 3880 2733 3950 animo,
2796 3883 2895 3954 qui
2950 3898 3065 3937 non
3122 3885 3198 3951 te,
3231 3882 3477 3938 Domine
3507 3882 3670 3949 Jesu,
3699 3880 3751 3935 in

2126 3971 2354 4026 Sanctis
2385 3970 2502 4025 tuis
2534 3969 2849 4038 extolleret,
2874 3987 3011 4026 cum
3030 3970 3255 4042 accipit,
3276 3970 3448 4037 videt,
3473 3969 3757 4041 experitur

2124 4059 2440 4123 interdum,
2475 4064 2615 4129 quot
2644 4063 2935 4129 quantave
2986 4058 3250 4131 prodigia
3307 4072 3410 4130 per
3450 4058 3616 4129 ipsos
3640 4057 3755 4113 ubi-

2128 4164 2240 4219 que
2269 4152 2559 4202 terrarum
2586 4144 3387 4217 opereris,boneJesu,etiam
3418 4148 3756 4219 tempestate

2129 4237 2359 4292 nostra!
2398 4236 2543 4290 Nam
2576 4236 2839 4306 quidam,
2882 4235 3140 4291 Joannes
3189 4234 3447 4300 nomine,
3480 4236 3556 4289 de
3610 4231 3754 4299 villa,

2128 4341 2305 4397 quam
2336 4324 2606 4397 vulgares
2635 4328 2694 4379 et
2722 4324 2933 4396 plebeii
2962 4324 3278 4380 Fornaeem
3324 4322 3640 4396 appellant,
3667 4337 3755 4377 ex-

2129 4414 2407 4471 stitit.Hic
2422 4414 2694 4485 equidem
2713 4429 2873 4469 more
2884 4429 3208 4487 pauperum
3225 4416 3617 4486 etegencrum.
3630 4425 3754 4467 cum

2129 4521 2297 4559 suam
2327 4503 2507 4559 vitam
2540 4519 2710 4575 parce
2740 4518 2807 4557 ac
2834 4502 3084 4559 dulciter
3102 4506 3315 4575 ageret,
3348 4503 3750 4571 carboneeque,

378 4586 627 4657 fugium,
652 4586 1046 4645 desolatorum
1078 4590 1374 4659 solatium,
1408 4610 1441 4647 a
1489 4609 1605 4663 qua
1650 4598 1857 4648 cuncta
1888 4609 2016 4664 pro-
2051 4608 2096 4673 Β
2129 4593 2199 4648 ad
2234 4593 2385 4647 terra
2412 4592 2547 4665 igne
2599 4592 2945 4661 edomanda,
3005 4596 3063 4647 et
3098 4590 3159 4646 in
3188 4590 3349 4647 varia
3375 4590 3750 4646 instrumenta

376 4674 619 4730 veniunt
644 4678 795 4734 bona
822 4722 834 4746 ,
869 4683 925 4733 et
953 4683 1015 4734 tu
1047 4680 1302 4736 Joannes
1350 4680 1705 4750 beatissime,
1755 4682 1932 4737 decus
1963 4685 2019 4737 et
2130 4682 2458 4747 conﬂanda,
2493 4681 2798 4736 conficeret
2826 4680 3120 4752 (horresco
3146 4680 3427 4747 reiereus)
3464 4683 3531 4735 ut
3562 4688 3749 4751 parum

377 4763 566 4820 honor
596 4782 710 4821 non
771 4767 960 4822 solum
1010 4769 1174 4824 urbis
1234 4774 1469 4835 nostra},
1523 4786 1721 4826 verum
1755 4775 1811 4826 et
1840 4770 2018 4826 totius

378 4852 885 4924 provincias,vobis
916 4856 1144 4913 duobus
1172 4873 1368 4924 voveo,
1395 4859 1698 4916 ecclesiam
1724 4863 2019 4915 construc-

378 4944 505 4994 tum
534 4941 639 5007 ire,
669 4960 845 5014 quam
880 4945 1111 5015 pradiis
1141 4946 1387 5018 aliisque
1417 4947 1587 5003 bonis
1616 4947 1833 5018 ditabo,
1869 4949 1916 5003 si
1953 4949 2015 5002 fi-

378 5027 523 5083 lium
557 5046 752 5086 meum
786 5032 1057 5088 invenero
1089 5033 1325 5106 [vivum]
1355 5036 1442 5091 vel
1474 5037 1835 5092 defunctum.

447 5119 571 5173 292.
607 5119 717 5175 Res
744 5121 923 5175 mira!
946 5138 1056 5176 non
1085 5121 1256 5195 longo
1279 5125 1412 5181 dato
1435 5124 1762 5193 intervallo,
1784 5140 1917 5180 cum
1951 5142 2019 5181 ex

379 5205 617 5262 famulis
644 5208 884 5279 quidam
908 5210 981 5264 ad
1012 5210 1206 5282 paleas
1229 5213 1572 5268 deferendas
1603 5215 1681 5269 ob
1702 5212 1848 5269 lecta
1868 5214 2016 5285 (211)

380 5296 693 5350 sternenda
721 5297 903 5365 iisset,
939 5297 1128 5353 visum
1182 5305 1270 5356 est
1318 5302 1451 5371 sibi,
1486 5301 1725 5358 infantis
1756 5302 2015 5374 vagitum

379 5380 635 5451 audisse,
666 5401 871 5442 verum
898 5387 957 5442 in
988 5387 1195 5459 primis
1225 5390 1309 5445 vel
1343 5390 1600 5446 murium
1650 5390 1737 5447 vel
1768 5390 2016 5450 aliorum

448 5542 598 5613 (210)
630 5544 795 5626 Forte
820 5547 943 5603 vult
972 5548 1162 5626 dicere
1191 5551 1457 5626 Aretium,
1488 5549 1661 5621 vulgo
1691 5552 1910 5623 Aram,
1943 5554 2014 5610 de

377 5630 493 5685 quo
525 5630 702 5686 supra
734 5619 791 5671 in
824 5619 1113 5675 annotatis
1143 5625 1337 5676 actum
1371 5628 1477 5677 est.

2129 4770 2428 4842 cautus,in
2452 4770 2721 4825 ardentes
2737 4770 3368 4843 ignivomosquerogcs
3387 4773 3757 4840 totondi-pere

2130 4859 2438 4931 prolapsus
2469 4861 2574 4914 est.
2600 4859 2705 4923 Qui
2729 4874 2862 4913 cum
2891 4864 3067 4930 esset,
3092 4864 3157 4914 ut
3188 4858 3307 4931 igni
3336 4857 3522 4914 voraci
3543 4867 3756 4913 verum

2126 4951 2242 5015 tur,
2275 4947 2428 5004 illico
2458 4947 2649 5021 inquit
2676 4964 2691 5003 :
2724 4946 2898 5020 Virgo
2920 4946 3120 5016 Maria,
3137 4946 3605 5020 tuqueJoannes‘
3628 4945 3757 4999 bes.

2128 5036 2378 5104 tissime,
2409 5036 2554 5092 mihi
2593 5037 2831 5108 misero,
2862 5036 2922 5091 in
2960 5040 3122 5092 tanto
3170 5035 3397 5107 talique
3428 5032 3757 5091 discrimine

2128 5125 2337 5198 posito,
2372 5142 2491 5193 oro,
2526 5125 2723 5182 feratis
2753 5140 2960 5196 opem;
2993 5128 3059 5180 et?
3091 5138 3200 5195 ego
3248 5123 3555 5196 utriusque
3586 5122 3750 5179 adem

2121 5215 2379 5286 jejunus,
2412 5214 2705 5285 nudisque
2734 5214 2999 5287 pedibus
3032 5213 3273 5269 visitare
3320 5213 3595 5285 sategebc
3630 5212 3754 5282 (legs

2127 5308 2413 5376 satagam.
2447 5302 2730 5358 Mirabilis
2762 5302 2917 5359 Deus
2945 5303 2958 5358 ι
2994 5304 3088 5358 vix
3134 5302 3409 5360 emiserat
3445 5306 3660 5363 votum,
3689 5301 3753 5351 ut

2126 5393 2251 5465 ipse
2284 5393 2493 5449 referre
2523 5391 2731 5450 solitus
2760 5396 2903 5460 erat,
2934 5407 3070 5449 cum
3120 5391 3321 5450 statim
3369 5391 3541 5448 δικάστ-
3584 5386 3749 5461 ignis,

2126 5553 2365 5634 adhi_bet
2392 5556 2627 5634 Auctor.
2685 5553 2839 5634 qugd
2898 5565 3194 5634 ηυβιιξιεω
3225 5551 3427 5634 erat}
3456 5543 3753 5634 aqua???

2122 5626 2277 5695 apud
2307 5621 2857 5698 scriptoresmediaa
2881 5627 2937 5698 et
2979 5621 3538 5698 in'fi‘mazlatinitatis
3568 5621 3754 5677 ladem

451 5686 592 5757 (211)
627 5688 842 5745 Lectum
868 5689 924 5746 in
961 5695 1163 5748 neutro
1190 5707 1398 5763 genere
1426 5708 1529 5765 pro
1561 5693 1885 5751 masculino
1917 5694 2011 5751 hic
2118 5686 2350 5754 sitatam:
2377 5686 2482 5770 pro
2509 5695 2861 5755 lectisternio
2888 5695 3239 5755 inveniatur.
