4002 6170
245 400 368 466 925

1840 402 2065 468 ACTA.

3522 401 3640 465 926

243 534 466 593 oblitus
496 539 718 593 natura
751 554 890 606 suae,
910 537 1077 611 quasi
1108 555 1202 595 ros
1219 538 1487 595 efﬁcitur.
1512 535 1610 594 Ille
1640 536 1794 594 illico
1817 554 1885 593 ex
1914 538 1969 604 Α
2000 535 2221 612 Virgini
2255 535 2447 594 Marias
2497 555 2648 595 curae
2678 537 2776 610 sit,
2807 543 2863 595 et
2890 537 2991 595 ubi
3037 537 3209 612 plura
3254 534 3536 594 beneficia
3567 534 3638 592 ab

241 625 377 699 igne
408 626 741 697 prosiliens,
771 627 990 684 nullam
1019 645 1227 700 passus
1261 629 1747 694 combustionem,
1781 644 1888 683 nec

241 716 345 787 pili
400 715 658 786 quidem,
693 719 913 789 Jesum,
948 718 1246 791 Virginem
1289 717 1554 784 Mariam,
1589 721 1888 773 sanctum-

240 821 358 876 que
389 804 675 861 Joannem
709 807 1000 862 laudando
1030 807 1244 879 expleri
1277 809 1572 880 nequibat.

312 895 440 950 295.
475 895 634 959 Inde,
669 900 733 951 ut
763 896 872 952 sibi
903 899 1074 952 eundi
1101 897 1265 970 copia
1285 899 1420 953 data
1449 901 1556 967 est,
1577 902 1888 968 utramque

236 984 446 1051 aedem,
472 985 622 1039 hanc
650 984 889 1050 scilicet,
923 991 978 1042 et
1014 987 1174 1042 illam
1208 987 1382 1042 aliam
1397 987 1646 1060 Virginis
1668 984 1885 1049 Maria,

239 1089 370 1144 quae
391 1073 548 1128 intra
571 1073 864 1130 Casentini
890 1082 1114 1132 montes
1141 1080 1197 1132 et
1225 1077 1399 1148 Alpes
1433 1081 1630 1132 nostra
1660 1091 1885 1130 memo-
1905 1093 1919 1102 '

237 1162 331 1217 ria
354 1167 690 1218 constructa
708 1168 822 1231 est;
849 1166 1046 1237 dequa
1069 1167 1368 1238 (quoniam
1388 1166 1457 1220 ad
1481 1167 1589 1221 hoc
1611 1181 1712 1237 per
1731 1164 1888 1219 hunc

238 1251 554 1306 ruricolam
603 1252 971 1325 devenimus)
1023 1272 1135 1310 non
1193 1255 1501 1327 indignum
1551 1255 1742 1310 visum
1798 1257 1889 1308 est

235 1338 527 1412 [quaedam
563 1339 774 1408 dicere,
806 1344 885 1412 et]
914 1344 1260 1410 describere,
1290 1344 1464 1412 unde,
1490 1361 1604 1415 quo
1627 1348 1890 1413 tempore

237 1428 475 1500 incepta
497 1429 592 1498 sit,
616 1432 681 1484 ut
709 1431 781 1486 ab
805 1429 894 1486 his
920 1433 1271 1503 accepimus,
1292 1433 1388 1504 qui
1415 1433 1704 1489 aniculam
1728 1431 1886 1488 illam

238 1533 422 1588 super
453 1519 559 1572 hcc
590 1533 908 1574 convenere
934 1520 1168 1592 smpius,
1193 1522 1285 1576 cui
1311 1522 1486 1594 Virgo
1509 1521 1691 1577 Maria
1710 1538 1886 1593 appa-

238 1621 370 1662 rere
399 1605 639 1678 dignata
667 1612 775 1662 est.
811 1608 959 1663 Illud
994 1609 1148 1664 idem
1181 1609 1444 1665 indicant
1464 1610 1698 1666 annalia
1718 1611 1885 1681 (212);

237 1695 508 1750 indicant
536 1699 593 1749 et
627 1695 886 1768 pictusa,
920 1713 1050 1767 qua:
1081 1699 1365 1753 memoria
1393 1703 1450 1753 et
1479 1697 1755 1768 religione
1787 1714 1887 1769 pa-

240 1788 406 1839 trum
428 1782 709 1839 hactenus
742 1784 800 1838 in
823 1785 1058 1840 dextero
1076 1802 1263 1840 cornu
1290 1784 1489 1839 altaris
1517 1784 1889 1856 conspiciun-

242 1876 360 1927 tur.
395 1875 681 1926 Praeterea
730 1872 967 1927 additur
997 1873 1078 1928 rei
1129 1872 1502 1928 miraculum.
1537 1873 1682 1928 Cum
1731 1873 1886 1928 enim
1920 1907 1967 1973 Β

242 1961 534 2033 templum
568 1959 713 2016 illud
754 1960 848 2015 bis
879 1961 1280 2032 superioribus
1327 1962 1498 2017 annis
1531 1963 1888 2035 conﬂagras-

237 2055 352 2118 set,
387 2048 669 2121 parietem
701 2048 870 2105 illum
902 2050 1056 2122 ignis
1104 2051 1260 2106 haud
1294 2055 1383 2106 est
1413 2068 1595 2107 ausus
1639 2053 1886 2123 attinge-

239 2156 322 2208 re,
357 2138 457 2193 ubi
490 2138 674 2209 hujus
701 2137 905 2210 templi
937 2139 1098 2212 origo
1125 2139 1184 2194 in
1219 2139 1484 2210 picturis,
1518 2144 1583 2194 ut
1611 2139 1888 2206 diximus,

247 2227 438 2284 oculis
469 2226 876 2299 aspicientium
909 2228 1132 2284 occurit
1160 2228 1369 2284 adhuc.
1395 2230 1581 2294 Quid?
1608 2232 1750 2284 Cum
1781 2246 1886 2286 cas-

237 2321 366 2372 tera
395 2317 716 2386 saxa(nam
748 2315 868 2371 illic
901 2333 1174 2372 saxorum
1197 2318 1407 2390 ingens
1425 2319 1593 2390 ecpia
1619 2319 1728 2389 est)
1761 2319 1890 2389 igne
1930 2355 1938 2364 -

238 2404 428 2460 scissa
455 2409 516 2460 et
543 2404 602 2459 in
653 2404 950 2476 pulverem
999 2406 1234 2462 redacta
1266 2412 1422 2472 sunt,
1457 2406 1597 2461 illud
1635 2411 1888 2478 tantum,

236 2493 295 2549 in
333 2509 450 2564 quo
485 2492 658 2564 Virgo
689 2492 871 2548 Maria
896 2494 1098 2549 sedere
1127 2494 1369 2565 dignata
1393 2500 1504 2563 est,
1539 2495 1786 2551 illaisum
1818 2496 1891 2550 ab

229 2583 378 2656 igne
409 2598 514 2653 pro
547 2581 826 2638 miraculo
875 2587 1282 2638 conservatum
1315 2589 1423 2639 est.
1475 2589 1550 2638 De
1579 2585 1750 2656 cujus
1780 2585 1890 2640 loci

227 2672 357 2728 situ
399 2687 589 2742 pauca
620 2672 784 2742 prius
829 2670 1196 2742 explananda
1243 2677 1398 2742 sunt,
1431 2689 1607 2743 quam
1657 2672 1891 2728 initium

229 2759 520 2816 narrandi
551 2760 782 2815 faciam.

304 2848 436 2903 296.
472 2848 534 2903 In
567 2847 860 2904 Casentini
913 2848 1178 2921 partibus
1225 2850 1508 2922 oppidum
1539 2855 1648 2916 est,
1682 2851 1770 2907 vel
1803 2867 1892 2907 re-

233 2936 400 2994 ctius
429 2937 621 2994 dicam
666 2937 825 3003 villa,
857 2954 1038 3009 quam
1077 2937 1186 2994 loci
1235 2938 1434 2994 incolae
1483 2939 1680 2995 dixere
1707 2939 1892 2996 Stiam

232 3027 415 3098 (243),
446 3043 482 3082 a
510 3043 629 3097 qua
658 3025 1024 3083 Occidentem
1057 3044 1261 3083 versus
1314 3029 1479 3085 abest
1511 3045 1679 3084 mons
1711 3030 1892 3084 ferme

231 3120 372 3173 octo
393 3115 581 3171 millia
603 3131 910 3187 passuum,
931 3134 965 3173 a
987 3133 1100 3188 quo
1131 3117 1318 3174 oritur
1339 3119 1556 3174 ﬂumen
1580 3135 1613 3174 a
1633 3122 1888 3190 septem-

227 3204 480 3262 trionali
527 3204 718 3278 plaga,
752 3204 984 3262 nomine
1034 3207 1269 3273 Arnus;
1301 3208 1398 3262 sed
1437 3223 1505 3262 ex
1553 3222 1620 3260 eo
1669 3207 1882 3277 medio,

1998 627 2126 697 ipsa
2157 627 2389 700 Virgine
2415 630 2786 684 conferantur
2809 627 3178 699 mortalibus,
3198 632 3254 683 et
3275 626 3401 700 ipsa
3432 624 3642 681 merito

1997 717 2200 772 devote
2272 717 2588 773 honorifice
2669 722 2985 790 sancteque
3045 717 3291 782 colatur,
3349 715 3529 771 veluti
3583 714 3645 769 in

1998 807 2254 874 Etruria,
2284 813 2340 865 et
2391 811 2712 882 praasertim
2746 811 2806 865 in
2839 827 2906 866 ea
2936 814 3118 882 parte,
3169 825 3296 881 qua:
3329 825 3362 863 a
3415 805 3644 862 Floren-

1997 896 2136 952 tinis
2186 897 2452 954 habetur.
2481 898 2697 955 Verum
2747 916 2902 954 nunc
2934 899 3004 955 ad
3036 898 3422 970 propositum.
3457 894 3642 966 Igitur

1996 983 2106 1040 hoc
2155 991 2415 1060 tempore
2465 990 2599 1044 anui
2671 989 2902 1044 cuidam
2970 987 3358 1043 devotissimus
3409 984 3639 1040 femina:

1995 1075 2227 1131 Joannes
2253 1079 2506 1147 nomine,
2525 1078 2753 1134 sarculo
2771 1094 3019 1150 granum
3045 1076 3320 1131 frumenti
3341 1070 3648 1146 purganti,

1995 1165 2170 1238 Virgo
2202 1167 2404 1233 Maria,
2439 1168 2537 1223 ubi
2571 1184 2724 1222 nunc
2745 1167 2987 1224 ecclesia
3014 1166 3299 1222 aediﬁcata
3329 1167 3435 1232 est,
3461 1179 3638 1234 appa-

1998 1254 2133 1324 ruit,
2168 1272 2304 1310 saxo
2323 1258 2576 1329 desuper
2604 1257 2836 1321 sedens,
2858 1257 3035 1328 quod,
3056 1260 3121 1310 ut
3151 1271 3330 1325 supra
3359 1251 3642 1318 diximus,

1997 1345 2118 1400 aede
2150 1344 2450 1417 flagrante,
2489 1345 2708 1400 meritis
2741 1345 2929 1416 ipsius
2959 1345 3155 1400 Mariae
3205 1341 3462 1414 Virginis
3494 1339 3639 1395 mire

1998 1450 2116 1488 una
2145 1450 2278 1489 cum
2304 1434 2658 1504 quibusdam
2681 1433 2922 1505 picturis
2948 1432 3192 1487 illaesum
3215 1434 3506 1487 servatum
3531 1432 3639 1484 est.

1996 1521 2213 1578 Verum
2245 1523 2532 1594 apparitio
2562 1523 2698 1579 talis
2728 1523 2858 1578 fuit.
2883 1522 3028 1577 Cum
3061 1521 3217 1576 enim
3251 1523 3460 1591 praeter
3491 1521 3641 1574 aeris

1999 1625 2241 1678 morem,
2275 1617 2339 1666 ut
2365 1629 2544 1683 supra
2573 1613 2796 1667 dictum
2831 1616 2940 1677 est,
2965 1609 3181 1682 copiosi
3206 1609 3505 1679 subitique
3535 1607 3643 1662 im-‘

1998 1700 2130 1755 bres
2179 1701 2234 1754 vi
2278 1708 2584 1758 ventorum
2641 1700 2838 1755 omnia
2870 1699 2984 1756 late
3030 1697 3387 1754 vastantium
3421 1714 3451 1754 e
3499 1696 3642 1752 coelo

1999 1787 2453 1854 dimitterentur,
2490 1789 2589 1861 qui
2620 1793 2759 1844 tunc
2789 1790 2849 1843 in
2899 1789 3056 1859 agris
3083 1791 3270 1852 erant,
3303 1786 3402 1842 alii
3451 1791 3640 1857 antra,

2000 1876 2095 1933 alii
2127 1878 2363 1950 tuguria
2392 1879 2460 1934 ad
2493 1877 2608 1933 vim
2641 1895 2806 1950 aqua:
2837 1876 3208 1933 devitandam
3242 1878 3521 1947 peterent,
3555 1891 3642 1930 se-

1999 1982 2270 2037 cumque,
2307 1965 2388 2021 uti
2413 1984 2537 2021 mos
2568 1969 2675 2036 est,
2701 1966 2850 2022 alter
2871 1965 3036 2022 alteri
3059 1965 3274 2020 diceret
3298 1981 3310 2018 :
3345 1963 3507 2020 Unde
3535 1963 3645 2019 hoc

1998 2053 2386 2110 infortunium
2401 2056 2512 2110 isto
2531 2072 2680 2110 anno
2700 2055 2866 2111 nobis
2886 2053 3118 2111 miseris
3139 2052 3488 2109 mortalibus
3508 2069 3648 2125 prae-

1999 2148 2087 2198 ter
2104 2145 2254 2199 aeris
2272 2161 2492 2199 morem
2513 2148 2568 2198 et
2597 2144 2988 2199 conditionem
3016 2141 3272 2198 accidit?
3293 2141 3440 2198 Proh
3467 2141 3646 2197 ﬁdem

2002 2232 2098 2286 Dei
2139 2241 2314 2302 atque
2366 2230 2710 2287 hominum!
2765 2232 2920 2303 quod
2954 2232 3001 2286 si
3053 2230 3151 2286 diu
3184 2230 3278 2284 hic
3327 2229 3560 2285 subitus
3589 2233 3648 2284 et

1999 2319 2220 2375 nimius
2252 2320 2439 2375 imber
2487 2319 2756 2391 perrexit,
2790 2318 3116 2391 peribimus
3168 2318 3452 2372 funditus.
3507 2317 3645 2372 Inde

2001 2408 2096 2464 alii
2123 2409 2424 2480 prosequi:
2451 2408 2612 2464 Unde
2634 2412 2824 2480 putas,
2847 2407 2957 2463 nisi
2975 2408 3126 2463 unde
3149 2407 3260 2461 dici
3287 2406 3450 2476 solet,
3467 2422 3646 2479 prop-

2001 2501 2087 2552 ter
2115 2505 2350 2568 peccata
2401 2497 2643 2553 veniunt
2689 2498 2978 2552 adversa?
3006 2496 3283 2551 Nostrum
3327 2499 3417 2550 est
3445 2495 3646 2568 igitur,

2000 2584 2202 2640 habita
2233 2585 2526 2657 imprimis
2572 2590 2905 2641 nostrorum
2938 2584 3221 2640 scelerum
3253 2601 3390 2639 vera
3418 2584 3646 2638 confes-

2001 2675 2181 2738 sione,
2215 2675 2354 2730 Jesu
2387 2674 2619 2744 Christi,
2651 2675 3027 2746 Virginisque
3056 2672 3247 2728 Maria:
3279 2670 3488 2727 matris
3516 2672 3645 2742 ejus

2001 2762 2279 2818 auxilium
2305 2763 2620 2834 inquirere,
2648 2761 2695 2818 si
2728 2763 2874 2818 forte
2895 2779 3002 2818 sua
3029 2761 3201 2816 solita
3231 2761 3443 2832 pietate
3475 2775 3642 2832 opem

2001 2851 2221 2908 tulerit.

2068 2943 2193 2997 298.
2226 2941 2374 2996 Dum
2425 2941 2546 2997 haec
2577 2945 2633 2997 et
2653 2939 2797 3008 alia,
2831 2945 2895 2995 ut.
2924 2939 3194 2995 voluntas
3251 2938 3380 3004 fert,
3405 2937 3639 3010 jactila-

1999 3029 2463 3095 rent,accidit,ut
2481 3047 2650 3092 anus,
2666 3045 2843 3100 quam
2866 3026 3446 3099 diximus,quoddam
3467 3025 3643 3082 etiam

1999 3117 2362 3189 tuguriolum
2411 3117 2637 3184 adierit,
2667 3117 2764 3171 ubi
2797 3116 2973 3189 Virgo
3005 3116 3189 3172 Maria
3216 3115 3316 3171 tali
3350 3115 3555 3171 habitu
3587 3119 3644 3170 et

2000 3207 2209 3278 specie,
2240 3211 2304 3261 ut
2335 3206 2462 3277 ipsa
2491 3206 2703 3262 referre
2726 3204 2896 3260 solita
2924 3209 3065 3271 erat,
3091 3219 3370 3276 apparere
3398 3204 3640 3275 dignata

231 3293 414 3365 quasi
441 3293 613 3351 collisa
628 3273 838 3362 oritur,
864 3293 1012 3350 satis
1041 3295 1100 3349 in
1121 3294 1479 3351 immensum
1513 3273 1882 3368 pertingens;
1915 3273 1958 3340 Ο
1995 3273 2102 3350 est.
2129 3273 2396 3348 Formam
2417 3293 2635 3364 itaque,
2658 3291 2744 3346 uti
2760 3289 3108 3345 venerabilis
3125 3273 3402 3344 matronae
3423 3273 3639 3356 velatae,

232 3381 489 3438 vestitur
499 3382 1214 3455 humillimisquercubus,
1228 3399 1330 3440 seu
1348 3383 1603 3452 ilicibus,
1641 3383 1888 3456 aliisque

229 3471 564 3543 generibus
576 3473 874 3538 arborum,
887 3489 1040 3544 quas
1053 3473 1270 3528 humus
1289 3473 1452 3528 arida
1466 3473 1695 3545 cingere
1718 3473 1885 3530 solet.

227 3559 432 3616 Locus
463 3560 718 3632 profecto
760 3561 957 3617 suavis
988 3565 1044 3616 et
1096 3579 1388 3617 amoenus.
1420 3562 1482 3617 In
1515 3562 1693 3632 hujus
1723 3561 1888 3618 collis

225 3665 390 3720 rupe
417 3649 678 3705 humano
728 3648 974 3704 artiﬁcio
1019 3649 1215 3720 potius
1243 3666 1418 3720 quam
1467 3655 1676 3706 natura
1708 3650 1888 3722 plani-

229 3739 358 3795 ties
386 3737 670 3806 cernitur,
705 3737 892 3796 muris
923 3737 979 3792 in
1013 3738 1204 3794 tribus
1232 3739 1321 3794 vel
1352 3743 1603 3810 quatuor
1631 3739 1889 3796 brachiis

221 3825 482 3883 elevatis
512 3826 773 3898 undique
801 3827 1206 3884 vestientibus.
1230 3827 1485 3884 Medium
1514 3832 1670 3884 tenet
1702 3829 1888 3884 eccle-

221 3917 325 3972 sia
355 3915 671 3983 horrenda,
709 3920 766 3976 et
798 3915 1078 3988 religione
1107 3915 1474 3988 dignissima,
1508 3918 1679 3988 cujus
1710 3916 1885 3973 talem

221 4008 469 4062 constat
497 4004 680 4061 fuisse
710 4005 1020 4077 originem.
1053 4007 1337 4077 Tempore
1359 4005 1589 4062 Martini
1623 4006 1785 4078 Papae
1816 4007 1884 4074 V,

223 4110 374 4150 cum
409 4093 767 4165 quibusdam
795 4093 1586 4152 simultatibusetdiscordiis
1608 4095 1886 4151 Florenti-

222 4184 353 4251 nis,
385 4188 514 4236 tum
545 4199 612 4238 ex
661 4199 729 4238 eo
761 4183 1061 4249 Pontifice,
1093 4188 1221 4239 tum
1253 4199 1319 4240 ex
1370 4184 1724 4255 quibusdam
1756 4183 1886 4239 aliis

220 4271 419 4328 variis
448 4270 664 4341 causis,
697 4274 762 4326 ut
790 4275 914 4325 tum
948 4272 1259 4336 ferebatur,
1290 4271 1493 4326 accitis
1522 4271 1739 4326 bellum
1772 4271 1887 4326 im-

225 4359 495 4415 mineret
536 4358 696 4430 (nam
743 4357 1050 4416 discordiis
1080 4363 1137 4414 et
1184 4357 1589 4414 simultatibus
1620 4358 1889 4414 incendia

226 4447 482 4504 urbium
497 4448 796 4520 ruinaque
813 4447 1092 4520 paulatim
1107 4447 1364 4518 aluntur)
1381 4447 1684 4520 insuperet
1708 4448 1887 4519 pestis

221 4537 576 4611 inguinaria
595 4536 1026 4610 quibusdamin
1056 4537 1198 4593 locis
1218 4537 1456 4608 vigeret,
1484 4535 1658 4591 etiam
1687 4551 1887 4608 pecca-

1992 3382 2254 3438 vestibus
2276 3381 2448 3436 etiam
2473 3378 2911 3436 candidissimis
2933 3378 3171 3442 indutae,
3199 3376 3461 3448 galerum
3484 3376 3643 3431 insu-

1996 3486 2099 3543 per
2111 3469 2300 3542 capite
2313 3467 2813 3532 sustinentis,etin
2829 3483 3005 3523 manu
3021 3464 3486 3536 libellum,quem
3502 3463 3644 3519 assi-

1999 3559 2111 3613 due
2140 3557 2387 3628 legebat,
2422 3556 2744 3628 conspicit;
2778 3557 2949 3626 cujus
2999 3555 3248 3610 adventu
3283 3569 3486 3609 omnes
3516 3551 3644 3608 coeli

1999 3645 2221 3702 nebulae
2255 3647 2552 3718 dissipatae
2570 3651 2728 3713 sunt,
2760 3645 2948 3700 imber
2979 3643 3249 3712 concidit,
3269 3640 3357 3698 sol
3387 3641 3458 3696 de
3485 3657 3644 3698 more

1997 3740 2206 3791 cuncta
2236 3736 2358 3791 suis
2393 3734 2571 3790 radiis
2602 3733 2934 3789 illustravit.
2962 3734 3102 3788 Cum
3132 3731 3316 3803 igitur
3345 3746 3494 3785 anus
3520 3729 3639 3800 illa,

1997 3826 2232 3895 perfusa
2248 3825 2504 3889 horrore,
2523 3823 3048 3896 venerabundaque
3061 3821 3366 3885 astitisset,
3384 3835 3489 3874 nec
3503 3834 3641 3874 con-

1996 3918 2086 3967 tra
2117 3915 2188 3968 ob
2218 3914 2589 3985 splendorem
2633 3911 2844 3967 intueri
2874 3910 3107 3976 valeret,
3138 3909 3310 3981 Virgo
3339 3907 3522 3963 Maria
3551 3907 3638 3962 in-

1998 4002 2126 4074 quit
2157 4020 2169 4056 :
2203 4003 2329 4072 Abi,
2374 4003 2580 4057 nuntia
2611 4001 2858 4073 plebano
2897 4000 3051 4066 Stiae,
3091 3997 3430 4068 ceterisque
3461 3995 3642 4051 finiti-

1998 4092 2131 4158 mis,
2149 4091 2332 4146 iilium
2359 4107 2553 4146 meum
2567 4089 3120 4160 Jesum,Dominum
3145 4085 3559 4156 nostrum,boc
3582 4084 3663 4139 in-

1996 4179 2120 4235 loco
2153 4180 2435 4251 templum
2471 4180 2615 4235 mibi
2647 4179 2824 4235 dicari
2860 4177 3024 4234 velle.
3055 4179 3417 4248 Quapropter
3437 4173 3485 4230 si
3516 4177 3638 4229 tan-

1997 4273 2115 4324 tam
2149 4269 2759 4340 cladem,tantamque
2801 4267 3084 4323 imbrium
3125 4264 3470 4321 etfusionem
3495 4261 3638 4318 etm-

1995 4372 2128 4430 gere
2158 4361 2214 4412 et
2243 4359 2482 4413 evadere
2511 4361 2732 4429 Optant,
2765 4357 2869 4412 edi
2907 4358 3112 4411 futurae
3156 4354 3390 4408 initium
3423 4367 3635 4408 mune-

1995 4446 2160 4501 ribus
2209 4450 2266 4502 et
2313 4447 2481 4503 donis
2531 4447 2843 4518 praebeant,
2894 4449 2952 4500 et
2993 4444 3102 4498 hoc
3149 4441 3450 4514 tugurium
3500 4455 3636 4494 cum

1997 4553 2166 4591 cruce
2193 4540 2248 4592 et
2282 4535 2493 4606 populo
2524 4536 2728 4590 devote
2760 4532 3032 4589 lustrent.

220 4627 312 4684 tis
345 4626 406 4681 id
439 4627 825 4699 exigentibus,
848 4626 1133 4697 repentini
1162 4625 1309 4697 largi
1341 4624 1589 4681 subitive
1619 4624 1836 4681 imbres
1859 4643 1888 4682 e
1918 4640 1964 4703 Ι)
2225 4624 2524 4679 Dubitanti
2556 4623 2755 4693 itaque
2785 4622 2922 4677 anui
2953 4626 3010 4676 et
3062 4636 3182 4673 rem
3215 4615 3522 4690 prolatanti
3556 4614 3636 4687 [id

222 4713 384 4771 caelo
415 4713 473 4769 vi
503 4719 834 4786 ventorum,
860 4715 956 4786 qui
991 4715 1190 4771 omnia
1218 4713 1606 4779 devastarent,
1642 4727 1707 4768 eo
1737 4731 1887 4769 anno

220 4803 698 4872 dimitterentur,
732 4819 835 4877 pro
867 4820 928 4859 se
961 4803 1212 4876 quisque
1238 4803 1440 4859 Jesum
1472 4801 1888 4874 Virginemque

221 4895 367 4966 ejus
401 4897 651 4950 matrem
682 4893 945 4963 Mariam,
979 4893 1066 4966 [ut
1094 4891 1503 4966 liberarentur]
1533 4909 1566 4947 a
1597 4895 1755 4947 tanto
1788 4908 1884 4964 pe-

220 4981 426 5039 riculo
457 4988 514 5038 et
552 4983 796 5051 excidio,
831 4981 1192 5039 orationibus
1245 4985 1302 5037 et
1329 4981 1800 5053 processicnibus
1831 4987 1888 5036 et

219 5071 393 5144 aliis,
430 5088 561 5143 quas
599 5069 800 5144 religio
833 5070 956 5127 ﬁeri
1007 5073 1184 5140 amat,
1217 5074 1468 5139 orarent,
1501 5069 1675 5141 Virgo
1706 5067 1887 5126 Maria

218 5162 318 5219 sic
353 5177 419 5218 se
446 5157 631 5217 voluit
659 5158 1145 5217 excellentissime
1193 5160 1516 5224 ostendere,
1551 5164 1607 5214 et
1638 5159 1885 5231 patriam

218 5247 417 5307 istam
448 5249 694 5306 liberam
723 5249 984 5304 reddere.

306 5339 438 5394 297.
458 5339 740 5396 Caeterum
762 5353 904 5411 pace
934 5338 1200 5394 omnium
1231 5336 1661 5411 provinciarum
1693 5335 1881 5392 ausim

219 5427 454 5500 dicere,
486 5431 609 5486 toto
631 5427 770 5485 orbe
797 5430 1085 5485 terrarum
1106 5428 1259 5484 haud
1293 5441 1420 5483 esse
1441 5426 1655 5496 locum,
1684 5426 1782 5498 qui
1805 5426 1887 5481 ita

316 5589 464 5662 (212)
491 5591 731 5662 Αγιηαιία
761 5589 855 5644 hic
891 5589 1046 5646 idem
1095 5587 1422 5662 signiﬁcare
1445 5586 1693 5656 videtur,
1727 5586 1882 5659 quod

221 5659 642 5718 communit”
667 5662 926 5718 Annales.

314 5733 464 5803 (213)
499 5732 596 5790 Est
623 5732 682 5789 in
714 5736 905 5791 tractu
925 5730 1252 5801 Cascntino,
1272 5730 1452 5788 ferme
1481 5728 1632 5786 inter
1663 5727 1880 5786 Vallem

1997 4718 2076 4768 est
2105 4712 2435 4782 differenti],
2471 4729 2563 4780 ne,
2598 4712 2647 4766 si
2677 4709 2906 4766 nullum
2923 4707 3163 4763 visionis
3194 4707 3359 4760 darct
3378 4704 3635 4776 signum,

1999 4802 2150 4856 inter
2177 4800 2446 4856 homines
2463 4817 2566 4870 pro
2595 4797 2847 4854 ludibrio
2865 4797 3200 4860 haberetur,
3233 4807 3439 4848 rursus
3462 4791 3636 4863 Virgo

1999 4889 2200 4961 Maria,
2225 4890 2453 4962 inquit:
2477 4887 2582 4943 Abi
2607 4889 2756 4958 jam,
2781 4891 2838 4942 et
2853 4885 3006 4958 quod
3030 4884 3087 4939 in
3120 4887 3292 4939 tantae
3324 4882 3403 4938 rei
3426 4881 3637 4937 confir-

1997 4979 2252 5035 matione
2288 4977 2431 5034 velis
2484 4977 2719 5049 signum
2769 4974 2914 5045 dari,
2939 4974 3064 5046 jam
3115 4975 3318 5028 datum
3349 4975 3456 5037 est,
3490 4970 3634 5025 mihi

1998 5069 2186 5124 crede.
2222 5066 2322 5122 His
2353 5065 2523 5122 dictis
2555 5064 2729 5137 Virgo
2756 5062 2938 5119 Maria
2967 5079 3145 5118 anum
3178 5060 3336 5116 illam
3362 5059 3471 5115 hac
3501 5074 3635 5114 ora-

1996 5157 2152 5213 tione
2177 5154 2476 5223 instruxit,
2501 5169 2676 5227 quam
2727 5169 2826 5208 nec
2859 5152 3133 5208 indecens
3162 5150 3350 5205 visum
3381 5153 3470 5204 est
3500 5147 3637 5203 huic

1997 5245 2276 5301 miraculo
2298 5245 2584 5311 inserere;
2609 5248 2697 5299 est
2714 5242 2868 5298 enim
2883 5240 3018 5298 talis
3038 5257 3050 5294 :
3074 5263 3101 5291 «
3117 5239 3160 5296 Ο
3178 5239 3314 5305 alto,
3337 5253 3368 5294 ο
3383 5236 3636 5311 glorioso

1996 5335 2157 5391 Iddio
2182 5352 2195 5402 ;
2220 5334 2492 5390 illumina
2518 5332 2567 5388 le
2589 5333 2826 5388 tenebre
2847 5329 2937 5386 del
2964 5347 3063 5385 cor
3085 5329 3200 5384 mio
3226 5346 3238 5396 ;
3267 5325 3488 5382 dammi
3512 5325 3639 5382 fede

1996 5423 2194 5492 dritta,
2219 5439 2500 5495 speranza
2527 5425 2704 5492 certa,
2724 5421 2903 5476 carita
2921 5419 3190 5492 perfetta,
3207 5431 3348 5472 seno
3369 5431 3400 5471 e
3430 5431 3636 5472 conos-

1989 5586 2336 5712 merosam
2385 5588 2442 5641 et
2487 5579 2915 5651 Camaldulum,
2962 5595 3074 5635 non
3124 5576 3325 5652 procul
3373 5594 3408 5634 a
3456 5574 3629 5637 ﬂuvio

2039 5672 2163 5712 rno.

2039 5672 2163 5713 1⁵110.
