  <div class='ocr_page' id='page_1' title='image "/cluster/home/n/w/nwhite01/storage/ocr_20150623/146/hvd.32044054760053/469.png"; bbox 0 0 4002 6170; ppageno 0'>
   <div class='ocr_carea' id='block_1_1' title="bbox 443 332 561 396">
    <p class='ocr_par' dir='ltr' id='par_1_1' title="bbox 443 332 561 396">
     <span class='ocr_line' id='line_1_1' title="bbox 443 332 561 396; baseline 0 -1"><span class='ocrx_word' id='word_1_1' title='bbox 443 332 561 396; x_wconf 73' lang='lat'>927</span> 
     </span>
    </p>
   </div>
   <div class='ocr_carea' id='block_1_2' title="bbox 1488 313 3721 412">
    <p class='ocr_par' dir='ltr' id='par_1_2' title="bbox 1488 313 3721 412">
     <span class='ocr_line' id='line_1_2' title="bbox 1488 313 3721 412; baseline 0.007 -15"><span class='ocrx_word' id='word_1_2' title='bbox 1488 335 1549 397; x_wconf 92' lang='lat' dir='ltr'>S.</span> <span class='ocrx_word' id='word_1_3' title='bbox 1596 332 1926 398; x_wconf 82' lang='lat' dir='ltr'>JOANNIS</span> <span class='ocrx_word' id='word_1_4' title='bbox 1973 331 2418 397; x_wconf 80' lang='lat' dir='ltr'>GUALBER&#39;I‘I</span> <span class='ocrx_word' id='word_1_5' title='bbox 2464 335 2802 400; x_wconf 82' lang='lat' dir='ltr'>ABBATIS</span> <span class='ocrx_word' id='word_1_6' title='bbox 3335 313 3342 324; x_wconf 32' lang='grc' dir='ltr'><strong>Ι</strong></span> <span class='ocrx_word' id='word_1_7' title='bbox 3635 351 3721 412; x_wconf 69' lang='lat'>928</span> 
     </span>
    </p>
   </div>
   <div class='ocr_carea' id='block_1_3' title="bbox 443 468 3725 542">
    <p class='ocr_par' dir='ltr' id='par_1_3' title="bbox 443 468 3725 542">
     <span class='ocr_line' id='line_1_3' title="bbox 443 468 3725 542; baseline 0.004 -17"><span class='ocrx_word' id='word_1_8' title='bbox 443 469 696 529; x_wconf 88' lang='lat' dir='ltr'>cimento</span> <span class='ocrx_word' id='word_1_9' title='bbox 727 474 785 529; x_wconf 88' lang='lat' dir='ltr'>di</span> <span class='ocrx_word' id='word_1_10' title='bbox 838 479 912 542; x_wconf 89' lang='lat' dir='ltr'>te,</span> <span class='ocrx_word' id='word_1_11' title='bbox 947 473 1033 530; x_wconf 86' lang='lat' dir='ltr'>ch’</span> <span class='ocrx_word' id='word_1_12' title='bbox 1065 475 1119 530; x_wconf 91' lang='lat' dir='ltr'>io</span> <span class='ocrx_word' id='word_1_13' title='bbox 1165 473 1346 531; x_wconf 80' lang='lat' dir='ltr'>faccia</span> <span class='ocrx_word' id='word_1_14' title='bbox 1379 474 1417 530; x_wconf 91' lang='lat' dir='ltr'>il</span> <span class='ocrx_word' id='word_1_15' title='bbox 1468 479 1569 531; x_wconf 89' lang='lat' dir='ltr'>tua</span> <span class='ocrx_word' id='word_1_16' title='bbox 1597 489 1796 529; x_wconf 90' lang='lat' dir='ltr'>verace</span> <span class='ocrx_word' id='word_1_17' title='bbox 1848 489 1877 526; x_wconf 90' lang='lat' dir='ltr'>e</span> <span class='ocrx_word' id='word_1_18' title='bbox 1909 472 2076 526; x_wconf 88' lang='lat' dir='ltr'>santo</span> <span class='ocrx_word' id='word_1_19' title='bbox 2106 468 2162 536; x_wconf 81' lang='grc' dir='ltr'><strong>Α</strong></span> <span class='ocrx_word' id='word_1_20' title='bbox 2191 469 2329 539; x_wconf 85' lang='lat' dir='ltr'>quia</span> <span class='ocrx_word' id='word_1_21' title='bbox 2359 471 2548 526; x_wconf 90' lang='lat' dir='ltr'>eundo</span> <span class='ocrx_word' id='word_1_22' title='bbox 2580 475 2636 526; x_wconf 92' lang='lat' dir='ltr'>et</span> <span class='ocrx_word' id='word_1_23' title='bbox 2665 469 3232 528; x_wconf 86' lang='lat' dir='ltr'>redeundoinfinitus</span> <span class='ocrx_word' id='word_1_24' title='bbox 3261 475 3549 533; x_wconf 77' lang='lat' dir='ltr'>mortalium</span> <span class='ocrx_word' id='word_1_25' title='bbox 3576 496 3725 539; x_wconf 86' lang='lat' dir='ltr'>nume-</span> 
     </span>
    </p>
   </div>
   <div class='ocr_carea' id='block_1_4' title="bbox 485 559 2100 639">
    <p class='ocr_par' dir='ltr' id='par_1_4' title="bbox 485 559 2100 639">
     <span class='ocr_line' id='line_1_4' title="bbox 485 559 2100 639; baseline -0.004 -20"><span class='ocrx_word' id='word_1_26' title='bbox 485 565 935 621; x_wconf 89' lang='lat' dir='ltr'>omandamento</span> <span class='ocrx_word' id='word_1_27' title='bbox 969 566 1136 637; x_wconf 75' lang='grc'>(214).</span> <span class='ocrx_word' id='word_1_28' title='bbox 1175 589 1201 615; x_wconf 92' lang='grc'><strong>››</strong></span> <span class='ocrx_word' id='word_1_29' title='bbox 1238 566 1375 622; x_wconf 90' lang='lat' dir='ltr'>lnde</span> <span class='ocrx_word' id='word_1_30' title='bbox 1404 566 1579 639; x_wconf 90' lang='lat' dir='ltr'>Virgo</span> <span class='ocrx_word' id='word_1_31' title='bbox 1612 566 1794 622; x_wconf 90' lang='lat' dir='ltr'>Maria</span> <span class='ocrx_word' id='word_1_32' title='bbox 1826 559 2100 620; x_wconf 89' lang='lat' dir='ltr'>sublimis</span> 
     </span>
    </p>
   </div>
   <div class='ocr_carea' id='block_1_5' title="bbox 444 654 2098 718">
    <p class='ocr_par' dir='ltr' id='par_1_5' title="bbox 444 654 2098 718">
     <span class='ocr_line' id='line_1_5' title="bbox 444 654 2098 718; baseline -0.001 -7"><span class='ocrx_word' id='word_1_33' title='bbox 444 655 604 711; x_wconf 89' lang='lat' dir='ltr'>abiit.</span> <span class='ocrx_word' id='word_1_34' title='bbox 626 654 902 709; x_wconf 78' lang='lat' dir='ltr'>Additum</span> <span class='ocrx_word' id='word_1_35' title='bbox 918 655 1192 711; x_wconf 88' lang='lat' dir='ltr'>estetiam</span> <span class='ocrx_word' id='word_1_36' title='bbox 1209 655 1344 710; x_wconf 89' lang='lat' dir='ltr'>huic</span> <span class='ocrx_word' id='word_1_37' title='bbox 1359 655 1583 710; x_wconf 90' lang='lat' dir='ltr'>etaliud</span> <span class='ocrx_word' id='word_1_38' title='bbox 1600 656 1833 710; x_wconf 90' lang='lat' dir='ltr'>mirum.</span> <span class='ocrx_word' id='word_1_39' title='bbox 1851 655 2098 718; x_wconf 86' lang='lat' dir='ltr'>Quidam</span> 
     </span>
    </p>
   </div>
   <div class='ocr_carea' id='block_1_6' title="bbox 443 744 2095 816">
    <p class='ocr_par' dir='ltr' id='par_1_6' title="bbox 443 744 2095 816">
     <span class='ocr_line' id='line_1_6' title="bbox 443 744 2095 816; baseline 0 -17"><span class='ocrx_word' id='word_1_40' title='bbox 443 744 600 799; x_wconf 90' lang='lat' dir='ltr'>enim</span> <span class='ocrx_word' id='word_1_41' title='bbox 637 744 836 798; x_wconf 83' lang='lat' dir='ltr'>Petrus</span> <span class='ocrx_word' id='word_1_42' title='bbox 869 745 1300 814; x_wconf 90' lang='lat' dir='ltr'>Campedonici,</span> <span class='ocrx_word' id='word_1_43' title='bbox 1333 761 1567 816; x_wconf 83' lang='lat' dir='ltr'>gregem</span> <span class='ocrx_word' id='word_1_44' title='bbox 1621 745 1815 799; x_wconf 91' lang='lat' dir='ltr'>ovium</span> <span class='ocrx_word' id='word_1_45' title='bbox 1849 762 2095 816; x_wconf 86' lang='lat' dir='ltr'>pascens</span> 
     </span>
    </p>
   </div>
   <div class='ocr_carea' id='block_1_7' title="bbox 441 833 2095 906">
    <p class='ocr_par' dir='ltr' id='par_1_7' title="bbox 441 833 2095 906">
     <span class='ocr_line' id='line_1_7' title="bbox 441 833 2095 906; baseline 0 -17"><span class='ocrx_word' id='word_1_46' title='bbox 441 833 1348 905; x_wconf 82' lang='lat' dir='ltr'>supercumdemlocum,mirum</span> <span class='ocrx_word' id='word_1_47' title='bbox 1367 834 1737 906; x_wconf 80' lang='lat' dir='ltr'>splendorem</span> <span class='ocrx_word' id='word_1_48' title='bbox 1757 833 2095 890; x_wconf 90' lang='lat' dir='ltr'>instarsolis</span> 
     </span>
    </p>
   </div>
   <div class='ocr_carea' id='block_1_8' title="bbox 444 923 2095 996">
    <p class='ocr_par' dir='ltr' id='par_1_8' title="bbox 444 923 2095 996">
     <span class='ocr_line' id='line_1_8' title="bbox 444 923 2095 996; baseline -0.001 -18"><span class='ocrx_word' id='word_1_49' title='bbox 444 923 836 979; x_wconf 86' lang='lat' dir='ltr'>mirabundus</span> <span class='ocrx_word' id='word_1_50' title='bbox 887 927 1092 994; x_wconf 70' lang='lat' dir='ltr'>praeter</span> <span class='ocrx_word' id='word_1_51' title='bbox 1143 940 1364 979; x_wconf 89' lang='lat' dir='ltr'>morem</span> <span class='ocrx_word' id='word_1_52' title='bbox 1409 925 1729 996; x_wconf 82' lang='lat' dir='ltr'>conspexit.</span> <span class='ocrx_word' id='word_1_53' title='bbox 1775 925 1911 978; x_wconf 91' lang='lat' dir='ltr'>Inde</span> <span class='ocrx_word' id='word_1_54' title='bbox 1962 925 2095 978; x_wconf 77' lang='lat' dir='ltr'>felix</span> 
     </span>
    </p>
   </div>
   <div class='ocr_carea' id='block_1_9' title="bbox 434 1012 2090 1085">
    <p class='ocr_par' dir='ltr' id='par_1_9' title="bbox 434 1012 2090 1085">
     <span class='ocr_line' id='line_1_9' title="bbox 434 1012 2090 1085; baseline -0.001 -17"><span class='ocrx_word' id='word_1_55' title='bbox 434 1013 686 1078; x_wconf 88' lang='lat' dir='ltr'>Joanna,</span> <span class='ocrx_word' id='word_1_56' title='bbox 715 1012 935 1083; x_wconf 87' lang='lat' dir='ltr'>repleta</span> <span class='ocrx_word' id='word_1_57' title='bbox 965 1017 1021 1067; x_wconf 92' lang='lat' dir='ltr'>et</span> <span class='ocrx_word' id='word_1_58' title='bbox 1051 1014 1242 1084; x_wconf 88' lang='lat' dir='ltr'>gratia</span> <span class='ocrx_word' id='word_1_59' title='bbox 1266 1018 1320 1068; x_wconf 91' lang='lat' dir='ltr'>et</span> <span class='ocrx_word' id='word_1_60' title='bbox 1353 1017 1612 1084; x_wconf 80' lang='lat' dir='ltr'>stupore,</span> <span class='ocrx_word' id='word_1_61' title='bbox 1637 1013 1878 1068; x_wconf 81' lang='lat' dir='ltr'>monitis</span> <span class='ocrx_word' id='word_1_62' title='bbox 1899 1013 2090 1085; x_wconf 87' lang='lat' dir='ltr'>Virgi-</span> 
     </span>
    </p>
   </div>
   <div class='ocr_carea' id='block_1_10' title="bbox 436 1102 2090 1174">
    <p class='ocr_par' dir='ltr' id='par_1_10' title="bbox 436 1102 2090 1174">
     <span class='ocr_line' id='line_1_10' title="bbox 436 1102 2090 1174; baseline 0.001 -18"><span class='ocrx_word' id='word_1_63' title='bbox 436 1102 530 1157; x_wconf 88' lang='lat' dir='ltr'>nis</span> <span class='ocrx_word' id='word_1_64' title='bbox 549 1103 954 1173; x_wconf 86' lang='lat' dir='ltr'>obtemperare</span> <span class='ocrx_word' id='word_1_65' title='bbox 968 1103 1322 1174; x_wconf 88' lang='lat' dir='ltr'>gestiens,ad</span> <span class='ocrx_word' id='word_1_66' title='bbox 1349 1104 1644 1173; x_wconf 87' lang='lat' dir='ltr'>quoddam</span> <span class='ocrx_word' id='word_1_67' title='bbox 1665 1102 2090 1170; x_wconf 88' lang='lat' dir='ltr'>molendinum,</span> 
     </span>
    </p>
   </div>
   <div class='ocr_carea' id='block_1_11' title="bbox 438 1189 2089 1262">
    <p class='ocr_par' dir='ltr' id='par_1_11' title="bbox 438 1189 2089 1262">
     <span class='ocr_line' id='line_1_11' title="bbox 438 1189 2089 1262; baseline 0 -18"><span class='ocrx_word' id='word_1_68' title='bbox 438 1189 537 1244; x_wconf 91' lang='lat' dir='ltr'>ubi</span> <span class='ocrx_word' id='word_1_69' title='bbox 565 1193 809 1260; x_wconf 88' lang='lat' dir='ltr'>cognata</span> <span class='ocrx_word' id='word_1_70' title='bbox 826 1207 934 1244; x_wconf 90' lang='lat' dir='ltr'>sua</span> <span class='ocrx_word' id='word_1_71' title='bbox 952 1191 1309 1255; x_wconf 88' lang='lat' dir='ltr'>morabatur,</span> <span class='ocrx_word' id='word_1_72' title='bbox 1334 1191 1444 1245; x_wconf 91' lang='lat' dir='ltr'>iter</span> <span class='ocrx_word' id='word_1_73' title='bbox 1461 1191 1824 1262; x_wconf 78' lang='lat' dir='ltr'>cccpit,quod</span> <span class='ocrx_word' id='word_1_74' title='bbox 1853 1190 2089 1261; x_wconf 91' lang='lat' dir='ltr'>quidem</span> 
     </span>
    </p>
   </div>
   <div class='ocr_carea' id='block_1_12' title="bbox 439 1277 2092 1334">
    <p class='ocr_par' dir='ltr' id='par_1_12' title="bbox 439 1277 2092 1334">
     <span class='ocr_line' id='line_1_12' title="bbox 439 1277 2092 1334; baseline 0.001 -3"><span class='ocrx_word' id='word_1_75' title='bbox 439 1294 555 1332; x_wconf 89' lang='lat' dir='ltr'>non</span> <span class='ocrx_word' id='word_1_76' title='bbox 589 1277 841 1332; x_wconf 90' lang='lat' dir='ltr'>multum</span> <span class='ocrx_word' id='word_1_77' title='bbox 877 1279 947 1332; x_wconf 90' lang='lat' dir='ltr'>ab</span> <span class='ocrx_word' id='word_1_78' title='bbox 979 1280 1130 1333; x_wconf 83' lang='lat' dir='ltr'>Arno</span> <span class='ocrx_word' id='word_1_79' title='bbox 1163 1280 1388 1334; x_wconf 84' lang='lat' dir='ltr'>distans</span> <span class='ocrx_word' id='word_1_80' title='bbox 1422 1281 1476 1333; x_wconf 92' lang='lat' dir='ltr'>in</span> <span class='ocrx_word' id='word_1_81' title='bbox 1500 1279 1658 1334; x_wconf 88' lang='lat' dir='ltr'>alveo</span> <span class='ocrx_word' id='word_1_82' title='bbox 1680 1279 1941 1334; x_wconf 87' lang='lat' dir='ltr'>fluminis</span> <span class='ocrx_word' id='word_1_83' title='bbox 1975 1280 2092 1334; x_wconf 85' lang='lat' dir='ltr'>fere</span> 
     </span>
    </p>
   </div>
   <div class='ocr_carea' id='block_1_13' title="bbox 442 1365 2091 1440">
    <p class='ocr_par' dir='ltr' id='par_1_13' title="bbox 442 1365 2091 1440">
     <span class='ocr_line' id='line_1_13' title="bbox 442 1365 2091 1440; baseline 0.001 -19"><span class='ocrx_word' id='word_1_84' title='bbox 442 1365 619 1421; x_wconf 90' lang='lat' dir='ltr'>situm</span> <span class='ocrx_word' id='word_1_85' title='bbox 653 1374 758 1421; x_wconf 89' lang='lat' dir='ltr'>est.</span> <span class='ocrx_word' id='word_1_86' title='bbox 794 1367 1144 1422; x_wconf 76' lang='lat' dir='ltr'>Referuntur</span> <span class='ocrx_word' id='word_1_87' title='bbox 1184 1368 1307 1422; x_wconf 88' lang='lat' dir='ltr'>visa</span> <span class='ocrx_word' id='word_1_88' title='bbox 1338 1373 1614 1440; x_wconf 70' lang='lat' dir='ltr'>cognatae,</span> <span class='ocrx_word' id='word_1_89' title='bbox 1650 1386 1776 1439; x_wconf 64' lang='lat' dir='ltr'>quas</span> <span class='ocrx_word' id='word_1_90' title='bbox 1809 1368 1917 1422; x_wconf 87' lang='lat' dir='ltr'>etsi</span> <span class='ocrx_word' id='word_1_91' title='bbox 1955 1373 2091 1423; x_wconf 93' lang='lat' dir='ltr'>tunc</span> 
     </span>
    </p>
   </div>
   <div class='ocr_carea' id='block_1_14' title="bbox 442 1455 2090 1529">
    <p class='ocr_par' dir='ltr' id='par_1_14' title="bbox 442 1455 2090 1529">
     <span class='ocr_line' id='line_1_14' title="bbox 442 1455 2090 1529; baseline 0.002 -21"><span class='ocrx_word' id='word_1_92' title='bbox 442 1472 547 1526; x_wconf 88' lang='lat' dir='ltr'>pro</span> <span class='ocrx_word' id='word_1_93' title='bbox 579 1455 842 1510; x_wconf 76' lang='lat' dir='ltr'>ridiculis</span> <span class='ocrx_word' id='word_1_94' title='bbox 875 1456 1133 1523; x_wconf 85' lang='lat' dir='ltr'>haberet,</span> <span class='ocrx_word' id='word_1_95' title='bbox 1156 1462 1352 1512; x_wconf 87' lang='lat' dir='ltr'>tamen</span> <span class='ocrx_word' id='word_1_96' title='bbox 1388 1457 1616 1527; x_wconf 91' lang='lat' dir='ltr'>deinde,</span> <span class='ocrx_word' id='word_1_97' title='bbox 1637 1475 1813 1512; x_wconf 86' lang='lat' dir='ltr'>causa</span> <span class='ocrx_word' id='word_1_98' title='bbox 1844 1457 2090 1529; x_wconf 85' lang='lat' dir='ltr'>diligen-</span> 
     </span>
    </p>
   </div>
   <div class='ocr_carea' id='block_1_15' title="bbox 439 1545 2091 1618">
    <p class='ocr_par' dir='ltr' id='par_1_15' title="bbox 439 1545 2091 1618">
     <span class='ocr_line' id='line_1_15' title="bbox 439 1545 2091 1618; baseline 0.002 -19"><span class='ocrx_word' id='word_1_99' title='bbox 439 1549 530 1599; x_wconf 88' lang='lat' dir='ltr'>ter</span> <span class='ocrx_word' id='word_1_100' title='bbox 558 1545 813 1616; x_wconf 89' lang='lat' dir='ltr'>cognita,</span> <span class='ocrx_word' id='word_1_101' title='bbox 847 1563 1080 1601; x_wconf 90' lang='lat' dir='ltr'>summa</span> <span class='ocrx_word' id='word_1_102' title='bbox 1103 1547 1403 1602; x_wconf 90' lang='lat' dir='ltr'>devotione</span> <span class='ocrx_word' id='word_1_103' title='bbox 1436 1547 1685 1618; x_wconf 88' lang='lat' dir='ltr'>singulis</span> <span class='ocrx_word' id='word_1_104' title='bbox 1710 1564 1854 1618; x_wconf 90' lang='lat' dir='ltr'>pene</span> <span class='ocrx_word' id='word_1_105' title='bbox 1885 1547 2091 1602; x_wconf 90' lang='lat' dir='ltr'>diebus</span> 
     </span>
    </p>
   </div>
   <div class='ocr_carea' id='block_1_16' title="bbox 444 1633 1755 1706">
    <p class='ocr_par' dir='ltr' id='par_1_16' title="bbox 444 1633 1755 1706">
     <span class='ocr_line' id='line_1_16' title="bbox 444 1633 1755 1706; baseline 0 -18"><span class='ocrx_word' id='word_1_106' title='bbox 444 1650 576 1689; x_wconf 91' lang='lat' dir='ltr'>cum</span> <span class='ocrx_word' id='word_1_107' title='bbox 608 1633 992 1702; x_wconf 85' lang='lat' dir='ltr'>eleemosynis</span> <span class='ocrx_word' id='word_1_108' title='bbox 1025 1635 1327 1706; x_wconf 89' lang='lat' dir='ltr'>tugurium</span> <span class='ocrx_word' id='word_1_109' title='bbox 1362 1634 1505 1688; x_wconf 94' lang='lat' dir='ltr'>illud</span> <span class='ocrx_word' id='word_1_110' title='bbox 1540 1634 1755 1690; x_wconf 86' lang='lat' dir='ltr'>adibat.</span> 
     </span>
    </p>
   </div>
   <div class='ocr_carea' id='block_1_17' title="bbox 510 1722 2087 1794">
    <p class='ocr_par' dir='ltr' id='par_1_17' title="bbox 510 1722 2087 1794">
     <span class='ocr_line' id='line_1_17' title="bbox 510 1722 2087 1794; baseline 0.002 -19"><span class='ocrx_word' id='word_1_111' title='bbox 510 1724 634 1776; x_wconf 90' lang='lat'>300.</span> <span class='ocrx_word' id='word_1_112' title='bbox 667 1722 894 1777; x_wconf 90' lang='lat' dir='ltr'>Joanna</span> <span class='ocrx_word' id='word_1_113' title='bbox 919 1723 1114 1792; x_wconf 84' lang='lat' dir='ltr'>igitur,</span> <span class='ocrx_word' id='word_1_114' title='bbox 1136 1724 1218 1777; x_wconf 85' lang='lat' dir='ltr'>sic</span> <span class='ocrx_word' id='word_1_115' title='bbox 1241 1741 1273 1777; x_wconf 91' lang='lat' dir='ltr'>a</span> <span class='ocrx_word' id='word_1_116' title='bbox 1305 1728 1551 1794; x_wconf 90' lang='lat' dir='ltr'>cognata</span> <span class='ocrx_word' id='word_1_117' title='bbox 1576 1722 1798 1789; x_wconf 86' lang='lat' dir='ltr'>delusa,</span> <span class='ocrx_word' id='word_1_118' title='bbox 1822 1723 2087 1789; x_wconf 91' lang='lat' dir='ltr'>domum,</span> 
     </span>
    </p>
   </div>
   <div class='ocr_carea' id='block_1_18' title="bbox 441 1811 2087 1883">
    <p class='ocr_par' dir='ltr' id='par_1_18' title="bbox 441 1811 2087 1883">
     <span class='ocr_line' id='line_1_18' title="bbox 441 1811 2087 1883; baseline 0.001 -17"><span class='ocrx_word' id='word_1_119' title='bbox 441 1828 568 1883; x_wconf 81' lang='lat' dir='ltr'>quas</span> <span class='ocrx_word' id='word_1_120' title='bbox 607 1828 720 1865; x_wconf 81' lang='lat' dir='ltr'>non</span> <span class='ocrx_word' id='word_1_121' title='bbox 764 1811 1016 1866; x_wconf 90' lang='lat' dir='ltr'>multum</span> <span class='ocrx_word' id='word_1_122' title='bbox 1049 1811 1326 1878; x_wconf 87' lang='lat' dir='ltr'>distabat,</span> <span class='ocrx_word' id='word_1_123' title='bbox 1361 1814 1566 1866; x_wconf 70' lang='lat' dir='ltr'>moesta</span> <span class='ocrx_word' id='word_1_124' title='bbox 1619 1811 1780 1876; x_wconf 88' lang='lat' dir='ltr'>abiit,</span> <span class='ocrx_word' id='word_1_125' title='bbox 1809 1813 1865 1866; x_wconf 92' lang='lat' dir='ltr'>in</span> <span class='ocrx_word' id='word_1_126' title='bbox 1917 1813 2087 1882; x_wconf 88' lang='lat' dir='ltr'>cujus</span> 
     </span>
    </p>
   </div>
   <div class='ocr_carea' id='block_1_19' title="bbox 438 1899 2086 1963">
    <p class='ocr_par' dir='ltr' id='par_1_19' title="bbox 438 1899 2086 1963">
     <span class='ocr_line' id='line_1_19' title="bbox 438 1899 2086 1963; baseline 0.003 -11"><span class='ocrx_word' id='word_1_127' title='bbox 438 1899 727 1954; x_wconf 92' lang='lat' dir='ltr'>vestibulo</span> <span class='ocrx_word' id='word_1_128' title='bbox 755 1917 888 1954; x_wconf 89' lang='lat' dir='ltr'>cum</span> <span class='ocrx_word' id='word_1_129' title='bbox 914 1899 1127 1954; x_wconf 88' lang='lat' dir='ltr'>clibani</span> <span class='ocrx_word' id='word_1_130' title='bbox 1148 1900 1681 1963; x_wconf 86' lang='lat' dir='ltr'>officioinserviret,</span> <span class='ocrx_word' id='word_1_131' title='bbox 1703 1918 1734 1955; x_wconf 97' lang='lat' dir='ltr'>o</span> <span class='ocrx_word' id='word_1_132' title='bbox 1765 1919 1884 1956; x_wconf 88' lang='lat' dir='ltr'>rem</span> <span class='ocrx_word' id='word_1_133' title='bbox 1912 1902 2086 1957; x_wconf 87' lang='lat' dir='ltr'>mira-</span> 
     </span>
    </p>
   </div>
   <div class='ocr_carea' id='block_1_20' title="bbox 439 1987 2087 2062">
    <p class='ocr_par' dir='ltr' id='par_1_20' title="bbox 439 1987 2087 2062">
     <span class='ocr_line' id='line_1_20' title="bbox 439 1987 2087 2062; baseline 0.002 -20"><span class='ocrx_word' id='word_1_134' title='bbox 439 1987 615 2042; x_wconf 89' lang='lat' dir='ltr'>bilem</span> <span class='ocrx_word' id='word_1_135' title='bbox 645 1989 655 2042; x_wconf 84' lang='lat'><strong>!</strong></span> <span class='ocrx_word' id='word_1_136' title='bbox 693 2006 724 2043; x_wconf 93' lang='grc' dir='ltr'>ο</span> <span class='ocrx_word' id='word_1_137' title='bbox 754 1992 1023 2043; x_wconf 91' lang='lat' dir='ltr'>sanctum</span> <span class='ocrx_word' id='word_1_138' title='bbox 1070 1989 1437 2061; x_wconf 84' lang='lat' dir='ltr'>prodigium!</span> <span class='ocrx_word' id='word_1_139' title='bbox 1473 2007 1603 2045; x_wconf 89' lang='lat' dir='ltr'>ecce</span> <span class='ocrx_word' id='word_1_140' title='bbox 1637 1989 1790 2046; x_wconf 90' lang='lat' dir='ltr'>illico</span> <span class='ocrx_word' id='word_1_141' title='bbox 1837 1991 2087 2062; x_wconf 86' lang='lat' dir='ltr'>Spiritus</span> 
     </span>
    </p>
   </div>
   <div class='ocr_carea' id='block_1_21' title="bbox 440 2077 2088 2149">
    <p class='ocr_par' dir='ltr' id='par_1_21' title="bbox 440 2077 2088 2149">
     <span class='ocr_line' id='line_1_21' title="bbox 440 2077 2088 2149; baseline 0.002 -17"><span class='ocrx_word' id='word_1_142' title='bbox 440 2078 764 2146; x_wconf 87' lang='lat' dir='ltr'>sanctus,in</span> <span class='ocrx_word' id='word_1_143' title='bbox 782 2077 1228 2149; x_wconf 91' lang='lat' dir='ltr'>speciehumilis</span> <span class='ocrx_word' id='word_1_144' title='bbox 1253 2078 1534 2133; x_wconf 71' lang='lat' dir='ltr'>columbas</span> <span class='ocrx_word' id='word_1_145' title='bbox 1558 2081 1798 2134; x_wconf 89' lang='lat' dir='ltr'>domum</span> <span class='ocrx_word' id='word_1_146' title='bbox 1824 2079 2088 2135; x_wconf 89' lang='lat' dir='ltr'>mulieris</span> 
     </span>
    </p>
   </div>
   <div class='ocr_carea' id='block_1_22' title="bbox 437 2164 2084 2239">
    <p class='ocr_par' dir='ltr' id='par_1_22' title="bbox 437 2164 2084 2239">
     <span class='ocr_line' id='line_1_22' title="bbox 437 2164 2084 2239; baseline 0.002 -20"><span class='ocrx_word' id='word_1_147' title='bbox 437 2164 1076 2236; x_wconf 90' lang='lat' dir='ltr'>ingressus,mulierem</span> <span class='ocrx_word' id='word_1_148' title='bbox 1109 2184 1220 2221; x_wconf 92' lang='lat' dir='ltr'>non</span> <span class='ocrx_word' id='word_1_149' title='bbox 1242 2166 1432 2221; x_wconf 90' lang='lat' dir='ltr'>solum</span> <span class='ocrx_word' id='word_1_150' title='bbox 1451 2167 1638 2239; x_wconf 88' lang='lat' dir='ltr'>gratia</span> <span class='ocrx_word' id='word_1_151' title='bbox 1659 2168 2084 2236; x_wconf 80' lang='lat' dir='ltr'>confirmatam,</span> 
     </span>
    </p>
   </div>
   <div class='ocr_carea' id='block_1_23' title="bbox 438 2255 2086 2327">
    <p class='ocr_par' dir='ltr' id='par_1_23' title="bbox 438 2255 2086 2327">
     <span class='ocr_line' id='line_1_23' title="bbox 438 2255 2086 2327; baseline 0.004 -20"><span class='ocrx_word' id='word_1_152' title='bbox 438 2270 638 2310; x_wconf 90' lang='lat' dir='ltr'>verum</span> <span class='ocrx_word' id='word_1_153' title='bbox 692 2255 868 2309; x_wconf 90' lang='lat' dir='ltr'>etiam</span> <span class='ocrx_word' id='word_1_154' title='bbox 914 2259 970 2309; x_wconf 92' lang='lat' dir='ltr'>et</span> <span class='ocrx_word' id='word_1_155' title='bbox 1019 2257 1174 2327; x_wconf 88' lang='lat' dir='ltr'>apud</span> <span class='ocrx_word' id='word_1_156' title='bbox 1236 2257 1510 2310; x_wconf 87' lang='lat' dir='ltr'>mortales</span> <span class='ocrx_word' id='word_1_157' title='bbox 1557 2257 1811 2322; x_wconf 89' lang='lat' dir='ltr'>beatam,</span> <span class='ocrx_word' id='word_1_158' title='bbox 1873 2262 1928 2312; x_wconf 89' lang='lat' dir='ltr'>et</span> <span class='ocrx_word' id='word_1_159' title='bbox 1977 2259 2086 2313; x_wconf 83' lang='lat' dir='ltr'>fide</span> 
     </span>
    </p>
   </div>
   <div class='ocr_carea' id='block_1_24' title="bbox 441 2343 2084 2416">
    <p class='ocr_par' dir='ltr' id='par_1_24' title="bbox 441 2343 2084 2416">
     <span class='ocr_line' id='line_1_24' title="bbox 441 2343 2084 2416; baseline 0.003 -19"><span class='ocrx_word' id='word_1_160' title='bbox 441 2343 681 2415; x_wconf 85' lang='lat' dir='ltr'>dignam</span> <span class='ocrx_word' id='word_1_161' title='bbox 703 2345 852 2399; x_wconf 85' lang='lat' dir='ltr'>fecit.</span> <span class='ocrx_word' id='word_1_162' title='bbox 870 2345 1153 2400; x_wconf 86' lang='lat' dir='ltr'>Postridie</span> <span class='ocrx_word' id='word_1_163' title='bbox 1167 2345 1364 2416; x_wconf 88' lang='lat' dir='ltr'>itaque</span> <span class='ocrx_word' id='word_1_164' title='bbox 1383 2344 1698 2416; x_wconf 90' lang='lat' dir='ltr'>plebanum</span> <span class='ocrx_word' id='word_1_165' title='bbox 1715 2347 1849 2401; x_wconf 65' lang='lat' dir='ltr'>Stize</span> <span class='ocrx_word' id='word_1_166' title='bbox 1864 2347 2084 2416; x_wconf 91' lang='lat' dir='ltr'>adiens,</span> 
     </span>
    </p>
   </div>
   <div class='ocr_carea' id='block_1_25' title="bbox 440 2433 2084 2507">
    <p class='ocr_par' dir='ltr' id='par_1_25' title="bbox 440 2433 2084 2507">
     <span class='ocr_line' id='line_1_25' title="bbox 440 2433 2084 2507; baseline 0.001 -18"><span class='ocrx_word' id='word_1_167' title='bbox 440 2450 562 2490; x_wconf 88' lang='lat' dir='ltr'>rem</span> <span class='ocrx_word' id='word_1_168' title='bbox 594 2449 852 2499; x_wconf 89' lang='lat' dir='ltr'>omnem,</span> <span class='ocrx_word' id='word_1_169' title='bbox 889 2433 1089 2488; x_wconf 89' lang='lat' dir='ltr'>multis</span> <span class='ocrx_word' id='word_1_170' title='bbox 1140 2434 1550 2503; x_wconf 64' lang='lat' dir='ltr'>praesentibus,</span> <span class='ocrx_word' id='word_1_171' title='bbox 1583 2434 1785 2489; x_wconf 88' lang='lat' dir='ltr'>ordine</span> <span class='ocrx_word' id='word_1_172' title='bbox 1837 2436 2084 2507; x_wconf 88' lang='lat' dir='ltr'>aperuit.</span> 
     </span>
    </p>
   </div>
   <div class='ocr_carea' id='block_1_26' title="bbox 441 2521 2086 2595">
    <p class='ocr_par' dir='ltr' id='par_1_26' title="bbox 441 2521 2086 2595">
     <span class='ocr_line' id='line_1_26' title="bbox 441 2521 2086 2595; baseline 0.002 -19"><span class='ocrx_word' id='word_1_173' title='bbox 441 2521 651 2576; x_wconf 89' lang='lat' dir='ltr'>Mirum</span> <span class='ocrx_word' id='word_1_174' title='bbox 686 2525 973 2590; x_wconf 89' lang='lat' dir='ltr'>quantum</span> <span class='ocrx_word' id='word_1_175' title='bbox 1009 2521 1088 2575; x_wconf 91' lang='lat' dir='ltr'>illi</span> <span class='ocrx_word' id='word_1_176' title='bbox 1124 2522 1414 2576; x_wconf 89' lang='lat' dir='ltr'>nuntianti</span> <span class='ocrx_word' id='word_1_177' title='bbox 1446 2522 1932 2594; x_wconf 72' lang='lat' dir='ltr'>hzec,quia[erat]</span> <span class='ocrx_word' id='word_1_178' title='bbox 1958 2541 2086 2595; x_wconf 86' lang='lat' dir='ltr'>pro-</span> 
     </span>
    </p>
   </div>
   <div class='ocr_carea' id='block_1_27' title="bbox 439 2610 2086 2683">
    <p class='ocr_par' dir='ltr' id='par_1_27' title="bbox 439 2610 2086 2683">
     <span class='ocr_line' id='line_1_27' title="bbox 439 2610 2086 2683; baseline 0.004 -19"><span class='ocrx_word' id='word_1_179' title='bbox 439 2610 588 2665; x_wconf 85' lang='lat' dir='ltr'>fecto</span> <span class='ocrx_word' id='word_1_180' title='bbox 620 2610 773 2664; x_wconf 89' lang='lat' dir='ltr'>bona</span> <span class='ocrx_word' id='word_1_181' title='bbox 795 2610 1024 2677; x_wconf 90' lang='lat' dir='ltr'>mulier,</span> <span class='ocrx_word' id='word_1_182' title='bbox 1051 2612 1181 2666; x_wconf 81' lang='lat' dir='ltr'>fidei</span> <span class='ocrx_word' id='word_1_183' title='bbox 1213 2613 1460 2683; x_wconf 73' lang='lat' dir='ltr'>[datum]</span> <span class='ocrx_word' id='word_1_184' title='bbox 1481 2613 1890 2668; x_wconf 81' lang='lat' dir='ltr'>fueritzverbis</span> <span class='ocrx_word' id='word_1_185' title='bbox 1912 2615 2086 2670; x_wconf 91' lang='lat' dir='ltr'>etiam</span> 
     </span>
    </p>
   </div>
   <div class='ocr_carea' id='block_1_28' title="bbox 441 2698 2084 2773">
    <p class='ocr_par' dir='ltr' id='par_1_28' title="bbox 441 2698 2084 2773">
     <span class='ocr_line' id='line_1_28' title="bbox 441 2698 2084 2773; baseline 0.003 -19"><span class='ocrx_word' id='word_1_186' title='bbox 441 2698 602 2754; x_wconf 90' lang='lat' dir='ltr'>illius</span> <span class='ocrx_word' id='word_1_187' title='bbox 643 2699 794 2754; x_wconf 89' lang='lat' dir='ltr'>Petri</span> <span class='ocrx_word' id='word_1_188' title='bbox 844 2701 1274 2771; x_wconf 90' lang='lat' dir='ltr'>Campedonici,</span> <span class='ocrx_word' id='word_1_189' title='bbox 1310 2701 1433 2772; x_wconf 90' lang='lat' dir='ltr'>qui,</span> <span class='ocrx_word' id='word_1_190' title='bbox 1466 2706 1529 2755; x_wconf 93' lang='lat' dir='ltr'>ut</span> <span class='ocrx_word' id='word_1_191' title='bbox 1581 2719 1760 2773; x_wconf 91' lang='lat' dir='ltr'>supra</span> <span class='ocrx_word' id='word_1_192' title='bbox 1807 2703 2084 2769; x_wconf 83' lang='lat' dir='ltr'>diximus,</span> 
     </span>
    </p>
   </div>
   <div class='ocr_carea' id='block_1_29' title="bbox 444 2787 2089 2861">
    <p class='ocr_par' dir='ltr' id='par_1_29' title="bbox 444 2787 2089 2861">
     <span class='ocr_line' id='line_1_29' title="bbox 444 2787 2089 2861; baseline 0.002 -18"><span class='ocrx_word' id='word_1_193' title='bbox 444 2787 815 2859; x_wconf 88' lang='lat' dir='ltr'>splendorem</span> <span class='ocrx_word' id='word_1_194' title='bbox 870 2805 1050 2859; x_wconf 88' lang='lat' dir='ltr'>supra</span> <span class='ocrx_word' id='word_1_195' title='bbox 1096 2789 1398 2861; x_wconf 88' lang='lat' dir='ltr'>tugurium</span> <span class='ocrx_word' id='word_1_196' title='bbox 1448 2795 1843 2861; x_wconf 88' lang='lat' dir='ltr'>conspexerat,</span> <span class='ocrx_word' id='word_1_197' title='bbox 1892 2792 2089 2847; x_wconf 90' lang='lat' dir='ltr'>addita</span> 
     </span>
    </p>
   </div>
   <div class='ocr_carea' id='block_1_30' title="bbox 445 2876 2087 2952">
    <p class='ocr_par' dir='ltr' id='par_1_30' title="bbox 445 2876 2087 2952">
     <span class='ocr_line' id='line_1_30' title="bbox 445 2876 2087 2952; baseline 0.001 -20"><span class='ocrx_word' id='word_1_198' title='bbox 445 2876 580 2948; x_wconf 75' lang='lat' dir='ltr'>[est]</span> <span class='ocrx_word' id='word_1_199' title='bbox 613 2877 896 2933; x_wconf 90' lang='lat' dir='ltr'>miraculo</span> <span class='ocrx_word' id='word_1_200' title='bbox 920 2877 1084 2933; x_wconf 85' lang='lat' dir='ltr'>fides.</span> <span class='ocrx_word' id='word_1_201' title='bbox 1109 2877 1266 2935; x_wconf 90' lang='lat' dir='ltr'>Illico</span> <span class='ocrx_word' id='word_1_202' title='bbox 1301 2881 1458 2934; x_wconf 77' lang='lat' dir='ltr'>fama</span> <span class='ocrx_word' id='word_1_203' title='bbox 1485 2881 1631 2934; x_wconf 85' lang='lat' dir='ltr'>tanti</span> <span class='ocrx_word' id='word_1_204' title='bbox 1651 2879 1897 2952; x_wconf 88' lang='lat' dir='ltr'>prodigii</span> <span class='ocrx_word' id='word_1_205' title='bbox 1925 2881 2087 2952; x_wconf 93' lang='lat' dir='ltr'>oppi-</span> 
     </span>
    </p>
   </div>
   <div class='ocr_carea' id='block_1_31' title="bbox 445 2966 2092 3039">
    <p class='ocr_par' dir='ltr' id='par_1_31' title="bbox 445 2966 2092 3039">
     <span class='ocr_line' id='line_1_31' title="bbox 445 2966 2092 3039; baseline 0.001 -19"><span class='ocrx_word' id='word_1_206' title='bbox 445 2966 586 3020; x_wconf 91' lang='lat' dir='ltr'>dum</span> <span class='ocrx_word' id='word_1_207' title='bbox 638 2983 963 3037; x_wconf 87' lang='lat' dir='ltr'>agrumque</span> <span class='ocrx_word' id='word_1_208' title='bbox 1010 2967 1337 3038; x_wconf 87' lang='lat' dir='ltr'>complevit.</span> <span class='ocrx_word' id='word_1_209' title='bbox 1374 2969 1461 3022; x_wconf 88' lang='lat' dir='ltr'>Fit</span> <span class='ocrx_word' id='word_1_210' title='bbox 1510 2968 1707 3039; x_wconf 82' lang='lat' dir='ltr'>itaque</span> <span class='ocrx_word' id='word_1_211' title='bbox 1747 2969 2002 3023; x_wconf 91' lang='lat' dir='ltr'>virorum</span> <span class='ocrx_word' id='word_1_212' title='bbox 2036 2972 2092 3024; x_wconf 92' lang='lat' dir='ltr'>et</span> 
     </span>
    </p>
   </div>
   <div class='ocr_carea' id='block_1_32' title="bbox 447 3054 2091 3127">
    <p class='ocr_par' dir='ltr' id='par_1_32' title="bbox 447 3054 2091 3127">
     <span class='ocr_line' id='line_1_32' title="bbox 447 3054 2091 3127; baseline 0.002 -17"><span class='ocrx_word' id='word_1_213' title='bbox 447 3054 764 3110; x_wconf 87' lang='lat' dir='ltr'>mulierum</span> <span class='ocrx_word' id='word_1_214' title='bbox 793 3055 1104 3127; x_wconf 90' lang='lat' dir='ltr'>utriusque</span> <span class='ocrx_word' id='word_1_215' title='bbox 1136 3056 1320 3111; x_wconf 68' lang='lat' dir='ltr'>aetatis</span> <span class='ocrx_word' id='word_1_216' title='bbox 1342 3063 1398 3111; x_wconf 89' lang='lat' dir='ltr'>et</span> <span class='ocrx_word' id='word_1_217' title='bbox 1425 3057 1775 3113; x_wconf 87' lang='lat' dir='ltr'>conditionis</span> <span class='ocrx_word' id='word_1_218' title='bbox 1808 3074 2091 3113; x_wconf 89' lang='lat' dir='ltr'>numerus</span> 
     </span>
    </p>
   </div>
   <div class='ocr_carea' id='block_1_33' title="bbox 442 3144 2088 3214">
    <p class='ocr_par' dir='ltr' id='par_1_33' title="bbox 442 3144 2088 3214">
     <span class='ocr_line' id='line_1_33' title="bbox 442 3144 2088 3214; baseline 0.002 -16"><span class='ocrx_word' id='word_1_219' title='bbox 442 3159 559 3198; x_wconf 91' lang='lat' dir='ltr'>non</span> <span class='ocrx_word' id='word_1_220' title='bbox 612 3159 864 3214; x_wconf 90' lang='lat' dir='ltr'>parvus;</span> <span class='ocrx_word' id='word_1_221' title='bbox 899 3148 954 3198; x_wconf 92' lang='lat' dir='ltr'>et</span> <span class='ocrx_word' id='word_1_222' title='bbox 1006 3144 1305 3199; x_wconf 91' lang='lat' dir='ltr'>communi</span> <span class='ocrx_word' id='word_1_223' title='bbox 1355 3144 1596 3200; x_wconf 90' lang='lat' dir='ltr'>consilio</span> <span class='ocrx_word' id='word_1_224' title='bbox 1651 3147 1720 3201; x_wconf 92' lang='lat' dir='ltr'>ad</span> <span class='ocrx_word' id='word_1_225' title='bbox 1780 3147 2088 3203; x_wconf 88' lang='lat' dir='ltr'>Dominum</span> 
     </span>
    </p>
   </div>
   <div class='ocr_carea' id='block_1_34' title="bbox 437 3231 2086 3308">
    <p class='ocr_par' dir='ltr' id='par_1_34' title="bbox 437 3231 2086 3308">
     <span class='ocr_line' id='line_1_34' title="bbox 437 3231 2086 3308; baseline 0.002 -21"><span class='ocrx_word' id='word_1_226' title='bbox 437 3232 661 3302; x_wconf 82' lang='lat' dir='ltr'>Jesum,</span> <span class='ocrx_word' id='word_1_227' title='bbox 693 3231 1108 3304; x_wconf 87' lang='lat' dir='ltr'>Virginemque</span> <span class='ocrx_word' id='word_1_228' title='bbox 1139 3232 1467 3304; x_wconf 86' lang='lat' dir='ltr'>piissimam</span> <span class='ocrx_word' id='word_1_229' title='bbox 1513 3234 1754 3290; x_wconf 90' lang='lat' dir='ltr'>Mariam</span> <span class='ocrx_word' id='word_1_230' title='bbox 1788 3235 2086 3308; x_wconf 88' lang='lat' dir='ltr'>supplica-</span> 
     </span>
    </p>
   </div>
   <div class='ocr_carea' id='block_1_35' title="bbox 436 3319 2086 3391">
    <p class='ocr_par' dir='ltr' id='par_1_35' title="bbox 436 3319 2086 3391">
     <span class='ocr_line' id='line_1_35' title="bbox 436 3319 2086 3391; baseline 0.004 -18"><span class='ocrx_word' id='word_1_231' title='bbox 436 3319 626 3375; x_wconf 87' lang='lat' dir='ltr'>tiones</span> <span class='ocrx_word' id='word_1_232' title='bbox 659 3325 944 3376; x_wconf 91' lang='lat' dir='ltr'>statuunt.</span> <span class='ocrx_word' id='word_1_233' title='bbox 983 3321 1120 3376; x_wconf 91' lang='lat' dir='ltr'>Inde</span> <span class='ocrx_word' id='word_1_234' title='bbox 1149 3321 1401 3378; x_wconf 88' lang='lat' dir='ltr'>humiles</span> <span class='ocrx_word' id='word_1_235' title='bbox 1433 3323 1722 3379; x_wconf 88' lang='lat' dir='ltr'>orationes</span> <span class='ocrx_word' id='word_1_236' title='bbox 1753 3323 2086 3391; x_wconf 86' lang='lat' dir='ltr'>fundentes,</span> 
     </span>
    </p>
   </div>
   <div class='ocr_carea' id='block_1_36' title="bbox 439 3409 2090 3484">
    <p class='ocr_par' dir='ltr' id='par_1_36' title="bbox 439 3409 2090 3484">
     <span class='ocr_line' id='line_1_36' title="bbox 439 3409 2090 3484; baseline 0.002 -20"><span class='ocrx_word' id='word_1_237' title='bbox 439 3412 493 3464; x_wconf 87' lang='lat' dir='ltr'>et</span> <span class='ocrx_word' id='word_1_238' title='bbox 524 3425 590 3464; x_wconf 84' lang='lat' dir='ltr'>ex</span> <span class='ocrx_word' id='word_1_239' title='bbox 622 3409 833 3481; x_wconf 90' lang='lat' dir='ltr'>oppido</span> <span class='ocrx_word' id='word_1_240' title='bbox 861 3411 1061 3465; x_wconf 90' lang='lat' dir='ltr'>devote</span> <span class='ocrx_word' id='word_1_241' title='bbox 1095 3411 1376 3467; x_wconf 90' lang='lat' dir='ltr'>abeuntes</span> <span class='ocrx_word' id='word_1_242' title='bbox 1397 3428 1532 3467; x_wconf 92' lang='lat' dir='ltr'>cum</span> <span class='ocrx_word' id='word_1_243' title='bbox 1553 3411 1791 3484; x_wconf 82' lang='lat' dir='ltr'>hymnis</span> <span class='ocrx_word' id='word_1_244' title='bbox 1819 3417 1876 3466; x_wconf 90' lang='lat' dir='ltr'>et</span> <span class='ocrx_word' id='word_1_245' title='bbox 1905 3414 2090 3468; x_wconf 84' lang='lat' dir='ltr'>canti-</span> 
     </span>
    </p>
   </div>
   <div class='ocr_carea' id='block_1_37' title="bbox 440 3497 2092 3570">
    <p class='ocr_par' dir='ltr' id='par_1_37' title="bbox 440 3497 2092 3570">
     <span class='ocr_line' id='line_1_37' title="bbox 440 3497 2092 3570; baseline 0.002 -17"><span class='ocrx_word' id='word_1_246' title='bbox 440 3497 525 3554; x_wconf 87' lang='lat' dir='ltr'>cis</span> <span class='ocrx_word' id='word_1_247' title='bbox 556 3497 1292 3570; x_wconf 61' lang='lat' dir='ltr'>spiritualibus&#39;tugurium</span> <span class='ocrx_word' id='word_1_248' title='bbox 1318 3518 1436 3555; x_wconf 89' lang='lat' dir='ltr'>una</span> <span class='ocrx_word' id='word_1_249' title='bbox 1462 3518 1594 3556; x_wconf 92' lang='lat' dir='ltr'>cum</span> <span class='ocrx_word' id='word_1_250' title='bbox 1624 3503 1854 3557; x_wconf 88' lang='lat' dir='ltr'>Joanna</span> <span class='ocrx_word' id='word_1_251' title='bbox 1877 3502 2092 3557; x_wconf 81' lang='lat' dir='ltr'>femina</span> 
     </span>
    </p>
   </div>
   <div class='ocr_carea' id='block_1_38' title="bbox 442 3587 2092 3662">
    <p class='ocr_par' dir='ltr' id='par_1_38' title="bbox 442 3587 2092 3662">
     <span class='ocr_line' id='line_1_38' title="bbox 442 3587 2092 3662; baseline 0.003 -21"><span class='ocrx_word' id='word_1_252' title='bbox 442 3587 820 3642; x_wconf 88' lang='lat' dir='ltr'>devotissima</span> <span class='ocrx_word' id='word_1_253' title='bbox 864 3588 1269 3656; x_wconf 88' lang='lat' dir='ltr'>circumeunt;</span> <span class='ocrx_word' id='word_1_254' title='bbox 1319 3606 1452 3644; x_wconf 90' lang='lat' dir='ltr'>cum</span> <span class='ocrx_word' id='word_1_255' title='bbox 1498 3597 1733 3662; x_wconf 88' lang='lat' dir='ltr'>repente</span> <span class='ocrx_word' id='word_1_256' title='bbox 1781 3607 1846 3646; x_wconf 95' lang='lat' dir='ltr'>eo</span> <span class='ocrx_word' id='word_1_257' title='bbox 1881 3592 1935 3645; x_wconf 91' lang='lat' dir='ltr'>in</span> <span class='ocrx_word' id='word_1_258' title='bbox 1970 3592 2092 3646; x_wconf 91' lang='lat' dir='ltr'>loco</span> 
     </span>
    </p>
   </div>
   <div class='ocr_carea' id='block_1_39' title="bbox 446 3673 2089 3750">
    <p class='ocr_par' dir='ltr' id='par_1_39' title="bbox 446 3673 2089 3750">
     <span class='ocr_line' id='line_1_39' title="bbox 446 3673 2089 3750; baseline 0.003 -22"><span class='ocrx_word' id='word_1_259' title='bbox 446 3673 674 3730; x_wconf 90' lang='lat' dir='ltr'>lumina</span> <span class='ocrx_word' id='word_1_260' title='bbox 703 3676 848 3741; x_wconf 88' lang='lat' dir='ltr'>visa,</span> <span class='ocrx_word' id='word_1_261' title='bbox 882 3675 1273 3748; x_wconf 73' lang='lat' dir='ltr'>angeliczeque</span> <span class='ocrx_word' id='word_1_262' title='bbox 1322 3694 1487 3733; x_wconf 90' lang='lat' dir='ltr'>voces</span> <span class='ocrx_word' id='word_1_263' title='bbox 1519 3679 1726 3733; x_wconf 70' lang='lat' dir='ltr'>auditas</span> <span class='ocrx_word' id='word_1_264' title='bbox 1763 3680 2042 3750; x_wconf 86' lang='lat' dir='ltr'>[fuerunt]</span> <span class='ocrx_word' id='word_1_265' title='bbox 2079 3697 2089 3733; x_wconf 93' lang='lat'>:</span> 
     </span>
    </p>
   </div>
   <div class='ocr_carea' id='block_1_40' title="bbox 442 3764 2093 3839">
    <p class='ocr_par' dir='ltr' id='par_1_40' title="bbox 442 3764 2093 3839">
     <span class='ocr_line' id='line_1_40' title="bbox 442 3764 2093 3839; baseline -0.001 -16"><span class='ocrx_word' id='word_1_266' title='bbox 442 3769 524 3824; x_wconf 83' lang='lat' dir='ltr'><strong>Ex</strong></span> <span class='ocrx_word' id='word_1_267' title='bbox 598 3764 706 3820; x_wconf 88' lang='lat' dir='ltr'>hoc</span> <span class='ocrx_word' id='word_1_268' title='bbox 766 3767 920 3820; x_wconf 91' lang='lat' dir='ltr'>enim</span> <span class='ocrx_word' id='word_1_269' title='bbox 989 3770 1198 3821; x_wconf 89' lang='lat' dir='ltr'>cuncto</span> <span class='ocrx_word' id='word_1_270' title='bbox 1265 3766 1480 3838; x_wconf 91' lang='lat' dir='ltr'>populo</span> <span class='ocrx_word' id='word_1_271' title='bbox 1549 3768 1823 3839; x_wconf 81' lang='lat' dir='ltr'>lacrymis</span> <span class='ocrx_word' id='word_1_272' title='bbox 1881 3767 2093 3839; x_wconf 88' lang='lat' dir='ltr'>gaudio</span> 
     </span>
    </p>
   </div>
   <div class='ocr_carea' id='block_1_41' title="bbox 445 3855 2095 3928">
    <p class='ocr_par' dir='ltr' id='par_1_41' title="bbox 445 3855 2095 3928">
     <span class='ocr_line' id='line_1_41' title="bbox 445 3855 2095 3928; baseline -0.001 -16"><span class='ocrx_word' id='word_1_273' title='bbox 445 3855 688 3920; x_wconf 89' lang='lat' dir='ltr'>obortis,</span> <span class='ocrx_word' id='word_1_274' title='bbox 746 3855 1033 3927; x_wconf 88' lang='lat' dir='ltr'>virginem</span> <span class='ocrx_word' id='word_1_275' title='bbox 1091 3856 1352 3920; x_wconf 89' lang='lat' dir='ltr'>Mariam,</span> <span class='ocrx_word' id='word_1_276' title='bbox 1416 3857 1571 3928; x_wconf 86' lang='lat' dir='ltr'>[ut]</span> <span class='ocrx_word' id='word_1_277' title='bbox 1632 3873 1713 3921; x_wconf 90' lang='lat' dir='ltr'>se,</span> <span class='ocrx_word' id='word_1_278' title='bbox 1774 3872 2095 3927; x_wconf 88' lang='lat' dir='ltr'>omnesque</span> 
     </span>
    </p>
   </div>
   <div class='ocr_carea' id='block_1_42' title="bbox 448 3941 2096 4015">
    <p class='ocr_par' dir='ltr' id='par_1_42' title="bbox 448 3941 2096 4015">
     <span class='ocr_line' id='line_1_42' title="bbox 448 3941 2096 4015; baseline 0.001 -18"><span class='ocrx_word' id='word_1_279' title='bbox 448 3942 648 3998; x_wconf 83' lang='lat' dir='ltr'>fideles</span> <span class='ocrx_word' id='word_1_280' title='bbox 716 3941 991 3996; x_wconf 87' lang='lat' dir='ltr'>defendat</span> <span class='ocrx_word' id='word_1_281' title='bbox 1065 3947 1121 3994; x_wconf 91' lang='lat' dir='ltr'>et</span> <span class='ocrx_word' id='word_1_282' title='bbox 1179 3946 1451 4007; x_wconf 89' lang='lat' dir='ltr'>tueatur,</span> <span class='ocrx_word' id='word_1_283' title='bbox 1507 3943 1825 4015; x_wconf 90' lang='lat' dir='ltr'>implorant</span> <span class='ocrx_word' id='word_1_284' title='bbox 1875 3962 1887 4009; x_wconf 92' lang='lat'><strong>;</strong></span> <span class='ocrx_word' id='word_1_285' title='bbox 1961 3943 2096 3999; x_wconf 89' lang='lat' dir='ltr'>inde</span> 
     </span>
    </p>
   </div>
   <div class='ocr_carea' id='block_1_43' title="bbox 447 4029 2093 4101">
    <p class='ocr_par' dir='ltr' id='par_1_43' title="bbox 447 4029 2093 4101">
     <span class='ocr_line' id='line_1_43' title="bbox 447 4029 2093 4101; baseline 0.001 -15"><span class='ocrx_word' id='word_1_286' title='bbox 447 4031 586 4096; x_wconf 63' lang='lat' dir='ltr'>lati,</span> <span class='ocrx_word' id='word_1_287' title='bbox 620 4029 759 4101; x_wconf 91' lang='lat' dir='ltr'>quia</span> <span class='ocrx_word' id='word_1_288' title='bbox 786 4029 1013 4100; x_wconf 87' lang='lat' dir='ltr'>Virgini</span> <span class='ocrx_word' id='word_1_289' title='bbox 1059 4030 1249 4084; x_wconf 71' lang='lat' dir='ltr'>Marias</span> <span class='ocrx_word' id='word_1_290' title='bbox 1282 4048 1431 4086; x_wconf 84' lang='lat' dir='ltr'>curae</span> <span class='ocrx_word' id='word_1_291' title='bbox 1481 4038 1698 4097; x_wconf 88' lang='lat' dir='ltr'>essent,</span> <span class='ocrx_word' id='word_1_292' title='bbox 1732 4034 1974 4088; x_wconf 83' lang='lat' dir='ltr'>domum</span> <span class='ocrx_word' id='word_1_293' title='bbox 2007 4049 2093 4088; x_wconf 86' lang='lat' dir='ltr'>re-</span> 
     </span>
    </p>
   </div>
   <div class='ocr_carea' id='block_1_44' title="bbox 449 4120 650 4174">
    <p class='ocr_par' dir='ltr' id='par_1_44' title="bbox 449 4120 650 4174">
     <span class='ocr_line' id='line_1_44' title="bbox 449 4120 650 4174; baseline -0.015 0"><span class='ocrx_word' id='word_1_294' title='bbox 449 4120 650 4174; x_wconf 82' lang='lat' dir='ltr'>dsunt.</span> 
     </span>
    </p>
   </div>
   <div class='ocr_carea' id='block_1_45' title="bbox 522 4206 2095 4281">
    <p class='ocr_par' dir='ltr' id='par_1_45' title="bbox 522 4206 2095 4281">
     <span class='ocr_line' id='line_1_45' title="bbox 522 4206 2095 4281; baseline 0.004 -22"><span class='ocrx_word' id='word_1_295' title='bbox 522 4208 646 4260; x_wconf 88' lang='grc'>301.</span> <span class='ocrx_word' id='word_1_296' title='bbox 709 4206 954 4262; x_wconf 89' lang='lat' dir='ltr'>Demum</span> <span class='ocrx_word' id='word_1_297' title='bbox 1012 4207 1270 4280; x_wconf 88' lang='lat' dir='ltr'>Virginis</span> <span class='ocrx_word' id='word_1_298' title='bbox 1324 4209 1516 4263; x_wconf 76' lang='lat' dir='ltr'>Maria:</span> <span class='ocrx_word' id='word_1_299' title='bbox 1574 4211 1862 4281; x_wconf 91' lang='lat' dir='ltr'>precibus,</span> <span class='ocrx_word' id='word_1_300' title='bbox 1924 4211 2095 4278; x_wconf 87' lang='lat' dir='ltr'>bello,</span> 
     </span>
    </p>
   </div>
   <div class='ocr_carea' id='block_1_46' title="bbox 455 4294 2095 4370">
    <p class='ocr_par' dir='ltr' id='par_1_46' title="bbox 455 4294 2095 4370">
     <span class='ocr_line' id='line_1_46' title="bbox 455 4294 2095 4370; baseline 0.002 -20"><span class='ocrx_word' id='word_1_301' title='bbox 455 4298 635 4368; x_wconf 87' lang='lat' dir='ltr'>peste,</span> <span class='ocrx_word' id='word_1_302' title='bbox 671 4294 856 4350; x_wconf 90' lang='lat' dir='ltr'>imbre</span> <span class='ocrx_word' id='word_1_303' title='bbox 885 4296 1122 4366; x_wconf 86' lang='lat' dir='ltr'>sedatis,</span> <span class='ocrx_word' id='word_1_304' title='bbox 1157 4313 1331 4353; x_wconf 88' lang='lat' dir='ltr'>causa</span> <span class='ocrx_word' id='word_1_305' title='bbox 1361 4301 1525 4353; x_wconf 86' lang='lat' dir='ltr'>tanta</span> <span class='ocrx_word' id='word_1_306' title='bbox 1555 4297 1712 4366; x_wconf 89' lang='lat' dir='ltr'>boni,</span> <span class='ocrx_word' id='word_1_307' title='bbox 1737 4300 1892 4354; x_wconf 91' lang='lat' dir='ltr'>unde</span> <span class='ocrx_word' id='word_1_308' title='bbox 1923 4304 2095 4370; x_wconf 88' lang='lat' dir='ltr'>esset,</span> 
     </span>
    </p>
   </div>
   <div class='ocr_carea' id='block_1_47' title="bbox 455 4383 2097 4456">
    <p class='ocr_par' dir='ltr' id='par_1_47' title="bbox 455 4383 2097 4456">
     <span class='ocr_line' id='line_1_47' title="bbox 455 4383 2097 4456; baseline 0.002 -18"><span class='ocrx_word' id='word_1_309' title='bbox 455 4383 570 4440; x_wconf 90' lang='lat' dir='ltr'>late</span> <span class='ocrx_word' id='word_1_310' title='bbox 592 4383 846 4456; x_wconf 89' lang='lat' dir='ltr'>cognita,</span> <span class='ocrx_word' id='word_1_311' title='bbox 870 4401 984 4440; x_wconf 91' lang='lat' dir='ltr'>non</span> <span class='ocrx_word' id='word_1_312' title='bbox 1010 4385 1242 4441; x_wconf 85' lang='lat' dir='ltr'>finitimi</span> <span class='ocrx_word' id='word_1_313' title='bbox 1276 4390 1504 4442; x_wconf 90' lang='lat' dir='ltr'>tantum</span> <span class='ocrx_word' id='word_1_314' title='bbox 1540 4388 1809 4443; x_wconf 87' lang='lat' dir='ltr'>monachi</span> <span class='ocrx_word' id='word_1_315' title='bbox 1832 4393 1888 4444; x_wconf 91' lang='lat' dir='ltr'>et</span> <span class='ocrx_word' id='word_1_316' title='bbox 1908 4387 2097 4445; x_wconf 90' lang='lat' dir='ltr'>clerici</span> 
     </span>
    </p>
   </div>
   <div class='ocr_carea' id='block_1_48' title="bbox 459 4472 2096 4549">
    <p class='ocr_par' dir='ltr' id='par_1_48' title="bbox 459 4472 2096 4549">
     <span class='ocr_line' id='line_1_48' title="bbox 459 4472 2096 4549; baseline 0.002 -20"><span class='ocrx_word' id='word_1_317' title='bbox 459 4490 592 4529; x_wconf 91' lang='lat' dir='ltr'>cum</span> <span class='ocrx_word' id='word_1_318' title='bbox 621 4472 786 4543; x_wconf 88' lang='lat' dir='ltr'>plebe</span> <span class='ocrx_word' id='word_1_319' title='bbox 808 4490 935 4539; x_wconf 89' lang='lat' dir='ltr'>sua,</span> <span class='ocrx_word' id='word_1_320' title='bbox 953 4491 1153 4530; x_wconf 91' lang='lat' dir='ltr'>verum</span> <span class='ocrx_word' id='word_1_321' title='bbox 1177 4492 1244 4530; x_wconf 81' lang='lat' dir='ltr'>ex</span> <span class='ocrx_word' id='word_1_322' title='bbox 1259 4476 1532 4532; x_wconf 92' lang='lat' dir='ltr'>omnibus</span> <span class='ocrx_word' id='word_1_323' title='bbox 1553 4478 1790 4532; x_wconf 65' lang='lat' dir='ltr'>Etruriae</span> <span class='ocrx_word' id='word_1_324' title='bbox 1812 4478 2096 4549; x_wconf 90' lang='lat' dir='ltr'>partibus,</span> 
     </span>
    </p>
   </div>
   <div class='ocr_carea' id='block_1_49' title="bbox 2212 562 3729 631">
    <p class='ocr_par' dir='ltr' id='par_1_49' title="bbox 2212 562 3729 631">
     <span class='ocr_line' id='line_1_49' title="bbox 2212 562 3729 631; baseline 0.009 -17"><span class='ocrx_word' id='word_1_325' title='bbox 2212 577 2313 615; x_wconf 88' lang='lat' dir='ltr'>rus</span> <span class='ocrx_word' id='word_1_326' title='bbox 2336 562 2755 617; x_wconf 88' lang='lat' dir='ltr'>monasterium</span> <span class='ocrx_word' id='word_1_327' title='bbox 2779 566 3043 617; x_wconf 91' lang='lat' dir='ltr'>nostrum</span> <span class='ocrx_word' id='word_1_328' title='bbox 3058 562 3336 631; x_wconf 85' lang='lat' dir='ltr'>juxtaiter</span> <span class='ocrx_word' id='word_1_329' title='bbox 3352 563 3729 628; x_wconf 75' lang='lat' dir='ltr'>habent.l\leritis</span> 
     </span>
    </p>
   </div>
   <div class='ocr_carea' id='block_1_50' title="bbox 2209 648 3728 723">
    <p class='ocr_par' dir='ltr' id='par_1_50' title="bbox 2209 648 3728 723">
     <span class='ocr_line' id='line_1_50' title="bbox 2209 648 3728 723; baseline 0.009 -21"><span class='ocrx_word' id='word_1_330' title='bbox 2209 648 2406 721; x_wconf 80' lang='lat' dir='ltr'>itaque</span> <span class='ocrx_word' id='word_1_331' title='bbox 2439 651 2700 722; x_wconf 74' lang='lat' dir='ltr'>gloriosas</span> <span class='ocrx_word' id='word_1_332' title='bbox 2735 651 2984 723; x_wconf 90' lang='lat' dir='ltr'>Virginis</span> <span class='ocrx_word' id='word_1_333' title='bbox 3020 651 3207 706; x_wconf 46' lang='lat' dir='ltr'>Marias</span> <span class='ocrx_word' id='word_1_334' title='bbox 3254 651 3405 722; x_wconf 89' lang='lat' dir='ltr'>plura</span> <span class='ocrx_word' id='word_1_335' title='bbox 3432 655 3668 722; x_wconf 88' lang='lat' dir='ltr'>miracula,</span> <span class='ocrx_word' id='word_1_336' title='bbox 3691 669 3728 715; x_wconf 89' lang='lat' dir='ltr'>et</span> 
     </span>
    </p>
   </div>
   <div class='ocr_carea' id='block_1_51' title="bbox 2209 739 3733 813">
    <p class='ocr_par' dir='ltr' id='par_1_51' title="bbox 2209 739 3733 813">
     <span class='ocr_line' id='line_1_51' title="bbox 2209 739 3733 813; baseline 0.004 -17"><span class='ocrx_word' id='word_1_337' title='bbox 2209 741 2489 796; x_wconf 83' lang='lat' dir='ltr'>beneficia</span> <span class='ocrx_word' id='word_1_338' title='bbox 2520 741 2866 796; x_wconf 90' lang='lat' dir='ltr'>mortalibus</span> <span class='ocrx_word' id='word_1_339' title='bbox 2896 739 3125 804; x_wconf 88' lang='lat' dir='ltr'>collata,</span> <span class='ocrx_word' id='word_1_340' title='bbox 3149 740 3249 811; x_wconf 84' lang='lat' dir='ltr'>[in]</span> <span class='ocrx_word' id='word_1_341' title='bbox 3271 741 3583 813; x_wconf 86' lang='lat' dir='ltr'>imaginibus</span> <span class='ocrx_word' id='word_1_342' title='bbox 3606 750 3733 802; x_wconf 84' lang='lat' dir='ltr'>cereis</span> 
     </span>
    </p>
   </div>
   <div class='ocr_carea' id='block_1_52' title="bbox 2209 829 3729 902">
    <p class='ocr_par' dir='ltr' id='par_1_52' title="bbox 2209 829 3729 902">
     <span class='ocr_line' id='line_1_52' title="bbox 2209 829 3729 902; baseline 0.003 -17"><span class='ocrx_word' id='word_1_343' title='bbox 2209 829 2458 902; x_wconf 87' lang='lat' dir='ltr'>aliisque</span> <span class='ocrx_word' id='word_1_344' title='bbox 2488 830 2656 886; x_wconf 87' lang='lat' dir='ltr'>donis</span> <span class='ocrx_word' id='word_1_345' title='bbox 2689 836 2744 886; x_wconf 84' lang='lat' dir='ltr'>et</span> <span class='ocrx_word' id='word_1_346' title='bbox 2789 830 3131 885; x_wconf 82' lang='lat' dir='ltr'>muneribus</span> <span class='ocrx_word' id='word_1_347' title='bbox 3180 829 3458 885; x_wconf 89' lang='lat' dir='ltr'>intuentur</span> <span class='ocrx_word' id='word_1_348' title='bbox 3482 832 3729 890; x_wconf 83' lang='lat' dir='ltr'>Christiani.</span> 
     </span>
    </p>
   </div>
   <div class='ocr_carea' id='block_1_53' title="bbox 2205 918 3736 994">
    <p class='ocr_par' dir='ltr' id='par_1_53' title="bbox 2205 918 3736 994">
     <span class='ocr_line' id='line_1_53' title="bbox 2205 918 3736 994; baseline 0.003 -21"><span class='ocrx_word' id='word_1_349' title='bbox 2205 919 2366 975; x_wconf 89' lang='lat' dir='ltr'>Libet</span> <span class='ocrx_word' id='word_1_350' title='bbox 2396 921 2453 974; x_wconf 91' lang='lat' dir='ltr'>in</span> <span class='ocrx_word' id='word_1_351' title='bbox 2488 921 2599 975; x_wconf 81' lang='lat' dir='ltr'>fine</span> <span class='ocrx_word' id='word_1_352' title='bbox 2632 918 2898 975; x_wconf 89' lang='lat' dir='ltr'>miraculi</span> <span class='ocrx_word' id='word_1_353' title='bbox 2930 920 3282 990; x_wconf 87' lang='lat' dir='ltr'>interrogare</span> <span class='ocrx_word' id='word_1_354' title='bbox 3323 936 3431 987; x_wconf 90' lang='lat' dir='ltr'>eos,</span> <span class='ocrx_word' id='word_1_355' title='bbox 3461 921 3544 992; x_wconf 89' lang='lat' dir='ltr'>qui</span> <span class='ocrx_word' id='word_1_356' title='bbox 3571 930 3736 994; x_wconf 84' lang='lat' dir='ltr'>propter</span> 
     </span>
    </p>
   </div>
   <div class='ocr_carea' id='block_1_54' title="bbox 2204 1007 3734 1079">
    <p class='ocr_par' dir='ltr' id='par_1_54' title="bbox 2204 1007 3734 1079">
     <span class='ocr_line' id='line_1_54' title="bbox 2204 1007 3734 1079; baseline 0.003 -17"><span class='ocrx_word' id='word_1_357' title='bbox 2204 1007 2471 1079; x_wconf 88' lang='lat' dir='ltr'>ingentes</span> <span class='ocrx_word' id='word_1_358' title='bbox 2517 1009 2769 1075; x_wconf 79' lang='lat' dir='ltr'>divitias,</span> <span class='ocrx_word' id='word_1_359' title='bbox 2804 1009 3018 1078; x_wconf 89' lang='lat' dir='ltr'>felices,</span> <span class='ocrx_word' id='word_1_360' title='bbox 3051 1012 3107 1064; x_wconf 90' lang='lat' dir='ltr'>et</span> <span class='ocrx_word' id='word_1_361' title='bbox 3158 1009 3347 1063; x_wconf 91' lang='lat' dir='ltr'>beatos</span> <span class='ocrx_word' id='word_1_362' title='bbox 3377 1024 3432 1063; x_wconf 89' lang='lat' dir='ltr'>se</span> <span class='ocrx_word' id='word_1_363' title='bbox 3476 1010 3576 1064; x_wconf 91' lang='lat' dir='ltr'>fore</span> <span class='ocrx_word' id='word_1_364' title='bbox 3600 1012 3734 1066; x_wconf 74' lang='lat' dir='ltr'>existi-</span> 
     </span>
    </p>
   </div>
   <div class='ocr_carea' id='block_1_55' title="bbox 2205 1097 3739 1169">
    <p class='ocr_par' dir='ltr' id='par_1_55' title="bbox 2205 1097 3739 1169">
     <span class='ocr_line' id='line_1_55' title="bbox 2205 1097 3739 1169; baseline 0.001 -17"><span class='ocrx_word' id='word_1_365' title='bbox 2205 1103 2404 1166; x_wconf 90' lang='lat' dir='ltr'>mant;</span> <span class='ocrx_word' id='word_1_366' title='bbox 2442 1099 2580 1169; x_wconf 92' lang='lat' dir='ltr'>quid</span> <span class='ocrx_word' id='word_1_367' title='bbox 2609 1098 2836 1153; x_wconf 89' lang='lat' dir='ltr'>beatius</span> <span class='ocrx_word' id='word_1_368' title='bbox 2855 1115 2968 1153; x_wconf 90' lang='lat' dir='ltr'>anu</span> <span class='ocrx_word' id='word_1_369' title='bbox 3000 1097 3132 1164; x_wconf 91' lang='lat' dir='ltr'>ista,</span> <span class='ocrx_word' id='word_1_370' title='bbox 3154 1115 3278 1169; x_wconf 73' lang='lat' dir='ltr'>quae</span> <span class='ocrx_word' id='word_1_371' title='bbox 3299 1115 3424 1153; x_wconf 91' lang='lat' dir='ltr'>cum</span> <span class='ocrx_word' id='word_1_372' title='bbox 3439 1102 3739 1169; x_wconf 86' lang='lat' dir='ltr'>pauperrime,</span> 
     </span>
    </p>
   </div>
   <div class='ocr_carea' id='block_1_56' title="bbox 2203 1185 3740 1260">
    <p class='ocr_par' dir='ltr' id='par_1_56' title="bbox 2203 1185 3740 1260">
     <span class='ocr_line' id='line_1_56' title="bbox 2203 1185 3740 1260; baseline 0.001 -20"><span class='ocrx_word' id='word_1_373' title='bbox 2203 1186 2368 1251; x_wconf 89' lang='lat' dir='ltr'>bene,</span> <span class='ocrx_word' id='word_1_374' title='bbox 2401 1187 2681 1258; x_wconf 89' lang='lat' dir='ltr'>beateque</span> <span class='ocrx_word' id='word_1_375' title='bbox 2704 1204 2768 1242; x_wconf 89' lang='lat' dir='ltr'>ac</span> <span class='ocrx_word' id='word_1_376' title='bbox 2800 1187 3142 1258; x_wconf 88' lang='lat' dir='ltr'>simpliciter</span> <span class='ocrx_word' id='word_1_377' title='bbox 3161 1185 3388 1251; x_wconf 89' lang='lat' dir='ltr'>viveret,</span> <span class='ocrx_word' id='word_1_378' title='bbox 3406 1187 3588 1240; x_wconf 88' lang='lat' dir='ltr'>meruit</span> <span class='ocrx_word' id='word_1_379' title='bbox 3612 1187 3740 1260; x_wconf 75' lang='lat' dir='ltr'>Virgi-</span> 
     </span>
    </p>
   </div>
   <div class='ocr_carea' id='block_1_57' title="bbox 2203 1275 3741 1346">
    <p class='ocr_par' dir='ltr' id='par_1_57' title="bbox 2203 1275 3741 1346">
     <span class='ocr_line' id='line_1_57' title="bbox 2203 1275 3741 1346; baseline 0.001 -16"><span class='ocrx_word' id='word_1_380' title='bbox 2203 1292 2335 1330; x_wconf 91' lang='lat' dir='ltr'>nem</span> <span class='ocrx_word' id='word_1_381' title='bbox 2379 1276 2643 1341; x_wconf 89' lang='lat' dir='ltr'>Mariam,</span> <span class='ocrx_word' id='word_1_382' title='bbox 2677 1293 2792 1330; x_wconf 90' lang='lat' dir='ltr'>non</span> <span class='ocrx_word' id='word_1_383' title='bbox 2842 1275 3033 1332; x_wconf 93' lang='lat' dir='ltr'>solum</span> <span class='ocrx_word' id='word_1_384' title='bbox 3067 1275 3341 1346; x_wconf 88' lang='lat' dir='ltr'>aspicere,</span> <span class='ocrx_word' id='word_1_385' title='bbox 3371 1291 3550 1330; x_wconf 85' lang='lat' dir='ltr'>verum</span> <span class='ocrx_word' id='word_1_386' title='bbox 3587 1277 3741 1346; x_wconf 66' lang='lat' dir='ltr'>saepius</span> 
     </span>
    </p>
   </div>
   <div class='ocr_carea' id='block_1_58' title="bbox 2202 1363 3739 1436">
    <p class='ocr_par' dir='ltr' id='par_1_58' title="bbox 2202 1363 3739 1436">
     <span class='ocr_line' id='line_1_58' title="bbox 2202 1363 3739 1436; baseline 0.001 -18"><span class='ocrx_word' id='word_1_387' title='bbox 2202 1363 2506 1419; x_wconf 91' lang='lat' dir='ltr'>convenire</span> <span class='ocrx_word' id='word_1_388' title='bbox 2536 1370 2592 1419; x_wconf 90' lang='lat' dir='ltr'>et</span> <span class='ocrx_word' id='word_1_389' title='bbox 2622 1363 2872 1436; x_wconf 89' lang='lat' dir='ltr'>colloqui</span> <span class='ocrx_word' id='word_1_390' title='bbox 2899 1368 2920 1419; x_wconf 75' lang='grc' dir='ltr'>Ρ</span> <span class='ocrx_word' id='word_1_391' title='bbox 2949 1368 2993 1420; x_wconf 91' lang='grc' dir='ltr'>Ο</span> <span class='ocrx_word' id='word_1_392' title='bbox 3025 1381 3116 1419; x_wconf 90' lang='lat' dir='ltr'>me</span> <span class='ocrx_word' id='word_1_393' title='bbox 3149 1365 3378 1420; x_wconf 88' lang='lat' dir='ltr'>beatum</span> <span class='ocrx_word' id='word_1_394' title='bbox 3406 1369 3456 1420; x_wconf 87' lang='lat' dir='ltr'>et</span> <span class='ocrx_word' id='word_1_395' title='bbox 3483 1363 3739 1419; x_wconf 70' lang='lat' dir='ltr'>felicem3si</span> 
     </span>
    </p>
   </div>
   <div class='ocr_carea' id='block_1_59' title="bbox 2200 1453 3743 1523">
    <p class='ocr_par' dir='ltr' id='par_1_59' title="bbox 2200 1453 3743 1523">
     <span class='ocr_line' id='line_1_59' title="bbox 2200 1453 3743 1523; baseline -0.001 -16"><span class='ocrx_word' id='word_1_396' title='bbox 2200 1453 2442 1508; x_wconf 88' lang='lat' dir='ltr'>daretur</span> <span class='ocrx_word' id='word_1_397' title='bbox 2472 1454 2598 1523; x_wconf 85' lang='lat' dir='ltr'>ejus</span> <span class='ocrx_word' id='word_1_398' title='bbox 2649 1455 2952 1508; x_wconf 85' lang='lat' dir='ltr'>dumtaxat</span> <span class='ocrx_word' id='word_1_399' title='bbox 2991 1453 3281 1508; x_wconf 89' lang='lat' dir='ltr'>consortio</span> <span class='ocrx_word' id='word_1_400' title='bbox 3330 1453 3455 1520; x_wconf 87' lang='lat' dir='ltr'>frui,</span> <span class='ocrx_word' id='word_1_401' title='bbox 3486 1453 3571 1523; x_wconf 88' lang='lat' dir='ltr'>qui</span> <span class='ocrx_word' id='word_1_402' title='bbox 3608 1454 3743 1523; x_wconf 70' lang='lat' dir='ltr'>Virgi-</span> 
     </span>
    </p>
   </div>
   <div class='ocr_carea' id='block_1_60' title="bbox 2202 1541 3746 1614">
    <p class='ocr_par' dir='ltr' id='par_1_60' title="bbox 2202 1541 3746 1614">
     <span class='ocr_line' id='line_1_60' title="bbox 2202 1541 3746 1614; baseline 0 -18"><span class='ocrx_word' id='word_1_403' title='bbox 2202 1559 2333 1597; x_wconf 90' lang='lat' dir='ltr'>nem</span> <span class='ocrx_word' id='word_1_404' title='bbox 2366 1542 2604 1598; x_wconf 91' lang='lat' dir='ltr'>Mariam</span> <span class='ocrx_word' id='word_1_405' title='bbox 2648 1541 2807 1598; x_wconf 88' lang='lat' dir='ltr'>hisce</span> <span class='ocrx_word' id='word_1_406' title='bbox 2838 1542 3187 1598; x_wconf 88' lang='lat' dir='ltr'>mortalibus</span> <span class='ocrx_word' id='word_1_407' title='bbox 3234 1541 3411 1598; x_wconf 91' lang='lat' dir='ltr'>oculis</span> <span class='ocrx_word' id='word_1_408' title='bbox 3439 1542 3746 1614; x_wconf 80' lang='lat' dir='ltr'>conspexisset</span> 
     </span>
    </p>
   </div>
   <div class='ocr_carea' id='block_1_61' title="bbox 2203 1631 2417 1686">
    <p class='ocr_par' dir='ltr' id='par_1_61' title="bbox 2203 1631 2417 1686">
     <span class='ocr_line' id='line_1_61' title="bbox 2203 1631 2417 1686; baseline 0 0"><span class='ocrx_word' id='word_1_409' title='bbox 2203 1631 2417 1686; x_wconf 88' lang='lat' dir='ltr'>semel!</span> 
     </span>
    </p>
   </div>
   <div class='ocr_carea' id='block_1_62' title="bbox 2270 1762 3748 1836">
    <p class='ocr_par' dir='ltr' id='par_1_62' title="bbox 2270 1762 3748 1836">
     <span class='ocr_line' id='line_1_62' title="bbox 2270 1762 3748 1836; baseline -0.003 -16"><span class='ocrx_word' id='word_1_410' title='bbox 2270 1767 2392 1820; x_wconf 80' lang='lat'>302.</span> <span class='ocrx_word' id='word_1_411' title='bbox 2426 1766 2588 1832; x_wconf 89' lang='lat' dir='ltr'>Quod</span> <span class='ocrx_word' id='word_1_412' title='bbox 2639 1782 2794 1821; x_wconf 92' lang='lat' dir='ltr'>nunc</span> <span class='ocrx_word' id='word_1_413' title='bbox 2845 1765 3174 1836; x_wconf 88' lang='lat' dir='ltr'>scripturus</span> <span class='ocrx_word' id='word_1_414' title='bbox 3223 1780 3373 1834; x_wconf 91' lang='lat' dir='ltr'>sum,</span> <span class='ocrx_word' id='word_1_415' title='bbox 3405 1781 3435 1819; x_wconf 89' lang='lat' dir='ltr'>a</span> <span class='ocrx_word' id='word_1_416' title='bbox 3479 1762 3646 1820; x_wconf 86' lang='lat' dir='ltr'>multis</span> <span class='ocrx_word' id='word_1_417' title='bbox 3668 1762 3748 1818; x_wconf 86' lang='lat' dir='ltr'>reli-</span> 
     </span>
    </p>
   </div>
   <div class='ocr_carea' id='block_1_63' title="bbox 2126 1839 3752 1927">
    <p class='ocr_par' dir='ltr' id='par_1_63' title="bbox 2126 1839 3752 1927">
     <span class='ocr_line' id='line_1_63' title="bbox 2126 1839 3752 1927; baseline -0.001 -22"><span class='ocrx_word' id='word_1_418' title='bbox 2126 1839 2173 1905; x_wconf 90' lang='grc' dir='ltr'><strong>Β</strong></span> <span class='ocrx_word' id='word_1_419' title='bbox 2202 1855 2402 1927; x_wconf 88' lang='lat' dir='ltr'>giosis,</span> <span class='ocrx_word' id='word_1_420' title='bbox 2422 1859 2552 1910; x_wconf 91' lang='lat' dir='ltr'>tum</span> <span class='ocrx_word' id='word_1_421' title='bbox 2585 1855 2898 1910; x_wconf 88' lang='lat' dir='ltr'>abbatibus</span> <span class='ocrx_word' id='word_1_422' title='bbox 2915 1860 3038 1909; x_wconf 91' lang='lat' dir='ltr'>tum</span> <span class='ocrx_word' id='word_1_423' title='bbox 3058 1853 3362 1910; x_wconf 88' lang='lat' dir='ltr'>monachis</span> <span class='ocrx_word' id='word_1_424' title='bbox 3384 1857 3574 1908; x_wconf 66' lang='lat' dir='ltr'>nostra</span> <span class='ocrx_word' id='word_1_425' title='bbox 3591 1851 3752 1923; x_wconf 78' lang='lat' dir='ltr'>religio-</span> 
     </span>
    </p>
   </div>
   <div class='ocr_carea' id='block_1_64' title="bbox 2201 1940 3754 2015">
    <p class='ocr_par' dir='ltr' id='par_1_64' title="bbox 2201 1940 3754 2015">
     <span class='ocr_line' id='line_1_64' title="bbox 2201 1940 3754 2015; baseline -0.003 -16"><span class='ocrx_word' id='word_1_426' title='bbox 2201 1944 2291 1999; x_wconf 89' lang='lat' dir='ltr'>nis</span> <span class='ocrx_word' id='word_1_427' title='bbox 2322 1944 2434 1998; x_wconf 86' lang='lat' dir='ltr'>ﬁde</span> <span class='ocrx_word' id='word_1_428' title='bbox 2465 1943 2658 2015; x_wconf 88' lang='lat' dir='ltr'>dignis</span> <span class='ocrx_word' id='word_1_429' title='bbox 2677 1945 2973 2015; x_wconf 89' lang='lat' dir='ltr'>accepi.ln</span> <span class='ocrx_word' id='word_1_430' title='bbox 2998 1941 3352 1999; x_wconf 89' lang='lat' dir='ltr'>monasterio</span> <span class='ocrx_word' id='word_1_431' title='bbox 3399 1943 3454 1997; x_wconf 92' lang='lat' dir='ltr'>S.</span> <span class='ocrx_word' id='word_1_432' title='bbox 3474 1940 3619 1996; x_wconf 84' lang='lat' dir='ltr'>Salvii</span> <span class='ocrx_word' id='word_1_433' title='bbox 3634 1956 3754 2012; x_wconf 82' lang='lat' dir='ltr'>prope</span> 
     </span>
    </p>
   </div>
   <div class='ocr_carea' id='block_1_65' title="bbox 2204 2028 3757 2105">
    <p class='ocr_par' dir='ltr' id='par_1_65' title="bbox 2204 2028 3757 2105">
     <span class='ocr_line' id='line_1_65' title="bbox 2204 2028 3757 2105; baseline -0.005 -18"><span class='ocrx_word' id='word_1_434' title='bbox 2204 2032 2578 2099; x_wconf 73' lang='lat' dir='ltr'>Florentium,</span> <span class='ocrx_word' id='word_1_435' title='bbox 2611 2035 2766 2105; x_wconf 93' lang='lat' dir='ltr'>quod</span> <span class='ocrx_word' id='word_1_436' title='bbox 2799 2033 3218 2089; x_wconf 89' lang='lat' dir='ltr'>sanatissimus</span> <span class='ocrx_word' id='word_1_437' title='bbox 3245 2032 3490 2086; x_wconf 87' lang='lat' dir='ltr'>Joannes</span> <span class='ocrx_word' id='word_1_438' title='bbox 3517 2034 3626 2100; x_wconf 88' lang='lat' dir='ltr'>post</span> <span class='ocrx_word' id='word_1_439' title='bbox 3649 2028 3757 2081; x_wconf 80' lang='lat' dir='ltr'>istud</span> 
     </span>
    </p>
   </div>
   <div class='ocr_carea' id='block_1_66' title="bbox 2202 2118 3758 2192">
    <p class='ocr_par' dir='ltr' id='par_1_66' title="bbox 2202 2118 3758 2192">
     <span class='ocr_line' id='line_1_66' title="bbox 2202 2118 3758 2192; baseline -0.005 -15"><span class='ocrx_word' id='word_1_440' title='bbox 2202 2123 2261 2177; x_wconf 89' lang='lat' dir='ltr'>S.</span> <span class='ocrx_word' id='word_1_441' title='bbox 2295 2121 2485 2175; x_wconf 69' lang='lat' dir='ltr'>Mariae</span> <span class='ocrx_word' id='word_1_442' title='bbox 2536 2121 2809 2177; x_wconf 76' lang='lat' dir='ltr'>aedificari</span> <span class='ocrx_word' id='word_1_443' title='bbox 2859 2121 3059 2187; x_wconf 90' lang='lat' dir='ltr'>voluit,</span> <span class='ocrx_word' id='word_1_444' title='bbox 3095 2120 3340 2192; x_wconf 87' lang='lat' dir='ltr'>quidam</span> <span class='ocrx_word' id='word_1_445' title='bbox 3391 2118 3641 2185; x_wconf 85' lang='lat' dir='ltr'>minister,</span> <span class='ocrx_word' id='word_1_446' title='bbox 3675 2132 3758 2178; x_wconf 88' lang='lat' dir='ltr'>seu,</span> 
     </span>
    </p>
   </div>
   <div class='ocr_carea' id='block_1_67' title="bbox 2207 2204 3758 2278">
    <p class='ocr_par' dir='ltr' id='par_1_67' title="bbox 2207 2204 3758 2278">
     <span class='ocr_line' id='line_1_67' title="bbox 2207 2204 3758 2278; baseline -0.005 -14"><span class='ocrx_word' id='word_1_447' title='bbox 2207 2211 2421 2266; x_wconf 89' lang='lat' dir='ltr'>rectius</span> <span class='ocrx_word' id='word_1_448' title='bbox 2453 2210 2667 2278; x_wconf 90' lang='lat' dir='ltr'>dicam,</span> <span class='ocrx_word' id='word_1_449' title='bbox 2701 2226 3015 2266; x_wconf 89' lang='lat' dir='ltr'>conversus</span> <span class='ocrx_word' id='word_1_450' title='bbox 3063 2208 3311 2278; x_wconf 83' lang='lat' dir='ltr'>exstitit,</span> <span class='ocrx_word' id='word_1_451' title='bbox 3343 2208 3432 2263; x_wconf 92' lang='lat' dir='ltr'>cui</span> <span class='ocrx_word' id='word_1_452' title='bbox 3461 2222 3642 2263; x_wconf 88' lang='lat' dir='ltr'>nomen</span> <span class='ocrx_word' id='word_1_453' title='bbox 3663 2204 3758 2258; x_wconf 80' lang='lat' dir='ltr'>Bar-</span> 
     </span>
    </p>
   </div>
   <div class='ocr_carea' id='block_1_68' title="bbox 2198 2294 3757 2370">
    <p class='ocr_par' dir='ltr' id='par_1_68' title="bbox 2198 2294 3757 2370">
     <span class='ocr_line' id='line_1_68' title="bbox 2198 2294 3757 2370; baseline -0.006 -16"><span class='ocrx_word' id='word_1_454' title='bbox 2198 2299 2505 2355; x_wconf 72' lang='lat' dir='ltr'>tholomzeo</span> <span class='ocrx_word' id='word_1_455' title='bbox 2530 2317 2541 2353; x_wconf 91' lang='lat'>:</span> <span class='ocrx_word' id='word_1_456' title='bbox 2578 2314 2752 2370; x_wconf 91' lang='lat' dir='ltr'>quem</span> <span class='ocrx_word' id='word_1_457' title='bbox 2778 2299 2991 2370; x_wconf 71' lang='lat' dir='ltr'>saepius</span> <span class='ocrx_word' id='word_1_458' title='bbox 3007 2298 3231 2353; x_wconf 89' lang='lat' dir='ltr'>vidisse</span> <span class='ocrx_word' id='word_1_459' title='bbox 3254 2313 3345 2352; x_wconf 90' lang='lat' dir='ltr'>me</span> <span class='ocrx_word' id='word_1_460' title='bbox 3375 2295 3591 2353; x_wconf 91' lang='lat' dir='ltr'>memini</span> <span class='ocrx_word' id='word_1_461' title='bbox 3609 2313 3620 2361; x_wconf 88' lang='lat'><strong>;</strong></span> <span class='ocrx_word' id='word_1_462' title='bbox 3638 2294 3757 2362; x_wconf 83' lang='lat' dir='ltr'>cujus</span> 
     </span>
    </p>
   </div>
   <div class='ocr_carea' id='block_1_69' title="bbox 2198 2383 3757 2460">
    <p class='ocr_par' dir='ltr' id='par_1_69' title="bbox 2198 2383 3757 2460">
     <span class='ocr_line' id='line_1_69' title="bbox 2198 2383 3757 2460; baseline -0.007 -16"><span class='ocrx_word' id='word_1_463' title='bbox 2198 2405 2392 2460; x_wconf 87' lang='lat' dir='ltr'>opera,</span> <span class='ocrx_word' id='word_1_464' title='bbox 2427 2391 2482 2442; x_wconf 89' lang='lat' dir='ltr'>et</span> <span class='ocrx_word' id='word_1_465' title='bbox 2514 2404 2640 2458; x_wconf 81' lang='lat' dir='ltr'>quae</span> <span class='ocrx_word' id='word_1_466' title='bbox 2672 2388 2898 2444; x_wconf 67' lang='lat' dir='ltr'>daemon</span> <span class='ocrx_word' id='word_1_467' title='bbox 2930 2389 2989 2442; x_wconf 91' lang='lat' dir='ltr'>in</span> <span class='ocrx_word' id='word_1_468' title='bbox 3038 2403 3180 2443; x_wconf 92' lang='lat' dir='ltr'>eum</span> <span class='ocrx_word' id='word_1_469' title='bbox 3214 2385 3411 2457; x_wconf 90' lang='lat' dir='ltr'>inique</span> <span class='ocrx_word' id='word_1_470' title='bbox 3459 2383 3635 2458; x_wconf 86' lang='lat' dir='ltr'>egerit,</span> <span class='ocrx_word' id='word_1_471' title='bbox 3660 2383 3757 2453; x_wconf 83' lang='lat' dir='ltr'>quia</span> 
     </span>
    </p>
   </div>
   <div class='ocr_carea' id='block_1_70' title="bbox 2199 2473 3757 2550">
    <p class='ocr_par' dir='ltr' id='par_1_70' title="bbox 2199 2473 3757 2550">
     <span class='ocr_line' id='line_1_70' title="bbox 2199 2473 3757 2550; baseline -0.001 -20"><span class='ocrx_word' id='word_1_472' title='bbox 2199 2475 2522 2547; x_wconf 63' lang='lat' dir='ltr'>praesertim</span> <span class='ocrx_word' id='word_1_473' title='bbox 2554 2476 2661 2531; x_wconf 87' lang='lat' dir='ltr'>hac</span> <span class='ocrx_word' id='word_1_474' title='bbox 2691 2481 3037 2548; x_wconf 88' lang='lat' dir='ltr'>tempestate</span> <span class='ocrx_word' id='word_1_475' title='bbox 3085 2494 3307 2550; x_wconf 88' lang='lat' dir='ltr'>magna</span> <span class='ocrx_word' id='word_1_476' title='bbox 3335 2481 3391 2531; x_wconf 89' lang='lat' dir='ltr'>et</span> <span class='ocrx_word' id='word_1_477' title='bbox 3418 2473 3608 2530; x_wconf 85' lang='lat' dir='ltr'>atrocia</span> <span class='ocrx_word' id='word_1_478' title='bbox 3633 2473 3757 2528; x_wconf 80' lang='lat' dir='ltr'>fuere.</span> 
     </span>
    </p>
   </div>
   <div class='ocr_carea' id='block_1_71' title="bbox 2197 2557 3758 2631">
    <p class='ocr_par' dir='ltr' id='par_1_71' title="bbox 2197 2557 3758 2631">
     <span class='ocr_line' id='line_1_71' title="bbox 2197 2557 3758 2631; baseline -0.006 -13"><span class='ocrx_word' id='word_1_479' title='bbox 2197 2564 2407 2620; x_wconf 88' lang='lat' dir='ltr'>litteris</span> <span class='ocrx_word' id='word_1_480' title='bbox 2439 2564 2717 2620; x_wconf 90' lang='lat' dir='ltr'>mandare</span> <span class='ocrx_word' id='word_1_481' title='bbox 2737 2565 2890 2620; x_wconf 88' lang='lat' dir='ltr'>haud</span> <span class='ocrx_word' id='word_1_482' title='bbox 2918 2566 3249 2620; x_wconf 89' lang='lat' dir='ltr'>absurdum</span> <span class='ocrx_word' id='word_1_483' title='bbox 3281 2565 3464 2619; x_wconf 89' lang='lat' dir='ltr'>visum</span> <span class='ocrx_word' id='word_1_484' title='bbox 3485 2565 3580 2631; x_wconf 91' lang='lat' dir='ltr'>est,</span> <span class='ocrx_word' id='word_1_485' title='bbox 3599 2563 3652 2614; x_wconf 90' lang='lat' dir='ltr'>ut</span> <span class='ocrx_word' id='word_1_486' title='bbox 3667 2557 3758 2612; x_wconf 83' lang='lat' dir='ltr'>hinc</span> 
     </span>
    </p>
   </div>
   <div class='ocr_carea' id='block_1_72' title="bbox 2197 2645 3761 2726">
    <p class='ocr_par' dir='ltr' id='par_1_72' title="bbox 2197 2645 3761 2726">
     <span class='ocr_line' id='line_1_72' title="bbox 2197 2645 3761 2726; baseline -0.002 -18"><span class='ocrx_word' id='word_1_487' title='bbox 2197 2652 2386 2724; x_wconf 91' lang='lat' dir='ltr'>quivis</span> <span class='ocrx_word' id='word_1_488' title='bbox 2418 2653 2619 2709; x_wconf 85' lang='lat' dir='ltr'>ﬁdeles</span> <span class='ocrx_word' id='word_1_489' title='bbox 2653 2653 2972 2726; x_wconf 88' lang='lat' dir='ltr'>intelligere</span> <span class='ocrx_word' id='word_1_490' title='bbox 3017 2654 3277 2726; x_wconf 90' lang='lat' dir='ltr'>possint,</span> <span class='ocrx_word' id='word_1_491' title='bbox 3312 2657 3376 2708; x_wconf 92' lang='lat' dir='ltr'>ut</span> <span class='ocrx_word' id='word_1_492' title='bbox 3404 2652 3478 2707; x_wconf 86' lang='lat' dir='ltr'>ait</span> <span class='ocrx_word' id='word_1_493' title='bbox 3503 2645 3761 2721; x_wconf 77' lang='lat' dir='ltr'>Apostolus.</span> 
     </span>
    </p>
   </div>
   <div class='ocr_carea' id='block_1_73' title="bbox 2199 2740 3762 2815">
    <p class='ocr_par' dir='ltr' id='par_1_73' title="bbox 2199 2740 3762 2815">
     <span class='ocr_line' id='line_1_73' title="bbox 2199 2740 3762 2815; baseline -0.006 -17"><span class='ocrx_word' id='word_1_494' title='bbox 2199 2759 2422 2811; x_wconf 90' lang='lat' dir='ltr'>omnes,</span> <span class='ocrx_word' id='word_1_495' title='bbox 2455 2742 2555 2814; x_wconf 91' lang='lat' dir='ltr'>qui</span> <span class='ocrx_word' id='word_1_496' title='bbox 2587 2743 2678 2815; x_wconf 91' lang='lat' dir='ltr'>pie</span> <span class='ocrx_word' id='word_1_497' title='bbox 2709 2742 2911 2798; x_wconf 91' lang='lat' dir='ltr'>volunt</span> <span class='ocrx_word' id='word_1_498' title='bbox 2939 2743 3134 2799; x_wconf 87' lang='lat' dir='ltr'>vivere</span> <span class='ocrx_word' id='word_1_499' title='bbox 3167 2744 3230 2798; x_wconf 90' lang='lat' dir='ltr'>in</span> <span class='ocrx_word' id='word_1_500' title='bbox 3273 2741 3493 2798; x_wconf 89' lang='lat' dir='ltr'>Christo</span> <span class='ocrx_word' id='word_1_501' title='bbox 3521 2740 3651 2801; x_wconf 83' lang='lat' dir='ltr'>Jesu,</span> <span class='ocrx_word' id='word_1_502' title='bbox 3675 2749 3762 2805; x_wconf 82' lang='lat' dir='ltr'>per-</span> 
     </span>
    </p>
   </div>
   <div class='ocr_carea' id='block_1_74' title="bbox 2199 2827 3766 2903">
    <p class='ocr_par' dir='ltr' id='par_1_74' title="bbox 2199 2827 3766 2903">
     <span class='ocr_line' id='line_1_74' title="bbox 2199 2827 3766 2903; baseline -0.009 -16"><span class='ocrx_word' id='word_1_503' title='bbox 2199 2831 2525 2887; x_wconf 90' lang='lat' dir='ltr'>secutiones</span> <span class='ocrx_word' id='word_1_504' title='bbox 2556 2833 2694 2903; x_wconf 91' lang='lat' dir='ltr'>pati,</span> <span class='ocrx_word' id='word_1_505' title='bbox 2729 2832 2912 2888; x_wconf 90' lang='lat' dir='ltr'>ethos</span> <span class='ocrx_word' id='word_1_506' title='bbox 2943 2831 3141 2888; x_wconf 86' lang='lat' dir='ltr'>solum</span> <span class='ocrx_word' id='word_1_507' title='bbox 3166 2831 3546 2888; x_wconf 90' lang='lat' dir='ltr'>tentationum</span> <span class='ocrx_word' id='word_1_508' title='bbox 3574 2827 3766 2896; x_wconf 80' lang='lat' dir='ltr'>expertes</span> 
     </span>
    </p>
   </div>
   <div class='ocr_carea' id='block_1_75' title="bbox 2199 2909 3765 2994">
    <p class='ocr_par' dir='ltr' id='par_1_75' title="bbox 2199 2909 3765 2994">
     <span class='ocr_line' id='line_1_75' title="bbox 2199 2909 3765 2994; baseline -0.009 -18"><span class='ocrx_word' id='word_1_509' title='bbox 2199 2937 2347 2989; x_wconf 88' lang='lat' dir='ltr'>esse,</span> <span class='ocrx_word' id='word_1_510' title='bbox 2409 2920 2507 2986; x_wconf 89' lang='lat' dir='ltr'>qui</span> <span class='ocrx_word' id='word_1_511' title='bbox 2566 2937 2700 2976; x_wconf 84' lang='lat' dir='ltr'>suas</span> <span class='ocrx_word' id='word_1_512' title='bbox 2743 2921 3069 2992; x_wconf 86' lang='lat' dir='ltr'>voluptates</span> <span class='ocrx_word' id='word_1_513' title='bbox 3120 2921 3357 2994; x_wconf 85' lang='lat' dir='ltr'>explere</span> <span class='ocrx_word' id='word_1_514' title='bbox 3405 2919 3660 2988; x_wconf 81' lang='lat' dir='ltr'>satagunt.</span> <span class='ocrx_word' id='word_1_515' title='bbox 3698 2909 3765 2965; x_wconf 84' lang='lat' dir='ltr'>Hic</span> 
     </span>
    </p>
   </div>
   <div class='ocr_carea' id='block_1_76' title="bbox 2199 2998 3767 3081">
    <p class='ocr_par' dir='ltr' id='par_1_76' title="bbox 2199 2998 3767 3081">
     <span class='ocr_line' id='line_1_76' title="bbox 2199 2998 3767 3081; baseline -0.008 -17"><span class='ocrx_word' id='word_1_516' title='bbox 2199 3009 2415 3081; x_wconf 88' lang='lat' dir='ltr'>itaque,</span> <span class='ocrx_word' id='word_1_517' title='bbox 2447 3025 2581 3065; x_wconf 91' lang='lat' dir='ltr'>cum</span> <span class='ocrx_word' id='word_1_518' title='bbox 2628 3010 2807 3065; x_wconf 92' lang='lat' dir='ltr'>vitam</span> <span class='ocrx_word' id='word_1_519' title='bbox 2858 3027 3026 3066; x_wconf 89' lang='lat' dir='ltr'>suam</span> <span class='ocrx_word' id='word_1_520' title='bbox 3078 3010 3415 3067; x_wconf 87' lang='lat' dir='ltr'>secundum</span> <span class='ocrx_word' id='word_1_521' title='bbox 3466 3009 3625 3063; x_wconf 91' lang='lat' dir='ltr'>Deum</span> <span class='ocrx_word' id='word_1_522' title='bbox 3665 3007 3705 3055; x_wconf 89' lang='lat' dir='ltr'>et</span> <span class='ocrx_word' id='word_1_523' title='bbox 3728 2998 3767 3052; x_wconf 90' lang='lat' dir='ltr'>S.</span> 
     </span>
    </p>
   </div>
   <div class='ocr_carea' id='block_1_77' title="bbox 2201 3086 3769 3170">
    <p class='ocr_par' dir='ltr' id='par_1_77' title="bbox 2201 3086 3769 3170">
     <span class='ocr_line' id='line_1_77' title="bbox 2201 3086 3769 3170; baseline -0.01 -16"><span class='ocrx_word' id='word_1_524' title='bbox 2201 3098 2492 3154; x_wconf 90' lang='lat' dir='ltr'>Benedicti</span> <span class='ocrx_word' id='word_1_525' title='bbox 2512 3099 2772 3170; x_wconf 90' lang='lat' dir='ltr'>regulam</span> <span class='ocrx_word' id='word_1_526' title='bbox 2797 3098 2983 3154; x_wconf 90' lang='lat' dir='ltr'>multo</span> <span class='ocrx_word' id='word_1_527' title='bbox 3009 3099 3241 3166; x_wconf 91' lang='lat' dir='ltr'>labore,</span> <span class='ocrx_word' id='word_1_528' title='bbox 3263 3097 3446 3154; x_wconf 87' lang='lat' dir='ltr'>multa</span> <span class='ocrx_word' id='word_1_529' title='bbox 3471 3109 3613 3156; x_wconf 86' lang='lat' dir='ltr'>cura,</span> <span class='ocrx_word' id='word_1_530' title='bbox 3631 3086 3769 3145; x_wconf 88' lang='lat' dir='ltr'>mode-</span> 
     </span>
    </p>
   </div>
   <div class='ocr_carea' id='block_1_78' title="bbox 2119 3176 3773 3274">
    <p class='ocr_par' dir='ltr' id='par_1_78' title="bbox 2119 3176 3773 3274">
     <span class='ocr_line' id='line_1_78' title="bbox 2119 3176 3773 3274; baseline -0.008 -32"><span class='ocrx_word' id='word_1_531' title='bbox 2119 3207 2162 3274; x_wconf 68' lang='grc' dir='ltr'>ρ</span> <span class='ocrx_word' id='word_1_532' title='bbox 2202 3187 2459 3242; x_wconf 89' lang='lat' dir='ltr'>stissime</span> <span class='ocrx_word' id='word_1_533' title='bbox 2507 3188 2782 3258; x_wconf 89' lang='lat' dir='ltr'>parendo,</span> <span class='ocrx_word' id='word_1_534' title='bbox 2817 3192 2874 3243; x_wconf 87' lang='lat' dir='ltr'>et</span> <span class='ocrx_word' id='word_1_535' title='bbox 2921 3204 3071 3259; x_wconf 67' lang='lat' dir='ltr'>saepe</span> <span class='ocrx_word' id='word_1_536' title='bbox 3117 3187 3472 3259; x_wconf 88' lang='lat' dir='ltr'>jejunando,</span> <span class='ocrx_word' id='word_1_537' title='bbox 3501 3182 3615 3239; x_wconf 87' lang='lat' dir='ltr'>aliis</span> <span class='ocrx_word' id='word_1_538' title='bbox 3649 3176 3773 3272; x_wconf 77' lang='lat' dir='ltr'>etiam</span> 
     </span>
    </p>
   </div>
   <div class='ocr_carea' id='block_1_79' title="bbox 2201 3264 3772 3347">
    <p class='ocr_par' dir='ltr' id='par_1_79' title="bbox 2201 3264 3772 3347">
     <span class='ocr_line' id='line_1_79' title="bbox 2201 3264 3772 3347; baseline -0.011 -15"><span class='ocrx_word' id='word_1_539' title='bbox 2201 3275 2399 3347; x_wconf 88' lang='lat' dir='ltr'>ﬂagris</span> <span class='ocrx_word' id='word_1_540' title='bbox 2417 3275 2829 3347; x_wconf 90' lang='lat' dir='ltr'>corpusculum</span> <span class='ocrx_word' id='word_1_541' title='bbox 2850 3293 3024 3332; x_wconf 91' lang='lat' dir='ltr'>suum</span> <span class='ocrx_word' id='word_1_542' title='bbox 3043 3276 3400 3347; x_wconf 86' lang='lat' dir='ltr'>castigando</span> <span class='ocrx_word' id='word_1_543' title='bbox 3418 3275 3596 3329; x_wconf 86' lang='lat' dir='ltr'>sancte</span> <span class='ocrx_word' id='word_1_544' title='bbox 3612 3264 3772 3336; x_wconf 79' lang='lat' dir='ltr'>sapien-</span> 
     </span>
    </p>
   </div>
   <div class='ocr_carea' id='block_1_80' title="bbox 2199 3351 3773 3437">
    <p class='ocr_par' dir='ltr' id='par_1_80' title="bbox 2199 3351 3773 3437">
     <span class='ocr_line' id='line_1_80' title="bbox 2199 3351 3773 3437; baseline -0.003 -16"><span class='ocrx_word' id='word_1_545' title='bbox 2199 3369 2400 3437; x_wconf 88' lang='lat' dir='ltr'>terque</span> <span class='ocrx_word' id='word_1_546' title='bbox 2423 3365 2793 3430; x_wconf 86' lang='lat' dir='ltr'>instituisset,</span> <span class='ocrx_word' id='word_1_547' title='bbox 2811 3366 2872 3421; x_wconf 91' lang='lat' dir='ltr'>in</span> <span class='ocrx_word' id='word_1_548' title='bbox 2904 3369 3137 3422; x_wconf 84' lang='lat' dir='ltr'>tantam</span> <span class='ocrx_word' id='word_1_549' title='bbox 3158 3363 3587 3437; x_wconf 88' lang='lat' dir='ltr'>simplicitatem</span> <span class='ocrx_word' id='word_1_550' title='bbox 3604 3362 3647 3412; x_wconf 78' lang='lat' dir='ltr'>et</span> <span class='ocrx_word' id='word_1_551' title='bbox 3663 3351 3773 3426; x_wconf 72' lang='grc' dir='ltr'>ρυτὶ·</span> 
     </span>
    </p>
   </div>
   <div class='ocr_carea' id='block_1_81' title="bbox 2201 3453 3772 3526">
    <p class='ocr_par' dir='ltr' id='par_1_81' title="bbox 2201 3453 3772 3526">
     <span class='ocr_line' id='line_1_81' title="bbox 2201 3453 3772 3526; baseline -0.008 -17"><span class='ocrx_word' id='word_1_552' title='bbox 2201 3459 2379 3509; x_wconf 90' lang='lat' dir='ltr'>tatem</span> <span class='ocrx_word' id='word_1_553' title='bbox 2412 3454 2569 3510; x_wconf 88' lang='lat' dir='ltr'>brevi</span> <span class='ocrx_word' id='word_1_554' title='bbox 2595 3455 2874 3526; x_wconf 89' lang='lat' dir='ltr'>pervenit,</span> <span class='ocrx_word' id='word_1_555' title='bbox 2895 3459 2960 3510; x_wconf 92' lang='lat' dir='ltr'>ut</span> <span class='ocrx_word' id='word_1_556' title='bbox 2989 3455 3281 3512; x_wconf 87' lang='lat' dir='ltr'>omnibus</span> <span class='ocrx_word' id='word_1_557' title='bbox 3299 3453 3644 3510; x_wconf 86' lang='lat' dir='ltr'>vehementer</span> <span class='ocrx_word' id='word_1_558' title='bbox 3658 3454 3772 3498; x_wconf 79' lang='lat' dir='ltr'>carus</span> 
     </span>
    </p>
   </div>
   <div class='ocr_carea' id='block_1_82' title="bbox 2202 3526 3774 3611">
    <p class='ocr_par' dir='ltr' id='par_1_82' title="bbox 2202 3526 3774 3611">
     <span class='ocr_line' id='line_1_82' title="bbox 2202 3526 3774 3611; baseline -0.007 -13"><span class='ocrx_word' id='word_1_559' title='bbox 2202 3543 2469 3598; x_wconf 84' lang='lat' dir='ltr'>existeret</span> <span class='ocrx_word' id='word_1_560' title='bbox 2521 3562 2532 3598; x_wconf 92' lang='lat'>:</span> <span class='ocrx_word' id='word_1_561' title='bbox 2585 3560 2743 3608; x_wconf 89' lang='lat' dir='ltr'>nam,</span> <span class='ocrx_word' id='word_1_562' title='bbox 2793 3548 2858 3598; x_wconf 92' lang='lat' dir='ltr'>ut</span> <span class='ocrx_word' id='word_1_563' title='bbox 2909 3548 3120 3599; x_wconf 70' lang='lat' dir='ltr'>caetera</span> <span class='ocrx_word' id='word_1_564' title='bbox 3181 3545 3478 3608; x_wconf 90' lang='lat' dir='ltr'>omittam,</span> <span class='ocrx_word' id='word_1_565' title='bbox 3515 3537 3693 3611; x_wconf 84' lang='lat' dir='ltr'>quibus</span> <span class='ocrx_word' id='word_1_566' title='bbox 3731 3526 3774 3582; x_wconf 72' lang='lat' dir='ltr'>ad</span> 
     </span>
    </p>
   </div>
   <div class='ocr_carea' id='block_1_83' title="bbox 2202 3626 3775 3705">
    <p class='ocr_par' dir='ltr' id='par_1_83' title="bbox 2202 3626 3775 3705">
     <span class='ocr_line' id='line_1_83' title="bbox 2202 3626 3775 3705; baseline -0.006 -17"><span class='ocrx_word' id='word_1_567' title='bbox 2202 3632 2599 3688; x_wconf 88' lang='lat' dir='ltr'>enervandum</span> <span class='ocrx_word' id='word_1_568' title='bbox 2631 3648 2844 3704; x_wconf 92' lang='lat' dir='ltr'>corpus</span> <span class='ocrx_word' id='word_1_569' title='bbox 2875 3633 3178 3700; x_wconf 83' lang='lat' dir='ltr'>utebatur,</span> <span class='ocrx_word' id='word_1_570' title='bbox 3215 3650 3372 3705; x_wconf 75' lang='lat' dir='ltr'>saepe</span> <span class='ocrx_word' id='word_1_571' title='bbox 3405 3635 3657 3686; x_wconf 91' lang='lat' dir='ltr'>nocturno</span> <span class='ocrx_word' id='word_1_572' title='bbox 3681 3626 3775 3674; x_wconf 74' lang='lat' dir='ltr'>tem-</span> 
     </span>
    </p>
   </div>
   <div class='ocr_carea' id='block_1_84' title="bbox 2204 3718 3780 3792">
    <p class='ocr_par' dir='ltr' id='par_1_84' title="bbox 2204 3718 3780 3792">
     <span class='ocr_line' id='line_1_84' title="bbox 2204 3718 3780 3792; baseline -0.004 -18"><span class='ocrx_word' id='word_1_573' title='bbox 2204 3737 2361 3792; x_wconf 87' lang='lat' dir='ltr'>pore,</span> <span class='ocrx_word' id='word_1_574' title='bbox 2394 3719 2585 3775; x_wconf 91' lang='lat' dir='ltr'>hieme</span> <span class='ocrx_word' id='word_1_575' title='bbox 2616 3720 2791 3775; x_wconf 91' lang='lat' dir='ltr'>etiam</span> <span class='ocrx_word' id='word_1_576' title='bbox 2843 3721 3082 3783; x_wconf 90' lang='lat' dir='ltr'>torrida,</span> <span class='ocrx_word' id='word_1_577' title='bbox 3124 3722 3289 3778; x_wconf 90' lang='lat' dir='ltr'>inter</span> <span class='ocrx_word' id='word_1_578' title='bbox 3323 3721 3485 3776; x_wconf 88' lang='lat' dir='ltr'>nives</span> <span class='ocrx_word' id='word_1_579' title='bbox 3522 3721 3572 3772; x_wconf 89' lang='lat' dir='ltr'>et</span> <span class='ocrx_word' id='word_1_580' title='bbox 3613 3718 3780 3782; x_wconf 63' lang='lat' dir='ltr'>aspera!</span> 
     </span>
    </p>
   </div>
   <div class='ocr_carea' id='block_1_85' title="bbox 2204 3803 3778 3880">
    <p class='ocr_par' dir='ltr' id='par_1_85' title="bbox 2204 3803 3778 3880">
     <span class='ocr_line' id='line_1_85' title="bbox 2204 3803 3778 3880; baseline -0.007 -17"><span class='ocrx_word' id='word_1_581' title='bbox 2204 3807 2421 3880; x_wconf 88' lang='lat' dir='ltr'>glacies</span> <span class='ocrx_word' id='word_1_582' title='bbox 2451 3813 2797 3880; x_wconf 90' lang='lat' dir='ltr'>conspectus</span> <span class='ocrx_word' id='word_1_583' title='bbox 2817 3813 2905 3865; x_wconf 89' lang='lat' dir='ltr'>est</span> <span class='ocrx_word' id='word_1_584' title='bbox 2936 3811 3139 3866; x_wconf 90' lang='lat' dir='ltr'>nudus</span> <span class='ocrx_word' id='word_1_585' title='bbox 3167 3812 3375 3878; x_wconf 90' lang='lat' dir='ltr'>jacens</span> <span class='ocrx_word' id='word_1_586' title='bbox 3401 3825 3413 3865; x_wconf 95' lang='lat'><strong>:</strong></span> <span class='ocrx_word' id='word_1_587' title='bbox 3438 3803 3778 3862; x_wconf 67' lang='lat' dir='ltr'>virtutibusctr</span> 
     </span>
    </p>
   </div>
   <div class='ocr_carea' id='block_1_86' title="bbox 2197 3896 3782 3969">
    <p class='ocr_par' dir='ltr' id='par_1_86' title="bbox 2197 3896 3782 3969">
     <span class='ocr_line' id='line_1_86' title="bbox 2197 3896 3782 3969; baseline 0.001 -17"><span class='ocrx_word' id='word_1_588' title='bbox 2197 3898 2298 3969; x_wconf 89' lang='lat' dir='ltr'>jus</span> <span class='ocrx_word' id='word_1_589' title='bbox 2328 3897 2604 3954; x_wconf 90' lang='lat' dir='ltr'>inimicus</span> <span class='ocrx_word' id='word_1_590' title='bbox 2636 3898 2892 3954; x_wconf 90' lang='lat' dir='ltr'>nominis</span> <span class='ocrx_word' id='word_1_591' title='bbox 2925 3899 3259 3956; x_wconf 90' lang='lat' dir='ltr'>Christiani</span> <span class='ocrx_word' id='word_1_592' title='bbox 3304 3896 3566 3954; x_wconf 80' lang='lat' dir='ltr'>diabolus</span> <span class='ocrx_word' id='word_1_593' title='bbox 3592 3903 3694 3949; x_wconf 83' lang='lat' dir='ltr'>eum</span> <span class='ocrx_word' id='word_1_594' title='bbox 3716 3897 3782 3953; x_wconf 65' lang='grc'>⁸8·</span> 
     </span>
    </p>
   </div>
   <div class='ocr_carea' id='block_1_87' title="bbox 2205 3973 3785 4060">
    <p class='ocr_par' dir='ltr' id='par_1_87' title="bbox 2205 3973 3785 4060">
     <span class='ocr_line' id='line_1_87' title="bbox 2205 3973 3785 4060; baseline -0.011 -18"><span class='ocrx_word' id='word_1_595' title='bbox 2205 4003 2442 4059; x_wconf 88' lang='lat' dir='ltr'>gressus</span> <span class='ocrx_word' id='word_1_596' title='bbox 2473 3991 2562 4043; x_wconf 91' lang='lat' dir='ltr'>est</span> <span class='ocrx_word' id='word_1_597' title='bbox 2591 3987 2897 4043; x_wconf 87' lang='lat' dir='ltr'>fraudibus</span> <span class='ocrx_word' id='word_1_598' title='bbox 2928 3991 3192 4056; x_wconf 90' lang='lat' dir='ltr'>tentans,</span> <span class='ocrx_word' id='word_1_599' title='bbox 3232 3989 3284 4044; x_wconf 91' lang='lat' dir='ltr'>si</span> <span class='ocrx_word' id='word_1_600' title='bbox 3317 4005 3434 4060; x_wconf 91' lang='lat' dir='ltr'>quo</span> <span class='ocrx_word' id='word_1_601' title='bbox 3466 3984 3622 4041; x_wconf 91' lang='lat' dir='ltr'>modo</span> <span class='ocrx_word' id='word_1_602' title='bbox 3647 3973 3785 4048; x_wconf 76' lang='lat' dir='ltr'>posset</span> 
     </span>
    </p>
   </div>
   <div class='ocr_carea' id='block_1_88' title="bbox 2206 4066 3788 4147">
    <p class='ocr_par' dir='ltr' id='par_1_88' title="bbox 2206 4066 3788 4147">
     <span class='ocr_line' id='line_1_88' title="bbox 2206 4066 3788 4147; baseline -0.006 -17"><span class='ocrx_word' id='word_1_603' title='bbox 2206 4076 2400 4147; x_wconf 88' lang='lat' dir='ltr'>ipsum</span> <span class='ocrx_word' id='word_1_604' title='bbox 2436 4076 2508 4130; x_wconf 91' lang='lat' dir='ltr'>ab</span> <span class='ocrx_word' id='word_1_605' title='bbox 2552 4076 2820 4132; x_wconf 88' lang='lat' dir='ltr'>instituto</span> <span class='ocrx_word' id='word_1_606' title='bbox 2870 4077 3104 4133; x_wconf 89' lang='lat' dir='ltr'>tramite</span> <span class='ocrx_word' id='word_1_607' title='bbox 3141 4078 3408 4134; x_wconf 84' lang='lat' dir='ltr'>deviare.</span> <span class='ocrx_word' id='word_1_608' title='bbox 3440 4073 3538 4132; x_wconf 86' lang='lat' dir='ltr'>llle</span> <span class='ocrx_word' id='word_1_609' title='bbox 3574 4087 3602 4126; x_wconf 88' lang='lat' dir='ltr'>e</span> <span class='ocrx_word' id='word_1_610' title='bbox 3627 4066 3788 4124; x_wconf 64' lang='lat' dir='ltr'>contra.</span> 
     </span>
    </p>
   </div>
   <div class='ocr_carea' id='block_1_89' title="bbox 2204 4165 3348 4237">
    <p class='ocr_par' dir='ltr' id='par_1_89' title="bbox 2204 4165 3348 4237">
     <span class='ocr_line' id='line_1_89' title="bbox 2204 4165 3348 4237; baseline 0 -17"><span class='ocrx_word' id='word_1_611' title='bbox 2204 4165 2342 4221; x_wconf 87' lang='lat' dir='ltr'>Jesu</span> <span class='ocrx_word' id='word_1_612' title='bbox 2375 4165 2621 4232; x_wconf 86' lang='lat' dir='ltr'>favente,</span> <span class='ocrx_word' id='word_1_613' title='bbox 2657 4183 2756 4237; x_wconf 91' lang='lat' dir='ltr'>pro</span> <span class='ocrx_word' id='word_1_614' title='bbox 2785 4165 3008 4222; x_wconf 89' lang='lat' dir='ltr'>viribus</span> <span class='ocrx_word' id='word_1_615' title='bbox 3040 4167 3348 4223; x_wconf 88' lang='lat' dir='ltr'>resistere.</span> 
     </span>
    </p>
   </div>
   <div class='ocr_carea' id='block_1_90' title="bbox 2278 4282 3794 4366">
    <p class='ocr_par' dir='ltr' id='par_1_90' title="bbox 2278 4282 3794 4366">
     <span class='ocr_line' id='line_1_90' title="bbox 2278 4282 3794 4366; baseline -0.008 -12"><span class='ocrx_word' id='word_1_616' title='bbox 2278 4300 2401 4354; x_wconf 90' lang='lat'>303.</span> <span class='ocrx_word' id='word_1_617' title='bbox 2434 4300 2649 4355; x_wconf 90' lang='lat' dir='ltr'>Verum</span> <span class='ocrx_word' id='word_1_618' title='bbox 2683 4316 2817 4355; x_wconf 90' lang='lat' dir='ltr'>cum</span> <span class='ocrx_word' id='word_1_619' title='bbox 2850 4299 3122 4356; x_wconf 91' lang='lat' dir='ltr'>diabolus</span> <span class='ocrx_word' id='word_1_620' title='bbox 3155 4301 3413 4366; x_wconf 89' lang='lat' dir='ltr'>videret,</span> <span class='ocrx_word' id='word_1_621' title='bbox 3445 4314 3506 4355; x_wconf 86' lang='lat' dir='ltr'>se</span> <span class='ocrx_word' id='word_1_622' title='bbox 3533 4302 3725 4362; x_wconf 83' lang='lat' dir='ltr'>semper</span> <span class='ocrx_word' id='word_1_623' title='bbox 3747 4282 3794 4336; x_wconf 79' lang='lat' dir='ltr'>ab</span> 
     </span>
    </p>
   </div>
   <div class='ocr_carea' id='block_1_91' title="bbox 2209 4377 3795 4464">
    <p class='ocr_par' dir='ltr' id='par_1_91' title="bbox 2209 4377 3795 4464">
     <span class='ocr_line' id='line_1_91' title="bbox 2209 4377 3795 4464; baseline -0.009 -19"><span class='ocrx_word' id='word_1_624' title='bbox 2209 4406 2274 4445; x_wconf 89' lang='lat' dir='ltr'>eo</span> <span class='ocrx_word' id='word_1_625' title='bbox 2324 4387 2546 4461; x_wconf 90' lang='lat' dir='ltr'>repelli,</span> <span class='ocrx_word' id='word_1_626' title='bbox 2580 4389 2786 4443; x_wconf 89' lang='lat' dir='ltr'>statuit</span> <span class='ocrx_word' id='word_1_627' title='bbox 2833 4389 3001 4444; x_wconf 87' lang='lat' dir='ltr'>aliam</span> <span class='ocrx_word' id='word_1_628' title='bbox 3048 4390 3216 4445; x_wconf 91' lang='lat' dir='ltr'>viam</span> <span class='ocrx_word' id='word_1_629' title='bbox 3268 4386 3506 4462; x_wconf 84' lang='lat' dir='ltr'>aggredi</span> <span class='ocrx_word' id='word_1_630' title='bbox 3553 4382 3616 4438; x_wconf 88' lang='lat' dir='ltr'>ad</span> <span class='ocrx_word' id='word_1_631' title='bbox 3651 4377 3795 4464; x_wconf 49' lang='lat' dir='ltr'>ipsust</span> 
     </span>
    </p>
   </div>
   <div class='ocr_carea' id='block_1_92' title="bbox 2208 4457 3798 4552">
    <p class='ocr_par' dir='ltr' id='par_1_92' title="bbox 2208 4457 3798 4552">
     <span class='ocr_line' id='line_1_92' title="bbox 2208 4457 3798 4552; baseline 0 -19"><span class='ocrx_word' id='word_1_632' title='bbox 2208 4457 2793 4550; x_wconf 75' lang='lat' dir='ltr'>perterrefaciendum</span> <span class='ocrx_word' id='word_1_633' title='bbox 2833 4494 2845 4530; x_wconf 91' lang='lat'><strong>:</strong></span> <span class='ocrx_word' id='word_1_634' title='bbox 2879 4495 3015 4552; x_wconf 88' lang='lat' dir='ltr'>nam</span> <span class='ocrx_word' id='word_1_635' title='bbox 3042 4478 3359 4552; x_wconf 88' lang='lat' dir='ltr'>imprimis</span> <span class='ocrx_word' id='word_1_636' title='bbox 3392 4473 3630 4550; x_wconf 85' lang='lat' dir='ltr'>speciem</span> <span class='ocrx_word' id='word_1_637' title='bbox 3653 4457 3798 4552; x_wconf 47' lang='lat' dir='ltr'>ABR“</span> 
     </span>
    </p>
   </div>
   <div class='ocr_carea' id='block_1_93' title="bbox 458 4546 3791 4644">
    <p class='ocr_par' dir='ltr' id='par_1_93' title="bbox 458 4546 3791 4644">
     <span class='ocr_line' id='line_1_93' title="bbox 458 4546 3791 4644; baseline 0.001 -27"><span class='ocrx_word' id='word_1_638' title='bbox 458 4562 749 4634; x_wconf 71' lang='lat' dir='ltr'>praecipue</span> <span class='ocrx_word' id='word_1_639' title='bbox 779 4579 846 4618; x_wconf 81' lang='lat' dir='ltr'>ex</span> <span class='ocrx_word' id='word_1_640' title='bbox 876 4563 1018 4618; x_wconf 91' lang='lat' dir='ltr'>urbe</span> <span class='ocrx_word' id='word_1_641' title='bbox 1050 4563 1380 4620; x_wconf 87' lang='lat' dir='ltr'>Florentina</span> <span class='ocrx_word' id='word_1_642' title='bbox 1409 4565 1712 4621; x_wconf 83' lang='lat' dir='ltr'>turmatim</span> <span class='ocrx_word' id='word_1_643' title='bbox 1748 4546 2096 4622; x_wconf 45' lang='lat' dir='ltr'>et_certatim</span> <span class='ocrx_word' id='word_1_644' title='bbox 2130 4579 2176 4644; x_wconf 85' lang='lat' dir='ltr'><strong>D</strong></span> <span class='ocrx_word' id='word_1_645' title='bbox 2208 4546 2356 4623; x_wconf 72' lang='lat' dir='ltr'>iucis</span> <span class='ocrx_word' id='word_1_646' title='bbox 2383 4567 2494 4622; x_wconf 90' lang='lat' dir='ltr'>sibi</span> <span class='ocrx_word' id='word_1_647' title='bbox 2544 4583 2877 4633; x_wconf 89' lang='lat' dir='ltr'>assumens,</span> <span class='ocrx_word' id='word_1_648' title='bbox 2911 4546 3155 4623; x_wconf 61' lang='lat' dir='ltr'>blandis</span> <span class='ocrx_word' id='word_1_649' title='bbox 3201 4585 3343 4624; x_wconf 90' lang='lat' dir='ltr'>eum</span> <span class='ocrx_word' id='word_1_650' title='bbox 3395 4546 3580 4622; x_wconf 79' lang='lat' dir='ltr'>verbis</span> <span class='ocrx_word' id='word_1_651' title='bbox 3619 4546 3791 4620; x_wconf 65' lang='grc' dir='ltr'>αΙΙοαυίν</span> 
     </span>
    </p>
   </div>
   <div class='ocr_carea' id='block_1_94' title="bbox 457 4652 2100 4724">
    <p class='ocr_par' dir='ltr' id='par_1_94' title="bbox 457 4652 2100 4724">
     <span class='ocr_line' id='line_1_94' title="bbox 457 4652 2100 4724; baseline 0.003 -19"><span class='ocrx_word' id='word_1_652' title='bbox 457 4652 606 4707; x_wconf 90' lang='lat' dir='ltr'>votis</span> <span class='ocrx_word' id='word_1_653' title='bbox 638 4652 1100 4724; x_wconf 87' lang='lat' dir='ltr'>muneribusque</span> <span class='ocrx_word' id='word_1_654' title='bbox 1122 4653 1426 4722; x_wconf 83' lang='lat' dir='ltr'>cumulati,</span> <span class='ocrx_word' id='word_1_655' title='bbox 1451 4654 1605 4710; x_wconf 91' lang='lat' dir='ltr'>illico</span> <span class='ocrx_word' id='word_1_656' title='bbox 1638 4654 1927 4711; x_wconf 87' lang='lat' dir='ltr'>advolant.</span> <span class='ocrx_word' id='word_1_657' title='bbox 1964 4656 2100 4710; x_wconf 86' lang='lat' dir='ltr'>Inde</span> 
     </span>
    </p>
   </div>
   <div class='ocr_carea' id='block_1_95' title="bbox 456 4740 2102 4815">
    <p class='ocr_par' dir='ltr' id='par_1_95' title="bbox 456 4740 2102 4815">
     <span class='ocr_line' id='line_1_95' title="bbox 456 4740 2102 4815; baseline 0.002 -19"><span class='ocrx_word' id='word_1_658' title='bbox 456 4740 670 4813; x_wconf 90' lang='lat' dir='ltr'>egregii</span> <span class='ocrx_word' id='word_1_659' title='bbox 702 4741 901 4812; x_wconf 91' lang='lat' dir='ltr'>templi</span> <span class='ocrx_word' id='word_1_660' title='bbox 926 4743 1168 4815; x_wconf 90' lang='lat' dir='ltr'>origo,et</span> <span class='ocrx_word' id='word_1_661' title='bbox 1198 4743 1256 4798; x_wconf 90' lang='lat' dir='ltr'>in</span> <span class='ocrx_word' id='word_1_662' title='bbox 1292 4747 1465 4798; x_wconf 59' lang='lat' dir='ltr'>tanta</span> <span class='ocrx_word' id='word_1_663' title='bbox 1497 4743 1576 4799; x_wconf 90' lang='lat' dir='ltr'>rei</span> <span class='ocrx_word' id='word_1_664' title='bbox 1602 4743 1946 4799; x_wconf 87' lang='lat' dir='ltr'>memoriam</span> <span class='ocrx_word' id='word_1_665' title='bbox 1982 4760 2102 4800; x_wconf 89' lang='lat' dir='ltr'>ma-</span> 
     </span>
    </p>
   </div>
   <div class='ocr_carea' id='block_1_96' title="bbox 448 4829 2097 4904">
    <p class='ocr_par' dir='ltr' id='par_1_96' title="bbox 448 4829 2097 4904">
     <span class='ocr_line' id='line_1_96' title="bbox 448 4829 2097 4904; baseline 0.002 -20"><span class='ocrx_word' id='word_1_666' title='bbox 448 4831 549 4898; x_wconf 89' lang='lat' dir='ltr'>jus</span> <span class='ocrx_word' id='word_1_667' title='bbox 579 4829 756 4884; x_wconf 90' lang='lat' dir='ltr'>altare</span> <span class='ocrx_word' id='word_1_668' title='bbox 791 4847 1018 4895; x_wconf 84' lang='lat' dir='ltr'>saxum,</span> <span class='ocrx_word' id='word_1_669' title='bbox 1056 4832 1110 4885; x_wconf 91' lang='lat' dir='ltr'>in</span> <span class='ocrx_word' id='word_1_670' title='bbox 1162 4847 1276 4902; x_wconf 90' lang='lat' dir='ltr'>quo</span> <span class='ocrx_word' id='word_1_671' title='bbox 1307 4832 1482 4904; x_wconf 86' lang='lat' dir='ltr'>Virgo</span> <span class='ocrx_word' id='word_1_672' title='bbox 1513 4834 1694 4887; x_wconf 86' lang='lat' dir='ltr'>Maria</span> <span class='ocrx_word' id='word_1_673' title='bbox 1725 4833 1862 4888; x_wconf 91' lang='lat' dir='ltr'>olim</span> <span class='ocrx_word' id='word_1_674' title='bbox 1898 4834 2097 4889; x_wconf 91' lang='lat' dir='ltr'>sedere</span> 
     </span>
    </p>
   </div>
   <div class='ocr_carea' id='block_1_97' title="bbox 455 4917 2099 4992">
    <p class='ocr_par' dir='ltr' id='par_1_97' title="bbox 455 4917 2099 4992">
     <span class='ocr_line' id='line_1_97' title="bbox 455 4917 2099 4992; baseline 0.003 -20"><span class='ocrx_word' id='word_1_675' title='bbox 455 4917 694 4989; x_wconf 89' lang='lat' dir='ltr'>dignata</span> <span class='ocrx_word' id='word_1_676' title='bbox 723 4923 833 4986; x_wconf 91' lang='lat' dir='ltr'>est,</span> <span class='ocrx_word' id='word_1_677' title='bbox 867 4923 955 4974; x_wconf 84' lang='lat' dir='ltr'>est</span> <span class='ocrx_word' id='word_1_678' title='bbox 995 4918 1345 4974; x_wconf 82' lang='lat' dir='ltr'>dedicatum.</span> <span class='ocrx_word' id='word_1_679' title='bbox 1379 4921 1523 4985; x_wconf 87' lang='lat' dir='ltr'>Quid</span> <span class='ocrx_word' id='word_1_680' title='bbox 1547 4921 1574 4974; x_wconf 88' lang='lat'><strong>?</strong></span> <span class='ocrx_word' id='word_1_681' title='bbox 1605 4922 1757 4992; x_wconf 90' lang='lat' dir='ltr'>quod</span> <span class='ocrx_word' id='word_1_682' title='bbox 1792 4923 2099 4977; x_wconf 89' lang='lat' dir='ltr'>annuatim</span> 
     </span>
    </p>
   </div>
   <div class='ocr_carea' id='block_1_98' title="bbox 453 5006 2098 5066">
    <p class='ocr_par' dir='ltr' id='par_1_98' title="bbox 453 5006 2098 5066">
     <span class='ocr_line' id='line_1_98' title="bbox 453 5006 2098 5066; baseline 0.003 -5"><span class='ocrx_word' id='word_1_683' title='bbox 453 5023 595 5061; x_wconf 83' lang='lat' dir='ltr'>xvm</span> <span class='ocrx_word' id='word_1_684' title='bbox 627 5006 746 5062; x_wconf 82' lang='lat' dir='ltr'>Kal.</span> <span class='ocrx_word' id='word_1_685' title='bbox 783 5008 902 5062; x_wconf 90' lang='lat' dir='ltr'>Oct.</span> <span class='ocrx_word' id='word_1_686' title='bbox 934 5006 991 5061; x_wconf 92' lang='lat' dir='ltr'>in</span> <span class='ocrx_word' id='word_1_687' title='bbox 1025 5008 1116 5061; x_wconf 91' lang='lat' dir='ltr'>die</span> <span class='ocrx_word' id='word_1_688' title='bbox 1146 5007 1526 5064; x_wconf 80' lang='lat' dir='ltr'>Exaltatinnis</span> <span class='ocrx_word' id='word_1_689' title='bbox 1548 5011 1927 5066; x_wconf 59' lang='lat' dir='ltr'>sanctissimis</span> <span class='ocrx_word' id='word_1_690' title='bbox 1959 5011 2098 5066; x_wconf 89' lang='lat' dir='ltr'>Cru-</span> 
     </span>
    </p>
   </div>
   <div class='ocr_carea' id='block_1_99' title="bbox 456 5094 2098 5168">
    <p class='ocr_par' dir='ltr' id='par_1_99' title="bbox 456 5094 2098 5168">
     <span class='ocr_line' id='line_1_99' title="bbox 456 5094 2098 5168; baseline 0.004 -18"><span class='ocrx_word' id='word_1_691' title='bbox 456 5095 540 5151; x_wconf 88' lang='lat' dir='ltr'>ois</span> <span class='ocrx_word' id='word_1_692' title='bbox 571 5094 782 5151; x_wconf 90' lang='lat' dir='ltr'>Christi</span> <span class='ocrx_word' id='word_1_693' title='bbox 813 5096 978 5161; x_wconf 89' lang='lat' dir='ltr'>Jesu,</span> <span class='ocrx_word' id='word_1_694' title='bbox 1009 5096 1242 5166; x_wconf 86' lang='lat' dir='ltr'>quando</span> <span class='ocrx_word' id='word_1_695' title='bbox 1273 5096 1556 5168; x_wconf 90' lang='lat' dir='ltr'>templum</span> <span class='ocrx_word' id='word_1_696' title='bbox 1589 5098 1732 5154; x_wconf 86' lang='lat' dir='ltr'>illud</span> <span class='ocrx_word' id='word_1_697' title='bbox 1764 5100 2098 5156; x_wconf 88' lang='lat' dir='ltr'>dedicatum</span> 
     </span>
    </p>
   </div>
   <div class='ocr_carea' id='block_1_100' title="bbox 455 5184 2100 5260">
    <p class='ocr_par' dir='ltr' id='par_1_100' title="bbox 455 5184 2100 5260">
     <span class='ocr_line' id='line_1_100' title="bbox 455 5184 2100 5260; baseline 0.004 -22"><span class='ocrx_word' id='word_1_698' title='bbox 455 5189 564 5250; x_wconf 88' lang='lat' dir='ltr'>est,</span> <span class='ocrx_word' id='word_1_699' title='bbox 591 5189 833 5240; x_wconf 88' lang='lat' dir='ltr'>manant</span> <span class='ocrx_word' id='word_1_700' title='bbox 857 5189 977 5238; x_wconf 87' lang='lat' dir='ltr'>tota</span> <span class='ocrx_word' id='word_1_701' title='bbox 1001 5184 1230 5239; x_wconf 87' lang='lat' dir='ltr'>Etruria</span> <span class='ocrx_word' id='word_1_702' title='bbox 1251 5200 1318 5239; x_wconf 85' lang='lat' dir='ltr'>ex</span> <span class='ocrx_word' id='word_1_703' title='bbox 1351 5184 1632 5243; x_wconf 91' lang='lat' dir='ltr'>Senarum</span> <span class='ocrx_word' id='word_1_704' title='bbox 1655 5188 1884 5245; x_wconf 88' lang='lat' dir='ltr'>civitate</span> <span class='ocrx_word' id='word_1_705' title='bbox 1915 5206 2100 5260; x_wconf 90' lang='lat' dir='ltr'>usque</span> 
     </span>
    </p>
   </div>
   <div class='ocr_carea' id='block_1_101' title="bbox 458 5273 2099 5350">
    <p class='ocr_par' dir='ltr' id='par_1_101' title="bbox 458 5273 2099 5350">
     <span class='ocr_line' id='line_1_101' title="bbox 458 5273 2099 5350; baseline 0.005 -24"><span class='ocrx_word' id='word_1_706' title='bbox 458 5274 793 5329; x_wconf 86' lang='lat' dir='ltr'>catervatim</span> <span class='ocrx_word' id='word_1_707' title='bbox 819 5275 1150 5345; x_wconf 84' lang='lat' dir='ltr'>frequentes</span> <span class='ocrx_word' id='word_1_708' title='bbox 1172 5273 1462 5344; x_wconf 90' lang='lat' dir='ltr'>homines,</span> <span class='ocrx_word' id='word_1_709' title='bbox 1479 5280 1534 5329; x_wconf 91' lang='lat' dir='ltr'>et</span> <span class='ocrx_word' id='word_1_710' title='bbox 1557 5277 1814 5348; x_wconf 90' lang='lat' dir='ltr'>undique</span> <span class='ocrx_word' id='word_1_711' title='bbox 1834 5279 1935 5333; x_wconf 64' lang='lat' dir='ltr'>via;</span> <span class='ocrx_word' id='word_1_712' title='bbox 1962 5296 2099 5350; x_wconf 87' lang='lat' dir='ltr'>pas-</span> 
     </span>
    </p>
   </div>
   <div class='ocr_carea' id='block_1_102' title="bbox 453 5359 2087 5437">
    <p class='ocr_par' dir='ltr' id='par_1_102' title="bbox 453 5359 2087 5437">
     <span class='ocr_line' id='line_1_102' title="bbox 453 5359 2087 5437; baseline 0.006 -23"><span class='ocrx_word' id='word_1_713' title='bbox 453 5359 566 5413; x_wconf 89' lang='lat' dir='ltr'>sim</span> <span class='ocrx_word' id='word_1_714' title='bbox 593 5362 980 5434; x_wconf 89' lang='lat' dir='ltr'>complentur,</span> <span class='ocrx_word' id='word_1_715' title='bbox 1005 5368 1061 5418; x_wconf 92' lang='lat' dir='ltr'>et</span> <span class='ocrx_word' id='word_1_716' title='bbox 1092 5363 1200 5418; x_wconf 92' lang='lat' dir='ltr'>hoc</span> <span class='ocrx_word' id='word_1_717' title='bbox 1231 5379 1337 5418; x_wconf 89' lang='lat' dir='ltr'>nos</span> <span class='ocrx_word' id='word_1_718' title='bbox 1359 5365 1650 5432; x_wconf 87' lang='lat' dir='ltr'>monachi,</span> <span class='ocrx_word' id='word_1_719' title='bbox 1677 5367 1775 5437; x_wconf 90' lang='lat' dir='ltr'>qui</span> <span class='ocrx_word' id='word_1_720' title='bbox 1799 5368 1856 5422; x_wconf 91' lang='lat' dir='ltr'>in</span> <span class='ocrx_word' id='word_1_721' title='bbox 1885 5367 1993 5423; x_wconf 91' lang='lat' dir='ltr'>hoc</span> <span class='ocrx_word' id='word_1_722' title='bbox 2025 5369 2087 5424; x_wconf 93' lang='lat' dir='ltr'>S.</span> 
     </span>
    </p>
   </div>
   <div class='ocr_carea' id='block_1_103' title="bbox 455 5447 2095 5524">
    <p class='ocr_par' dir='ltr' id='par_1_103' title="bbox 455 5447 2095 5524">
     <span class='ocr_line' id='line_1_103' title="bbox 455 5447 2095 5524; baseline 0.006 -22"><span class='ocrx_word' id='word_1_723' title='bbox 455 5447 648 5503; x_wconf 83' lang='lat' dir='ltr'>Mariae</span> <span class='ocrx_word' id='word_1_724' title='bbox 672 5451 1025 5508; x_wconf 90' lang='lat' dir='ltr'>monasterio</span> <span class='ocrx_word' id='word_1_725' title='bbox 1048 5450 1746 5524; x_wconf 88' lang='lat' dir='ltr'>degimus,conspicimus</span> <span class='ocrx_word' id='word_1_726' title='bbox 1769 5457 2095 5524; x_wconf 88' lang='lat' dir='ltr'>annuatim,</span> 
     </span>
    </p>
   </div>
   <div class='ocr_carea' id='block_1_104' title="bbox 2212 4646 3795 4729">
    <p class='ocr_par' dir='ltr' id='par_1_104' title="bbox 2212 4646 3795 4729">
     <span class='ocr_line' id='line_1_104' title="bbox 2212 4646 3795 4729; baseline -0.009 -17"><span class='ocrx_word' id='word_1_727' title='bbox 2212 4673 2513 4729; x_wconf 89' lang='lat' dir='ltr'>nunquam</span> <span class='ocrx_word' id='word_1_728' title='bbox 2538 4657 2790 4728; x_wconf 90' lang='lat' dir='ltr'>denique</span> <span class='ocrx_word' id='word_1_729' title='bbox 2807 4657 3040 4728; x_wconf 90' lang='lat' dir='ltr'>quietus</span> <span class='ocrx_word' id='word_1_730' title='bbox 3060 4673 3222 4722; x_wconf 78' lang='lat' dir='ltr'>esse,</span> <span class='ocrx_word' id='word_1_731' title='bbox 3248 4658 3355 4713; x_wconf 88' lang='lat' dir='ltr'>sed</span> <span class='ocrx_word' id='word_1_732' title='bbox 3382 4668 3608 4727; x_wconf 89' lang='lat' dir='ltr'>semper</span> <span class='ocrx_word' id='word_1_733' title='bbox 3624 4646 3795 4729; x_wconf 62' lang='lat' dir='ltr'>iustam,</span> 
     </span>
    </p>
   </div>
   <div class='ocr_carea' id='block_1_105' title="bbox 2211 4725 3802 4824">
    <p class='ocr_par' dir='ltr' id='par_1_105' title="bbox 2211 4725 3802 4824">
     <span class='ocr_line' id='line_1_105' title="bbox 2211 4725 3802 4824; baseline -0.008 -22"><span class='ocrx_word' id='word_1_734' title='bbox 2211 4747 2475 4812; x_wconf 90' lang='lat' dir='ltr'>suadere,</span> <span class='ocrx_word' id='word_1_735' title='bbox 2509 4762 2692 4810; x_wconf 89' lang='lat' dir='ltr'>orare,</span> <span class='ocrx_word' id='word_1_736' title='bbox 2727 4750 2791 4800; x_wconf 88' lang='lat' dir='ltr'>ut</span> <span class='ocrx_word' id='word_1_737' title='bbox 2819 4761 2952 4800; x_wconf 91' lang='lat' dir='ltr'>eum</span> <span class='ocrx_word' id='word_1_738' title='bbox 2985 4746 3057 4801; x_wconf 89' lang='lat' dir='ltr'>ad</span> <span class='ocrx_word' id='word_1_739' title='bbox 3102 4763 3171 4803; x_wconf 90' lang='lat' dir='ltr'>se</span> <span class='ocrx_word' id='word_1_740' title='bbox 3203 4745 3576 4803; x_wconf 85' lang='lat' dir='ltr'>adorandum</span> <span class='ocrx_word' id='word_1_741' title='bbox 3603 4725 3802 4824; x_wconf 35' lang='lat' dir='ltr'>impelle&quot;.</span> 
     </span>
    </p>
   </div>
   <div class='ocr_carea' id='block_1_106' title="bbox 2211 4813 3808 4891">
    <p class='ocr_par' dir='ltr' id='par_1_106' title="bbox 2211 4813 3808 4891">
     <span class='ocr_line' id='line_1_106' title="bbox 2211 4813 3808 4891; baseline -0.015 -1"><span class='ocrx_word' id='word_1_742' title='bbox 2211 4840 2315 4891; x_wconf 90' lang='lat' dir='ltr'>ret.</span> <span class='ocrx_word' id='word_1_743' title='bbox 2350 4834 2648 4890; x_wconf 87' lang='lat' dir='ltr'>Interdum</span> <span class='ocrx_word' id='word_1_744' title='bbox 2681 4833 2856 4889; x_wconf 89' lang='lat' dir='ltr'>etiam</span> <span class='ocrx_word' id='word_1_745' title='bbox 2905 4834 3184 4891; x_wconf 72' lang='lat' dir='ltr'>formosas</span> <span class='ocrx_word' id='word_1_746' title='bbox 3219 4833 3498 4891; x_wconf 88' lang='lat' dir='ltr'>mulieris</span> <span class='ocrx_word' id='word_1_747' title='bbox 3527 4827 3703 4885; x_wconf 86' lang='lat' dir='ltr'>faciem</span> <span class='ocrx_word' id='word_1_748' title='bbox 3725 4813 3808 4872; x_wconf 82' lang='lat' dir='ltr'>sibi</span> 
     </span>
    </p>
   </div>
   <div class='ocr_carea' id='block_1_107' title="bbox 2209 4905 3806 4995">
    <p class='ocr_par' dir='ltr' id='par_1_107' title="bbox 2209 4905 3806 4995">
     <span class='ocr_line' id='line_1_107' title="bbox 2209 4905 3806 4995; baseline -0.012 -17"><span class='ocrx_word' id='word_1_749' title='bbox 2209 4923 2534 4989; x_wconf 86' lang='lat' dir='ltr'>vindicans,</span> <span class='ocrx_word' id='word_1_750' title='bbox 2569 4939 2632 4978; x_wconf 90' lang='lat' dir='ltr'>se</span> <span class='ocrx_word' id='word_1_751' title='bbox 2678 4923 2962 4995; x_wconf 89' lang='lat' dir='ltr'>virginem</span> <span class='ocrx_word' id='word_1_752' title='bbox 3013 4924 3269 4980; x_wconf 83' lang='lat' dir='ltr'>Mariam</span> <span class='ocrx_word' id='word_1_753' title='bbox 3322 4939 3454 4980; x_wconf 89' lang='lat' dir='ltr'>esse</span> <span class='ocrx_word' id='word_1_754' title='bbox 3504 4905 3806 4992; x_wconf 57' lang='lat' dir='ltr'>praedicabat.</span> 
     </span>
    </p>
   </div>
   <div class='ocr_carea' id='block_1_108' title="bbox 2210 5005 3811 5078">
    <p class='ocr_par' dir='ltr' id='par_1_108' title="bbox 2210 5005 3811 5078">
     <span class='ocr_line' id='line_1_108' title="bbox 2210 5005 3811 5078; baseline -0.008 -11"><span class='ocrx_word' id='word_1_755' title='bbox 2210 5014 2324 5067; x_wconf 89' lang='lat' dir='ltr'>Nec</span> <span class='ocrx_word' id='word_1_756' title='bbox 2347 5011 2696 5078; x_wconf 90' lang='lat' dir='ltr'>mirum,nec</span> <span class='ocrx_word' id='word_1_757' title='bbox 2717 5011 3057 5069; x_wconf 88' lang='lat' dir='ltr'>incredibile</span> <span class='ocrx_word' id='word_1_758' title='bbox 3079 5013 3274 5070; x_wconf 87' lang='lat' dir='ltr'>alicui</span> <span class='ocrx_word' id='word_1_759' title='bbox 3293 5005 3811 5078; x_wconf 67' lang='lat' dir='ltr'>videatur,damon05</span> 
     </span>
    </p>
   </div>
   <div class='ocr_carea' id='block_1_109' title="bbox 2210 5086 3811 5173">
    <p class='ocr_par' dir='ltr' id='par_1_109' title="bbox 2210 5086 3811 5173">
     <span class='ocr_line' id='line_1_109' title="bbox 2210 5086 3811 5173; baseline -0.012 -18"><span class='ocrx_word' id='word_1_760' title='bbox 2210 5101 2400 5157; x_wconf 90' lang='lat' dir='ltr'>varias</span> <span class='ocrx_word' id='word_1_761' title='bbox 2432 5101 2655 5173; x_wconf 90' lang='lat' dir='ltr'>species</span> <span class='ocrx_word' id='word_1_762' title='bbox 2696 5105 2873 5173; x_wconf 87' lang='lat' dir='ltr'>atque</span> <span class='ocrx_word' id='word_1_763' title='bbox 2913 5118 3014 5157; x_wconf 91' lang='lat' dir='ltr'>ora</span> <span class='ocrx_word' id='word_1_764' title='bbox 3041 5106 3176 5157; x_wconf 89' lang='lat' dir='ltr'>tum</span> <span class='ocrx_word' id='word_1_765' title='bbox 3212 5102 3532 5158; x_wconf 89' lang='lat' dir='ltr'>hominum</span> <span class='ocrx_word' id='word_1_766' title='bbox 3562 5101 3673 5149; x_wconf 88' lang='lat' dir='ltr'>tum</span> <span class='ocrx_word' id='word_1_767' title='bbox 3702 5086 3811 5140; x_wconf 73' lang='lat' dir='ltr'>fera-</span> 
     </span>
    </p>
   </div>
   <div class='ocr_carea' id='block_1_110' title="bbox 2211 5182 3813 5252">
    <p class='ocr_par' dir='ltr' id='par_1_110' title="bbox 2211 5182 3813 5252">
     <span class='ocr_line' id='line_1_110' title="bbox 2211 5182 3813 5252; baseline -0.001 -7"><span class='ocrx_word' id='word_1_768' title='bbox 2211 5207 2342 5245; x_wconf 91' lang='lat' dir='ltr'>rum</span> <span class='ocrx_word' id='word_1_769' title='bbox 2371 5206 2602 5246; x_wconf 88' lang='lat' dir='ltr'>sumere</span> <span class='ocrx_word' id='word_1_770' title='bbox 2635 5206 2648 5246; x_wconf 92' lang='lat'>:</span> <span class='ocrx_word' id='word_1_771' title='bbox 2683 5206 2816 5246; x_wconf 85' lang='lat' dir='ltr'>nam</span> <span class='ocrx_word' id='word_1_772' title='bbox 2841 5190 2904 5245; x_wconf 84' lang='lat' dir='ltr'>fit</span> <span class='ocrx_word' id='word_1_773' title='bbox 2933 5191 3132 5247; x_wconf 89' lang='lat' dir='ltr'>subito</span> <span class='ocrx_word' id='word_1_774' title='bbox 3168 5208 3282 5248; x_wconf 88' lang='lat' dir='ltr'>sus</span> <span class='ocrx_word' id='word_1_775' title='bbox 3313 5188 3608 5252; x_wconf 89' lang='lat' dir='ltr'>horridus,</span> <span class='ocrx_word' id='word_1_776' title='bbox 3629 5182 3813 5244; x_wconf 60' lang='lat' dir='ltr'>81W!“</span> 
     </span>
    </p>
   </div>
   <div class='ocr_carea' id='block_1_111' title="bbox 2209 5269 3812 5352">
    <p class='ocr_par' dir='ltr' id='par_1_111' title="bbox 2209 5269 3812 5352">
     <span class='ocr_line' id='line_1_111' title="bbox 2209 5269 3812 5352; baseline -0.013 -16"><span class='ocrx_word' id='word_1_777' title='bbox 2209 5279 2411 5352; x_wconf 84' lang='lat' dir='ltr'>tygris,</span> <span class='ocrx_word' id='word_1_778' title='bbox 2448 5295 2867 5351; x_wconf 89' lang='lat' dir='ltr'>squammosus</span> <span class='ocrx_word' id='word_1_779' title='bbox 2899 5280 3092 5348; x_wconf 90' lang='lat' dir='ltr'>draco,</span> <span class='ocrx_word' id='word_1_780' title='bbox 3113 5285 3178 5336; x_wconf 88' lang='lat' dir='ltr'>et</span> <span class='ocrx_word' id='word_1_781' title='bbox 3210 5279 3379 5336; x_wconf 86' lang='lat' dir='ltr'>fulva</span> <span class='ocrx_word' id='word_1_782' title='bbox 3407 5276 3618 5334; x_wconf 87' lang='lat' dir='ltr'>cervice</span> <span class='ocrx_word' id='word_1_783' title='bbox 3643 5269 3812 5324; x_wconf 61' lang='lat' dir='ltr'>lemne;</span> 
     </span>
    </p>
   </div>
   <div class='ocr_carea' id='block_1_112' title="bbox 2213 5363 3814 5451">
    <p class='ocr_par' dir='ltr' id='par_1_112' title="bbox 2213 5363 3814 5451">
     <span class='ocr_line' id='line_1_112' title="bbox 2213 5363 3814 5451; baseline -0.005 -27"><span class='ocrx_word' id='word_1_784' title='bbox 2213 5369 2274 5425; x_wconf 84' lang='lat' dir='ltr'>ﬁt</span> <span class='ocrx_word' id='word_1_785' title='bbox 2295 5369 2469 5424; x_wconf 88' lang='lat' dir='ltr'>etiam</span> <span class='ocrx_word' id='word_1_786' title='bbox 2486 5367 2731 5442; x_wconf 90' lang='lat' dir='ltr'>angelus</span> <span class='ocrx_word' id='word_1_787' title='bbox 2755 5367 2867 5424; x_wconf 91' lang='lat' dir='ltr'>luci</span> <span class='ocrx_word' id='word_1_788' title='bbox 2876 5369 2996 5437; x_wconf 83' lang='lat' dir='ltr'>s,fit</span> <span class='ocrx_word' id='word_1_789' title='bbox 3008 5370 3262 5442; x_wconf 89' lang='lat' dir='ltr'>juvenis</span> <span class='ocrx_word' id='word_1_790' title='bbox 3285 5363 3814 5451; x_wconf 45' lang='lat' dir='ltr'>pulcher,formu§jf§i</span> 
     </span>
    </p>
   </div>
   <div class='ocr_carea' id='block_1_113' title="bbox 2209 5441 3815 5531">
    <p class='ocr_par' dir='ltr' id='par_1_113' title="bbox 2209 5441 3815 5531">
     <span class='ocr_line' id='line_1_113' title="bbox 2209 5441 3815 5531; baseline -0.009 -17"><span class='ocrx_word' id='word_1_791' title='bbox 2209 5458 2271 5514; x_wconf 82' lang='lat' dir='ltr'>ﬁt</span> <span class='ocrx_word' id='word_1_792' title='bbox 2300 5474 2474 5514; x_wconf 84' lang='lat' dir='ltr'>senex</span> <span class='ocrx_word' id='word_1_793' title='bbox 2505 5441 2800 5530; x_wconf 90' lang='lat' dir='ltr'>incurvus,</span> <span class='ocrx_word' id='word_1_794' title='bbox 2816 5441 3193 5531; x_wconf 88' lang='lat' dir='ltr'>venerabilis,</span> <span class='ocrx_word' id='word_1_795' title='bbox 3216 5441 3536 5522; x_wconf 77' lang='lat' dir='ltr'>tremulus,</span> <span class='ocrx_word' id='word_1_796' title='bbox 3560 5456 3619 5508; x_wconf 90' lang='lat' dir='ltr'>ut</span> <span class='ocrx_word' id='word_1_797' title='bbox 3637 5449 3688 5504; x_wconf 92' lang='lat' dir='ltr'>in</span> <span class='ocrx_word' id='word_1_798' title='bbox 3705 5441 3815 5495; x_wconf 68' lang='lat' dir='ltr'>Vitis</span> 
     </span>
    </p>
   </div>
   <div class='ocr_carea' id='block_1_114' title="bbox 526 5609 3816 5694">
    <p class='ocr_par' dir='ltr' id='par_1_114' title="bbox 526 5609 3816 5694">
     <span class='ocr_line' id='line_1_114' title="bbox 526 5609 3816 5694; baseline -0.001 -31"><span class='ocrx_word' id='word_1_799' title='bbox 526 5609 674 5694; x_wconf 72' lang='grc'>(214)</span> <span class='ocrx_word' id='word_1_800' title='bbox 707 5610 808 5665; x_wconf 88' lang='lat' dir='ltr'>Est</span> <span class='ocrx_word' id='word_1_801' title='bbox 839 5613 1021 5666; x_wconf 82' lang='lat' dir='ltr'>oratio</span> <span class='ocrx_word' id='word_1_802' title='bbox 1049 5613 1270 5682; x_wconf 88' lang='lat' dir='ltr'>Italica,</span> <span class='ocrx_word' id='word_1_803' title='bbox 1292 5631 1409 5685; x_wconf 90' lang='lat' dir='ltr'>qua</span> <span class='ocrx_word' id='word_1_804' title='bbox 1439 5616 1583 5687; x_wconf 88' lang='lat' dir='ltr'>petit</span> <span class='ocrx_word' id='word_1_805' title='bbox 1613 5615 1808 5685; x_wconf 75' lang='lat' dir='ltr'>fidem,</span> <span class='ocrx_word' id='word_1_806' title='bbox 1843 5634 2006 5691; x_wconf 90' lang='lat' dir='ltr'>spem</span> <span class='ocrx_word' id='word_1_807' title='bbox 2038 5623 2095 5675; x_wconf 91' lang='lat' dir='ltr'>et</span> <span class='ocrx_word' id='word_1_808' title='bbox 2132 5617 2476 5678; x_wconf 87' lang='lat' dir='ltr'>charitatem</span> <span class='ocrx_word' id='word_1_809' title='bbox 2492 5622 2561 5677; x_wconf 90' lang='lat' dir='ltr'>ad</span> <span class='ocrx_word' id='word_1_810' title='bbox 2579 5623 3048 5694; x_wconf 86' lang='lat' dir='ltr'>cognoscendum</span> <span class='ocrx_word' id='word_1_811' title='bbox 3075 5625 3142 5677; x_wconf 86' lang='lat' dir='ltr'>et</span> <span class='ocrx_word' id='word_1_812' title='bbox 3174 5621 3556 5694; x_wconf 89' lang='lat' dir='ltr'>implendum</span> <span class='ocrx_word' id='word_1_813' title='bbox 3577 5612 3667 5674; x_wconf 87' lang='lat' dir='ltr'>Dei</span> <span class='ocrx_word' id='word_1_814' title='bbox 3695 5619 3816 5665; x_wconf 75' lang='lat' dir='ltr'>man-</span> 
     </span>
    </p>
   </div>
   <div class='ocr_carea' id='block_1_115' title="bbox 397 5681 678 5751">
    <p class='ocr_par' dir='ltr' id='par_1_115' title="bbox 397 5681 678 5751">
     <span class='ocr_line' id='line_1_115' title="bbox 397 5681 678 5751; baseline -0.014 -12"><span class='ocrx_word' id='word_1_815' title='bbox 397 5747 401 5751; x_wconf 96' lang='lat'><em>_</em></span> <span class='ocrx_word' id='word_1_816' title='bbox 454 5681 678 5738; x_wconf 85' lang='lat' dir='ltr'>datum.</span> 
     </span>
    </p>
   </div>
  </div>
