4002 6170
183 301 293 361 937

1774 299 1999 358 ACTA.

3471 309 3590 371 938

179 436 406 504 portus,
436 447 526 486 me
557 431 681 497 tibi,
708 437 1007 505 totamque
1039 449 1227 488 meam
1278 432 1622 486 commendo
1657 431 1826 484 fami-
1857 431 1911 497 Α
1941 431 2213 502 vicosque
2243 449 2446 487 omnes
2467 433 2767 504 implebat,
2796 443 3008 491 matres
3035 441 3091 492 et
3114 438 3262 492 ﬁlias
3290 440 3359 493 ad
3385 439 3585 497 fletum

174 521 317 588 liam
347 538 360 588 ;
385 520 592 576 saltem
616 521 710 577 his
733 522 788 575 in
811 522 1109 593 periculis,
1129 537 1420 592 nusquam
1446 523 1709 592 gentium
1733 537 1829 575 au-

173 610 340 676 ditis,
368 610 575 665 animaa
609 628 679 665 ne
709 617 949 683 pereant
995 615 1228 680 nostrae,
1271 596 1372 664 tua
1416 609 1588 664 solita
1615 610 1830 681 pietate

169 699 467 754 concede:
503 716 638 754 nam
672 701 840 754 nobis
863 717 975 754 non
1010 716 1143 754 cum
1179 698 1543 768 mortalibus,
1565 701 1665 755 sed
1694 716 1827 754 cum

168 787 405 843 diabolo
440 805 530 843 res
561 793 669 860 est,
704 789 793 844 cui
825 787 1062 843 nomina
1088 788 1267 856 mille,
1293 787 1452 843 mille
1479 789 1720 843 nocendi
1748 805 1831 842 ar-

168 882 281 945 tes,
300 881 359 932 et
380 894 629 948 quorum
652 877 815 931 nulla
836 893 970 948 spes
994 878 1168 932 datur
1190 894 1306 932 non
1324 876 1513 932 solum
1539 877 1827 946 vincendi,

164 983 375 1021 verum
411 982 514 1020 nec
543 966 824 1020 evadendi
858 966 1115 1037 quidem.

238 1055 370 1110 325.
404 1054 505 1109 His
537 1054 729 1122 dictis,
764 1071 940 1124 quem
973 1055 1192 1110 exitum
1227 1070 1320 1109 res
1351 1055 1624 1110 habitura
1654 1060 1824 1122 esset,

160 1143 361 1198 tristis
391 1141 787 1214 expectabam,
820 1159 955 1198 cum
987 1148 1222 1214 repente
1253 1143 1404 1199 hanc
1437 1160 1623 1199 meam
1646 1143 1826 1198 ﬁliam

160 1237 256 1304 ter
278 1230 592 1304 geminatis
614 1231 829 1288 ictibus
851 1230 1120 1288 diabolus
1141 1233 1417 1288 atrociter
1437 1233 1495 1286 in
1515 1233 1681 1306 genis
1704 1249 1828 1305 per-

159 1320 419 1391 cutiens,
453 1318 597 1374 mihi
625 1319 916 1390 matrique
964 1336 1082 1375 suae
1110 1321 1270 1391 (nam
1320 1321 1478 1375 domi
1520 1325 1661 1375 tunc
1684 1324 1827 1401 erat)

159 1409 328 1466 ultra
357 1425 532 1479 quam
555 1408 710 1465 credi
735 1409 937 1480 possit,
969 1410 1255 1465 adauctus
1277 1410 1408 1480 [est]
1431 1409 1615 1475 dolor,
1644 1426 1828 1481 eoque

157 1497 527 1555 consternati
559 1497 726 1553 humi
764 1499 1297 1568 procumbebamus
1327 1517 1340 1566 ;
1376 1499 1494 1553 ﬁlia
1525 1515 1657 1554 vero
1699 1515 1829 1554 mea

155 1589 315 1645 tales
336 1587 631 1645 cruciatus
653 1603 760 1643 nec
779 1586 1036 1659 amplius
1061 1589 1209 1642 ferre
1232 1587 1452 1657 valens,
1476 1588 1548 1643 ad
1570 1587 1827 1660 Virginis

153 1679 358 1734 Mariae
390 1678 699 1750 picturam,
725 1694 852 1749 quis
883 1676 1041 1732 domi
1074 1677 1131 1730 in
1173 1677 1428 1748 quadam
1457 1677 1658 1732 tabula
1687 1694 1824 1732 con-

155 1766 548 1840 spiciebatur,
581 1766 944 1839 confugiens,
997 1765 1342 1837 suppliciter
1389 1771 1562 1821 tunso
1594 1771 1825 1837 pectore
1856 1799 1901 1864 B

153 1856 549 1927 crinibusque
596 1855 786 1927 passis
829 1854 1004 1910 talem
1061 1855 1131 1910 ad
1183 1870 1310 1909 eam
1353 1855 1672 1910 orationem
1703 1855 1821 1911 imo

153 1951 399 2020 pectore
428 1944 665 2000 effudit:
701 1944 822 2006 Quo
856 1960 948 1998 me
970 1947 1191 1998 vertam
1226 1943 1440 2014 nescio,
1466 1944 1515 1998 si
1547 1961 1640 1998 me
1665 1945 1824 1999 dese-

154 2035 379 2101 rueris,
413 2034 585 2104 Virgo
617 2035 802 2098 beata,
834 2049 899 2086 eo
947 2048 1049 2102 per
1094 2032 1298 2088 Jesum
1332 2031 1520 2086 ﬁlium
1554 2036 1720 2087 tuum
1753 2050 1823 2089 ne

151 2141 252 2180 me
306 2123 546 2195 penitus
587 2122 824 2193 abjicias
869 2123 1181 2192 deprecor;
1233 2122 1386 2192 quod
1435 2121 1483 2176 si
1534 2121 1759 2189 feceris,
1791 2139 1822 2177 o

150 2213 437 2268 omnium
469 2210 757 2282 piissima,
785 2226 875 2265 me
909 2213 1091 2264 totam
1117 2209 1224 2264 tibi
1249 2225 1424 2265 voveo
1448 2209 1563 2264 tuis
1586 2210 1824 2265 inservi-

146 2307 360 2358 turam
386 2299 702 2372 obsequiis.
729 2299 875 2354 Mira
896 2315 987 2354 res
1011 2301 1021 2355 !
1050 2315 1118 2352 ex
1148 2315 1213 2354 eo
1236 2297 1391 2353 enim
1418 2299 1675 2370 Virginis
1701 2299 1820 2354 Ma-

149 2392 252 2448 rias
290 2390 567 2463 precibus
597 2391 814 2444 factum
843 2393 930 2443 est
959 2393 1024 2442 ut
1053 2387 1195 2442 nihil
1229 2394 1531 2455 metueret,
1566 2388 1710 2443 nihil
1745 2389 1818 2443 ti-

148 2485 364 2543 meret,
403 2495 530 2535 sese
562 2478 836 2534 omnibus
868 2476 924 2530 in
956 2476 1196 2531 torturis
1224 2477 1576 2533 invicibilem
1598 2478 1816 2548 impas—

146 2571 517 2640 sibilemque
539 2567 821 2623 redderet.
847 2565 936 2620 Me
958 2569 1151 2636 patres
1174 2565 1561 2636 dilectissimi,
1583 2569 1819 2636 tempus

147 2676 339 2732 quam
373 2659 550 2713 verba
572 2655 860 2711 maturius
891 2655 1198 2724 desereret,
1224 2655 1271 2708 si
1300 2654 1359 2709 in
1386 2655 1659 2709 omnibus
1691 2671 1818 2725 quae

148 2747 436 2805 diabolus
487 2747 545 2801 in
593 2746 744 2801 hanc
795 2761 986 2800 meam
1035 2743 1216 2798 ﬁliam
1269 2743 1325 2797 in
1382 2760 1556 2799 nosve
1597 2743 1816 2811 fecerit,

145 2837 457 2893 narrando
488 2834 788 2890 immorari
830 2832 1057 2888 vellem.
1105 2833 1491 2896 Quamobrem
1535 2831 1819 2888 nonnulla

146 2925 355 2998 magis
372 2923 865 2994 memoriadigna,
879 2920 1234 2992 quiaintenti
1249 2921 1531 2992 accipitis,
1548 2922 1790 2977 referam
1803 2962 1815 2975 .

219 3015 360 3069 326.
394 3011 635 3068 Instanti
667 3011 846 3082 igitur
877 3012 1064 3074 nocte,
1097 3025 1227 3063 ecce
1259 3009 1470 3064 iterum
1497 3011 1722 3066 daemon
1750 3027 1818 3065 ex

145 3102 486 3175 improviso
516 3117 610 3156 me
641 3099 948 3171 fatigatum
981 3114 1208 3163 somno,
1261 3102 1437 3168 atque
1465 3096 1524 3151 id
1558 3115 1661 3153 nec
1693 3100 1814 3170 opi-

1941 520 2341 590 gemitumque
2373 522 2671 578 invitabat.
2721 524 2936 579 Verum
2986 525 3096 580 hoc
3129 529 3437 582 tacendum
3473 546 3586 585 non

1939 608 2108 674 duco,
2145 610 2248 678 uti,
2283 611 2423 664 dum
2457 611 2683 666 daemon
2715 613 3187 686 eam,.Virginem
3215 615 3459 673 Mariam
3492 619 3588 673 in-

1941 702 2262 766 vocantem,
2295 715 2399 770 per
2428 700 2719 756 scalarum
2751 703 2970 773 gradus
3002 702 3119 758 ulla
3157 705 3210 758 vi
3247 707 3592 763 contrudere

1941 803 2054 840 non
2077 787 2308 858 valeret,
2335 788 2522 844 iratus
2543 796 2599 844 et
2619 807 2900 846 accensus
2918 807 3046 846 eam
3067 794 3320 849 mediam
3345 794 3594 867 comple-

1940 879 2124 943 ctens,
2151 876 2351 948 sicque
2378 895 2479 950 per
2500 896 2691 934 aerem
2725 881 3063 951 deportaus,
3085 881 3308 938 aiebat:
3335 884 3596 941 Pessima

1939 981 2095 1019 nunc
2126 967 2363 1036 peribis,
2390 968 2636 1040 jamque
2666 969 2996 1041 exemplum
3029 976 3085 1025 te
3117 972 3391 1028 omnibus
3418 975 3591 1030 dabo.

1939 1053 2084 1115 Quid
2118 1053 2311 1125 puella
2338 1055 2520 1126 virgo,
2547 1061 2741 1112 tamen
2775 1058 2854 1112 ita
2878 1059 3178 1130 acerrime,
3212 1077 3279 1115 ac
3310 1061 3358 1116 si
3390 1061 3478 1116 vir
3504 1078 3596 1118 es-

1938 1158 2053 1210 ses,
2101 1144 2374 1199 resistis?
2423 1145 2561 1200 Mihi
2618 1147 2806 1211 crede,
2855 1165 2970 1202 non
3000 1153 3055 1202 te
3103 1152 3220 1203 tua)
3251 1165 3470 1220 preces,
3505 1150 3592 1205 vel

1937 1235 2176 1287 tuorum
2207 1233 2499 1289 orationes
2547 1240 2807 1291 tuentur.
2853 1236 2958 1292 Cui
3000 1237 3136 1293 illa:
3171 1238 3295 1296 Non
3342 1255 3436 1296 me
3484 1244 3596 1295 tuas

1939 1320 2231 1377 deterrent
2250 1323 2442 1390 minae,
2459 1341 2491 1380 ο
2505 1325 2772 1380 omnium
2787 1326 3118 1382 daemonum
3138 1328 3418 1399 pessime;
3441 1333 3596 1385 verte

1937 1413 1993 1464 te
2024 1426 2230 1466 omnes
2258 1411 2316 1466 in
2350 1412 2545 1483 facies,
2580 1417 2636 1468 et
2667 1413 2964 1484 contrahe,
2999 1416 3285 1487 quidquid
3321 1416 3441 1472 sive
3468 1417 3599 1473 ani-

1939 1498 2051 1553 mis
2069 1500 2186 1554 sive
2205 1505 2327 1556 arte
2340 1501 2778 1568 tartareavales,
2794 1506 2848 1557 te
2866 1507 3133 1574 tuasque,
3149 1512 3212 1559 ut
3229 1505 3366 1576 dixi,
3384 1507 3596 1574 minas,

1936 1587 2078 1643 Jesu
2113 1588 2458 1660 Virgineque
2481 1591 2662 1645 Maria
2693 1608 2862 1662 opem
2890 1592 3234 1664 ferentibus,
3259 1595 3595 1665 parvifacio.

2007 1678 2132 1732 328.
2168 1678 2255 1732 Ita
2284 1695 2486 1733 secum
2522 1681 2712 1736 verbis
2739 1680 3186 1753 dissidentibus,
3219 1683 3446 1739 daemon
3478 1700 3540 1740 se
3563 1701 3598 1739 a

1938 1765 2132 1837 puella
2162 1767 2419 1838 separari
2443 1767 2742 1839 aegerrime
2765 1770 2978 1837 ferens,
3013 1787 3140 1826 eam
3173 1787 3351 1843 super
3382 1789 3592 1843 quem-

1933 1856 2068 1910 dam
2101 1859 2365 1927 puteum,
2416 1857 2516 1926 qui
2548 1857 2790 1911 domum
2838 1863 2997 1913 extra
3047 1863 3190 1928 erat,
3237 1860 3340 1930 [ut]
3373 1861 3443 1915 ad
3473 1865 3589 1916 ter-

1933 1960 2056 1999 ram
2090 1961 2324 1999 summa
2356 1945 2408 1998 vi
2441 1943 2733 2015 dejiceret,
2776 1946 3121 2017 deportavit.
3171 1951 3387 2003 Verum
3435 1947 3587 2020 ipsa,

1932 2033 2127 2087 divino
2162 2033 2308 2087 freta
2347 2032 2560 2108 auxlio,
2611 2050 2746 2090 cum
2805 2033 2949 2088 nihil
3007 2039 3322 2104 vereretur,
3359 2043 3588 2093 mutare

1933 2121 2281 2177 sententiam
2318 2123 2545 2176 daemon
2579 2122 2806 2190 statuit,
2829 2128 2885 2178 et
2916 2141 3091 2195 quam
3121 2125 3297 2180 minis
3327 2127 3586 2182 acribus-

1932 2212 2396 2282 queverberibus
2424 2228 2535 2266 non
2569 2213 2803 2278 vicerat,
2828 2211 3251 2269 calliditatibus
3282 2231 3384 2270 seu
3418 2215 3586 2269 blan-

1931 2299 2090 2354 ditiis
2120 2300 2349 2355 vincere
2371 2317 2686 2371 aggressus
2709 2305 2814 2355 est.
2853 2301 3034 2371 Igitur
3055 2317 3182 2356 eam
3214 2302 3431 2357 talibus
3461 2319 3586 2357 ver-

1930 2389 2020 2443 bis
2053 2389 2437 2444 hortabatus:
2470 2391 2632 2444 laeta
2662 2393 2717 2443 te
2757 2389 3056 2460 deorsum,
3091 2390 3170 2443 mi
3203 2390 3584 2460 amicissima,

1929 2478 2072 2532 nihil
2109 2484 2197 2532 est
2227 2477 2380 2549 quod
2428 2494 2697 2544 vereare;
2750 2479 2903 2548 quod
2941 2478 2991 2532 si
3042 2479 3266 2546 feceris,
3318 2480 3587 2550 posthac

1929 2572 2053 2622 esto
2087 2583 2311 2621 secura.
2338 2566 2418 2620 Ne
2443 2566 2675 2632 faciam,
2699 2565 2890 2637 inquit
2920 2565 3038 2632 illa,
3073 2583 3144 2620 ne
3177 2566 3408 2622 faciam.
3433 2567 3582 2636 Noli,

1927 2672 1959 2710 ο
1979 2654 2242 2710 omnium
2257 2654 2533 2726 pessime,
2553 2653 2858 2708 assentari.
2878 2654 3323 2726 lndeVirginem
3339 2655 3580 2711 Mariam

1927 2745 1987 2799 in
2019 2744 2110 2799 sui
2143 2742 2424 2798 auxilium
2458 2743 2658 2798 crebro
2680 2741 2967 2799 invocare.
2992 2744 3154 2814 Quis,
3176 2761 3208 2799 o
3235 2745 3384 2800 bone
3405 2741 3575 2800 Jesul

1925 2837 2046 2888 tam
2069 2834 2278 2888 obtuso
2296 2831 2550 2904 ingenio,
2573 2831 2705 2903 quis
2725 2836 2844 2886 tam
2863 2830 3040 2902 impio
3059 2833 3362 2888 etelferato
3377 2833 3572 2890 animo

1925 2927 2100 2978 esset.
2125 2921 2266 2994 quin
2300 2922 2687 2992 obrigesceret
2715 2925 2770 2975 et
2791 2926 3197 2977 concuteretur
3215 2922 3393 2977 simul
3416 2920 3574 2978 vide-

1926 3027 1986 3066 re
2017 3015 2239 3066 tantam
2272 3010 2554 3065 daemonis
2577 3010 2633 3063 in
2658 3009 2912 3081 puellam
2939 3009 3238 3083 Virginem
3269 3011 3581 3067 crudelita-

1929 3104 2070 3163 tem,
2093 3105 2148 3154 et
2167 3103 2399 3154 econtra
2416 3097 2620 3170 puellae
2645 3099 2702 3152 in
2730 3115 2860 3153 eum
2893 3100 3196 3155 audaciam
3215 3101 3582 3157 animadver-

147 3196 409 3248 nantem
441 3189 696 3262 reperire
742 3204 1003 3259 sperans,
1038 3191 1101 3241 ut
1127 3203 1317 3240 meam
1358 3186 1537 3241 ﬁliam
1568 3193 1817 3256 vexaret,
1852 3164 1894 3230 (ἶ
1934 3169 3267 3256 tere,ettotcujuscunqueconditionisviroset
3284 3189 3587 3255 mulieres,

148 3297 333 3336 more
352 3295 459 3334 suo
482 3277 654 3333 venit.
681 3277 898 3331 Verum
921 3291 1047 3347 ego,
1070 3275 1167 3348 qui
1189 3292 1490 3330 summum
1511 3276 1824 3347 ﬁngebam,

150 3367 504 3424 venientem
549 3365 899 3438 intelligens,
950 3365 1119 3435 signo
1169 3364 1358 3418 crucis
1409 3364 1588 3418 ﬁliam
1636 3381 1824 3421 meam

153 3462 319 3512 tunc
355 3471 616 3510 securam
649 3454 895 3510 reddidi.
931 3454 992 3508 Id
1026 3453 1122 3508 ille
1154 3453 1452 3523 zegerrime
1476 3455 1683 3521 ferens,
1716 3453 1825 3508 ful-

149 3564 266 3603 cru
283 3562 341 3600 m
369 3544 498 3600 lecti
523 3546 592 3599 ad
617 3561 678 3600 se
699 3542 1194 3612 summiscviribus
1212 3541 1484 3597 trahebat
1509 3567 1521 3608 ;
1541 3559 1644 3614 ego
1665 3560 1830 3598 econ-

148 3643 254 3692 tra
291 3635 368 3691 ad
404 3650 494 3689 me
542 3633 854 3699 retrahere,
903 3631 1206 3704 Virginem
1259 3631 1522 3696 Mariam,
1558 3636 1621 3686 ut
1661 3649 1829 3702 opem

150 3728 372 3794 ferret,
409 3723 644 3778 assidue
696 3723 992 3777 invocans.
1048 3721 1133 3775 Ita
1175 3721 1233 3774 in
1286 3721 1606 3776 miserabili
1638 3721 1831 3776 duello

150 3814 434 3874 maxima
461 3813 650 3868 noctis
683 3817 843 3885 parte
874 3813 1242 3882 consumpta,
1277 3809 1548 3866 diabolus
1577 3811 1834 3881 Virginis

151 3905 370 3961 Maria:
404 3902 672 3974 precibus
701 3903 890 3956 victus
917 3901 1390 3970 furibundusque
1413 3899 1470 3953 in
1499 3899 1834 3955 inferiorem

152 3997 392 4050 domus
416 3995 639 4064 partem
664 4007 789 4046 sese
815 3989 1101 4062 proripuit
1130 4015 1143 4056 ς
1170 3988 1250 4044 ibi
1278 4006 1416 4043 vasa
1439 3988 1622 4044 multa
1644 3989 1836 4044 effrin-

150 4099 330 4156 gere,
365 4081 522 4137 ostia
572 4079 872 4136 arculasve
919 4077 1162 4150 aperire,
1207 4078 1454 4150 strepitu
1487 4083 1544 4133 et
1572 4079 1835 4134 tumultu

152 4171 376 4228 omnia
409 4169 674 4224 miscere.
708 4166 904 4223 Noctis
928 4166 1108 4239 igitur
1129 4166 1283 4236 quod
1316 4167 1704 4236 superfuerat,
1730 4170 1840 4221 tre-

151 4261 289 4334 pidi
327 4274 538 4314 omnes
567 4257 862 4312 duximus.
891 4255 1036 4311 Proh
1070 4256 1220 4310 bone
1249 4258 1387 4309 Jesu
1414 4254 1424 4307 l
1464 4253 1614 4310 hanc
1646 4271 1837 4309 meam

156 4350 368 4405 ﬁliam
403 4347 612 4402 deinde
633 4345 861 4417 quoties
881 4344 976 4399 ille
1003 4344 1060 4398 in
1085 4341 1336 4398 maxillis
1367 4342 1505 4397 etin
1531 4343 1695 4415 genis
1716 4359 1838 4398 ver-

151 4437 443 4495 berando
489 4433 861 4507 [percussit]!
896 4438 951 4489 et
999 4449 1104 4505 ego
1137 4449 1255 4487 una
1285 4448 1420 4487 cum
1466 4431 1594 4502 ipsa
1619 4433 1839 4487 orando

156 4529 359 4585 ambo
387 4524 601 4581 defessi
633 4541 860 4580 sumus.

232 4617 381 4672 327.
421 4615 588 4670 Forte
611 4613 946 4686 quinquies,
968 4611 1134 4666 nobis
1165 4609 1576 4681 praesentibus,
1611 4610 1852 4668 domum

157 4710 350 4761 extra
382 4719 513 4757 eam
546 4699 764 4756 crudeli
815 4701 1044 4755 afﬁcere
1094 4703 1277 4753 morte
1323 4697 1580 4768 [voluit]:
1617 4715 1716 4769 per
1748 4718 1848 4756 ae-

155 4812 303 4852 rem
326 4789 1106 4865 ipsamjugiterclamantem
1120 4831 1132 4854 ,
1153 4787 1320 4857 Virgo
1338 4787 1534 4852 Maria,
1560 4788 1642 4841 fer
1655 4804 1845 4859 opem,

158 4899 354 4941 serva
385 4897 500 4952 me,
533 4878 804 4936 obsecro!
839 4877 1181 4949 exportavit.
1228 4877 1270 4930 Ο
1305 4893 1482 4948 quam
1518 4877 1848 4933 miserabile

157 4972 502 5043 ﬂebileque
517 4967 918 5041 spectaculum
937 4966 1211 5022 omnibus
1230 4965 1539 5036 Oppidanis
1560 4973 1702 5034 erat,
1722 4984 1848 5021 eam

157 5066 225 5118 in
268 5077 418 5117 aere
445 5075 793 5131 suspensam
818 5055 1134 5128 deportari,
1164 5071 1385 5125 nosque
1410 5054 1582 5126 longe
1604 5057 1853 5111 miseros

158 5156 465 5226 posteam
483 5149 688 5203 Jesum
712 5147 1128 5218 Virginemque
1143 5144 1384 5198 Mariam
1416 5144 1770 5215 invocantes,
1797 5150 1854 5200 et

161 5242 262 5297 uti
308 5241 556 5294 insanos
583 5239 962 5309 properantes
986 5232 1240 5304 aspicere
1268 5232 1280 5287 l
1303 5231 1488 5298 Mitto,
1511 5233 1651 5304 quid
1672 5239 1858 5289 mater

159 5331 232 5386 in
272 5328 374 5384 his
407 5326 748 5382 infortuniis
780 5324 1008 5398 agebat,
1026 5322 1110 5377 uti
1146 5321 1266 5376 suis
1297 5321 1606 5392 questibus
1636 5321 1856 5392 plateas

252 5452 421 5522 (219)
473 5452 827 5507 Tormentare
876 5465 978 5522 pro
1029 5447 1276 5522 cruciere
1321 5445 1475 5522 apud
1531 5444 1717 5522 medii
1755 5444 1858 5522 aevi

161 5515 517 5596 scriptores
548 5522 860 5596 invenitur.
877 5515 1312 5596 'Verosimiliter
1335 5515 1433 5596 hic
1449 5520 1653 5571 auctor
1677 5515 1859 5572 Italus

159 5600 254 5656 ab
303 5587 508 5652 Italico
536 5595 710 5651 verbo
743 5597 1070 5649 fermentare
1110 5587 1462 5661 desumpsit.

525 5688 790 5784 punct.
845 5719 1099 5784 CXLVI.

1938 3276 2038 3348 qui
2071 3275 2209 3331 illuc
2237 3275 2655 3341 conﬂuxerant,
2681 3280 2735 3328 et
2760 3276 2984 3344 jugiter
3014 3275 3361 3342 condebant,
3386 3293 3592 3331 omnes

1940 3381 2280 3436 suspensos,
2315 3369 2370 3418 et
2401 3363 2473 3417 ad
2526 3379 2645 3417 rem
2681 3379 2973 3433 nusquam
3005 3363 3264 3418 auditam
3298 3381 3592 3436 nusquam

1938 3455 2148 3520 visam,
2180 3453 2414 3524 penitus
2437 3452 2693 3507 intentos
2707 3452 2994 3522 aspicere;
3018 3453 3211 3508 videre
3227 3453 3467 3525 insuper
3480 3471 3599 3509 ma-

1941 3548 2090 3598 trem
2127 3559 2242 3596 una
2273 3559 2406 3596 cum
2441 3539 2645 3611 puellae
2678 3540 2998 3608 sororibus,
3043 3541 3598 3613 multitudinemque

1943 3636 2342 3687 matronarum
2357 3635 2738 3702 cognatarum
2759 3629 3091 3684 etafﬁnium
3115 3647 3319 3686 omnes
3337 3631 3600 3686 crinibus

1945 3720 2151 3775 solutis
2170 3719 2468 3790 unguibus
2481 3735 2581 3772 ora
2606 3719 2833 3784 fintll‘B,
2850 3724 2906 3772 et
2926 3725 3155 3790 pectora
3171 3707 3598 3792 pugnistunde;

1945 3827 2024 3874 re,
2051 3809 2133 3863 ita
2149 3808 2492 3863 utlamentis
2509 3813 2566 3862 et
2590 3807 2808 3879 gemitu
2833 3808 3196 3880 femineoque
3228 3809 3456 3863 ulutatu
3484 3815 3600 3864 tec-

1946 3903 2005 3952 ta
2021 3897 2723 3962 fremerent,resonaretet
2738 3897 2968 3967 magnis
2983 3896 3360 3969 plangoribus
3384 3897 3492 3952 eeth
3503 3897 3601 3952 er?

2018 3987 2142 4041 329.
2180 3985 2478 4056 Imprimis
2511 3985 2718 4039 matris
2765 3985 3033 4056 quaerula:
3063 4003 3230 4041 voces
3262 4004 3466 4041 omnes
3497 3987 3599 4058 qui

1948 4076 2188 4131 aderant
2213 4074 2486 4128 mortales
2518 4075 2588 4128 ad
2619 4074 2904 4145 gemitum
2936 4073 3284 4146 compellere
3309 4093 3321 4130 :
3347 4080 3456 4130 Per
3477 4092 3599 4131 me-

1948 4165 2075 4220 dios
2104 4163 2259 4220 enim
2292 4162 2470 4217 veluti
2504 4163 2662 4216 fatua
2691 4161 2950 4218 crinibus
2996 4163 3186 4235 passis
3217 4179 3414 4230 ruens,
3444 4165 3599 4219 voci-

1950 4253 2188 4309 ferando
2221 4252 2443 4307 aiebat:
2477 4252 2632 4305 lianc
2662 4267 2766 4322 ego
2789 4255 2842 4305 te
2869 4251 3049 4306 ﬁliam
3081 4252 3320 4324 aspicio,
3345 4257 3399 4308 te
3421 4252 3600 4308 talem

1952 4342 2167 4396 misera
2203 4341 2462 4410 concepi,
2488 4344 2662 4410 atque
2679 4341 2748 4394 ad
2778 4339 2927 4394 hanc
2951 4339 3068 4394 alui
3091 4341 3266 4412 diem,
3293 4346 3358 4396 ut
3407 4359 3521 4398 non
3573 4358 3608 4414 a

1953 4428 2323 4499 mortalibus,
2358 4428 2456 4484 sed
2509 4446 2542 4482 a
2590 4429 2852 4483 daemone
2882 4428 3043 4484 hisce
3083 4429 3268 4485 oculis
3298 4430 3611 4485 crudeliter

1875 4533 1921 4597 D
1953 4517 2107 4573 afﬁci
2133 4521 2305 4588 atque
2327 4513 2585 4586 torqueri
2608 4514 2930 4585 aspiciam?
2955 4515 2998 4569 Ο
3022 4531 3114 4569 me
3135 4516 3407 4570 miseram
3428 4515 3439 4568 l
3460 4515 3607 4579 Quid

1963 4610 2193 4662 tantum
2228 4604 2512 4668 demerui,
2535 4602 2744 4673 quidve
2767 4602 3050 4671 criminis,
3084 4602 3316 4669 admisi,
3343 4606 3408 4656 ut
3429 4601 3610 4656 ﬁliam

1960 4712 2147 4750 meam
2178 4692 2430 4748 ludibrio
2453 4689 2702 4746 dasmoni
2728 4707 2876 4760 esse,
2895 4695 3016 4745 tam
3039 4691 3307 4760 turpiter,
3328 4695 3446 4744 tam
3464 4691 3612 4744 fmde

1956 4784 2182 4839 videam
2207 4783 2234 4836 ἲ)
2265 4782 2383 4836 Heu
2415 4780 2425 4834 l
2461 4781 2712 4850 daemon,
2746 4780 2843 4850 qui
2871 4779 3050 4833 ﬁliam
3075 4795 3267 4835 meam
3299 4779 3612 4850 nullojure

1958 4871 2230 4927 insectari
2264 4869 2542 4935 statuisti,
2576 4885 2667 4923 me
2721 4868 2917 4923 crucia
2947 4867 3162 4940 potius,
3198 4885 3290 4923 me
3324 4873 3611 4924 tormenta

1962 4961 2111 5034 (219)
2138 4961 2148 5016 !
2187 4961 2233 5015 si
2259 4977 2376 5030 qua
2399 4958 2506 5012 tibi
2529 4963 2616 5012 est
2638 4957 2841 5028 pietas,
2877 4957 2935 5012 in
2961 4974 3052 5012 me
3078 4957 3277 5012 omnia
3297 4974 3423 5028 quae
3447 4963 3608 5029 potes

1962 5050 2179 5120 conjice
2205 5048 2359 5103 mala
2384 5066 2395 5113 ;
2423 5050 2522 5101 aut
2546 5052 2629 5112 tu,
2655 5047 2802 5101 bone
2832 5047 2992 5118 Jesu,
3024 5046 3188 5101 Pater
3212 5046 3463 5113 Divium,
3499 5047 3608 5101 mi-

1964 5157 2153 5197 serere
2185 5138 2366 5194 animi
2399 5155 2513 5191 non
2545 5136 2723 5209 digna
2747 5137 2982 5192 ferentis
3006 5137 3198 5207 (219‘),
3225 5140 3440 5207 tuoque
3469 5137 3613 5191 invi-

1965 5247 2094 5286 sum
2120 5230 2226 5284 hoc
2248 5227 2798 5297 detrudecaputsub
2814 5231 3027 5281 tartara
3041 5225 3417 5296 telo,quando
3448 5224 3616 5280 aliter

1968 5334 2188 5390 nequeo
2219 5315 2514 5370 crudelem
2547 5315 2894 5387 abrumpere
2923 5315 3102 5369 vitam
3133 5314 3303 5385 (220).

2039 5441 2211 5514 (219‘)
2243 5439 2409 5494 VIRG.
2443 5438 2660 5514 Agneid.
2694 5457 2732 5493 ιι
2759 5464 2770 5505 ;
2802 5439 2978 5514 verba
3005 5437 3255 5514 Sinonis.
3292 5438 3440 5514 (Em)

2040 5510 2379 5586 (22.0)V1Ro.
2404 5510 2622 5567 ιΕηρίιι.
2647 5527 2703 5565 ix
2731 5527 2742 5566 :
2767 5511 2939 5566 verba
2961 5510 3165 5566 matris
3192 5510 3445 5584 Euryali,
3469 5513 3615 5588 (En).

3219 5712 3298 5781 30
