4022 6160
469 288 586 349 939
1520 283 1585 341 S.
1631 281 1956 342 JOANNIS
2006 280 2452 342 GUALBERTI
2496 280 2833 340 ABBATIS
3692 292 3783 351 9m

538 422 662 475 030.
699 418 837 471 Inde
868 414 1172 486 paululum
1204 413 1273 467 ad
1317 429 1521 467 sanam
1573 413 1802 467 rediens
1836 416 2115 477 mentem,
2148 420 2197 480 Α
2232 412 2491 483 prorupi,
2524 413 2643 466 Ha!
2680 428 2785 466 cur
2815 428 2906 466 me
2957 411 3017 465 in
3049 410 3259 483 oppido
3287 410 3492 484 ingenti
3531 416 3689 473 solum
3715 420 3784 475 in-

470 511 541 565 ad
566 506 845 579 populum
871 521 931 558 se
961 506 1301 557 convertens
1322 502 1551 572 inquit:
1581 501 1624 555 Ο
1650 518 1772 567 vos,
1797 501 2115 572 praesertim
2228 500 2436 556 sectari
2467 500 2724 556 statuisti
2745 501 2771 555 ?
2829 506 2878 554 A
2908 517 3001 556 me
3059 505 3115 554 et
3144 518 3177 554 a
3226 500 3342 555 ﬁlia
3386 519 3524 564 mea.
3551 521 3654 572 oro,
3682 511 3788 579 quid

470 603 707 659 matres,
741 593 957 662 audite,
992 592 1179 663 siqua
1201 592 1312 662 piis
1345 590 1556 646 animis
1582 590 1769 661 gratia
1792 590 1903 644 mei
1928 589 2114 645 infeli-
2225 591 2313 645 vis
2342 608 2354 656 ;
2389 591 2600 661 quidve
2630 590 2926 661 inquiris?
2965 590 3021 643 Si
3046 591 3276 660 justum
3323 590 3557 663 petieris,
3603 600 3651 648 et
3673 597 3718 650 in
3744 615 3789 654 re

468 686 550 741 cis
582 688 796 753 manet,
832 699 931 738 seu
966 680 1094 735 ﬁliae
1145 698 1309 747 mete,
1343 680 1400 733 in
1454 684 1611 735 tanto
1662 678 1880 750 talique
1911 678 2115 734 discri-
2226 684 2629 751 potestateque
2659 684 2859 735 nostra
2906 680 3100 745 fuerit,
3135 680 3267 746 ﬁet;
3326 684 3538 735 tantum
3579 684 3657 738 dic
3682 689 3790 756 quid

468 775 625 830 mine
674 775 894 845 positas,
947 789 1086 827 cura
1135 770 1446 836 remordet,
1502 769 1661 823 flexis
1708 768 1955 841 genibus
2000 786 2117 823 una
2223 768 2331 837 vis,
2365 768 2521 822 Nihil
2553 768 2709 823 aliud
2741 768 2889 839 volo,
2924 769 3035 823 nisi
3068 769 3219 823 hanc
3247 772 3403 823 tuam
3434 769 3613 840 ﬁliam,
3641 773 3790 844 inquit

467 880 699 919 mecum
729 866 949 933 Jesum,
982 861 1395 933 piisimamque
1439 859 1681 913 Mariam
1713 862 1956 913 matrem
1987 858 2115 928 ejus
2226 856 2341 913 ille.
2376 858 2479 913 Cui
2508 875 2613 930 ego
2640 875 2651 912 :
2685 859 2962 913 Creatura
3005 857 3105 913 Dei
3138 874 3270 912 cum
3301 857 3392 927 sit,
3443 875 3561 913 eam
3590 860 3675 915 tibi
3697 868 3791 918 tra-

462 953 765 1019 invocetis,
802 953 849 1007 si
874 953 1020 1007 forte
1042 968 1149 1006 sua
1176 950 1346 1005 solita
1378 948 1587 1020 pietate
1608 964 1777 1018 opem
1803 948 1966 1017 ferat,
1990 963 2111 1001 oro.
2225 948 2358 1002 dere
2391 964 2494 1002 nec
2524 947 2651 1003 volo
2711 964 2815 1002 nec
2846 964 3109 1019 possum.
3171 947 3289 1015 Sat,
3338 947 3540 1019 inquit,
3584 950 3733 1007 habeo
3755 954 3791 1007 si

463 1044 626 1107 Quod
658 1060 792 1097 mox
824 1043 1007 1096 fecere
1055 1057 1277 1096 omnes.
1330 1039 1372 1093 Ο
1419 1038 1559 1093 Jesu
1593 1038 1772 1091 bone!
1813 1053 1842 1091 e
1873 1035 2114 1106 vestigio
2226 1035 2499 1091 monialis
2530 1053 2645 1091 non
2674 1035 2945 1092 efﬁcitur.

461 1133 583 1187 ﬁlia
612 1134 683 1187 ad
717 1136 963 1186 matrem
997 1146 1193 1193 ruens,
1225 1126 1401 1182 hilari
1442 1126 1824 1196 jucundaque
1863 1124 2005 1179 facie
2036 1124 2115 1178 ita
2294 1126 2415 1179 333.
2454 1126 2569 1197 Ego
2600 1124 2817 1196 itaque,
2881 1125 3113 1197 cognita
3156 1142 3236 1193 re,
3297 1142 3409 1196 prae
3466 1126 3627 1181 nimia
3650 1129 3793 1184 cordis

461 1240 591 1278 eam
624 1221 966 1276 semivivam
995 1218 1249 1275 solatur:
1283 1221 1406 1271 Mea
1425 1221 1611 1270 mater
1641 1214 1789 1286 pelle
1820 1215 2112 1283 timorem,
2221 1214 2461 1268 tristitia
2492 1220 2683 1269 mente
2715 1231 2900 1269 caesus
2933 1214 3112 1269 ﬁliam
3146 1214 3388 1270 scorsim
3420 1216 3675 1271 advocans
3697 1217 3791 1273 aio:

464 1312 599 1366 ﬂere
643 1310 844 1365 desine
870 1328 882 1377 ;
910 1309 1003 1363 hic
1025 1308 1235 1363 adsum
1260 1309 1361 1361 tua
1382 1304 1538 1371 ﬁlia;
1568 1303 1709 1357 nihil
1731 1302 2112 1357 daemonislu-
2223 1302 2367 1357 Filia
2398 1320 2526 1358 mea
2555 1303 2917 1373 dulcissima,
2947 1309 3012 1359 ut
3061 1304 3313 1376 propriis
3355 1302 3531 1359 oculis
3561 1307 3794 1376 aspexisti,

462 1401 654 1455 dibria
684 1404 934 1466 metuas,
987 1414 1107 1452 oro.
1144 1397 1358 1451 Forsan
1392 1411 1483 1449 me
1511 1392 1765 1463 torqueri
1800 1396 1857 1447 et
1892 1391 2113 1445 crucia-
2224 1390 2369 1445 nihil
2401 1392 2473 1445 ob
2506 1392 2749 1463 gratiam
2786 1397 2889 1447 tua
2920 1393 3195 1447 inausum
3233 1392 3441 1463 reliqui
3470 1392 3555 1463 [ex
3580 1393 3679 1461 iis,|
3703 1411 3795 1463 que

460 1489 621 1545 tibus
645 1488 795 1544 afﬁci
820 1492 993 1560 putas
1012 1486 1039 1540 ?
1058 1486 1315 1553 Minime,
1340 1500 1471 1538 mea
1497 1487 1713 1548 mater;
1739 1481 1855 1536 imo
1879 1480 2038 1536 suavi
2059 1485 2115 1534 et
2222 1480 2387 1552 potui
2415 1480 2636 1535 infelix.
2671 1481 2777 1544 Qui
2822 1486 3037 1537 memet
3093 1482 3152 1535 in
3186 1481 3387 1537 omnia
3412 1481 3567 1549 verti,
3593 1481 3756 1537 vincor
3777 1500 3800 1537 a

459 1577 837 1634 inenarrabili
869 1575 1090 1631 afﬁcior
1111 1572 1437 1630 dulcedine.
1472 1572 1714 1643 Semper
1744 1570 1919 1639 enim,
1944 1570 2111 1623 deso-
2222 1568 2475 1625 diabolo.
2511 1570 2671 1635 Quod
2694 1568 2743 1625 si
2765 1586 2905 1625 mea
2928 1587 3128 1642 preces
3160 1587 3274 1625 non
3298 1575 3436 1625 sunt
3456 1586 3656 1642 magna:
3673 1572 3797 1637 satis,

458 1668 711 1723 latorum
747 1666 1059 1738 refugium,
1091 1664 1265 1735 Virgo
1297 1661 1475 1717 Maria
1508 1676 1762 1732 praesens
1788 1664 1895 1724 est,
1920 1658 2112 1713 horta-
2221 1657 2482 1713 dubitem
2513 1658 2667 1713 haud
2718 1660 2989 1731 equidem
3039 1659 3377 1731 implorare,
3429 1661 3575 1731 quod
3603 1675 3800 1730 usquam

456 1760 573 1821 tur,
608 1756 882 1825 adjuvat:
919 1768 1280 1824 perseverem
1332 1754 1562 1804 monet:
1599 1748 1711 1819 Sic,
1746 1747 1957 1818 inquit,
1991 1745 2112 1801 ﬁlia
2144 1790 2189 1853 Β
2220 1752 2327 1803 est.
2362 1747 2486 1802 Non
2512 1747 2637 1803 vult
2660 1753 2716 1803 te
2734 1750 2960 1804 daemon
2996 1748 3313 1805 monialem
3338 1750 3507 1804 efﬁci.
3529 1749 3801 1805 Assentien-

457 1847 576 1900 itur
606 1846 675 1900 ad
709 1847 887 1898 astra.
938 1844 1087 1906 Ideo,
1124 1846 1184 1895 tu
1241 1855 1371 1894 mea
1402 1843 1609 1908 mater,
1657 1851 1877 1907 vosque
1908 1852 2114 1891 omnes
2144 1835 2189 1853 ”
2223 1836 2364 1891 dum
2403 1841 2535 1903 .est,
2557 1835 2605 1891 si
2637 1837 2847 1892 saltem
2878 1837 2987 1893 hac
3017 1855 3214 1908 causa,
3266 1838 3378 1894 sibi
3410 1838 3805 1910 potissima,nos

457 1930 676 2001 parcite
709 1929 911 1995 metui,
970 1927 1166 1999 ponite
1222 1926 1464 1980 modum
1526 1924 1730 1992 dolori,
1792 1928 1846 1978 et
1893 1922 2112 1995 gratias
2221 1925 2451 1997 insequi
2485 1925 2810 1993 desisteret,
2873 1926 2922 1982 si
2979 1927 3125 1983 forte
3156 1932 3441 1998 parceret,
3468 1928 3515 1982 si
3565 1926 3715 1980 ﬁnem
3738 1924 3805 1979 his

462 2018 694 2073 Christo
724 2017 886 2084 Jesu,
917 2015 1261 2088 Virginique
1289 2014 1478 2069 Maria:
1503 2012 1673 2068 matri
1707 2012 1834 2083 ejus
1864 2011 1912 2067 si
1945 2010 2114 2083 plura
2225 2013 2395 2070 malis
2426 2015 2609 2069 daret.
2639 2015 2757 2070 Hoc
2785 2016 2939 2071 enim
2972 2016 3079 2070 tibi
3126 2033 3241 2072 non
3288 2022 3506 2082 votum,
3534 2030 3709 2071 verum
3732 2014 3803 2068 de-

462 2112 517 2162 et
543 2104 1319 2177 majoranobisadhucmala
1337 2106 1675 2174 supersunt,
1696 2101 2112 2172 agitesemper.
2224 2102 2375 2158 votio
2406 2103 2662 2171 exstitit;
2696 2120 2811 2158 non
2844 2104 3120 2177 obligatio
3155 2106 3424 2177 integra,
3472 2106 3568 2161 sed
3598 2103 3807 2177 quadam

532 2198 657 2251 331.
693 2196 822 2250 Hac
854 2196 1051 2265 itaque
1082 2193 1212 2248 ﬁliae
1246 2209 1388 2248 mete
1417 2193 1612 2262 verba,
1646 2208 1760 2245 non
1793 2189 1981 2244 solum
2009 2190 2112 2258 ju-
2225 2192 2378 2246 bona
2404 2191 2709 2255 voluntas:
2746 2194 2874 2248 ideo
2905 2194 3055 2249 hanc
3086 2211 3119 2250 a
3156 2199 3211 2249 te
3243 2194 3599 2250 voluntatem
3627 2191 3808 2264 penitus

465 2285 773 2353 cunditati,
804 2301 1003 2340 verum
1037 2288 1093 2339 et
1123 2282 1497 2338 admirationi
1522 2280 1797 2336 omnibus
1818 2279 2112 2334 exstitere.
2226 2298 2517 2353 amoveas,
2542 2298 2663 2351 oro,
2687 2287 2742 2337 et
2759 2282 2888 2345 tibi,
2912 2284 3197 2354 nobisque
3214 2284 3457 2340 demum
3478 2284 3703 2355 quietem
3719 2277 3811 2334 dari

464 2381 711 2430 Demum
744 2373 948 2444 quispe
978 2389 1266 2443 suspenso
1299 2373 1495 2426 animo
1518 2372 1758 2424 domum
1786 2385 1955 2423 suam
1987 2384 2118 2422 con-
2223 2368 2385 2426 velis.
2420 2371 2504 2423 Ad
2541 2370 2660 2425 hmc
2695 2370 2814 2425 ﬁlia
2845 2388 2971 2426 mea
2996 2388 3008 2425 :
3033 2371 3089 2427 Si
3123 2372 3272 2427 mihi
3323 2390 3439 2428 non
3470 2371 3647 2427 animo
3674 2370 3810 2423 ﬁxum

470 2465 670 2531 cessit,
703 2474 808 2517 n‘os
839 2462 932 2517 vix
965 2461 1075 2515 laeti
1106 2460 1254 2515 intro
1277 2459 1548 2530 ingressi,
1579 2458 1812 2529 aliquod
1842 2474 2054 2512 novum
2087 2474 2121 2511 a
2226 2458 2657 2530 immotumque
2714 2460 2959 2528 sederet,
3020 2477 3091 2516 ne
3150 2462 3245 2517 cui
3309 2478 3383 2517 ne
3435 2460 3615 2515 vinclo
3654 2456 3815 2513 vellem

472 2554 734 2608 daemone
761 2566 990 2621 semper
1009 2549 1458 2620 opperiebamur
1479 2546 1946 2617 malum.Nempe
1975 2547 2116 2601 dum
2226 2547 2649 2620 sociarejugali
2673 2549 2869 2621 (220‘),
2892 2553 2948 2604 et
2968 2550 3015 2605 si
3038 2549 3212 2621 Virgo
3242 2550 3428 2605 Maria
3454 2563 3686 2622 pugnam
3712 2560 3814 2600 cum

468 2642 589 2696 hare
612 2640 885 2712 lacrymis
899 2639 1120 2694 obortis
1144 2637 1313 2693 nobis
1340 2654 1445 2691 suo
1460 2636 1683 2699 ordine,
1708 2634 1922 2703 utdixi,
1947 2651 2114 2689 enar-
2226 2635 2457 2691 diabolo
2474 2654 2576 2708 pro
2601 2654 2693 2692 me
2715 2655 2829 2693 non
2848 2638 3038 2707 iniret,
3062 2638 3196 2695 huic
3214 2640 3323 2694 uni
3350 2640 3543 2695 forsan
3566 2635 3707 2710 potui
3725 2649 3820 2689 suc-

468 2735 860 2799 raret,omncs
883 2730 973 2783 sui
998 2726 1278 2793 misereri,
1302 2727 1443 2780 adeo
1467 2730 1532 2779 ut
1555 2722 2117 2795 quibusdamlacry-
2228 2726 2502 2780 cumbere
2533 2726 2716 2798 culpa:
2742 2744 2755 2781 :
2791 2728 2891 2782 sed
2924 2728 3068 2782 mihi
3098 2728 3187 2783 vel
3230 2729 3437 2797 tellus,
3470 2732 3667 2800 optem,
3693 2723 3817 2796 prius

470 2839 596 2877 mas
628 2824 901 2875 moveret.
935 2819 1077 2871 Inde
1108 2816 1274 2885 illud,
1310 2816 1461 2886 quod
1514 2818 1779 2885 superest
1810 2813 2020 2879 adhuc,
2058 2813 2112 2867 ni
2224 2814 2342 2868 ima
2373 2814 2656 2883 dehiscat,
2689 2816 2775 2870 vel
2810 2820 2971 2888 pater
3010 2817 3393 2889 omnipotens
3423 2817 3611 2889 adigat
3636 2831 3715 2869 me
3738 2810 3819 2867 ful-

471 2911 784 2965 molestum
808 2912 915 2977 est,
949 2906 1147 2978 paucis
1169 2905 1476 2959 disseram.
1502 2903 1607 2957 Cui
1630 2919 1832 2958 omnes
1858 2919 1869 2955 :
1895 2901 2075 2955 Dicite
2099 2918 2112 2956 :
2224 2903 2381 2958 mine
2396 2904 2463 2957 ad
2484 2904 2742 2971 umbras,
2768 2905 3048 2975 pallentes
3062 2908 3313 2963 umbras
3335 2907 3513 2973 erebi,
3536 2909 3821 2971 noctemque

472 3017 607 3054 nam
640 2996 785 3051 nihil
816 2997 876 3050 in
910 2994 1151 3049 instanti
1182 2998 1440 3064 tempore
1489 2992 1716 3063 gratius
1748 2990 1871 3044 ﬁeri
1902 2994 2111 3061 potest,
2224 2992 2764 3063 profundam,ante,
2785 2997 2991 3066 pudor,
3011 3013 3187 3067 quam
3214 3001 3273 3052 te
3292 2997 3504 3053 violem
3519 2994 3822 3069 (22i),autte

471 3092 525 3142 et
556 3103 764 3141 sumus
796 3084 985 3139 otiosi.
1009 3083 1158 3138 Dum
1193 3084 1369 3153 enim,
1395 3086 1457 3135 ut
1478 3080 1652 3153 paulo
1684 3084 1814 3135 ante
1838 3079 2031 3151 retuli,
2054 3080 2113 3134 in
2224 3081 2511 3149 deseram,
2546 3083 2768 3139 Christe
2796 3085 2935 3139 Jesu
2962 3104 2974 3153 ;
3009 3090 3071 3139 tu
3105 3087 3202 3157 qui
3239 3088 3477 3159 primus
3509 3103 3541 3141 a
3580 3101 3661 3139 me
3686 3093 3822 3135 vanos

467 3194 528 3232 re
559 3175 735 3230 dubia
792 3189 1108 3245 suspensos
1166 3172 1395 3227 animos
1454 3186 1809 3242 gereremus,
1870 3186 1998 3224 ecce
2045 3186 2112 3224 ex
2143 3161 2184 3227 C
2224 3170 2421 3225 saeculi
2452 3172 2751 3227 abstulisti
2783 3190 3033 3245 amores,
3084 3190 3176 3230 me
3224 3192 3566 3246 conserves,
3593 3184 3749 3243 neque
3772 3166 3821 3221 li-

464 3265 780 3338 improviso
813 3265 1037 3318 daemon
1091 3262 1345 3317 atrocius
1402 3259 1571 3315 solito
1618 3259 1794 3313 ﬁliam
1827 3276 2017 3313 meam
2052 3259 2109 3313 in

465 3356 690 3427 primis,
715 3354 923 3409 deinde
946 3369 1037 3407 me
1059 3350 1426 3423 aggrediens,
1456 3350 1628 3419 pedes
1647 3352 1953 3420 totumque
1985 3365 2110 3402 cor-

460 3461 572 3516 pus
605 3443 927 3498 mordicatu
959 3440 1276 3507 cruciabat,
1313 3457 1427 3493 non
1451 3455 1618 3493 secus
1650 3455 1715 3491 ac
1746 3436 1949 3492 famuli
1972 3454 2109 3508 prm-

460 3534 602 3588 toris
634 3533 832 3605 ignitis
852 3530 1171 3603 forcipibus
1195 3530 1421 3584 nudum
1438 3527 1920 3599 damnaticorpus
1935 3527 2108 3581 variis

460 3622 820 3694 inpartibus,
844 3620 940 3676 illo
954 3620 1237 3674 clamores
1259 3618 1523 3671 horridos
1546 3617 1618 3671 ad
1640 3615 2103 3683 sideratollente,

460 3712 830 3767 excruciant:
863 3728 997 3765 nam
1032 3709 1202 3763 modo
1235 3724 1367 3761 crus
1394 3706 1685 3760 interdum
1717 3721 1891 3776 genu,
1915 3722 2107 3775 quan-

457 3801 650 3872 doque
680 3804 902 3873 pectus,
938 3812 1360 3867 nonnunquam
1392 3811 1571 3865 genas
1620 3792 1761 3847 mihi
1794 3792 2106 3848 crudeliter

459 3908 560 3945 seu
594 3891 864 3946 dentibus
897 3905 998 3943 seu
1045 3885 1341 3957 unguibus
1372 3883 1539 3952 (nihil
1586 3881 1741 3937 enim
1773 3880 2104 3954 conspicere

456 3982 815 4049 poteramus)
842 3974 1152 4029 attrahere.

525 4068 647 4119 332.
683 4064 789 4132 Qui
824 4080 952 4117 cum
987 4063 1043 4116 in
1096 4061 1190 4116 his
1220 4060 1624 4129 difﬁcultibus,
1675 4059 1812 4130 quid
1845 4076 2100 4132 agerem,

455 4153 760 4216 nescirem,
818 4157 954 4207 Jesu
1011 4149 1376 4220 respiciente,
1437 4149 1507 4202 ad
1562 4148 1801 4203 solitum
1859 4150 2098 4204 unicum

453 4241 708 4312 Virginis
740 4240 932 4296 Mariae
960 4239 1298 4311 prmsidium
1330 4237 1585 4308 confugi,
1629 4238 1796 4308 cujus
1828 4237 2095 4293 Ofﬁcium

449 4346 581 4384 cum
615 4332 819 4385 devote
848 4346 1044 4383 coram
1076 4329 1330 4400 imagine
1392 4344 1499 4382 sua
1546 4343 1905 4399 peragerem,
1941 4327 1996 4381 id
2028 4346 2097 4382 ze-

446 4419 699 4491 gerrime
730 4420 953 4474 dazmon
988 4418 1197 4486 ferens,
1250 4416 1465 4471 librum
1497 4416 1551 4471 vi
1583 4433 1613 4471 e
1646 4417 1918 4471 manibus
1949 4417 2096 4472 meis

2218 3259 2405 3326 heres,
2440 3277 2539 3315 oro
2564 3278 2905 3334 precorque.

2290 3350 2413 3403 334.
2446 3350 2537 3404 Sic
2564 3351 2756 3416 effata,
2790 3353 2859 3406 ad
2895 3352 3153 3425 Virginis
3184 3354 3396 3411 Maria;
3427 3352 3624 3410 matris
3660 3346 3821 3418 imagi-

2219 3453 2351 3491 nem
2387 3456 2582 3507 ruens,
2616 3442 2812 3495 sinum
2854 3441 3130 3515 lacrymis
3181 3443 3462 3516 implevit
3508 3439 3723 3497 obortis.
3749 3434 3820 3489 Hi5

2218 3542 2520 3599 accensus,
2556 3535 2765 3600 praesto
2797 3530 2961 3585 affuit
3000 3531 3318 3588 hominum
3351 3534 3451 3589 ille
3481 3532 3741 3593 seductor,
3763 3526 3817 3587 et,

2218 3617 2355 3686 quia
2384 3617 2708 3688 discordiae,
2738 3619 3068 3676 simultates
3097 3627 3153 3676 et
3173 3622 3278 3677 irae
3306 3640 3460 3695 quas
3490 3616 3821 3693 suggesserat,

2214 3721 2421 3776 parum
2453 3713 2961 3778 processerant,ut
2988 3710 3047 3764 in
3079 3710 3189 3765 Job
3222 3712 3376 3767 olim
3408 3712 3594 3767 virum
3610 3700 3821 3778 justissi-

2216 3810 2400 3861 mum,
2435 3796 2514 3850 ita
2544 3802 2599 3851 et
2628 3796 2686 3852 in
2718 3797 2898 3853 ﬁliam
2934 3815 3125 3854 meam
3158 3802 3374 3856 saevire
3407 3800 3579 3873 coepit
3606 3816 3617 3852 :
3648 3810 3756 3851 nam
3783 3789 3826 3843 in

2211 3882 2418 3954 primis
2446 3883 2661 3940 lineam
2691 3889 2931 3953 vestem,
2980 3903 3097 3958 qua
3144 3903 3366 3945 carnes
3412 3891 3695 3961 teguntur,
3722 3876 3825 3933 inde

2210 3970 2439 4027 laneam
2467 3990 2479 4038 ;
2501 3974 2761 4045 demum,
2785 3991 2910 4045 quac
2926 3974 3127 4030 sericis
3150 3975 3425 4049 desuper
3443 3978 3698 4033 contexta
3717 3971 3830 4033 erat,

2210 4065 2275 4114 ut
2304 4060 2535 4115 nubiles
2568 4061 2756 4117 solent
2806 4064 2954 4119 ferre
2998 4063 3228 4135 puellae,
3288 4065 3653 4122 frustulatim
3681 4055 3828 4127 fregit.

2208 4147 2481 4203 laceravit
2507 4149 2835 4223 dissipavit,
2867 4154 3244 4225 consumpsit
3270 4173 3285 4223 ;
3313 4170 3571 4227 eamque
3618 4152 3723 4207 fere
3750 4159 3830 4199 nll-

2207 4237 2342 4292 dam
2373 4239 2673 4307 deserens,
2698 4241 2906 4314 capitis
2930 4259 3156 4298 comam
3184 4244 3246 4297 vi
3272 4244 3528 4301 evellere
3560 4240 3731 4311 ccepit.
3750 4234 3829 4288 Ex-

2205 4326 2423 4382 clamat
2452 4328 2593 4383 ﬁlia:
2629 4330 2702 4384 Mi
2738 4335 2924 4401 pater,
2957 4332 3041 4386 fer
3069 4332 3371 4400 tunicam,
3409 4349 3505 4389 me
3528 4330 3729 4388 nudam
3754 4337 3829 4378 c0-

2204 4416 2383 4487 operi,
2400 4418 2789 4491 tuque,Virgo
2803 4420 2983 4475 Maria
2996 4420 3381 4492 dulcissima,
3400 4426 3488 4479 fer
3504 4436 3684 4494 opem,
3702 4425 3832 4470 se?“

446 4509 713 4576 abstulit,
758 4508 1058 4578 lampades
1110 4522 1422 4578 cereosque
1476 4522 1750 4560 accensos
1798 4506 2090 4577 exstinxit,
2124 4524 2170 4588 D
2204 4520 2294 4559 me
2317 4505 2555 4561 obsecro
2581 4507 2593 4561 Ι
2623 4508 2738 4579 Ego
2766 4508 2823 4563 in
2849 4513 3007 4565 tanto
3030 4511 3387 4569 discrimine
3410 4529 3549 4569 cum
3570 4509 3658 4565 vix
3675 4514 3831 4562 essem

441 4600 668 4654 arculas
684 4616 909 4663 omnes,
924 4616 988 4652 su
1001 4595 1343 4668 pellectilem
1368 4596 1563 4659 etiam,
1588 4610 1839 4665 vasaque
1854 4596 2089 4650 subver-

436 4689 529 4753 tit,
562 4688 855 4753 laeeravit,
890 4687 1062 4758 fregit
1095 4713 1107 4752 ;
1141 4690 1215 4755 et,
1268 4701 1338 4737 ne
1375 4684 1595 4753 multis,
1640 4684 2085 4754 paternitatibus

435 4778 643 4833 vestris
676 4778 844 4831 taedio
878 4777 1009 4846 sim,
1044 4780 1271 4829 tantum
1296 4773 1628 4828 detrimenti
1661 4773 1801 4827 mihi
1827 4774 1883 4827 in
1912 4776 2085 4829 rebus

440 4866 749 4920 mobilibus
780 4864 992 4929 attulit,
1026 4870 1088 4917 ut
1117 4863 1268 4917 ultra
1294 4868 1528 4918 centum
1556 4879 1759 4917 aureos
1784 4862 1841 4916 in
1870 4862 1959 4917 his
1994 4881 2082 4918 re-

435 4954 770 5008 staurandis
787 4953 1312 5023 rCCUperandisque
1328 4951 1716 5022 exposuerim.
1736 4951 1878 5005 Cum
1908 4952 2084 5023 igitur

434 5042 650 5097 diaboli
708 5043 901 5114 gravis
958 5042 1060 5105 ira,
1120 5056 1225 5095 nec
1293 5039 1645 5094 exaturabile
1702 5047 1925 5111 pectus,
1988 5058 2079 5097 me

428 5137 699 5211 cogerent
721 5148 920 5203 preces
943 5129 1292 5184 descendere
1324 5128 1380 5181 in
1409 5145 1629 5195 omnes,
1657 5128 1795 5199 quia
1816 5146 1947 5184 eum
1973 5147 2077 5185 nec

425 5216 600 5290 longa
633 5221 774 5285 dies,
811 5221 994 5291 pietas
1028 5234 1130 5272 nec
1190 5216 1482 5287 mitigaret
1512 5215 1632 5271 ulla
1670 5233 1803 5272 eum
1837 5218 2072 5273 demum

424 5306 679 5377 amplius
696 5310 841 5362 ferre
858 5325 971 5362 non
994 5306 1214 5374 valens,
1232 5306 1288 5358 in
1322 5304 1437 5357 haec
1460 5305 1619 5375 gravi
1645 5312 1874 5376 pectore
1899 5308 2073 5363 verba

492 5430 663 5497 (220')
696 5432 1002 5503 Virgiliani
1060 5446 1289 5502 quoque
1321 5427 1381 5482 hi
1431 5428 1544 5481 duo
1578 5444 1805 5497 vorsus,
1838 5432 2064 5487 /Encid.

414 5516 468 5554 ιν
494 5502 715 5573 ;ννρι’1ξιλ
750 5502 1009 5558 DidOnis.
1046 5504 1188 5573 (En).

487 5572 633 5647 (221)
668 5572 804 5628 Item
839 5591 906 5628 ex
956 5573 1192 5629 Didonis
1250 5572 1321 5627 ad
1353 5573 1582 5625 Annam
1644 5588 1901 5635 sororem
1936 5591 2062 5633 ora-

2202 4595 2355 4664 apud
2392 4611 2504 4661 me,
2527 4600 2583 4649 et
2614 4601 2887 4667 mortem[
2915 4599 3130 4670 potius]
3158 4618 3349 4673 quam
3374 4602 3561 4658 vitam
3588 4603 3828 4669 optarem,

2197 4687 2391 4737 tamen
2415 4683 2569 4739 illico
2591 4686 2852 4741 tunicam
2880 4689 3094 4753 afferri,
3120 4691 3259 4745 inde
3281 4696 3591 4747 tonsorem
3612 4683 3829 4741 ticimlm

2196 4772 2413 4826 cursim
2471 4774 2734 4828 advocari
2784 4776 2959 4846 jussi.
3020 4778 3126 4833 Ubi
3176 4782 3369 4847 venit,
3438 4778 3642 4852 capitis
3674 4773 3833 4829 crines

2196 4860 2395 4930 flavos,
2420 4863 2503 4916 uti
2532 4879 2685 4917 nunc
2708 4864 2884 4919 etiam
2916 4868 3306 4937 conspicitur,
3338 4869 3603 4924 totondit
3626 4870 3677 4920 et
3695 4858 3829 4917 rasit.

2263 4950 2385 5004 335.
2427 4951 2523 5004 llis
2555 4951 2867 5023 diligenter
2896 4956 3159 5027 expletis,
3194 4974 3294 5012 me
3329 4976 3476 5014 cum
3511 4952 3765 5027 lacrymis
3790 4948 3833 5001 in

2189 5039 2511 5093 orationem
2545 5040 2712 5096 dedi:
2745 5043 2905 5114 Jesu,
2944 5045 3208 5116 inquam,
3248 5048 3643 5120 omnipotens
3672 5038 3831 5112 aspice

2189 5143 2296 5181 nos
2316 5125 2423 5180 hoc
2448 5126 2526 5197 [in
2552 5128 2832 5200 periculo]
2858 5137 3108 5198 tantum,
3126 5138 3199 5199 et,
3226 5134 3281 5189 si
3305 5137 3535 5207 pietate
3554 5144 3831 5191 meremur,

2186 5216 2259 5268 da
2289 5214 2498 5269 deinde
2529 5216 2812 5273 auxilium
2844 5237 2856 5288 ;
2904 5222 2995 5276 sin
3028 5222 3225 5277 minus
3275 5242 3405 5280 una
3439 5242 3551 5280 nos
3586 5219 3827 5279 interﬁcm

2182 5320 2439 5372 oramus,
2474 5305 2576 5361 des
2607 5306 2782 5363 ﬁnem
2816 5312 3052 5366 tandem
3092 5312 3277 5367 tantis
3309 5312 3668 5370 laboribus:
3698 5322 3829 5371 nam,

2177 5430 2334 5486 tione
2361 5432 2658 5519 desum'pti
2682 5440 2831 5519 sunt
2859 5434 2916 5519 hi
2951 5438 3209 5519 quinque
3235 5454 3485 5519 versus,
3521 5442 3590 5519 ut
3622 5441 3676 5492 et
3703 5430 3828 5512 intra

2177 5520 2245 5557 ex
2275 5503 2476 5585 eodem
2535 5503 2791 5585 Virgilio.
2832 5503 3091 5585 plurimi,
3117 5503 3304 5582 'quos
3364 5509 3625 5583 legendo
3655 5503 3829 5564 statim

2175 5578 2449 5647 agnoscet
2479 5575 2745 5633 eruditus
2777 5575 2977 5636 lector.
3012 5582 3161 5655 (Εο.)
