4022 6160
376 252 491 313 947

1423 248 1489 309 S.
1535 243 1860 308 JOANNIS
1906 244 2355 307 GUALBERTI
2398 243 2737 305 ABBA'l‘IS

3634 245 3733 310 948

380 384 561 450 ﬁeret,
594 399 817 439 moram
849 386 1097 449 traxere,
1122 380 1379 453 profecto
1402 378 1693 434 maturius
1751 394 1843 434 me
1874 382 2022 433 tem-
2038 379 2091 445 Α
2112 378 2261 433 bore
2285 376 2509 431 vultum
2535 375 2861 447 faciemque
2886 373 3375 447 perfusi,domum
3398 375 3732 447 eoanimo,ne

380 490 490 546 pus
522 490 699 545 quam
727 488 819 527 res
852 472 1178 525 desereret:
1241 485 1307 523 eo
1364 468 1687 523 illustriora
1737 467 2025 539 quadam,

382 579 553 636 parce
586 567 777 616 tamen
812 578 877 615 ac
910 560 1157 628 modice,
1191 559 1571 630 perscribam.

454 653 577 705 352.
641 649 824 721 Igitur
882 648 1003 703 Kal.
1069 648 1418 713 Decembris,
1484 646 1700 717 quibus
1743 646 2031 701 Florentia

383 742 705 805 abiverant,
737 738 1023 811 quiajam
1056 736 1167 791 diei
1204 739 1527 791 extremum
1570 740 1715 797 erat,
1750 736 2031 791 daemonis

384 828 847 900 conjurationem
881 826 938 881 in
978 827 1153 881 aliam
1179 826 1333 881 diem
1358 825 1731 880 transtulere.
1749 828 2030 879 Caeterum

387 937 518 976 cum
553 935 643 974 res
666 918 724 971 in
738 917 1062 971 daemonem
1081 914 1725 970 acerrimeamonachis
1752 918 1874 969 tum
1903 931 2050 983 con:

378 1008 779 1081 jurationibus
810 1010 935 1060 tum
995 1005 1359 1060 orationibus
1388 1008 1682 1075 ageretur,
1734 1021 1799 1057 ex
1829 1021 1891 1058 eo
1926 1020 2033 1057 nu-

388 1114 547 1153 mero
579 1096 678 1166 qui
706 1095 865 1166 operi
900 1095 993 1164 pio
1025 1094 1343 1158 instabant,
1371 1109 1587 1163 paucos
1619 1092 1853 1163 reliquit
1884 1092 2032 1146 inta-

388 1186 722 1253 ctos;hunc
754 1182 1103 1248 belluenem,
1132 1181 1297 1236 illum
1332 1180 1824 1247 lascivum,alium
1859 1182 2035 1254 hypo-

390 1276 593 1332 critam
628 1272 938 1345 appellare.
974 1273 1247 1326 Prmterea
1280 1288 1409 1325 cum
1440 1270 1573 1342 plus
1605 1271 1775 1326 solito
1807 1273 2034 1326 daemon

392 1363 746 1437 ageretur,in
767 1365 969 1416 Jesum
1004 1362 1364 1431 Sanctosque
1394 1361 1519 1428 ejus
1568 1360 1741 1415 verba
1766 1361 2040 1415 indecora

393 1454 581 1519 edere,
616 1456 690 1520 et,
724 1467 795 1505 ne
826 1449 1098 1505 lectorem
1132 1449 1446 1513 detineam,
1470 1449 1668 1503 omnia
1691 1452 2038 1520 probraquaa

394 1541 506 1596 dici
539 1545 594 1595 et
626 1540 765 1610 fingi
798 1543 1039 1609 queunt,
1075 1554 1171 1593 ore
1203 1538 1486 1593 diabolico
1520 1540 1793 1609 proferre,
1829 1544 1884 1594 et
1916 1555 2037 1593 am-

396 1630 551 1702 plius
584 1628 717 1695 alia,
751 1645 877 1698 quae
910 1627 1147 1698 quidem
1183 1635 1302 1680 non‘
1327 1632 1493 1696 grata
1523 1628 1741 1694 futura,
1799 1627 1846 1681 si
1881 1626 2040 1698 operi

2137 466 2392 538 amplius
2414 465 2534 520 illic
2556 466 2830 533 redirent,
2856 466 3198 521 discessere.
3223 465 3437 529 Quibus
3458 466 3617 522 rebus
3639 487 3730 525 non

2140 554 2333 612 solum
2356 570 2492 626 ager
2509 554 3001 623 Florentinus,sed
3026 558 3143 610 tota
3164 554 3361 609 civitas
3384 562 3730 626 permotaest;

2139 661 2253 716 quo
2275 644 2548 715 frequens
2572 642 2823 715 populus
2836 644 2905 698 ad
2922 660 3041 699 rem
3068 647 3286 698 tantam
3302 644 3584 699 visendam
3605 646 3735 702 facile

2140 732 2430 807 percurrit
2455 751 2467 786 :
2498 749 2667 788 nemo
2690 732 2846 787 enim
2870 737 2989 786 tam
3009 731 3277 804 impurus
3298 731 3488 787 animo
3511 735 3735 789 credeba-

2140 828 2257 886 tur,
2289 822 2453 895 quin,
2488 821 2580 877 his
2610 822 2826 876 auditis
2857 838 2957 877 seu
2990 821 3151 892 visis,
3205 838 3317 876 non
3350 821 3734 892 aliquantulum

2145 913 2291 967 ﬂecti
2326 916 2523 983 posset
2555 912 2621 966 ad
2654 912 2872 966 bonum
2905 928 2918 979 ;
2951 927 3065 982 quo
3098 928 3212 966 non
3239 911 3361 980 jam
3392 911 3448 965 in
3475 912 3665 983 templo
3689 928 3735 967 se

2145 1001 2453 1057 hominum
2486 1000 2778 1055 tumultus
2802 1000 3216 1067 sustinere,sed
3242 1000 3460 1072 passim
3491 1006 3734 1056 monaste-

2146 1090 2299 1145 rium
2330 1094 2521 1145 totum
2553 1089 2844 1144 invadere.

2216 1180 2341 1233 355.
2382 1180 2527 1235 Cum
2589 1180 2770 1251 igitur
2828 1179 3006 1250 hujus
3064 1182 3237 1233 tantae
3298 1178 3377 1233 rei
3438 1179 3739 1235 miraculum

2147 1268 2323 1324 etiam
2345 1273 2403 1324 et
2434 1268 2718 1340 primores
2740 1268 2992 1323 civitatis
3023 1268 3093 1323 ad
3114 1268 3425 1323 visendum
3447 1267 3739 1339 impelleret,

2150 1374 2498 1429 quocunque
2523 1358 2673 1413 inter
2695 1359 2953 1413 eundum
2974 1358 3330 1422 incederent,
3346 1374 3413 1412 ex
3425 1357 3669 1412 omnibus
3686 1357 3747 1413 ιο.

2150 1448 2233 1502 cis
2267 1447 2429 1502 urbis
2460 1463 2780 1501 concursus
2816 1445 3002 1518 plebis
3036 1451 3168 1518 post
3197 1463 3299 1501 eos
3321 1446 3465 1513 ﬁeri,
3491 1445 3565 1500 ita
3583 1446 3743 1500 multis

2152 1536 2371 1607 passim
2404 1535 2740 1607 agminibus
2774 1552 2876 1607 per
2903 1552 3108 1590 omnes
3168 1535 3293 1591 vias
3323 1535 3395 1589 ad
3450 1539 3505 1588 S.
3534 1533 3743 1589 Salvium

2152 1630 2407 1680 curritur
2429 1646 2444 1695 ;
2463 1624 2704 1680 diversis
2717 1624 2893 1680 etiam
2909 1624 3317 1691 itineribus,ne
3341 1630 3529 1679 motus
3550 1642 3611 1679 ex
3628 1623 3744 1677 mul-

395 1718 531 1773 huic
561 1719 896 1785 insererem,
930 1733 1064 1770 cum
1122 1716 1361 1771 forsitan
1418 1716 1745 1771 necessaria
1798 1717 2040 1788 [essent]
2076 1753 2122 1817 Β
2154 1714 2405 1769 titudine
2438 1713 2783 1768 tumultuari
2817 1713 3134 1781 orirentur,
3162 1712 3261 1769 alii
3298 1713 3520 1778 urbem,
3543 1712 3627 1766 alii
3653 1728 3747 1767 mo-

398 1807 648 1879 exempli
682 1822 881 1874 causa,
915 1822 980 1859 eo
1012 1804 1248 1859 absunt.
1284 1806 1575 1860 Haec'cum
1600 1806 1869 1861 monachi
1898 1822 2047 1878 aegre

398 1897 636 1961 ferrent,
670 1894 857 1950 multo
890 1894 1100 1965 aegrius
1132 1893 1332 1963 abbas,
1396 1894 1686 1964 optimum
1744 1896 1901 1950 factu
1945 1912 2048 1965 pro

397 1990 660 2057 tempore
690 1984 821 2051 rati,
846 1981 892 2037 si
921 1980 1200 2037 secretius
1222 1987 1458 2053 propter
1482 1984 1760 2054 populum
1785 1985 2053 2055 conjura-

399 2078 580 2129 retur.
604 2073 683 2127 Eo
708 2071 766 2125 in
798 2071 1055 2125 abditam
1083 2070 1286 2141 templi
1310 2076 1557 2142 partem,
1580 2072 1637 2128 id
1663 2078 1750 2129 est
1772 2073 1830 2127 in
1857 2090 2048 2129 sacra-

400 2161 554 2217 rium
587 2162 947 2227 secedentes,
977 2159 1115 2228 illic,
1150 2159 1309 2215 nullo
1341 2161 1410 2215 de
1465 2161 1623 2233 vulgi
1674 2162 2052 2218 multitudine

401 2251 764 2316 intromisso,
800 2248 1072 2304 licentius
1102 2249 1445 2319 conjurare:
1482 2251 1818 2306 cachinnari
1867 2269 2051 2321 quan-

403 2341 587 2412 deque
601 2340 1083 2409 dannonjnterdu
1096 2355 1149 2391 m
1168 2338 1304 2393 mite
1319 2356 1450 2393 cum
1466 2340 2051 2413 omnibusingenium

405 2431 475 2485 de
507 2446 568 2483 se
598 2429 754 2496 dare,
806 2428 1009 2497 jocum
1069 2444 1319 2497 movere,
1355 2444 1623 2483 sermone
1675 2431 1761 2484 uti
1794 2431 2055 2485 modesto

410 2515 570 2572 molli
602 2516 688 2571 vel
722 2514 970 2586 procaci,
1006 2514 1427 2569 monachorum
1490 2534 1699 2571 manus
1758 2522 1910 2572 tactu
1944 2518 2055 2573 levi

412 2608 741 2673 attrectare,
767 2604 1033 2675 singulos
1054 2603 1693 2674 benigneappellare,et
1714 2606 1898 2661 multa
1921 2606 2053 2673 alia,

413 2692 951 2764 quminstrumonta
977 2691 1219 2745 luxuriae
1252 2696 1309 2746 et
1340 2691 1507 2746 malae
1530 2692 1794 2748 libidinis
1819 2693 2056 2760 sunt,in

414 2781 810 2837 adolescentes
835 2780 1151 2835 monachos
1165 2796 1364 2851 agere;
1390 2781 1641 2852 denique
1654 2783 1926 2838 omnibus
1940 2800 2059 2838 mo-

413 2872 504 2927 dis
535 2874 757 2924 tentare
790 2869 838 2924 si
870 2886 1071 2924 eorum
1104 2869 1333 2923 animos
1367 2869 1567 2925 molles
1597 2879 1647 2926 et
1677 2876 1843 2927 aetate
1875 2890 2058 2944 aegros

414 2964 613 3031 posset
638 2958 707 3011 ad
726 2956 927 3027 puellae
946 2956 1195 3010 nefarios
1217 2961 1411 3012 tactus
1432 2962 1486 3013 et
1508 2959 1871 3016 incestuosos
1900 2978 2058 3017 com-

415 3046 616 3117 plexus
649 3044 961 3100 maculare.

2157 1802 2477 1858 nasterium
2511 1806 2723 1873 petere.
2761 1802 2940 1857 Fuere
2969 1806 3165 1857 tamen
3198 1801 3464 1857 nonnulli
3486 1801 3749 1873 quos,quia

2158 1891 2364 1947 merito
2387 1890 2662 1946 adiabolo
2685 1890 2950 1963 castigati
2974 1891 3552 1963 [erant],hujusmodi
3568 1889 3748 1945 itineris

2158 1979 2414 2053 piguerit
2440 1979 2893 2051 pmnitueritque
2918 1997 2930 2036 :
2964 1979 3303 2051 complures
3333 1980 3507 2047 enim,
3537 1980 3748 2051 quinon-

2161 2071 2300 2125 dum
2335 2070 2515 2125 aedem
2547 2070 2845 2124 adiverant
2875 2074 3188 2137 sacratam,
3220 2070 3478 2141 prepriis
3506 2068 3753 2140 appellans

2162 2159 2523 2229 nominibus,
2557 2158 2951 2229 focneratores,
2988 2156 3667 2227 schismaticos,inﬁdeles
3690 2156 3753 2210 di-

2163 2264 2311 2315 cere,
2336 2264 2573 2319 eosque,
2602 2248 2700 2303 ubi
2734 2249 2800 2302 ad
2829 2264 2890 2303 se
2913 2252 3208 2316 venerant,
3232 2247 3755 2320 reprehendere,tum

2164 2336 2222 2390 in
2254 2335 2472 2407 templo
2505 2341 2629 2390 tum
2664 2336 2803 2391 foris
2836 2336 3104 2391 insectari
3138 2338 3377 2393 acriter.
3402 2337 3655 2392 Caeterum
3683 2351 3758 2406 pa-

2164 2430 2335 2480 truus
2349 2443 2492 2479 suus
2515 2427 2552 2481 S
2593 2426 2894 2480 Trinitatis
2925 2426 3219 2494 Abbas,de
3239 2443 3275 2497 q
3294 2444 3364 2482 uo
3385 2425 3756 2497 supraverbum

2166 2514 2430 2577 fecimus,
2454 2531 2586 2569 vera
2612 2532 2713 2587 pro
2736 2515 2888 2570 ﬁctis
2910 2516 3152 2583 ducens,
3176 2517 3391 2571 statuit
3412 2531 3526 2570 rem
3547 2517 3753 2570 tentare:

2167 2603 2319 2657 illico
2351 2602 2505 2657 enim
2539 2604 2604 2658 R.
2640 2605 2700 2659 P.
2729 2603 2911 2659 Vallis
2967 2603 3269 2660 Umbrosaa
3322 2605 3587 2660 Abbatem
3616 2603 3753 2658 Fran-

2167 2691 2387 2747 eiscum
2419 2691 2750 2761 Altovitam,
2783 2692 2877 2749 bis
2902 2693 3077 2748 rebus
3107 2693 3277 2749 novis
3308 2700 3365 2749 et
3403 2692 3654 2749 inauditis
3677 2705 3753 2743 an-

2166 2780 2262 2834 xiu
2275 2796 2673 2851 m,secumque
2691 2780 2875 2835 multa
2892 2787 3086 2836 mente
3100 2783 3423 2852 agitantem
3442 2781 3531 2836 ubi
3548 2780 3753 2853 primum

2169 2874 2563 2941 Opportunum
2593 2869 2726 2938 fuit,
2756 2870 2979 2935 adiens,
3014 2870 3097 2925 sic
3132 2870 3401 2944 [alloqui]
3452 2868 3755 2925 familiariter

2169 2974 2272 3030 per
2301 2958 2618 3013 amicitiam
2643 2960 2768 3030 jam
2802 2976 2835 3014 a
2864 2959 3077 3015 teneris
3108 2959 3405 3032 inceptam
3436 2974 3649 3014 exorsus
3672 2957 3751 3009 est.

2240 3048 2363 3101 356.
2399 3047 2728 3103 Reverende
2758 3049 2944 3118 Pater,
2979 3064 3113 3102 cum
3149 3049 3421 3116 nuntius,
3463 3048 3623 3117 hujus
3649 3058 3752 3097 mea:

484 3136 608 3189 353.
642 3133 857 3188 Verum
892 3134 990 3189 ubi
1022 3133 1130 3189 hac
1187 3135 1280 3190 via
1335 3135 1606 3209 intelligit
1635 3156 1696 3194 se
1747 3139 1891 3194 nihil
1924 3123 2131 3212 pro-~C
2172 3138 2359 3209 neptis
2384 3138 2647 3209 prodigia
2674 3143 2729 3193 et
2758 3142 3028 3209 portenta
3067 3155 3365 3204 asserens,
3420 3137 3653 3193 omnium
3679 3131 3752 3203 qui

414 3225 622 3279 ﬁcere:
657 3222 893 3277 difficile
925 3223 1079 3278 enim
1111 3228 1200 3278 est
1230 3241 1433 3281 omnes
1488 3227 1783 3296 mortales,
1830 3233 1888 3283 et
1919 3246 2060 3300 pra:-

414 3313 612 3368 sertim
651 3312 989 3378 monachos,
1024 3330 1057 3367 a
1086 3313 1300 3368 teneris
1324 3314 1494 3369 annis
1527 3317 1695 3371 bonis
1726 3318 2063 3389 sanctisque

416 3400 657 3456 monitis
672 3401 883 3471 oppido
901 3400 1340 3468 instruetos,bis
1356 3403 1572 3459 diaboli
1595 3404 2063 3461 cavillationibus

417 3490 841 3560 fraudibusque
865 3488 1005 3544 falli.
1041 3490 1115 3544 Eo
1149 3490 1348 3559 aliam,
1374 3494 1475 3563 qui
1502 3493 1657 3549 mille
1682 3496 1927 3549 nocendi
1951 3496 2065 3552 sibi

417 3584 572 3633 artes
596 3578 838 3649 [habet,j
860 3594 1173 3650 aggressus
1196 3586 1284 3635 est
1308 3581 1457 3637 viam
1485 3600 1497 3649 ;
1526 3583 1722 3638 statim
1752 3584 1907 3639 enim
1942 3591 2062 3640 tur-

420 3667 696 3738 pissimas
715 3667 974 3739 corporis
1002 3669 1369 3739 partes,proh
1397 3672 1583 3741 pudor
1608 3672 1891 3743 laperire:
1918 3674 2065 3729 nulli

421 3756 599 3821 enim,
626 3755 883 3827 quaedici
916 3760 1017 3809 aut
1051 3756 1188 3829 ﬁngi
1221 3760 1781 3830 potest,turpinidini
1809 3777 2066 3832 parcere,

423 3860 688 3915 sperans,
724 3861 790 3898 cx
822 3861 935 3915 quo
970 3846 1230 3915 nequivit
1260 3863 1520 3918 corpora,
1583 3849 1788 3904 saltem
1840 3852 2067 3907 animos

422 3932 721 4003 voluptate
753 3937 1026 4003 corrupta
1059 3934 1291 3988 foedare.
1328 3935 1539 3989 Verum
1576 3937 1631 3990 in
1675 3937 1767 3992 his
1798 3939 2066 3994 abbatem

424 4038 537 4075 non
561 4020 777 4087 minus,
812 4037 987 4090 quam
1014 4022 1070 4074 in
1098 4024 1433 4077 monasterii
1461 4025 1763 4095 regimine,
1789 4044 2066 4099 magnum

427 4108 894 4179 prudentemque
925 4108 1262 4179 religiosum
1298 4110 1496 4178 fuisse,
1530 4115 1841 4184 comperio.
1891 4116 2073 4187 Igitur

424 4195 641 4248 veritus
672 4211 762 4261 ne,
797 4195 846 4249 si
880 4195 1149 4251 diabolus
1182 4197 1274 4253 his
1306 4198 1585 4255 mollibus
1642 4204 1699 4256 et
1730 4206 2070 4274 procacibus

424 4282 619 4337 verbis
676 4283 773 4336 diu
808 4289 1087 4355 uteretur,
1121 4286 1301 4340 animi
1332 4289 2070 4363 monachorumjuvenum,

427 4372 621 4427 adhuc
651 4370 871 4439 invicti,
905 4378 1071 4428 aetate
1102 4379 1296 4431 tamen
1328 4376 1464 4432 ﬂuxi
1498 4380 1568 4433 ad
1601 4379 1835 4452 aliquod
1858 4388 2070 4439 tetrum

2170 3227 2229 3281 in
2266 3227 2407 3281 urbe
2438 3227 2656 3298 quique
2686 3230 2849 3281 extra
2876 3227 3081 3282 urbem
3137 3233 3284 3283 sunt
3339 3226 3583 3299 implerit
3606 3237 3753 3282 aures,

2172 3332 2299 3387 quae
2322 3316 2593 3387 equidem
2617 3314 2759 3370 mihi
2785 3332 2889 3387 pro
2903 3316 3255 3373 commentis
3278 3317 3560 3372 habentur
3580 3310 3755 3383 (itidem

2174 3406 2240 3459 R.
2274 3403 2339 3458 V.
2376 3420 2502 3459 esse
2534 3404 2726 3475 duco),
2758 3404 2949 3459 visum
2977 3409 3065 3460 est
3096 3422 3209 3459 non
3245 3406 3354 3462 abs
3380 3421 3438 3460 re
3459 3405 3569 3459 fore
3588 3401 3757 3464 si,mu-

2174 3496 2295 3548 tata
2317 3498 2611 3564 praatexta,
2649 3492 2974 3565 periculum
3006 3495 3054 3549 si
3084 3511 3219 3549 vera
3254 3495 3375 3551 sint
3404 3508 3588 3556 necne,
3618 3488 3757 3543 facere

2175 3582 2385 3638 ausim.
2414 3583 2674 3647 Quonam
2693 3582 3086 3653 modo,inquit
3099 3582 3279 3639 Vallis
3302 3583 3583 3639 Umbrosze
3602 3577 3755 3637 abbas,

2176 3671 2284 3725 hoc
2308 3671 2404 3725 ﬁet
2429 3670 2753 3741 periculum
2780 3671 3131 3727 i’Cucullum
3156 3677 3417 3727 vestrum
3440 3686 3526 3725 me
3547 3667 3756 3724 induam,

2176 3760 2315 3814 illuc
2347 3760 2605 3814 modeste
2624 3765 2680 3815 et
2702 3759 2863 3814 humi
2878 3761 3082 3815 deﬁxis
3097 3759 3288 3817 oculis
3311 3757 3637 3833 pedetentim
3657 3767 3758 3807 con-

2178 3850 2400 3904 cedam.
2433 3853 2592 3904 Hanc
2613 3849 2767 3904 enim
2794 3849 3078 3921 optimam
3106 3850 3263 3905 viam
3289 3851 3359 3904 ad
3384 3847 3668 3904 fallendum
3688 3840 3762 3893 du-

2177 3939 2385 4003 xerim,
2419 3955 2550 3992 cum
2585 3942 2642 3992 et
2674 3938 2877 3993 habitu
2909 3943 2965 3994 et
2995 3938 3255 4010 corporis
3290 3944 3448 3993 motu
3474 3954 3536 3991 ac
3554 3929 3760 4006 gestibus

2180 4028 2358 4083 alium
2386 4044 2558 4098 quam
2584 4028 2719 4095 sim,
2744 4026 3141 4083 simulaverim
3166 4026 3349 4096 falso;
3374 4027 3470 4099 qui
3488 4024 3532 4080 si
3550 4017 3761 4076 diabolus

2181 4122 2289 4183 est,
2314 4116 2435 4171 haac
2456 4117 2673 4184 omnia,
2691 4117 3252 4187 quorsumtendant,
3284 4117 3454 4172 callet
3473 4110 3761 4187 peroptimei

2182 4206 2270 4261 sin
2288 4205 2506 4273 minus,
2537 4204 2701 4260 facile
2714 4204 3337 4273 existimabimus,hzec
3360 4204 3547 4261 omnia
3565 4190 3764 4255 ostentui

2183 4309 2329 4348 esse.
2364 4297 2514 4349 Deus
2545 4293 2775 4364 incepta
2804 4296 3003 4348 nostra
3061 4294 3366 4359 secundet,
3426 4288 3602 4362 inquit
3627 4282 3764 4340 abbas

2184 4383 2366 4450 alter;
2399 4387 2457 4437 et
2485 4382 2584 4444 ita,
2619 4383 2793 4436 rebus
2824 4400 2941 4437 una
2970 4382 3120 4437 inter
3177 4399 3238 4437 se
3298 4378 3633 4450 compositis,
3672 4382 3763 4425 rem

428 4461 660 4517 facinus
683 4467 1389 4555 converterentur,ijussit
1420 4467 1554 4524 inde
1581 4471 1646 4523 ad
1684 4469 1865 4527 altare
1882 4476 2074 4543 majus
2106 4492 2151 4555 ι)
2186 4476 2407 4526 tentare
2435 4470 2774 4543 aggreditur
2803 4470 2919 4525 ille.
2974 4470 3120 4526 Mira
3180 4488 3272 4526 res
3300 4471 3312 4525 l
3378 4468 3619 4555 nondum
3644 4457 3761 4515 enim

429 4567 634 4606 omnes
665 4553 1035 4620 contendere,
1066 4560 1123 4609 et
1146 4554 1263 4610 illic
1286 4574 1377 4611 res
1409 4558 1758 4629 agi,malens
1779 4561 1837 4615 in
1861 4561 2073 4618 reidis-

431 4640 673 4695 crimine
705 4658 738 4694 a
766 4642 981 4712 populo
1015 4644 1287 4700 indecora
1316 4647 1527 4719 audiri,
1552 4666 1730 4719 quam
1755 4652 2071 4708 monacho-

433 4746 563 4785 rum
596 4729 823 4784 animas
852 4732 1186 4801 periclitari.

506 4817 631 4869 354.
666 4818 815 4872 Dum
847 4819 1029 4891 igitur
1084 4824 1359 4895 utrinque
1420 4825 1672 4883 maxima
1733 4829 1781 4883 vi
1823 4830 2077 4886 decerta-

436 4907 619 4972 retur,
652 4910 708 4959 et
737 4906 871 4961 hinc
896 4908 1028 4962 inde
1049 4910 1354 4983 utriusque
1377 4931 1547 4970 sexus
1569 4921 1624 4970 et
1644 4917 1993 4974 conditionis
2014 4937 2079 4975 eo

434 5000 849 5051 concurrerent
865 4997 1449 5071 mortales,intactum
1464 5004 2078 5079 diabolus,pra3sertim

436 5082 485 5137 si
520 5082 732 5152 aliquis
764 5085 1035 5155 cupidine
1058 5088 1331 5143 audiendi
1363 5091 1592 5147 illectus
1617 5096 1816 5165 puellae
1842 5097 2078 5169 propius

434 5171 761 5241 inhaereret,
796 5174 1121 5245 relinquere
1155 5180 1483 5247 neminem;
1536 5181 1690 5237 hunc
1722 5184 2077 5255 improbum,

432 5258 605 5314 illum
638 5262 846 5327 furem,
884 5263 1062 5319 alium
1086 5267 1441 5334 adulterum,
1466 5286 1598 5324 eum
1626 5288 1946 5343 ganeonem
1978 5294 2079 5348 ap-

436 5345 673 5417 pellare,
695 5366 893 5405 eorum
921 5353 1207 5425 ﬂagitiosa
1232 5357 1447 5412 scelera
1471 5375 1627 5414 more
1651 5377 1756 5416 suo
1790 5363 1846 5417 in
1880 5345 2080 5437 prop—a-

434 5433 559 5488 tulo
584 5438 823 5505 aperire.
852 5445 924 5495 Eo
950 5444 1141 5509 multi,
1168 5446 1386 5516 pudore.
1414 5447 1569 5513 victi,
1598 5465 1702 5503 sua
1726 5433 1921 5507 secum
1958 5433 2080 5526 pec-

440 5527 568 5579 cata
590 5528 645 5577 et
677 5526 919 5583 crimina
953 5548 1017 5586 ex
1052 5532 1202 5587 mala
1235 5536 1586 5591 conscientia
1618 5546 2074 5611 reputautes,ru-

2187 4577 2252 4615 eo
2265 4559 2494 4615 cucullo
2509 4559 2748 4614 indutus
2764 4559 3017 4615 ecclesiae
3033 4562 3183 4616 fores
3196 4562 3571 4627 adierat,cum
3589 4554 3759 4607 damon

2184 4650 2341 4705 clara
2373 4666 2505 4704 voce
2538 4648 2925 4721 praesentibus
2961 4649 3155 4721 inquit
3184 4666 3195 4705 :
3230 4648 3446 4711 Ccdite,
3503 4641 3687 4703 cedite;
3710 4648 3763 4688 en

2189 4740 2430 4810 quidam
2462 4738 2651 4794 bonus
2666 4738 2749 4792 vir
2772 4739 2945 4794 :facie
2965 4738 3199 4809 quidem
3214 4737 3484 4793 ethabitu
3518 4727 3768 4799 religiosus

2190 4827 2722 4899 apparet,moribus
2747 4831 2942 4881 autem
2974 4843 3145 4882 secus
3174 4842 3302 4882 esse
3334 4824 3496 4880 facile
3516 4817 3767 4893 probatur;

2190 4933 2317 4972 ecce
2350 4916 2449 4987 qui
2484 4933 2588 4971 nos
2617 4916 2767 4971 ultro
2798 4915 3058 4971 derisum
3092 4932 3158 4971 ac
3188 4918 3469 4969 tentatum
3502 4905 3660 4963 venit.

2261 4983 2385 5061 357:
2410 5005 2517 5059 Vix
2547 5006 2667 5061 haec
2696 5006 2958 5060 ediderat
2978 5004 3265 5071 diabolus,
3296 5007 3352 5057 et
3373 5016 3499 5056 ecce
3519 4996 3675 5053 abbas
3701 4983 3771 5040 ille

2192 5094 2396 5159 tristis,
2431 5095 2711 5165 gravitate
2743 5096 2995 5166 quadam
3031 5099 3087 5148 et
3117 5093 3415 5149 severitate
3446 5080 3769 5156 compositus,

2191 5183 2376 5253 capite
2391 5183 2608 5238 deﬂexo
2624 5200 2724 5255 per
2743 5183 3051 5239 ecclesiam
3074 5183 3157 5239 ire
3175 5209 3187 5251 ς
3211 5198 3385 5253 quem
3408 5180 3618 5233 daamon
3638 5179 3771 5238 agnIr

2190 5291 2379 5341 scens,
2413 5274 2583 5345 eique
2612 5273 2903 5329 insultans
2926 5273 3044 5328 ait:
3072 5278 3318 5344 Depone,
3344 5259 3770 5345 Pater,babitum.

2190 5363 2449 5434 depone:
2487 5380 2601 5418 non
2635 5368 2793 5428 tuus,
2828 5380 3001 5434 quem
3036 5379 3190 5417 nunc
3224 5362 3356 5427 fers,
3415 5359 3499 5411 est
3532 5343 3770 5406 cucullus.

2192 5454 2517 5525 Ilypocrita,
2542 5470 2646 5508 cur
2669 5458 2967 5523 aspectum
2991 5450 3203 5507 deforis
3227 5448 3435 5522 potius,
3460 5454 3621 5515 quam
3647 5435 3772 5488 illms

2190 5543 2451 5597 animum
2486 5542 2773 5599 mutasti?
2804 5541 2993 5607 Quid?
3046 5558 3180 5596 cum
3213 5535 3418 5612 puella,
3452 5547 3557 5588 non
3586 5530 3771 5582 mecum
