4002 6170
458 294 570 353 951

1515 292 1580 351 S.
1625 289 1953 351 JOANNIS
1999 286 2445 349 GUALBERTI
2491 284 2817 346 ABBATIS
3654 297 3734 355 952

459 424 585 481 suis
614 425 674 479 in
707 423 952 497 patriam
987 422 1352 478 contendere.
1385 423 1654 478 Nondum
1703 424 1774 478 ab
1819 423 1962 478 urbe
2006 438 2107 493 per
2136 422 2191 486 Α
2221 419 2456 486 diceret,
2490 420 2837 474 Sanctorum
2870 415 3143 488 Reliquiaa
3164 416 3327 487 jussu
3353 417 3492 474 illius
3519 426 3736 496 prepositi

461 516 745 571 ducentos
777 514 1016 567 aberant
1046 528 1419 584 passus,cum
1448 512 1642 568 subito
1673 512 1827 567 idem
1860 513 2107 579 daemon,

463 605 588 660 suis
619 603 859 658 minime
890 602 947 657 id
980 602 1636 674 sperantibus,atrocius
1668 602 1835 657 solito
1867 602 2111 656 irrrum-

464 696 567 768 pit,
596 694 880 764 humique
911 708 1040 747 eam
1072 710 1205 747 cum
1237 692 1346 746 hac
1379 692 1821 763 exprobratione
1843 690 2114 761 dejicien-

463 785 536 839 do
567 782 769 839 stravit
807 800 818 835 :
852 782 1021 851 Quid,
1053 783 1328 853 pessima,
1363 799 1453 836 me
1504 786 1694 851 teque,
1743 782 1867 835 loca
1915 786 2116 836 sancta

464 872 733 945 petendo,
765 871 857 926 his
890 870 1360 926 intolerabilibus
1390 871 1632 925 torturis
1666 870 1817 923 afﬁci
1850 870 1977 924 vis?
2011 870 2117 925 Ini-

467 979 583 1034 qua
616 962 823 1016 audeat
854 961 1064 1015 deinde
1116 960 1255 1014 talia
1307 960 1457 1014 alius
1504 959 1591 1013 vel
1641 959 1773 1023 alia,
1810 960 1919 1013 nisi
1952 960 2023 1013 de
2062 964 2119 1013 te

468 1054 922 1105 monumentum
984 1050 1332 1104 mortalibus
1381 1049 1656 1104 omnibus
1713 1051 1943 1104 dedero.
1980 1050 2117 1103 Eam

469 1156 605 1193 mox
636 1138 771 1192 hinc
804 1139 937 1193 inde
972 1140 1250 1193 movendo
1284 1144 1539 1209 quatere,
1580 1156 1644 1192 ac
1687 1138 1936 1193 nimium
1989 1156 2118 1193 cru-

470 1227 677 1284 deliter
708 1228 1029 1298 torquendo
1061 1228 1404 1299 discerpere.

544 1318 668 1371 363.
703 1316 1091 1388 Comploratio
1124 1316 1404 1371 comitum
1450 1316 1604 1370 illico
1656 1317 1949 1383 exoritur;
1984 1332 2120 1371 con-

473 1406 717 1461 veniunt
745 1404 884 1460 illuc
915 1406 1265 1476 complures,
1298 1410 1422 1460 tum
1457 1406 1745 1461 muliones
1776 1413 1901 1459 tum
1926 1422 2125 1476 agaso-

475 1512 611 1561 nes;
644 1495 888 1566 insuper
917 1499 971 1549 et
1001 1496 1213 1549 diversi
1246 1494 1476 1565 generis
1510 1500 1879 1561 mercatores,
1916 1494 2127 1565 qui,lu-

476 1602 571 1640 cro
602 1583 690 1638 vel
724 1589 981 1655 egestate
1024 1585 1204 1651 ducti,
1258 1587 1461 1639 urbem
1513 1586 1713 1639 crebro
1768 1601 1899 1637 cum
1952 1584 2125 1637 rebus

474 1671 781 1728 venalibus
813 1673 1053 1738 adeunt,
1087 1677 1164 1737 et,
1200 1673 1338 1744 quid
1392 1674 1500 1727 hoc
1551 1673 1645 1738 sit,
1704 1670 2080 1727 sciscitantur
2111 1688 2123 1725 :

476 1766 667 1817 tacere
706 1759 819 1857 illi,
871 1760 1067 1857 dolore
1116 1760 1470 1857 horroreque
1524 1761 1763 1832 perfusi.
1818 1759 2205 1857 DeficienteB

479 1851 677 1921 itaque
706 1848 800 1903 his
829 1848 1090 1915 consilio,
1119 1848 1276 1903 hunc
1299 1850 1571 1905 Nicolaus
1604 1850 1778 1905 frater
1807 1849 1865 1903 in
1898 1848 2128 1915 itinere,

482 1937 983 2009 complorantibus
1009 1937 1160 2007 aliis,
1193 1939 1394 1993 crebra
1443 1940 1591 1993 dans
1640 1938 1896 2009 suspiria
1933 1953 2127 2010 geme-

482 2025 956 2091 bundus,stando
978 2024 1214 2080 insertis
1238 2026 1432 2097 digitis
1454 2026 1663 2081 cmlum
1688 2028 2129 2099 aspicere,nunc

482 2114 730 2169 errando
760 2113 913 2168 viam
948 2114 1265 2187 pervagari.
1292 2117 1552 2171 Tandem
1585 2115 1669 2169 illi
1703 2115 1889 2169 multa
1929 2131 2128 2170 secum

479 2201 781 2274 cogitanti,
812 2202 1071 2274 Virginis
1120 2204 1327 2268 Mariae,
1382 2221 1558 2275 quam
1610 2203 1931 2275 plurimum
1974 2220 2130 2258 nunc

479 2292 662 2346 tacita
692 2296 1071 2356 mente,nunc
1103 2309 1198 2347 ore
1230 2293 1411 2347 libero
1440 2293 1767 2362 invocabat,
1792 2292 2127 2363 praesidium

480 2397 598 2435 non
653 2380 857 2434 defuit.
909 2382 1124 2434 lterum
1175 2382 1449 2436 Sanctum
1502 2382 1755 2435 Salvium
1802 2382 1907 2451 [ut]
1952 2385 2127 2452 petat,

484 2467 706 2541 pectori
734 2468 842 2521 sibi
878 2468 1147 2522 occurrit.
1183 2469 1260 2523 Eo
1301 2470 1478 2539 igitur
1526 2488 1657 2524 cum
1707 2470 2023 2531 venissent,
2077 2474 2133 2523 et

485 2555 858 2612 admirationi
908 2556 1211 2611 monachis
1270 2558 1541 2612 exstitere
1588 2562 1644 2612 et
1694 2557 2129 2611 misericordiae.

479 2645 627 2700 Nam
662 2644 817 2699 fama
838 2644 983 2699 tanti
1014 2645 1277 2700 miraculi
1304 2663 1417 2700 non
1442 2647 1644 2700 urbem
1674 2650 2129 2709 tantum,verum

483 2749 690 2805 agrum
723 2733 1133 2805 compleverat,
1158 2734 1410 2806 puellam
1438 2737 1668 2806 [nempe
1698 2736 1846 2807 esse]
1876 2735 2133 2807 Virginis

488 2822 683 2877 Mariae
714 2822 938 2877 meritis
972 2821 1297 2889 liberatam,
1332 2822 1391 2877 in
1424 2840 1539 2894 qua
1573 2829 1743 2878 antea
1769 2825 1995 2878 daemon
2020 2823 2135 2878 exi-

490 2914 651 2965 stens
682 2914 909 2966 tantum
930 2912 997 2965 de
1018 2928 1078 2967 se
1094 2913 1333 2967 terroris
1360 2917 1416 2966 et
1443 2913 1854 2968 admirationis
1876 2913 2133 2968 dederat.

489 2999 770 3064 Quocirca
801 3017 1027 3066 omnes,
1063 3000 1200 3073 quid
1253 3001 1360 3056 hoc
1408 3000 1505 3065 sit,
1556 3002 1855 3069 admirari,
1905 3018 2136 3074 semper

491 3091 685 3143 tamen
712 3087 1011 3161 Virginem
1046 3090 1287 3145 Mariam
1314 3089 1573 3145 laudare.
1600 3092 1788 3146 Tanta
1818 3091 2042 3147 devotio
2066 3093 2136 3147 de

2221 508 2835 565 aﬁ'erunturJnstabat
2858 508 3051 577 itaque
3078 505 3170 560 ille
3194 523 3317 561 eum
3340 513 3618 565 sanctorum
3637 514 3738 569 Reli-

2223 597 2399 670 quiis,
2436 596 2545 651 alio
2579 596 2989 659 contenderet;
3018 600 3244 649 econtra
3272 596 3489 665 damon,
3515 599 3602 652 etsi
3626 600 3739 673 longe

2222 691 2614 758 torqueretur,
2648 686 2912 740 durando
2948 684 3229 739 resistere.
3275 684 3526 757 Utrinque
3565 706 3641 758 per
3674 692 3740 747 bo-

2225 793 2348 831 ram
2383 793 2598 847 magna
2628 775 2680 829 vi
2713 778 2992 840 certatur;
3045 774 3373 844 praepositus
3417 780 3598 843 autem,
3632 788 3740 849 post-

2228 882 2401 937 quam
2433 866 2590 919 videt
2623 868 2805 918 i‘rutra
2839 862 3328 934 inceptum[esse,]
3348 880 3513 933 neque
3530 865 3741 923 diabolum

2228 955 2339 1010 alio
2390 955 2737 1009 contendere
2784 952 2946 1017 velle,
2997 957 3051 1007 et
3098 952 3447 1023 popularium
3498 953 3673 1009 animos
3710 966 3743 1011 et

2230 1043 2635 1114 religiosorum
2678 1060 2791 1096 non
2844 1048 2961 1096 tam
3008 1041 3064 1093 in
3122 1039 3533 1095 admirationem
3558 1059 3689 1113 quam
3708 1046 3743 1098 in

2230 1132 2579 1187 derisionem
2606 1133 2731 1201 jam
2760 1130 3009 1196 venisse,
3062 1128 3263 1183 statuit
3307 1128 3560 1194 callidius,
3601 1131 3635 1184 si
3666 1149 3744 1186 vere

2230 1222 2457 1275 daemon
2489 1227 2662 1289 esset,
2696 1225 2919 1275 tentare
2950 1217 3093 1273 velle
3126 1234 3137 1271 ε
3177 1234 3306 1272 mox
3332 1218 3473 1272 enim
3512 1221 3746 1274 stomacha-

2230 1314 2349 1376 tus,
2386 1326 2563 1364 unam
2596 1314 2767 1380 atque
2799 1308 3042 1363 alteram
3090 1323 3157 1361 ex
3206 1310 3512 1361 sanctorum
3557 1307 3747 1379 Reliquiis

2233 1399 2554 1470 proferens,
2608 1398 2800 1469 inquit
2837 1415 2848 1452 :
2880 1397 3133 1465 Coniuro
3164 1400 3217 1449 te
3247 1395 3303 1448 in
3336 1395 3463 1449 Jesu
3479 1394 3749 1466 Virginisque

2235 1488 2429 1543 Mariae
2462 1487 2665 1541 matris
2696 1487 2822 1556 ejus
2850 1487 3083 1551 virtute,
3120 1483 3169 1538 si
3190 1484 3406 1537 daemon
3430 1500 3502 1551 es,
3523 1483 3655 1538 veluti
3676 1501 3750 1537 ma-

2234 1577 2308 1632 lis
2339 1576 2599 1632 moribus
2654 1580 2709 1631 te
2756 1592 2883 1631 esse
2930 1574 3151 1640 fateris,
3185 1589 3419 1645 quorum
3466 1571 3682 1643 Reliquiae
3700 1574 3751 1626 ha

2238 1667 2377 1731 sint,
2411 1665 2756 1722 nominatim
2790 1664 3049 1737 aperias;
3082 1668 3139 1719 et
3177 1680 3350 1718 unam
3397 1663 3655 1717 ostendens
3687 1663 3752 1729 [in-

2238 1755 2364 1827 quit
2399 1757 2436 1825 :]
2472 1760 2550 1809 Da
2580 1772 2789 1810 nomen
2834 1770 2846 1809 :
2896 1753 3196 1824 Stephani,
3229 1752 3305 1807 ait
3334 1752 3552 1806 daemon.
3580 1751 3680 1805 inde
3708 1749 3755 1804 al-

2238 1851 2461 1900 teram:
2494 1844 2806 1909 Laurentii,
2840 1844 3066 1897 dzemon
3100 1841 3432 1897 exclamare.
3461 1841 3657 1895 Demum
3679 1855 3757 1893 vere

2238 1939 2395 2002 (nam
2429 1933 2821 2005 quorumdam
2852 1930 3008 1986 tituli
3061 1932 3146 1985 ita
3184 1946 3308 1985 esse
3351 1928 3613 1983 manifeste
3639 1931 3760 1981 osten-

2238 2023 2476 2094 debant)
2522 2039 2723 2076 omnes
2776 2038 2881 2076 suo
2928 2020 3169 2075 nomine
3214 2019 3448 2074 dicebat.
3487 2017 3663 2082 Quibus
3696 2014 3759 2079 illi,

2239 2112 2460 2182 ingenti
2494 2116 2730 2182 stupore
2781 2108 3053 2182 perculsi,
3106 2110 3308 2164 urbem
3363 2111 3590 2178 petentes
3627 2104 3759 2174 hujus-

2241 2201 2398 2255 modi
2434 2218 2549 2255 rem
2582 2198 2907 2255 mirabilem
2942 2198 3167 2269 passim
3198 2197 3509 2269 vulgarunt.

2309 2291 2433 2344 366.
2468 2295 2583 2344 Hac
2616 2295 2783 2344 tantae
2813 2289 2892 2343 rei
2927 2290 3084 2343 fama
3122 2285 3376 2342 nonnulli
3407 2302 3464 2340 ex
3494 2282 3656 2356 primis
3678 2279 3762 2334 civi-

2239 2379 2375 2433 tatis
2408 2378 2672 2450 impulsi,
2703 2378 3150 2449 quamprimum
3174 2377 3439 2431 Sanctum
3466 2373 3763 2429 Salviumver-

2240 2485 2344 2524 sus
2367 2485 2433 2522 ea
2454 2468 2545 2522 die
2574 2468 2681 2521 iter
2697 2468 3089 2536 arripuerunt,
3131 2466 3467 2536 quibuscum
3495 2464 3589 2516 dux
3605 2457 3765 2514 Oebalia

2243 2556 2421 2611 fuisse
2454 2558 2653 2620 fertur,
2688 2556 2784 2627 qui
2821 2557 2965 2610 forte
3017 2572 3082 2610 ea
3138 2557 3470 2626 tempestate
3512 2551 3572 2606 ob
3614 2546 3768 2620 publica

2242 2646 2475 2717 negotia
2508 2646 2858 2699 Florentiam
2884 2645 3293 2707 contenderat;
3328 2658 3463 2713 quos
3490 2644 3648 2694 secuta
3664 2640 3768 2689 estet

2243 2734 2355 2789 alia
2386 2734 2578 2789 omnis
2610 2734 2795 2788 artatis
2826 2739 2880 2788 et
2912 2732 3109 2788 omnis
3131 2733 3350 2789 ordinis
3370 2730 3654 2798 turbazjam
3672 2723 3768 2779 enim

2244 2841 2356 2878 non
2378 2822 2567 2878 solum
2588 2823 2781 2877 Sancti
2802 2822 2975 2878 Salvii
2996 2822 3409 2895 templum,sed
3440 2818 3619 2891 passim
3638 2826 3769 2869 omnes

2244 2911 2592 2967 mortalibus
2623 2911 2991 2982 complentur
3020 2912 3154 2966 viae.
3192 2910 3521 2981 Inclytorum
3563 2910 3719 2963 autem,
3739 2902 3773 2952 et

2243 3017 2444 3056 eorum
2476 3000 2575 3071 qui
2604 3017 2718 3055 non
2742 3000 2799 3054 in
2832 3001 3078 3055 obscuro
3104 3001 3281 3055 vitam
3307 2994 3769 3072 agebant,adventum

2245 3105 2403 3144 more
2435 3106 2540 3144 suo
2571 3105 2801 3159 semper
2832 3088 3056 3143 daemon
3097 3088 3417 3161 praedicere,
3450 3082 3671 3139 insultare
3689 3074 3769 3147 qui-

486 3175 723 3248 Virgine
754 3177 938 3232 Maria
972 3194 1203 3250 semper
1232 3179 1384 3250 apud
1437 3196 1640 3235 omnes
1692 3180 1967 3235 mortales
2018 3196 2135 3235 me-
2165 3162 2206 3228 Ο
2242 3178 2516 3245 busdam,
2551 3178 2788 3233 irridere
2817 3177 2981 3233 alios.
3018 3177 3123 3234 llis
3154 3178 3329 3249 igitur
3358 3176 3514 3230 rebus
3536 3165 3769 3227 admiratio-

478 3264 592 3320 rito
624 3270 853 3322 constat
887 3283 898 3321 :
935 3284 1093 3335 nam,
1129 3271 1193 3322 ut
1222 3267 1366 3323 alias
1396 3268 1546 3323 veris
1594 3268 1920 3324 rationibus
1969 3286 2133 3325 asse-

481 3354 729 3422 ruimus,
765 3356 1049 3428 quidquid
1088 3356 1503 3411 miraculorum
1536 3361 1591 3412 et
1620 3358 1903 3413 virtutum
1934 3358 2043 3413 hac
2074 3358 2133 3413 in

484 3444 602 3498 vita
635 3444 982 3499 mortalibus
1011 3446 1095 3511 fit,
1132 3462 1233 3517 per
1260 3446 1549 3517 Virginem
1581 3446 2134 3517 Mariam,ﬁeri[cen-

485 3532 735 3586 sendum
770 3534 899 3603 est],
924 3550 1028 3587 nec
1062 3539 1329 3588 nostrum
1362 3551 1489 3588 esse
1520 3533 1618 3589 Dei
1649 3540 1869 3589 secreta
1889 3536 1974 3589 vel
1998 3553 2134 3591 con-

485 3618 618 3674 silia
646 3620 789 3676 velle
821 3622 1252 3692 conjecturare;
1286 3638 1489 3676 verum
1521 3623 1724 3677 Jesum
1750 3628 1807 3678 et
1833 3623 2131 3695 Virginem

484 3710 1115 3781 Mariam,qutecunque
1146 3728 1272 3766 sors
1306 3711 1582 3765 acciderit
1613 3711 2136 3778 mortalibus,sem-

487 3815 588 3870 per
616 3799 913 3867 extollere,
947 3801 1273 3872 [debemus,
1307 3806 1379 3867 et]
1418 3799 1571 3854 taciti
1608 3801 1909 3871 maestique
1940 3818 2133 3856 rerum

485 3888 677 3944 exitus
702 3893 1054 3959 exspectare.

558 3978 683 4031 364.
717 3982 1020 4043 Caeterum,
1054 3978 1329 4049 quiajam
1365 3978 1620 4032 multum
1671 3978 1784 4031 diei
1839 3994 2133 4047 processe-

488 4068 596 4132 rat,
631 4065 1097 4134 conjurationem
1129 4065 1187 4119 in
1221 4066 1373 4119 diem
1418 4070 1715 4136 posterum
1764 4066 2134 4123 transtulere.

487 4152 774 4208 Postridie
804 4169 937 4208 vero
968 4171 1102 4208 cum
1135 4154 1261 4208 dies
1294 4155 1478 4208 festus
1530 4154 1586 4207 S.
1640 4154 1874 4209 Thomas
1914 4156 2135 4227 passim

486 4239 894 4310 celebraretur,
939 4258 1007 4297 ex
1052 4242 1242 4298 officio
1291 4243 1596 4298 clericatus
1627 4243 1974 4314 przepositus
2004 4246 2131 4315 quis

485 4329 736 4397 dam,vir
766 4346 975 4403 magno
1008 4336 1168 4401 natu,
1206 4331 1393 4403 primo
1422 4348 1611 4401 mane,
1650 4332 1853 4387 multis
1875 4336 2137 4390 sacerdo-

483 4416 643 4473 tibus
673 4418 1109 4483 comitantibus,
1162 4436 1267 4475 seu
1318 4418 1716 4475 misericordia
1766 4421 1998 4484 ductus,
2033 4438 2132 4477 seu

2244 3284 2377 3322 nem
2427 3269 2497 3321 de
2546 3284 2607 3322 se
2665 3268 2940 3322 omnibus
3000 3284 3120 3321 non
3183 3281 3413 3338 parvam
3438 3264 3572 3319 dare.
3598 3259 3655 3313 Eo
3685 3252 3769 3307 illuc

2243 3357 2584 3412 catervatim
2625 3361 2827 3427 gentes
2878 3355 3107 3426 passim
3158 3356 3487 3426 irrumpere.
3516 3344 3769 3405 Primoribus

2242 3446 2441 3517 itaque
2500 3446 2749 3501 civitatis
2803 3445 3276 3517 ingredientibus
3332 3440 3600 3513 templum,
3642 3436 3768 3487 tantaS

2243 3533 2535 3589 tumultus
2566 3533 2873 3589 hominum
2908 3534 3038 3599 fuit,
3074 3540 3141 3589 ut
3164 3535 3289 3605 jam
3324 3532 3447 3604 plus
3483 3528 3651 3584 civium
3675 3517 3766 3590 apud

2247 3624 2523 3678 Sanctum
2556 3622 2815 3677 Salvium
2849 3638 3029 3693 quam
3062 3622 3369 3677 Florentia
3412 3620 3561 3674 esset.
3600 3611 3770 3666 Circum-

2244 3712 2400 3767 venti
2455 3712 2635 3783 igitur
2682 3728 2714 3765 a
2763 3711 2986 3765 caeteris
3034 3712 3239 3766 dextra
3285 3709 3617 3775 sinistraque,
3642 3696 3770 3764 etiam

2244 3802 2419 3856 turba
2449 3817 2516 3856 ex
2547 3799 2705 3855 omni
2736 3804 2899 3871 parte
2944 3800 3207 3863 cedente,
3258 3799 3464 3861 locum,
3510 3792 3589 3847 ubi
3626 3788 3770 3876 diemen

2245 3894 2388 3957 erat,
2444 3890 2539 3944 vix
2588 3889 2801 3944 adiere.
2854 3890 3017 3943 Tunc
3064 3888 3460 3961 spectaculum
3500 3874 3773 3967 horribileia

2246 3978 2487 4035 ecclesia
2518 3995 2666 4045 esse,
2704 3994 2837 4032 cum
2879 3976 3018 4032 illuc
3051 3978 3247 4033 omnis
3297 3976 3463 4031 turba
3488 3972 3535 4026 vi
3561 3962 3772 4023 intromitti

2244 4066 2391 4122 vult.

2316 4157 2439 4210 367.
2472 4160 2550 4210 Ex
2599 4156 2708 4211 hoc
2754 4156 2981 4211 daemon
3032 4160 3156 4212 toto
3206 4170 3437 4227 corpore
3461 4138 3775 4224 gestiremives

2246 4262 2376 4301 vero
2408 4262 2527 4301 una
2556 4261 2689 4300 cum
2713 4244 3039 4313 monachis,
3064 4245 3473 4301 circumferens
3517 4245 3665 4293 truces
3692 4240 3777 4313 octi-

2245 4334 2356 4401 los,
2417 4334 2709 4405 [intueri;J
2760 4334 2969 4401 turbze,
3024 4335 3082 4389 ni
3132 4335 3382 4398 cederet,
3425 4324 3626 4388 minari;
3668 4312 3775 4371 mOdO

2247 4424 2531 4493 singulos,
2567 4424 2738 4478 modo
2774 4424 3075 4479 universos
3105 4428 3325 4478 terrere
3353 4406 3774 4479 clamore,imP€t"a

484 4506 675 4577 potius
697 4508 958 4561 tentandi
982 4508 1259 4579 gratia,eo
1284 4525 1417 4563 cum
1442 4508 1739 4562 nonnullis
1772 4508 2133 4565 diversorum
2166 4531 2213 4596 D
2246 4518 2417 4583 atque
2451 4512 2580 4566 aliis
2612 4512 2887 4567 omnibus
2921 4530 3047 4583 quae
3079 4513 3166 4567 ira
3197 4512 3321 4566 fieri
3355 4496 3775 4596 amat.f3uncta.llwr

481 4600 821 4651 sanctorum
854 4596 1116 4669 reliquiis
1143 4615 1204 4653 se
1235 4597 1501 4653 contulit.
1536 4597 1680 4651 Cum
1716 4598 1893 4669 igitur
1932 4599 2001 4652 ad
2054 4600 2134 4654 al-

477 4690 621 4751 tare,
657 4687 757 4741 ubi
789 4686 1017 4742 damon
1050 4688 1359 4744 tormentis
1391 4686 1776 4753 afficiebatur,
1812 4688 2134 4757 accederet,

474 4789 610 4827 eum
638 4774 843 4845 sagina
874 4776 1114 4846 plenum
1148 4777 1313 4848 prius
1362 4776 1723 4832 terribilibus
1754 4776 1939 4830 oculis
1971 4778 2134 4848 aspi-

479 4863 640 4918 ciens
671 4865 923 4930 daemou,
947 4864 1082 4920 inde
1104 4867 1479 4936 jocabundus
1512 4865 1706 4937 inquit
1740 4882 1754 4921 :
1787 4866 1868 4919 En
1898 4865 1989 4919 hic
2013 4884 2133 4921 ma-

482 4951 574 5024 gis
604 4951 1039 5024 vultum,quam
1076 4954 1374 5025 ingenium
1410 4960 1593 5009 curat.
1626 4954 1709 5008 Ad
1742 4953 1890 5022 haec;
1917 4971 1948 5008 ο
1970 4955 2138 5009 Pater

482 5042 816 5109 reverende,
870 5041 975 5108 ba,
1002 5058 1149 5113 quas
1199 5042 1447 5097 attulisti
1490 5042 1810 5114 Reliquias,
1846 5042 1985 5113 quid
2017 5044 2127 5099 sibi

479 5131 732 5186 volunt?
762 5135 837 5185 Ut
867 5130 959 5186 his
993 5131 1138 5187 forte
1170 5148 1263 5185 me
1296 5132 1974 5203 perterrefacias,meque
1998 5133 2135 5189 hinc

481 5219 744 5288 dejicias,
774 5220 1028 5275 venisti?
1060 5220 1174 5275 Ah!
1228 5238 1404 5292 quam
1458 5219 1697 5289 falleris,
1752 5221 1799 5276 si
1851 5221 2000 5277 hanc
2028 5223 2135 5278 tibi

479 5305 706 5377 ccepisti
738 5310 1130 5380 provinciam!
1166 5326 1230 5365 eo
1263 5310 1482 5364 desine.
1508 5309 1629 5363 Non
1665 5326 1793 5381 ego,
1818 5310 2010 5381 inquit
2038 5310 2135 5366 ille

483 5394 587 5450 sed
618 5394 716 5451 Dei
748 5399 930 5453 virtus
954 5398 1178 5453 meritis
1203 5402 1827 5469 Sanctorum,quorum
1854 5398 2131 5470 Reliquiae

482 5484 577 5539 hic
610 5489 766 5547 sunt,
801 5488 1137 5557 operabitur
1166 5489 1222 5543 in
1258 5506 1481 5544 servam
1516 5487 1638 5543 Dei.

556 5574 679 5626 365.
727 5574 861 5627 Inde
911 5575 1209 5643 sigillatim
1260 5596 1391 5631 cum
1446 5580 1708 5632 daemone
1757 5574 1871 5630 alia
1922 5579 2133 5647 probra

2248 4601 2554 4673 paululum
2606 4602 2704 4673 qui
2758 4602 2814 4656 in
2868 4603 3056 4672 primo
3101 4602 3283 4657 latere
3314 4602 3486 4661 erant,
3519 4580 3772 4679 dumqaliuﬁz

2245 4660 2352 4761 [ut]
2385 4696 2567 4758 exeat,
2600 4660 2781 4745 alium
2814 4660 3285 4763 circumspectat.
3319 4660 3555 4743 Tandem
3583 4660 3774 4763 [plurimil

2245 4780 2458 4835 civium
2491 4781 2680 4835 minas
2710 4785 3075 4851 terroresque
3109 4797 3214 4852 pro
3246 4778 3421 4834 nihilo
3451 4771 3687 4859 ducentes,
3708 4753 3778 4859 cli:

2246 4886 2406 4924 more
2433 4869 2963 4941 sublato,undique
2989 4870 3265 4941 cupidine
3293 4862 3499 4921 visendi
3519 4865 3564 4914 et
3589 4842 3776 4941 audietjdl

2246 4976 2373 5030 quae
2406 4976 2439 5012 a
2469 4958 2698 5012 diabolo
2730 4938 3092 5027 dicebantur,
3123 4957 3287 5022 illuc,
3330 4954 3423 5010 ubi
3469 4938 3778 5030 conjuraball"

2245 5029 2493 5118 daemon,
2542 5046 2720 5101 veluti
2776 5046 2946 5118 globo
2996 5048 3170 5112 facto,
3222 5029 3775 5113 irrumpunt;sedcmn

2244 5136 2418 5207 primi
2450 5140 2573 5192 tota
2602 5135 2654 5190 vi
2686 5137 3041 5203 resisterent,
3073 5141 3150 5203 et,
3185 5135 3287 5207 qui
3317 5152 3348 5189 a
3376 5139 3521 5201 tergo
3546 5122 3688 5179 erant.
3714 5120 3777 5180 Pw

2245 5240 2305 5279 se
2336 5224 2585 5295 quisque
2616 5222 2760 5279 alter
2788 5224 3037 5280 alterum
3068 5224 3324 5290 trudere,
3348 5219 3426 5275 vel
3456 5219 3518 5272 de
3544 5208 3775 5295 locati?em

2244 5314 2499 5385 primum
2535 5319 2850 5383 acceperat,
2868 5331 3131 5369 amovere
3148 5312 3285 5368 totis
3306 5308 3509 5365 viribus
3528 5293 3778 5385 conamini:

2242 5404 2457 5474 gradus
2490 5402 2779 5457 scalarum
2814 5408 2868 5458 et
2901 5402 3189 5459 cancellos
3239 5414 3433 5457 omnes
3473 5390 3617 5447 turba
3648 5381 3774 5433 boml-

2244 5508 2381 5545 num
2413 5491 2743 5563 complevit.

2314 5582 2434 5635 368.
2472 5582 2531 5636 In
2560 5585 2721 5636 tanta
2754 5581 2930 5653 igitur
2981 5580 3153 5637 turba
3206 5596 3309 5635 nec
3335 5568 3665 5644 temperatum
3690 5566 3771 5607 ωε·
