4002 6170
206 338 323 402 953

1794 344 2023 407 ACTA.

3487 344 3607 404 954

201 474 380 530 nibus
410 473 576 545 foret,
630 474 771 531 dum
820 475 967 533 alter
1015 478 1260 534 alterum
1309 479 1557 546 vincere,
1587 479 1842 548 trudere,
1872 479 1928 547 Α
1960 478 2174 547 monis,
2206 495 2320 535 non
2371 478 2579 552 puellae
2617 497 2767 548 esse,
2799 479 2980 535 abbas
3030 477 3337 550 czsterique
3383 481 3606 552 optime

199 563 475 619 insectari
515 566 722 636 quovis
769 568 940 622 modo
994 573 1244 639 curaret,
1280 568 1336 623 ni
1387 569 1672 624 bonorum
1705 585 1847 640 quo-

197 653 475 708 rumdam
517 655 936 711 monachorum
969 657 1208 712 consilio
1257 659 1316 713 in
1362 660 1632 728 sacrario,
1666 658 1849 714 intro-

199 742 403 797 missis
454 744 808 812 quibusdam
862 761 929 800 ex
982 747 1360 818 primoribus,
1410 764 1502 803 res
1560 753 1846 819 ageretur.

197 833 368 886 Tunc
401 832 517 886 duo
569 833 767 887 famuli
817 833 968 888 inter
1013 852 1074 890 se
1122 837 1413 908 imprimis
1470 839 1660 909 iurgia
1690 838 1847 906 dare,

194 919 339 975 inde
370 920 606 992 pugnis,
640 937 704 975 eo
737 923 888 993 quod
924 923 1070 978 alter
1112 925 1278 980 alteri
1308 925 1728 998 impedimento
1759 943 1849 982 es-

196 1014 313 1075 set,
347 1008 598 1077 minari;
634 1010 895 1072 demum,
918 1013 1321 1069 effervescente
1349 1015 1452 1080 ira,
1490 1033 1654 1070 arma
1683 1032 1850 1088 cape-

194 1113 286 1164 re,
319 1103 378 1152 et
400 1100 525 1169 jam
557 1099 795 1154 nudatis
817 1100 1027 1171 gladiis
1058 1120 1184 1158 sese
1206 1104 1496 1159 hostiliter
1517 1109 1708 1175 petere
1737 1121 1850 1160 cm-

195 1192 456 1260 perunt;
488 1191 546 1242 et
582 1187 855 1244 fecissent
903 1193 1180 1262 profecto,
1215 1193 1295 1261 ni,
1331 1193 1430 1264 qui
1478 1195 1738 1264 aderant,
1771 1194 1851 1250 ic-

196 1282 299 1332 tus
329 1277 685 1333 venientium
737 1279 1158 1336 sustinuissent
1200 1287 1257 1338 et
1303 1283 1728 1339 exclamassent
1761 1301 1774 1338 :
1807 1283 1852 1340 Ο

193 1364 438 1422 scelus!
471 1383 503 1420 o
537 1367 736 1422 nefas!
771 1385 1038 1440 quaenam
1068 1387 1168 1426 vos
1199 1375 1320 1426 tam
1353 1372 1476 1427 dira
1525 1373 1610 1427 ira
1640 1373 1850 1445 coegit,

193 1471 297 1526 ne,
334 1454 434 1509 ubi
464 1457 728 1526 gentium
777 1458 928 1527 sitis,
967 1475 1038 1513 ne
1087 1460 1226 1530 quid
1277 1461 1484 1533 agatis,
1519 1462 1852 1518 considere-

191 1543 328 1599 tis?
377 1543 593 1611 Miseri,
629 1561 821 1601 nonne
871 1546 931 1601 in
985 1549 1104 1602 aede
1135 1554 1365 1605 sacrata
1414 1550 1604 1605 estis?
1651 1551 1852 1607 Nonne

191 1631 298 1686 hic
345 1648 577 1687 sacrum
628 1650 840 1705 corpus
869 1635 1084 1691 Christi
1135 1637 1476 1692 conﬁcitur!
1512 1639 1712 1694 Nonne
1761 1638 1852 1694 hic

188 1724 548 1776 Sanctorum
598 1722 818 1778 adsunt
856 1724 1182 1796 Reliquias?
1213 1728 1289 1781 Eo
1339 1728 1410 1782 ab
1440 1727 1620 1782 armis
1670 1727 1851 1782 absti-

192 1814 360 1876 nete.
393 1810 526 1865 date
557 1827 770 1868 manus
800 1813 872 1868 ad
903 1829 1127 1885 pacem.

272 1898 401 1952 369.
434 1899 670 1954 Interim
702 1916 836 1956 cum
862 1902 932 1956 ad
957 1901 1076 1957 haec
1102 1904 1436 1974 spectacula
1468 1906 1733 1961 omnium
1756 1923 1858 1963 ora

193 2003 506 2054 conversa,
540 1989 865 2060 deditaeque
894 2006 960 2045 eo
992 1996 1218 2047 mentes
1250 2009 1383 2048 cum
1420 1995 1606 2051 oculis
1637 1999 1854 2063 essent,

191 2077 422 2131 mirum
469 2093 645 2148 quam
697 2078 967 2134 diabolus
1013 2079 1215 2148 laetari,
1249 2083 1482 2154 gestire,
1519 2101 1624 2139 nec
1670 2102 1732 2140 se
1783 2085 1856 2140 ob

192 2164 469 2220 laetitiam
503 2184 727 2238 capere.
780 2170 947 2240 ZEgre
975 2171 1212 2225 tandem
1259 2173 1442 2227 sedati
1488 2173 1569 2227 illi
1603 2191 1636 2228 a
1667 2174 1852 2245 plebe,

192 2254 393 2310 multo
423 2257 635 2328 aegrius
665 2257 935 2313 diabolus
960 2276 1169 2330 passus
1201 2266 1289 2315 est
1315 2277 1382 2316 se
1414 2263 1666 2317 amoveri
1697 2263 1853 2321 inde.

192 2345 282 2399 Eo
325 2350 541 2412 amoto,
575 2346 739 2418 plebs
794 2353 850 2402 et
879 2348 1151 2420 pepulus,
1187 2350 1287 2420 qui
1337 2368 1618 2406 novarum
1658 2369 1855 2409 rerum

195 2433 359 2487 avidi
394 2433 534 2490 illuc
555 2441 850 2502 venerant,
874 2437 1031 2492 brevi
1062 2437 1405 2493 dilabuntur
1431 2457 1443 2507 ;
1479 2441 1703 2497 nobiles
1723 2459 1857 2498 vero

193 2526 260 2578 et
296 2521 474 2595 primi
519 2524 789 2591 civitatis,
813 2526 940 2596 jam
991 2542 1204 2598 magna
1253 2532 1414 2598 parte
1466 2529 1579 2583 diei
1633 2535 1853 2598 exacta,

191 2613 466 2685 rigentes
514 2618 569 2669 et
599 2614 810 2686 trepidi
861 2615 918 2670 in
968 2614 1175 2670 itinere
1225 2633 1424 2672 secum
1475 2618 1615 2690 quid
1651 2626 1858 2691 praeter

192 2718 427 2757 morem
457 2702 662 2774 puellae
694 2703 985 2758 accideret
1033 2706 1417 2773 conferentes,
1453 2707 1512 2761 in
1561 2709 1853 2764 civitatem

189 2790 446 2846 rediere.
484 2793 676 2847 Abbas
694 2808 830 2847 vero
859 2792 1280 2849 Vallumbrosze
1303 2795 1636 2868 intelligens
1668 2815 1852 2869 quan-

184 2889 323 2935 tum
359 2881 684 2952 periculum
704 2881 916 2953 populo
948 2881 1280 2938 Florentino
1304 2885 1687 2955 impenderet,
1716 2889 1854 2960 quia

187 2971 542 3026 catervatim
589 2971 922 3041 frequentes
971 2972 1040 3025 ad
1074 2971 1195 3026 haec
1241 2973 1485 3029 visenda
1517 2977 1853 3033 advolarent

187 3059 499 3127 mortales,
534 3076 775 3131 propere
826 3065 1138 3116 convocato
1169 3062 1362 3117 Sancti
1410 3063 1586 3118 Salvii
1620 3066 1848 3138 abbate,
1885 3101 1892 3106 -

187 3149 452 3220 aliisque
475 3149 776 3204 monachis
795 3166 942 3220 quos
975 3151 1214 3206 idoneos
1245 3152 1512 3217 ducebat,
1539 3154 1847 3211 consilium

190 3239 379 3293 habet
409 3237 547 3309 quid
581 3239 651 3293 de
683 3239 790 3293 hac
821 3237 1012 3310 puella
1043 3241 1334 3311 agendum
1369 3241 1463 3296 sit.

274 3327 403 3380 370.
432 3331 667 3398 Verum,
703 3343 836 3382 cum
878 3328 1038 3383 varia
1068 3331 1371 3396 sentirent,
1397 3329 1590 3402 inquit
1621 3332 1802 3388 abbas
1836 3347 1849 3387 :

196 3418 335 3482 Quo
369 3415 584 3472 tardius
615 3415 680 3470 fit
713 3417 864 3487 quod
908 3417 979 3472 de
1011 3416 1151 3473 cmlo
1182 3419 1480 3489 operimur
1507 3422 1751 3489 bonum,
1786 3437 1853 3476 eo

190 3505 396 3577 magis
427 3504 598 3560 refert
627 3505 772 3560 mihi
822 3505 1103 3577 vobisque
1133 3506 1357 3562 timere.
1392 3509 1578 3574 Quare
1609 3510 1688 3564 ita
1717 3526 1852 3565 cen-

188 3611 300 3650 seo
335 3611 349 3651 :
385 3610 512 3649 eam
545 3594 616 3649 ad
649 3599 884 3666 tempus
914 3595 1158 3662 abesse;
1191 3600 1266 3663 et,
1299 3596 1412 3652 nisi
1445 3597 1656 3653 hiemis
1687 3616 1852 3670 aspe-

187 3685 346 3740 ritas
378 3683 648 3754 retardet,
682 3685 754 3738 ad
785 3683 1007 3739 Vallem
1037 3683 1384 3740 Umbrosam
1407 3687 1721 3758 equitando
1753 3690 1855 3744 du-

184 3777 406 3837 catur;
439 3772 530 3827 sin
582 3773 779 3827 minus
810 3771 942 3843 alio,
974 3771 1062 3827 vel
1111 3773 1352 3830 domum
1386 3781 1610 3847 repetat
1658 3795 1850 3834 suam.

182 3862 456 3917 Probant
487 3877 712 3928 omnes,
738 3861 1110 3934 salutareque
1141 3864 1365 3918 ducunt
1391 3867 1545 3936 quod
1578 3867 1637 3920 P.
1673 3867 1852 3923 abbas

182 3955 527 4006 censuerat.
553 3951 806 4006 Tantum
839 3950 1128 4022 diabolus,
1155 3953 1325 4022 [tum]
1359 3953 1498 4024 quia
1520 3955 1643 4025 jam
1676 3973 1852 4012 suum

182 4039 542 4111 impendere
571 4039 812 4094 exitium
862 4038 1249 4110 intelligebat,
1282 4045 1408 4096 tum
1443 4045 1581 4114 quia
1632 4061 1753 4101 rem
1785 4063 1854 4102 ex

183 4128 495 4185 sententia
550 4128 608 4183 in
657 4129 870 4184 Sancto
920 4129 1110 4185 Salvio
1155 4147 1271 4185 non
1320 4137 1599 4203 gesserat,
1652 4151 1852 4190 secum

183 4218 441 4276 sentire.
477 4217 672 4290 lnquit
710 4218 866 4274 enim
901 4236 914 4274 :
949 4218 1008 4274 Si
1059 4235 1163 4291 pro
1193 4223 1454 4291 tempore
1502 4222 1852 4280 alioversum

181 4308 522 4374 tetendere,
571 4313 768 4363 tamen
801 4324 873 4364 ne
903 4325 965 4364 se
1014 4307 1341 4364 absolutam
1388 4314 1570 4380 putet,
1605 4329 1730 4383 quae
1761 4331 1855 4368 me

181 4400 249 4454 in
295 4401 384 4452 tot
432 4401 711 4468 torturas,
745 4397 886 4452 dum
931 4395 1144 4452 melius
1177 4402 1394 4468 sperat,
1451 4399 1717 4455 detrusit.
1753 4401 1855 4457 His

182 4485 409 4561 puellae
439 4486 656 4542 obortae
690 4487 977 4558 lacrymze.
1010 4485 1401 4542 Consolantur
1431 4504 1641 4560 mgram
1673 4490 1853 4546 animi

1883 1853 1932 1918 B

1959 569 2254 636 callerent,
2287 569 2358 623 de
2412 585 2571 624 more
2623 569 2818 641 ipsum
2868 570 3191 624 daemonem
3241 574 3606 644 conatusque

1959 659 2087 730 ejus
2114 658 2618 730 conjurationibus
2649 659 3248 730 frangentes,vimque
3278 676 3606 732 suam,qu7e

1961 747 2142 818 nulla,
2171 749 2270 804 ubi
2303 748 2462 804 favor
2490 752 2626 804 Jesu
2661 748 2844 814 adest,
2871 748 3152 818 probatur
3180 764 3329 816 esse,
3354 749 3425 804 ad
3457 750 3611 805 nihi-

1958 837 2081 893 lum
2114 837 2462 908 redigentes,
2489 855 2617 893 eam
2650 853 2826 908 super
2849 837 3186 907 jumentum
3219 842 3492 906 stravere,
3518 839 3611 895 de-

1961 928 2126 983 lectis
2156 928 2331 983 etiam
2362 944 2430 982 ex
2461 927 2615 1007 omni
2639 943 2882 982 numero
2915 927 3146 981 duobus
3169 925 3459 999 religiosis
3481 928 3606 1001 qui,

1961 1016 2011 1073 si
2042 1017 2309 1072 diabolus
2340 1033 2500 1072 more
2531 1033 2638 1072 suo
2671 1017 2780 1071 iter
2807 1015 3136 1087 impediret,
3161 1020 3370 1086 presto
3401 1017 3612 1072 oratio-

1961 1106 2138 1161 nibus
2159 1105 2582 1178 suppliciisque
2598 1107 2908 1172 adessent;
2943 1121 3092 1176 quos
3109 1104 3317 1160 deinde
3334 1104 3606 1161 Nicolaus

1961 1195 2157 1261 frater,
2191 1196 2274 1251 eis
2304 1198 2569 1267 ingentes
2599 1211 2778 1266 agens
2808 1195 3046 1267 gratias,
3082 1209 3144 1249 se
3173 1193 3318 1248 satis
3351 1210 3454 1266 pro
3487 1209 3608 1250 am-

1963 1285 2171 1350 bobus,
2206 1284 2402 1340 divina
2434 1290 2726 1357 praeeunte
2765 1283 2972 1356 gratia,
3005 1283 3125 1338 fore
3169 1299 3438 1354 sperans,
3472 1282 3612 1340 mis-

1964 1389 2060 1428 sos
2093 1373 2246 1428 fecit.

2032 1462 2156 1516 372.
2191 1462 2336 1526 Quid
2370 1465 2564 1517 autem
2596 1460 2888 1518 laborisin
2920 1459 3020 1515 illo
3050 1459 3259 1515 itinere
3289 1458 3612 1531 asperrimo

1961 1567 2138 1621 opera
2180 1551 2395 1607 diaboli
2456 1550 2820 1622 pertulerint,
2862 1549 3002 1621 quid
3053 1549 3459 1618 admirationis
3509 1565 3613 1621 per

1962 1656 2166 1695 omnes
2194 1639 2385 1711 villas,
2417 1639 2573 1696 vicos
2639 1640 2965 1712 oppidaque
3013 1655 3130 1710 qua
3187 1639 3299 1694 iter
3328 1638 3605 1709 facerent,

1961 1728 2033 1784 de
2059 1744 2121 1784 se
2152 1728 2420 1784 diabolus
2448 1728 2819 1794 dederit,non
2852 1727 3020 1784 facile
3048 1727 3161 1782 dici
3185 1731 3418 1800 posset:
3447 1744 3606 1797 nam,

1963 1822 2029 1872 ut
2059 1822 2267 1873 caetera
2296 1818 2586 1883 omittam,
2621 1818 2814 1889 ipsum
2849 1833 3199 1889 germanum
3231 1833 3407 1872 suum
3438 1817 3610 1873 Nico-

1964 1905 2123 1962 laum
2156 1907 2504 1978 praedicante
2532 1906 3022 1978 maudivi,potum
3048 1906 3313 1962 cibumve
3335 1906 3614 1978 aliquem,

1966 1995 2080 2050 nisi
2111 1995 2475 2050 orationibus
2504 1999 2560 2052 et
2604 1994 3105 2067 conjurationibus
3137 1993 3483 2067 praemissis,
3515 2011 3614 2050 ne-

1965 2083 2221 2156 quivisse
2255 2101 2522 2151 sumere;
2555 2089 2719 2140 tanta
2750 2084 2960 2156 cupido
2991 2101 3056 2139 eo
3106 2083 3165 2138 in
3197 2101 3436 2156 corpore
3465 2101 3613 2151 esse,

1963 2171 2052 2227 vel
2085 2174 2278 2244 potius
2307 2189 2475 2228 suam
2508 2173 2621 2228 sibi
2651 2173 2909 2228 animam
2941 2172 3254 2238 vindicare,
3288 2173 3612 2228 dsemonem

1967 2262 2285 2316 invaserat:
2312 2261 2496 2317 multo
2517 2262 2672 2316 enim
2696 2261 2828 2334 plus
2850 2261 3130 2333 temporis
3152 2259 3489 2331 laborisque
3511 2277 3614 2332 per

1965 2350 2124 2406 mille
2155 2368 2368 2423 passus
2389 2351 2807 2408 monasterium
2833 2351 3002 2421 juxta
3027 2349 3269 2405 comites
3299 2365 3434 2404 cum
3467 2365 3613 2404 non-

1966 2439 2146 2495 nullis
2176 2439 2564 2495 familiaribus
2593 2438 3004 2509 clientulisque
3027 2439 3240 2493 nostris
3266 2453 3394 2493 eam
3423 2437 3477 2492 vi
3500 2442 3614 2492 tra-

1966 2527 2158 2584 hendo
2197 2545 2634 2601 consumpsere,
2673 2533 2734 2582 ut
2778 2527 3024 2582 retulere
3053 2527 3316 2598 quidam,
3349 2543 3416 2582 ac
3448 2527 3611 2598 prius

1965 2618 2023 2672 in
2056 2621 2183 2673 octo
2205 2623 2260 2673 et
2277 2619 2475 2673 decem
2499 2617 2761 2672 millibus
2785 2631 3067 2688 passuum
3097 2622 3608 2687 consumpserant.

1964 2708 2212 2763 Demum
2246 2707 2403 2762 istud
2430 2711 2485 2762 S.
2509 2705 2697 2762 Mariae
2728 2706 3149 2762 monasterium
3173 2705 3474 2771 adeuntes,
3495 2707 3610 2760 dae-

1963 2813 2122 2863 mon,
2155 2803 2395 2868 paratus
2427 2797 2497 2851 ad
2521 2795 2951 2852 dissimulanda
2980 2795 3196 2862 omnia,
3216 2794 3393 2851 talem
3427 2795 3608 2866 finge-

1963 2887 2060 2942 bat
2093 2886 2347 2957 puellam
2384 2903 2396 2941 :
2432 2883 3417 2957 supplicem,humilem,oculisque
3439 2883 3606 2938 humi

1961 2975 2273 3041 demissis;
2307 2979 2364 3030 et
2403 2974 2527 3046 ipse
2576 2991 2818 3046 prorsus
2864 2978 3074 3041 tacere,
3107 2989 3371 3044 eamque.
3405 2978 3606 3028 contra

1960 3061 2195 3118 illorum
2227 3080 2470 3131 morem,
2504 3062 2671 3134 signo
2701 3078 2762 3119 se
2792 3067 2847 3118 S.
2883 3063 3071 3119 crucis
3105 3063 3355 3131 munire,
3388 3062 3608 3118 oratio-

1960 3170 2095 3209 nem
2147 3153 2506 3208 Dominicam
2555 3157 2609 3206 et
2642 3151 2900 3222 Virginis
2946 3152 3139 3206 Mariae
3192 3151 3607 3207 salutationem

1879 3222 1922 3290 (ἶ
1962 3242 2060 3298 tali
2109 3247 2390 3313 tantaque
2440 3241 2740 3295 devotione
2793 3241 2960 3294 edere
3010 3240 3402 3310 permittebat,
3439 3243 3505 3293 ut
3551 3244 3608 3294 et

1963 3332 2182 3387 nostris
2209 3330 2582 3385 vehementer
2626 3327 3022 3394 admirationi,
3056 3327 3179 3383 suis
3221 3333 3278 3382 et
3309 3326 3522 3405 gaudio
3555 3329 3613 3382 et

1963 3419 2339 3476 admirationi
2370 3417 2588 3490 pariter
2615 3421 2791 3473 esset.

2031 3511 2157 3565 3'73.
2211 3510 2518 3574 Caeterum,
2555 3507 2692 3578 quia
2738 3504 2988 3578 expertis
3017 3504 3075 3561 in
3129 3521 3189 3560 re
3236 3503 3474 3560 difficile
3521 3508 3612 3560 est

1961 3599 2282 3670 imponere,
2347 3597 2504 3651 fuere
2561 3594 2661 3667 qui
2713 3595 2973 3649 dicerent
3030 3611 3146 3651 non
3204 3598 3472 3666 Oportere
3527 3593 3610 3649 ita

1963 3689 2130 3744 facile
2150 3689 2481 3742 daemonum
2500 3683 2915 3741 calliditatibus
2939 3685 3193 3753 credere,
3224 3700 3427 3740 verum
3450 3683 3608 3757 peri-

1962 3778 2158 3833 culum
2191 3793 2324 3832 cum
2355 3792 2525 3832 cruce
2569 3775 2910 3846 cazterisque
2956 3773 3221 3845 reliquiis
3251 3773 3606 3829 faciendum.

1964 3868 2122 3922 Idem
2152 3883 2354 3922 omnes
2372 3865 2622 3937 probant
2647 3889 2660 3931 ;
2694 3881 2829 3936 qua,
2846 3863 2945 3918 ubi
2964 3863 3034 3918 ad
3055 3868 3347 3919 certamen
3370 3867 3611 3918 ventum

1963 3962 2071 4023 est,
2106 3961 2340 4028 quantae
2371 3955 2621 4018 astutiae,
2647 3954 2969 4025 quantique
3000 3952 3117 4008 doli
3140 3953 3198 4007 in
3233 3953 3495 4008 demens
3524 3952 3614 4006 in-

1962 4045 2104 4111 sint,
2135 4044 2304 4130 fapile
2354 4045 2580 4116 patuit;
2614 4043 2771 4098 illico
2803 4043 2960 4098 enim
3015 4041 3140 4098 suis
3189 4042 3414 4098 viribus
3446 4057 3612 4111 usus,

1962 4135 2098 4190 inde
2130 4134 2245 4190 alio
2275 4135 2360 4188 ire
2407 4134 2545 4189 totis
2575 4132 2798 4188 viribus
2850 4135 3094 4187 conatus
3123 4134 3231 4196 est,
3265 4130 3615 4203 fecissetque

1964 4225 2129 4295 satis,
2163 4223 2223 4278 ni
2273 4223 2512 4294 quidam
2563 4238 2741 4294 penes
2790 4220 3211 4276 monasterium
3261 4219 3525 4293 palantes
3556 4223 3614 4276 et

1964 4313 2136 4368 affusi
2168 4311 2421 4383 puellam
2464 4315 2788 4372 tentantem
2839 4312 3038 4382 fugam
3084 4310 3396 4382 cepissent.
3431 4309 3612 4366 Globo

1964 4402 2145 4475 igitur
2164 4401 2450 4472 juvenum
2470 4403 2640 4466 facto,
2661 4401 2732 4455 ad
2752 4415 2878 4455 eam
2899 4401 3256 4471 irrumpunt,
3282 4403 3338 4453 et
3357 4400 3611 4454 vinctam

1962 4491 2016 4546 vi
2051 4491 2121 4546 ad
2149 4490 2535 4545 constitutum
2566 4487 2760 4543 locum
2803 4488 3114 4543 sublimem
3167 4487 3456 4542 deferunt.
3493 4486 3614 4541 Illic

184 4583 247 4633 et
284 4576 550 4648 corporis
571 4581 696 4630 tum
730 4575 1006 4648 religiosi,
1037 4579 1164 4630 tum
1196 4577 1422 4644 affines,
1447 4577 1664 4633 nullam
1700 4581 1856 4650 peni-
1888 4595 1936 4659 D
1968 4597 2101 4636 cum
2137 4595 2298 4635 more
2329 4577 2498 4634 solito
2532 4595 2622 4632 res
2655 4593 2788 4632 curn
2821 4579 2879 4633 S.
2913 4575 3157 4632 Joannis
3210 4575 3448 4630 brachio
3478 4591 3610 4646 age-

184 4673 318 4736 tus,
356 4665 469 4720 nisi
511 4670 660 4720 nutu
691 4665 884 4720 divino
936 4663 1166 4720 diabolo
1199 4664 1474 4720 virtutem
1523 4668 1663 4738 fore,
1697 4685 1856 4724 asse-

180 4759 489 4811 verentes.

265 4844 403 4900 371.
437 4842 627 4898 Primo
658 4843 856 4914 itaque
888 4842 1190 4914 sequentis
1212 4842 1326 4898 diei
1360 4859 1530 4899 mane
1561 4845 1852 4913 diabolus,

183 4937 336 4990 ante
371 4949 476 5005 pro
508 4931 762 4987 ludibrio
789 4931 1050 4997 habitus,
1077 4933 1350 5003 jumento
1379 4937 1436 4987 et
1478 4934 1698 4990 caeteris
1731 4953 1856 5006 quae

182 5021 397 5078 itineri
457 5021 788 5076 necessaria
847 5022 1056 5088 forent,
1118 5037 1186 5076 ex
1240 5023 1536 5078 sententia
1613 5025 1854 5095 paratis,

180 5109 538 5183 intelligens
558 5110 796 5165 demum
817 5126 946 5166 sese
963 5110 1032 5166 ad
1055 5111 1278 5180 majora
1293 5115 1586 5168 tormenta
1612 5113 1854 5170 ductum

182 5202 291 5269 iri,
327 5215 405 5256 ne
436 5215 550 5271 quo
582 5199 777 5265 modo,
809 5216 874 5255 eo
917 5199 975 5254 id
1007 5199 1328 5266 annitente,
1370 5201 1551 5272 fieret,
1584 5203 1856 5274 precibus

183 5308 304 5348 seu
338 5288 522 5344 minis
549 5288 854 5361 [impedire
885 5289 1251 5361 conabatur].
1286 5289 1484 5345 Puella
1513 5292 1854 5361 jumentum

184 5378 559 5446 ascendere;
590 5394 790 5433 verum
839 5379 908 5433 ad
959 5383 1175 5434 terram
1223 5381 1582 5435 consternari
1627 5380 1854 5452 capillis

184 5469 418 5544 passis,
445 5467 718 5522 manibus
732 5472 934 5539 pectus
961 5467 1228 5523 ﬂebiliter
1253 5468 1519 5539 tundere,
1539 5468 1704 5523 humi
1727 5486 1852 5524 cor-

181 5575 313 5633 pus
344 5558 548 5613 crebro
579 5557 894 5614 volutando
917 5555 1316 5630 spectaculum
1351 5557 1681 5614 miserabile
1713 5576 1853 5632 prae-

183 5647 475 5708 sentibus
505 5647 576 5703 de
607 5663 669 5702 se
698 5648 854 5704 dare.
887 5648 1048 5714 Quod
1082 5663 1229 5719 opus
1261 5647 1549 5705 nefarium
1578 5665 1712 5706 cum
1736 5650 1849 5707 dte-

1967 4675 2147 4736 retur,
2182 4667 2452 4722 diabolus
2501 4665 2779 4720 acerrime
2834 4670 3093 4730 certare;
3129 4680 3422 4734 nusquam
3473 4663 3611 4717 alibi

1966 4758 2048 4813 ita
2079 4762 2333 4812 atrocem
2387 4772 2449 4810 se
2479 4755 2711 4810 dedisse
2758 4753 2991 4808 aiebant
3021 4752 3117 4824 qui
3161 4753 3404 4808 aderant
3433 4751 3611 4807 comi-

1967 4852 2074 4903 tes.
2109 4845 2370 4902 Puellam
2393 4845 2548 4901 enim
2582 4843 2800 4898 mirum
2827 4842 2884 4896 in
2910 4842 3148 4898 modum
3181 4841 3500 4914 quatiendo
3521 4857 3612 4896 ex-

1967 4941 2182 4999 cutere,
2215 4933 2540 5000 vociferari,
2573 4931 2940 5003 debaccbari,
2971 4930 3031 4987 in
3065 4930 3382 4987 monachos
3412 4931 3608 4986 convi-

1968 5025 2056 5080 cia
2094 5025 2308 5089 dicere,
2342 5023 2401 5079 in
2447 5021 2592 5078 alios
2642 5021 2951 5078 maledicta
2995 5020 3210 5094 saepius
3257 5019 3610 5093 geminando

1968 5116 2218 5181 addere;
2253 5112 2399 5168 nihil
2452 5111 2784 5185 indignum,
2818 5109 2963 5166 nihil
2994 5110 3270 5166 insonum
3320 5109 3379 5164 in
3408 5113 3612 5165 Jesum

1966 5204 2329 5276 Sanctosque
2351 5203 2501 5274 ejus,
2517 5201 2658 5274 quin
2681 5217 2780 5256 ore
2809 5199 3118 5256 maledicto
3145 5200 3359 5267 ederet,
3381 5202 3613 5272 praeter-

1963 5293 2218 5349 mittere.

2034 5382 2158 5436 374.
2192 5382 2443 5436 Econtra
2488 5378 2782 5450 monachi,
2834 5378 3090 5451 religiosi
3139 5378 3270 5447 viri,
3303 5378 3497 5436 acrius
3549 5378 3610 5435 in

1962 5487 2096 5527 eum
2119 5471 2367 5539 instare;
2391 5487 2506 5526 non
2531 5469 2846 5543 frigoribus
2866 5467 3307 5541 intensissimis,
3330 5485 3447 5526 non
3478 5468 3608 5525 diu-

1960 5565 2136 5616 turno
2163 5560 2362 5617 labore
2392 5560 2579 5633 frangi
2609 5559 2832 5614 :virtus
2864 5558 3061 5614 omnia
3091 5557 3334 5616 vincere.
3357 5559 3608 5616 Demum

1962 5650 2342 5722 daamon,suis
2365 5650 2635 5707 diffidens
2648 5648 2958 5716 viribus,se
2971 5653 3085 5706 Deo
3107 5649 3385 5708 daturum
3411 5646 3605 5706 locum
