3996 6148
392 321 510 382 955

1444 323 1511 385 S.
1553 322 1879 385 JOANNIS
1925 320 2374 384 GUALBERTI
2417 322 2750 385 ABBATIS

3683 323 3792 384 956

394 456 608 529 saepius
638 455 1012 511 exclamabat.
1061 457 1261 528 Itaque
1291 456 1348 512 S.
1381 457 1625 514 Joannis
1657 458 1928 530 precibus
1958 456 2030 512 ad
2060 457 2114 523 Α
2143 455 2265 510 rit?
2310 460 2425 511 Nec
2473 461 2598 512 tum
2647 456 2816 513 nobis
2863 456 3002 528 quid
3057 456 3320 512 omnium
3371 472 3479 510 suo
3535 459 3795 528 tempore

396 546 645 601 nihilum
677 546 945 599 redactus
977 549 1067 600 est
1117 545 1433 617 malignus,
1465 552 1522 602 et
1552 547 1951 618 indignatione
1982 551 2038 600 et

395 634 481 689 ira
513 639 709 687 mutus
742 634 982 689 effectus
1014 652 1026 689 :
1061 651 1126 689 eo
1171 634 1312 690 utile
1344 636 1533 692 visum
1587 641 1675 691 est
1705 653 1737 690 a
1769 637 2034 707 conjura-

395 723 548 777 tione
580 723 880 778 desistere.
913 726 1054 779 Inde
1087 724 1268 795 igitur
1298 725 1450 780 intro
1483 726 1774 792 monachi,
1812 725 1868 778 hi
1899 725 2036 780 soli-

393 816 520 866 tum
553 812 878 884 hospitium
915 815 1148 885 petiere.
1174 815 1352 869 Nocte
1382 815 1559 887 igitur
1582 815 1898 870 nativitatis
1929 817 2037 870 Do-

398 900 539 955 mini
567 901 726 967 Jesu,
762 906 826 956 ut
860 903 986 973 ipsa
1018 903 1230 957 referre
1253 903 1418 957 nobis
1450 904 1837 975 praesentibus
1869 903 2041 958 solita

395 994 537 1055 erat,
564 991 614 1044 ei
646 991 967 1062 quiescenti
991 991 1124 1046 talis
1155 992 1299 1047 visio
1332 993 1440 1046 fuit
1471 1009 1483 1047 :
1515 994 1771 1048 Joannes
1795 993 2040 1048 sanctis-

399 1077 585 1134 simus
616 1096 683 1134 ea
712 1080 874 1150 hora,
910 1098 1027 1151 qua
1055 1081 1282 1136 Veritas
1317 1082 1386 1136 de
1416 1087 1571 1136 terra
1601 1087 1727 1136 orta
1758 1087 1863 1151 est,
1899 1099 2042 1152 prae-

398 1173 570 1223 eunte
592 1186 707 1223 non
740 1187 913 1240 parvo
939 1170 1183 1224 luminis
1215 1171 1406 1241 globo,
1431 1176 1638 1242 praesto
1670 1172 1874 1225 adfuit.
1900 1172 2043 1225 Cum

399 1257 580 1328 igitur
610 1259 824 1329 puella,
858 1260 1104 1314 insolitae
1152 1260 1233 1315 rei
1265 1260 1503 1315 horrore
1549 1261 1801 1331 perfusa,
1839 1261 2042 1332 paulu-

401 1345 522 1400 lum
558 1353 784 1403 morata
804 1353 994 1416 esset;
1029 1348 1182 1414 inde,
1208 1349 1480 1420 quisnam
1514 1354 1688 1417 esset,
1723 1349 2043 1422 interroga-

403 1441 490 1489 ret
522 1453 533 1490 :
572 1436 689 1501 Ille,
726 1453 878 1503 sum,
903 1438 1115 1509 inquit,
1150 1439 1243 1492 cui
1273 1443 1393 1494 toto
1425 1443 1676 1509 pectore,
1700 1443 1821 1492 tota
1855 1444 2047 1493 mente

401 1526 661 1582 animam
714 1543 1037 1597 corpusque
1088 1529 1487 1583 commendas.
1522 1529 1720 1583 Fidem
1773 1528 1960 1583 verbis
1992 1532 2049 1581 et

400 1614 669 1670 cucullus
711 1615 1090 1685 monachalis,
1126 1622 1182 1671 et
1232 1635 1392 1685 crux,
1435 1636 1566 1672 cum
1620 1635 1734 1689 qua
1767 1617 2045 1687 pingitur,

399 1703 623 1771 fecere;
656 1703 844 1774 ipsam
877 1705 1034 1759 enim
1067 1711 1206 1761 tunc
1244 1725 1358 1778 prae
1414 1708 1709 1772 manibus,
1743 1711 1805 1760 ut
1837 1705 2046 1769 aiebat,

399 1796 650 1864 gestare.

471 1881 595 1935 375.
632 1882 709 1934 Ea
739 1881 918 1952 igitur
965 1881 1022 1935 in
1077 1883 1588 1954 maximam‘spem
1639 1884 2046 1955 recuperandae,

401 1969 672 2023 sanitatis
722 1971 993 2036 adducta,
1027 1971 1077 2024 ei
1127 1973 1468 2042 sospitatem
1501 1973 1788 2037 redderet,
1821 1972 2043 2028 orabat.

401 2056 502 2112 Cui
530 2058 781 2112 Joannes
813 2059 1227 2115 beatissimus:
1261 2060 1371 2115 hac
1404 2061 1779 2131 potissimum
1812 2077 1989 2114 causa
2016 2077 2049 2114 a

404 2148 646 2202 Domino
671 2148 811 2203 Jesu
845 2148 1062 2204 missus
1094 2167 1248 2220 sum,
1282 2167 1414 2204 cum
1452 2167 1746 2221 nusquam
1777 2154 1833 2204 te
1859 2154 2048 2204 tutam

405 2253 507 2292 seu
561 2236 910 2291 incolumem
941 2238 1050 2292 nisi
1098 2239 1156 2293 in
1191 2257 1298 2294 sua
1351 2239 1562 2295 virtute
1594 2240 1913 2295 existimes.
1954 2239 2050 2293 His

401 2330 459 2381 et
485 2326 723 2397 signum
776 2327 969 2382 crucis
1000 2328 1246 2396 addidit,
1283 2329 1419 2384 inde
1468 2345 1600 2383 cum
1647 2329 1805 2382 omni
1839 2344 2052 2399 pompa

401 2414 674 2469 sublimis
728 2414 892 2480 abiit,
920 2416 1042 2484 jam
1094 2416 1193 2471 illa
1236 2435 1269 2472 a
1317 2417 1547 2472 diabolo
1594 2416 1858 2471 liberata.
1906 2415 2052 2468 Hinc

402 2507 637 2573 repente
680 2503 961 2573 gaudium
1012 2506 1216 2576 oritur,
1252 2507 1350 2561 ubi
1387 2506 1670 2576 quidnam
1718 2506 1768 2560 ei
1801 2499 2056 2560 evenerit

403 2606 719 2661 cognovere
751 2607 993 2659 omnes;
1028 2594 1184 2663 quod
1217 2594 1455 2664 quidem
1490 2594 1684 2648 nescio
1708 2610 1823 2664 qua
1844 2593 2050 2663 gratia,

404 2694 521 2749 quo
575 2677 690 2733 fato
750 2679 808 2733 in
867 2696 1174 2737 maerorem
1234 2699 1466 2736 versum
1526 2686 1614 2738 est
1674 2700 1686 2737 :
1747 2682 1840 2736 vix
1897 2682 2050 2737 enim

406 2767 684 2822 narrandi
737 2768 913 2824 ﬁnem
964 2770 1196 2838 fecerat,
1228 2789 1362 2828 cuin
1407 2770 1582 2838 illico,
1619 2776 1683 2825 ut
1731 2771 1786 2825 in
1840 2775 2052 2842 aegroto

404 2873 644 2928 corpore
677 2859 937 2914 accidere
967 2859 1135 2926 solet,
1170 2861 1436 2916 restricta
1484 2861 1784 2916 oculorum
1818 2859 1959 2930 acie,
1994 2860 2052 2914 in

406 2949 624 3000 terram
655 2946 945 3016 prolapsa,
976 2948 1254 3020 paulatim
1286 2949 1529 3022 depulso
1561 2949 1868 3020 sanguine,
1897 2949 2055 3004 calor

406 3033 466 3088 in
497 3049 564 3088 ea
594 3033 1072 3106 exstinguebatur
1092 3054 1210 3093 una
1240 3055 1373 3093 cum
1402 3037 1634 3109 spiritu,
1658 3038 1740 3092 ita
1759 3042 1824 3092 ut
1854 3039 2049 3093 exani-

408 3126 628 3177 matam
660 3121 919 3178 dicerent
935 3126 1195 3195 quidam.
1215 3127 1293 3182 Eo
1323 3144 1637 3200 germanus
1659 3126 1824 3182 aliive
1845 3127 2052 3183 afﬁnes

2139 546 2514 620 justissimus
2541 548 2650 601 Job
2683 564 2786 602 suo
2812 547 2869 601 in
2905 563 3162 618 corpore,
3189 546 3312 600 suis
3343 545 3401 600 in
3436 545 3601 614 ﬁliis,
3633 547 3691 599 in
3713 546 3798 601 his

2147 635 2422 690 omnibus
2452 653 2578 706 qna:
2610 637 2909 708 possidere
2939 636 3262 705 videbatur,
3287 633 3619 705 pertulerit,
3647 634 3799 689 haud

2149 726 2507 781 occurrebat.

2219 816 2343 868 377.
2387 815 2498 869 Sed
2533 814 2702 868 redeo
2736 814 2804 867 ad
2840 812 3096 885 puellam
3129 812 3340 883 ipsam,
3376 829 3504 883 quae
3539 812 3798 883 quidem,

2150 903 2249 958 ubi
2294 904 2428 958 data
2476 909 2564 957 est
2597 903 2708 958 sibi
2760 902 3026 970 facultas,
3061 902 3235 956 talem
3283 902 3424 956 Jesu
3472 902 3801 973 virginique

2152 993 2345 1048 Maria
2378 994 2699 1047 orationem
2733 991 3198 1063 habuit.qualem
3222 1008 3530 1062 nunquam
3552 992 3797 1044 anteain

2153 1081 2396 1136 muliere
2426 1082 2759 1137 audiveram
2787 1107 2800 1148 ;
2833 1082 3011 1144 domi,
3045 1080 3369 1146 Florentiae,
3397 1080 3492 1135 hic
3525 1080 3804 1134 beneﬁcia

2154 1187 2280 1242 quae
2325 1170 2436 1226 sibi
2469 1169 2794 1226 contulerat
2825 1170 3099 1235 referens,
3135 1185 3262 1224 sese
3313 1168 3372 1222 in
3404 1175 3570 1223 tanto
3606 1169 3804 1223 discri-

2155 1261 2332 1329 mine,
2384 1261 2540 1329 quod
2590 1260 2662 1327 ei,
2698 1264 2762 1313 ut
2808 1264 2949 1329 erat,
2981 1259 3238 1330 primum
3288 1258 3626 1326 videbatur,
3669 1275 3806 1312 nun-

2156 1365 2332 1419 quam
2365 1349 2436 1403 ab
2477 1348 2567 1402 his
2601 1349 2887 1403 desertam
2941 1363 3232 1404 asserens.
3264 1347 3346 1400 Ad
3399 1346 3522 1401 haec
3558 1347 3804 1417 profecto

2157 1438 2433 1493 maluisse
2461 1437 2636 1502 mala,
2655 1454 2833 1508 quam
2861 1437 3253 1502 mundibona,
3280 1451 3626 1507 perpessam
3652 1451 3804 1489 esse:

2158 1528 2251 1582 his
2283 1528 2433 1581 enim
2470 1527 2527 1580 in
2577 1527 2688 1581 ﬁde
2717 1531 2773 1582 et
2803 1525 3112 1581 clementia
3163 1526 3264 1580 Dei
3298 1527 3589 1595 majorem
3626 1541 3804 1594 spem.

2159 1634 2224 1671 ac
2258 1621 2446 1683 antea,
2480 1617 2530 1671 ei
2562 1616 2735 1670 sitam
2766 1633 2777 1670 :
2813 1614 3086 1670 omnibus
3117 1614 3274 1669 enim
3307 1615 3378 1670 ad
3411 1614 3548 1668 vita:
3583 1620 3803 1667 aeterna

2159 1707 2411 1778 patriam
2461 1705 2831 1776 cupientibus
2883 1704 3176 1771 festinare,
3222 1702 3366 1758 nihil
3418 1703 3503 1757 eis
3554 1703 3806 1756 assiduis

2076 1827 2126 1892 B
2158 1794 2637 1850 tribulationibus
2656 1794 3040 1864 opportunius
3058 1793 3270 1848 ducere
3291 1809 3304 1858 ;
3324 1808 3463 1846 nam
3483 1791 3626 1845 hinc
3651 1807 3806 1844 amcr

2156 1884 2278 1950 Dei,
2327 1883 2576 1954 cognitio
2627 1883 2740 1948 sui,
2774 1882 3008 1937 animus
3059 1882 3128 1936 ad
3181 1881 3520 1952 patientiam
3579 1880 3804 1952 ingens,

2153 1973 2420 2028 libidinis
2451 1972 2856 2043 malarumque
2880 1971 3431 2043 cupiditatum,quae
3448 1986 3516 2025 ex
3551 1970 3800 2024 insolen-

2154 2064 2237 2118 tia
2268 2063 2438 2129 ﬁunt,
2473 2062 2831 2132 exstirpatio.
2864 2061 2990 2115 Haec
3037 2060 3135 2114 ubi
3181 2060 3345 2129 dixit,
3379 2059 3582 2114 oculos
3610 2060 3666 2112 in
3702 2075 3802 2113 nos

2157 2152 2407 2224 benigne
2438 2151 2767 2219 intendens,
2793 2151 2928 2204 inde
2949 2149 3112 2204 vultu
3136 2150 3390 2206 demisso
3413 2148 3496 2204 sic
3517 2149 3799 2219 profatur:

2158 2243 2351 2307 Jesus,
2385 2259 2418 2294 a
2447 2257 2560 2312 quo
2592 2241 2742 2295 bona
2775 2238 2959 2294 multa
2988 2240 3330 2310 procedunt,
3364 2238 3548 2302 vobis,
3586 2253 3690 2308 pro
3724 2242 3809 2291 tot

2160 2330 2457 2400 tantisque
2499 2330 2555 2382 in
2589 2345 2682 2383 me
2729 2328 2954 2383 collatis
2999 2328 3317 2392 beneﬁciis,
3353 2327 3410 2381 in
3461 2327 3808 2381 Sanctorum

2162 2419 2348 2490 patria
2380 2418 3011 2487 restituat,vestrisque
3028 2415 3330 2488 suppliciis
3363 2421 3416 2470 et
3447 2415 3817 2470 orationibus

2163 2525 2254 2564 me
2283 2507 2752 2562 commendatam
2785 2507 3070 2572 habeatis,
3095 2523 3213 2560 oro.
3243 2505 3342 2560 His
3366 2505 3563 2576 itaque
3593 2505 3816 2568 verbis,

2163 2600 2278 2653 fere
2302 2598 2577 2652 omnibus
2599 2596 2984 2668 praesentibus
3012 2595 3301 2667 lacrymas
3328 2593 3644 2649 concussit.
3677 2595 3819 2648 Inde

2163 2686 2283 2751 alii,
2317 2686 2418 2741 sed
2453 2684 2776 2756 praesertim
2809 2683 3084 2738 Nicolaus
3117 2682 3458 2747 monachus,
3491 2683 3628 2753 quia
3663 2681 3818 2736 libe—

2161 2774 2359 2829 raliter
2408 2773 2614 2840 habiti,
2672 2773 2946 2827 omnibus
2999 2772 3215 2844 gratias
3266 2777 3524 2842 agentes,
3567 2771 3826 2824 domum

2163 2862 2454 2934 prepriam
2490 2862 2819 2916 discedunt.
2856 2862 3003 2916 Sunt
3034 2861 3133 2932 qui
3165 2861 3380 2929 dicant,
3413 2877 3478 2914 ea
3508 2864 3683 2914 nocte
3723 2877 3828 2913 na-

2162 2951 2402 3007 tivitatis
2450 2950 2664 3007 Christi
2713 2954 2872 3018 Jesu,
2929 2967 3045 3020 qua
3093 2950 3317 3004 daemon
3363 2950 3422 3004 in
3464 2965 3585 3004 rem
3641 2966 3828 3003 suam

2163 3040 2379 3095 malam
2447 3039 2755 3102 concessit,
2823 3040 3016 3094 varios
3074 3038 3352 3110 strepitus
3411 3037 3828 3109 clamoresque

2163 3129 2484 3184 horrendos
2528 3129 2586 3182 in
2637 3128 2834 3182 Sancti
2882 3128 3062 3182 Salvii
3133 3126 3485 3182 monasterio
3557 3127 3827 3190 auditos,

407 3211 468 3267 in
517 3212 804 3286 lacrymas
859 3233 1272 3288 prorumpere;
1309 3195 1455 3288 quos
1504 3217 1820 3289 Benignus,
1873 3218 2051 3289 hujus
2082 3195 2127 3264 (εἶ
2165 3217 2467 3289 lampades
2515 3215 2771 3272 ecclesiae
2804 3218 3018 3272 fractas
3052 3231 3064 3270 :
3101 3215 3268 3272 nobis
3311 3221 3504 3270 tamen
3559 3215 3664 3268 hoc
3719 3233 3829 3286 pa-

407 3304 751 3359 monasterii
805 3306 1153 3373 monachus,
1185 3306 1277 3362 his
1324 3306 1624 3362 solabatur
1654 3306 1844 3361 verbis
1879 3323 1890 3361 :
1927 3307 2056 3362 Sint

405 3391 673 3464 lacrymze
726 3397 1032 3465 metusque
1079 3395 1272 3451 omnis
1321 3396 1521 3468 procul
1557 3413 1569 3451 :
1604 3396 1712 3450 hoc
1761 3396 1918 3450 enim
1950 3412 2056 3450 nec

408 3497 622 3536 novum
647 3485 757 3546 est,
780 3499 886 3537 nec
912 3483 1244 3539 inauditum
1276 3501 1290 3539 :
1327 3502 1419 3540 me
1441 3485 1688 3551 vidente,
1711 3484 2055 3540 mulieribus

410 3587 444 3624 a
472 3570 733 3625 daemone
774 3571 959 3642 captis
1008 3572 1216 3627 accidit
1271 3572 1502 3628 millies.
1541 3574 1689 3627 Tum
1743 3573 1881 3643 quid
1914 3574 2054 3628 Jesu

407 3658 794 3730 temporibus,
819 3665 883 3716 ut
901 3661 1282 3734 Evangelistae
1301 3662 1578 3728 referunt,
1603 3662 1654 3717 ei
1676 3679 1854 3733 puero
1881 3679 2054 3735 quem

410 3747 634 3803 daamen
691 3756 1072 3805 consueverat
1115 3751 1172 3805 in
1208 3767 1423 3821 aquam
1472 3755 1528 3805 et
1575 3749 1768 3820 ignem
1801 3752 2053 3821 trudere,

412 3841 476 3891 ut
520 3853 653 3892 eum
715 3839 1000 3909 perderet,
1062 3840 1337 3909 evenerit,
1397 3839 1876 3895 animadvertatis
1933 3857 2053 3895 oro.

409 3930 611 3981 Nonne
640 3928 780 3982 Jesu
830 3931 1132 3998 praesente,
1168 3929 1259 3982 cui
1310 3927 1505 3984 omnia
1537 3934 1762 4000 parent,
1795 3930 2058 3985 daemone

408 4020 529 4069 tam
561 4020 753 4070 atroce
796 4014 979 4071 invito
1028 4017 1380 4082 discedente,
1414 4035 1558 4088 puer
1599 4017 1764 4072 humi
1817 4024 2054 4091 stratus,

407 4102 586 4156 veluti
634 4107 923 4171 mortuus,
951 4105 1205 4174 jacebat,
1238 4104 1358 4175 qui,
1391 4105 1529 4159 Jesu
1578 4105 1822 4173 volente,
1856 4109 2055 4163 statim

410 4192 712 4246 surrexit?
743 4191 900 4247 Idem
951 4192 1123 4262 paulo
1157 4198 1289 4263 post
1320 4193 1416 4248 isti
1471 4192 1674 4264 puella:
1725 4194 1780 4249 S.
1815 4195 2059 4251 Joannis

410 4279 682 4350 precibus
713 4281 852 4348 fore,
887 4281 1116 4336 dubitet
1145 4297 1338 4336 nemo.

479 4369 605 4423 376.
640 4368 1080 4441 Hisipaululum
1112 4370 1322 4426 arrecti
1354 4370 1534 4425 animi
1562 4389 1575 4440 ;
1609 4371 1807 4428 oculos
1839 4373 1894 4427 in
1930 4390 2057 4428 eam

410 4458 625 4530 saepius
674 4463 731 4514 et
760 4475 861 4514 ora
910 4463 1219 4530 vertentes,
1252 4459 1451 4515 tristes
1501 4459 1782 4532 reliquam
1832 4467 2058 4533 partem

2163 3323 2296 3362 rum
2326 3310 2714 3377 compertum.

2822 3393 3002 3447 PARS
3045 3393 3143 3448 ΙΙΙ.

2234 3486 2443 3539 378.Ex
2460 3482 2695 3554 oppido,
2711 3498 2835 3553 qua:
2850 3481 3013 3552 plebs
3028 3483 3084 3537 S.
3111 3480 3390 3553 Stephani
3405 3480 3640 3546 dicitur,
3669 3482 3821 3535 duos

2165 3574 2527 3637 semifatuos,
2559 3571 2659 3642 qui
2692 3571 2942 3626 daamoni
2976 3573 3177 3626 crebro
3208 3576 3400 3642 aperte
3423 3587 3482 3625 se
3511 3571 3821 3629 dederant.

2165 3664 2238 3717 ad
2269 3663 2376 3717 hoc
2416 3666 2470 3715 S.
2505 3660 2697 3715 Maria
2747 3661 3192 3730 monasterium,
3228 3677 3343 3714 non
3395 3676 3574 3730 parva
3619 3659 3821 3713 homi-

2165 3767 2306 3806 num
2337 3751 2651 3805 comitante
2682 3749 2872 3819 turba,
2897 3751 3245 3805 contendere
3275 3748 3531 3803 vidimus
3560 3767 3572 3815 ;
3611 3750 3722 3819 qui
3759 3755 3820 3803 ut

2164 3857 2360 3895 veram
2415 3843 2691 3905 mentem,
2744 3854 3036 3909 sanesque
3089 3854 3296 3892 sensus
3345 3839 3824 3908 recuperaverint

2164 3945 2435 3985 enarrare
2464 3928 2729 3996 studebo,
2764 3928 2813 3982 si
2848 3927 3008 3998 prius
3041 3927 3332 3998 quomodo
3364 3927 3422 3980 in
3457 3925 3617 3981 illam
3658 3928 3824 3981 deve-

2167 4018 2360 4074 nerint
2408 4015 2698 4072 insaniam
2761 4016 2981 4088 liquido
3037 4014 3428 4086 patefecerim.
3486 4014 3570 4069 De
3629 4017 3826 4086 primo

2167 4108 2347 4180 igitur
2399 4123 2433 4160 a
2481 4105 2654 4160 sociis
2704 4105 2786 4160 sic
2838 4105 3192 4177 accepimus.
3225 4105 3368 4159 Cum
3417 4104 3575 4159 enim
3622 4121 3828 4161 amore

2168 4198 2316 4252 miro
2361 4196 2679 4267 quamdam
2728 4196 3016 4267 virginem
3067 4194 3376 4266 deperiret,
3407 4210 3660 4264 eamque
3717 4196 3826 4249 sibi

2167 4286 2379 4357 nuptui
2411 4285 2536 4338 dari
2589 4285 2878 4339 instanter
2907 4289 3148 4355 peteret,
3182 4283 3348 4339 alteri
3400 4284 3668 4350 tandem,
3713 4300 3826 4338 non

2167 4391 2375 4448 parum
2409 4372 2520 4428 sibi
2569 4375 2816 4440 infenso,
2848 4372 2908 4427 in
2958 4372 3399 4428 matrimonium
3442 4374 3656 4441 juncta
3689 4381 3783 4426 est
3817 4391 3826 4425 :

2168 4480 2283 4535 quo
2317 4478 2496 4534 supra
2526 4463 2746 4517 bonum
2799 4461 3231 4532 honestumque
3261 4476 3578 4532 percussus
3624 4460 3828 4532 longe.

408 4547 597 4604 noctis
629 4549 845 4603 duxere
872 4548 1226 4615 insomnem,
1261 4549 1407 4604 hora
1437 4554 1632 4605 autem
1665 4567 1782 4621 qua
1812 4553 1882 4606 ad
1919 4552 2056 4607 mis-
2088 4560 2135 4624 Ι)
2167 4551 2448 4622 insanire,
2477 4550 2843 4620 debacchari,
2876 4550 3218 4617 exclamare,
3252 4567 3353 4620 per
3381 4549 3538 4604 vicos
3572 4555 3625 4604 et
3657 4567 3829 4605 com-

408 4656 534 4693 sam
570 4657 791 4694 aurorae
842 4656 1138 4710 campanae
1191 4638 1524 4709 pulsantur,
1556 4656 1688 4695 mox
1721 4640 1914 4712 puella
1945 4641 2064 4715 illa,

408 4731 578 4802 quasi
611 4747 644 4784 a
676 4745 881 4784 somno
913 4745 1179 4798 excussa,
1205 4727 1404 4783 oculos
1437 4729 1704 4799 aperiens
1737 4730 1796 4784 in
1830 4731 2066 4801 primis,

408 4819 543 4872 inde
577 4817 863 4890 paulatim
897 4833 1124 4872 movere
1178 4818 1463 4872 membra.
1499 4817 1759 4872 Surrexit
1799 4821 2058 4875 tandem.

408 4905 476 4960 Hi
511 4907 613 4976 qui
666 4908 924 4976 aderant,
959 4905 1214 4978 primum
1258 4905 1497 4962 horrore
1550 4907 1788 4979 perfusi,
1836 4907 1971 4964 inde
2001 4909 2061 4964 in

408 4993 669 5049 laetitiam
702 4994 875 5064 versi,
905 4995 1088 5049 Deum
1124 4994 1384 5065 laudare,
1408 4995 1691 5067 virginem
1716 4996 1981 5067 Mariam,
2006 5002 2064 5052 et

406 5087 462 5138 Β.
495 5083 784 5138 Joannem
818 5084 890 5138 ad
940 5083 1134 5138 sidera
1163 5082 1384 5138 efferre.
1419 5085 1564 5138 Huic
1596 5084 1926 5155 spectaculo
1960 5102 2060 5140 no-

410 5178 541 5228 stra:
575 5173 876 5245 religionis
909 5171 1176 5228 monachi
1206 5188 1341 5226 cum
1373 5173 1774 5228 misericordia
1795 5180 1920 5229 tum
1954 5192 2063 5229 no-

409 5261 590 5316 vitate
623 5262 702 5317 rei
737 5263 1090 5317 intuerfuere
1113 5261 1509 5333 quamplures.
1535 5263 2063 5335 lnterfuietego,et

410 5348 531 5404 hac
564 5351 665 5420 ita,
700 5356 764 5406 ut
797 5352 854 5405 in
888 5351 990 5406 tali
1024 5367 1084 5406 re
1118 5351 1238 5406 ﬁeri
1273 5350 1440 5420 solet,
1464 5353 1846 5408 mussitantes
1869 5355 2060 5408 confe-

411 5440 686 5496 rebamus
723 5459 735 5495 :
770 5441 932 5498 Unde
963 5446 1127 5497 tanta
1168 5441 1253 5497 vis
1285 5444 1516 5496 tantave
1557 5441 1616 5496 in
1649 5442 1882 5498 diabolo
1912 5448 2065 5515 pote-

413 5534 536 5586 stas
562 5531 588 5584 ‘I
620 5532 765 5596 Quid
820 5532 1171 5603 iniquitatis,
1213 5531 1354 5603 quid
1403 5530 1706 5603 injustitim
1757 5549 1873 5587 una
1903 5532 2062 5605 virgo

415 5619 611 5696 puella
638 5620 699 5675 in
725 5625 904 5676 Deum
922 5621 1300 5692 commiserit,
1317 5625 1382 5679 ut
1401 5622 1473 5678 de
1499 5637 1561 5678 se
1586 5625 1817 5678 tantum
1840 5638 2066 5679 merue-

2176 4643 2298 4712 pita
2328 4641 2609 4696 miserum
2637 4657 2763 4695 sese
2794 4639 3003 4707 dicere,
3037 4639 3284 4694 daamoni
3314 4639 3493 4693 vitam
3525 4654 3829 4708 suumque

2177 4733 2441 4787 animum
2460 4730 2827 4784 committere
2852 4747 2864 4796 ;
2902 4728 3107 4800 puellae
3125 4727 3662 4798 adolescentulique
3703 4727 3823 4780 viri

2174 4821 2464 4892 [domum]
2497 4817 2844 4890 explorans;
2895 4823 2962 4871 ut
3009 4818 3359 4872 interﬁceret
3409 4833 3504 4871 eos
3539 4817 3833 4885 [occasio-

2173 4910 2328 4980 nem]
2379 4924 2657 4979 quaarere,
2686 4911 2742 4962 et
2790 4905 2905 4962 alia
2954 4905 3162 4972 multa,
3195 4922 3322 4976 qua:
3369 4905 3616 4960 insanus
3661 4922 3834 4960 amor

2172 4996 2295 5053 ﬁeri
2327 5001 2503 5064 amat,
2536 4999 2663 5050 tum
2693 4996 2904 5061 dicere,
2935 4999 3062 5049 tum
3096 5010 3282 5066 agere.

2243 5087 2366 5140 379.
2402 5089 2474 5140 At
2501 5084 2585 5139 illi
2618 5085 2718 5140 ubi
2744 5083 3099 5156 intelligunt,
3131 5100 3198 5139 eo
3251 5097 3595 5154 processum
3629 5089 3700 5138 ut
3736 5089 3838 5138 aut

2172 5175 2590 5231 discedendum
2643 5175 2855 5244 [foret],
2889 5179 2990 5228 aut
3037 5172 3293 5228 furiosus
3337 5171 3435 5227 ille
3482 5172 3542 5227 in
3594 5172 3837 5228 vincula

2172 5264 2571 5336 conjiciendus
2601 5268 2752 5319 esset
2784 5264 2942 5334 (nam
2977 5279 3166 5334 neque
3206 5262 3391 5316 caveri
3424 5277 3642 5334 anceps
3674 5262 3838 5332 peri-

2173 5354 2396 5419 culum,
2429 5369 2621 5425 neque
2652 5369 2784 5408 cum
2808 5351 3033 5407 insanis
3057 5368 3177 5406 rem
3210 5367 3381 5423 agere
3410 5351 3522 5406 nisi
3558 5368 3697 5406 cum
3737 5354 3832 5406 de-

2175 5445 2379 5498 decore
2403 5460 2593 5515 posse,
2619 5441 3302 5514 cognoscebant),afﬁnes
3320 5457 3575 5511 suosque
3594 5457 3834 5504 omnes,

2175 5533 2396 5589 malum
2427 5537 2629 5605 vitent,
2662 5532 2927 5587 orabant.
2960 5531 3039 5586 Eo
3070 5535 3337 5603 parentes
3368 5529 3627 5586 vinctum
3658 5531 3838 5585 domi

2176 5621 2442 5680 clausum
2473 5621 2678 5679 multis
2701 5621 2908 5678 diebus
2939 5635 3118 5693 prope
3141 5619 3438 5693 regalibus
3469 5619 3758 5693 dapibus,
3787 5621 3840 5676 si
