3996 6148
179 337 292 402 957
323 338 331 340 ”

1763 345 1992 409 ACTA.

3463 351 3582 416 958

168 471 314 529 forte
338 469 430 528 his
451 471 510 528 in
530 472 684 531 viam
708 474 943 545 rediret,
963 477 1273 534 educatum
1294 477 1815 542 habuere.0uibus
1843 480 1898 548 Α
1928 496 2191 537 serorum
2223 497 2379 554 spes,
2413 486 2614 555 portus
2672 487 2837 540 tutus
2869 501 2973 556 per
3022 483 3132 540 hoc
3187 483 3578 556 procellosum

169 579 274 619 nec
295 561 392 618 ille
413 563 625 632 curari,
651 581 756 621 nec
782 566 942 623 furor
960 566 1149 634 leniri,
1172 583 1372 622 verum
1397 568 1454 622 in
1480 568 1606 624 dies
1628 569 1817 642 magis

168 668 236 708 ac
269 651 459 724 magis
480 652 713 710 insania
742 655 966 711 malove
987 655 1196 727 spiritu
1219 656 1464 728 agitari;
1494 658 1814 713 damonem

161 741 223 796 in
257 740 350 796 sui
381 741 689 808 auxilium,
725 743 866 815 proh
899 744 1095 800 nefas!
1151 744 1483 818 appellare;
1537 747 1639 818 [et]
1672 746 1816 801 mihi

163 835 420 885 mortem
451 831 834 898 consciscam,
883 833 1226 904 exclamare,
1289 834 1347 888 ni
1394 835 1530 890 hinc
1558 839 1816 891 extraxe-

160 918 330 976 ritis!
370 919 608 974 demum
641 919 720 974 nil
748 920 861 976 nisi
893 921 1086 978 insani
1119 923 1327 996 capitis
1358 941 1598 996 prorsus
1627 925 1818 980 dicere

156 1010 268 1062 aut
299 1006 509 1062 facere.
544 1006 645 1064 His
685 1006 934 1080 aliisque
966 1010 1144 1066 rebus
1191 1011 1396 1067 affines
1427 1012 1657 1067 ninium
1691 1030 1817 1084 per-

156 1094 336 1162 culsi,
367 1112 503 1150 cum
535 1112 641 1151 nec
668 1097 807 1168 quid
831 1114 1022 1170 agere,
1051 1101 1202 1172 [nec]
1236 1117 1352 1172 quo
1384 1118 1446 1156 se
1475 1106 1716 1169 vertere,
1745 1103 1817 1157 ad

155 1183 405 1256 plenum
427 1183 839 1256 intelligerent,
865 1187 1190 1245 insanusne
1205 1194 1378 1257 esset,
1403 1207 1476 1245 an
1502 1207 1535 1245 a
1555 1191 1819 1246 damone

153 1278 394 1347 captus,
425 1273 624 1330 omnia
653 1275 1083 1333 dubitationem
1114 1278 1337 1334 afferre.
1388 1281 1817 1336 Cunctantibus

150 1362 279 1429 his,
311 1362 614 1435 multaque
668 1379 869 1420 secum
902 1365 1280 1438 agitantibus,
1337 1367 1479 1424 utile
1508 1369 1700 1424 visum
1730 1373 1820 1424 est

152 1469 343 1524 super
370 1453 477 1508 hoc
506 1453 668 1523 Jesu,
705 1453 960 1526 Virginis
989 1456 1202 1528 Maria,
1234 1463 1291 1512 et
1320 1458 1377 1513 S.
1407 1458 1652 1514 Joannis
1683 1475 1816 1531 gra-

153 1543 310 1599 tiam
339 1542 608 1613 experiri.

224 1632 361 1686 380.
398 1632 595 1703 [psum
654 1631 853 1703 itaque
907 1633 1169 1689 vinctum
1200 1633 1258 1689 in
1317 1633 1508 1690 lucem
1565 1635 1817 1707 prodire,

151 1724 416 1791 anteque
442 1737 544 1777 ora
563 1719 874 1776 hominum
896 1721 1139 1794 spiritus
1159 1723 1416 1794 plenum,
1441 1725 1620 1779 torvis
1651 1725 1816 1780 terri-

148 1808 526 1919 bilibjusque.
557 1809 744 1910 oculis
803 1812 1361 1919 spectantem‘trLahi
1387 1813 1632 1919 .jubelnt.
1666 1813 1814 1879 Quid
1849 1853 1896 1919 Β

149 1899 318 1970 quod
355 1897 628 1953 ferociam
651 1898 858 1968 animi,
892 1915 1072 1972 quam
1097 1898 1354 1956 habebat
1383 1899 1442 1955 in
1463 1901 1650 1967 vultu,
1676 1919 1820 1957 nun-

159 2002 376 2058 quam,
423 1986 537 2042 nisi
587 1993 928 2060 recuperata
974 1988 1246 2060 sanitate,
1295 1989 1584 2062 deposuit.
1637 1991 1822 2063 Igitur

153 2074 473 2148 postridie,
497 2075 839 2147 compositis
854 2093 922 2132 ex
943 2081 1072 2132 voto
1091 2078 1288 2146 rebus,
1316 2078 1702 2149 proficiscenti
1711 2081 1821 2135 bus

153 2179 229 2220 ex
283 2164 452 2234 urbe,
511 2162 612 2219 illo
671 2164 898 2220 furente
945 2165 1378 2239 procaciterque
1435 2166 1820 2238 exclamante,

153 2253 341 2308 turba
372 2251 682 2308 hominum
710 2253 849 2309 hinc
879 2253 1014 2309 inde
1044 2255 1245 2310 dextra
1280 2255 1537 2328 lavaque
1570 2255 1819 2312 circum-

149 2341 436 2398 dantium
465 2358 623 2410 eum,
657 2343 960 2413 admirari,
987 2347 1064 2410 et,
1099 2360 1217 2415 qua
1238 2344 1348 2399 iter
1369 2349 1513 2414 erat,
1541 2362 1610 2400 ex
1640 2347 1820 2420 agris,

146 2431 344 2500 villis,
377 2432 783 2503 cujuscunque
813 2448 990 2488 sexus
1011 2433 1084 2487 ad
1116 2450 1250 2488 eum
1285 2450 1629 2490 concurrere
1660 2452 1818 2491 mor-

149 2519 335 2575 tales.
369 2523 540 2592 Egre
567 2519 840 2591 denique,
891 2521 1118 2592 asperis
1159 2521 1470 2577 itineribus
1501 2522 1819 2579 difﬁculta-

147 2613 338 2681 teque
369 2625 564 2664 rerum
597 2608 760 2676 fessi,
796 2609 906 2664 hoc
935 2610 995 2666 S.
1052 2610 1247 2666 Maria
1280 2612 1698 2668 monasterium
1732 2629 1821 2669 se-

148 2698 363 2755 cunda
382 2697 666 2770 vigesima
686 2698 803 2754 fere
827 2697 971 2753 hora
991 2698 1186 2772 (222'),
1206 2699 1379 2756 tertia
1399 2701 1494 2756 die
1514 2717 1631 2772 qua
1647 2702 1822 2757 domo

149 2788 457 2851 abierant,
484 2791 740 2843 tenuere.
768 2787 1108 2844 Liberaliter
1125 2788 1323 2860 itaque
1343 2807 1376 2845 a
1393 2789 1696 2846 monachis
1719 2790 1821 2846 ha-

148 2876 296 2945 biti,
329 2876 858 2947 conjurationibus,
889 2880 946 2934 et
993 2877 1359 2934 orationibus
1407 2885 1826 2951 persenserunt

149 2983 306 3024 eum
339 2982 457 3021 non
489 2967 692 3022 morbo
741 2966 1118 3038 damoniaco,
1168 2985 1368 3023 verum
1417 2968 1648 3025 insania
1679 2985 1823 3041 qua-

148 3057 303 3112 dam
335 3055 624 3111 laborare.
672 3056 834 3121 Quod
865 3056 1132 3127 equidem
1181 3074 1316 3112 cum
1366 3075 1481 3112 non
1513 3058 1656 3113 satis
1688 3075 1823 3113 con-

149 3144 634 3201 stanter'afﬁnes
654 3145 962 3218 caterique
991 3145 1134 3202 socii
1159 3148 1503 3218 perferrent,
1527 3151 1594 3202 ut
1613 3147 1823 3203 immo-

147 3235 343 3303 desti,
371 3234 548 3289 verba
576 3235 852 3290 indecora
881 3235 1069 3304 edere,
1097 3252 1159 3292 se
1193 3235 1309 3292 Deo
1339 3236 1685 3308 Sanctisque
1715 3237 1824 3292 rite
1857 3220 1899 3288 C

147 3324 354 3380 ﬁdere
384 3323 538 3379 haud
572 3323 818 3380 ulterius
846 3341 1039 3396 posse,
1074 3326 1434 3382 asserebant.

239 3413 375 3466 381.
407 3411 536 3476 Qua
565 3430 700 3469 cum
731 3413 927 3469 abbati
955 3414 1388 3481 nuntiarentur,
1425 3430 1628 3470 eorum
1657 3413 1821 3487 igno-

145 3500 366 3558 rantia
395 3506 450 3557 et
476 3502 962 3559 immoderatione
1018 3502 1232 3576 lingua
1265 3508 1584 3576 permotus,
1616 3503 1819 3576 hospi-

144 3591 344 3655 tium,
397 3593 682 3647 monacho
739 3592 940 3648 alterio
997 3593 1332 3660 comitante,
1394 3592 1553 3650 adire
1605 3593 1826 3650 curavit

145 3680 638 3753 quamprimum.
663 3679 748 3736 Ibi
765 3681 1060 3754 imprimis
1081 3698 1182 3738 eos
1203 3682 1510 3754 castigare,
1529 3683 1682 3754 quod
1705 3686 1824 3738 tam

143 3768 498 3826 imbecilles
527 3774 766 3842 tamque
795 3770 950 3826 leves
998 3775 1215 3838 essent,
1249 3770 1356 3842 [ut]
1390 3787 1576 3841 neque
1607 3771 1665 3826 id
1697 3788 1826 3842 per-

143 3859 285 3933 peti
316 3863 582 3931 possent,
608 3860 761 3914 unde
783 3876 998 3931 magna
1020 3875 1176 3931 spes,
1201 3861 1388 3930 major
1406 3859 1580 3916 etiam
1604 3876 1827 3916 merces

145 3948 569 4020 [proveniret].
599 3948 823 4012 Nonne,
858 3950 907 4004 si
929 3952 1263 4004 constantes
1294 3964 1422 4004 esse
1441 3948 1826 4017 voluerimus,

142 4038 376 4094 omnia
406 4038 621 4093 bonaa
670 4037 808 4093 Jesu
868 4038 1037 4093 nobis
1087 4038 1319 4092 abunde
1375 4043 1567 4101 erunt,
1612 4038 1828 4094 divitia

144 4125 566 4197 sempiterna,
623 4127 822 4193 decus,
883 4125 1117 4199 gloria?
1165 4126 1250 4181 Ad
1281 4125 1401 4181 hac
1450 4126 1700 4198 benigne
1730 4142 1830 4182 eos

139 4215 420 4283 hortari,
454 4215 792 4285 admonere,
820 4214 1112 4298 constanti
1137 4215 1333 4270 animo
1357 4215 1680 4286 perferrent
1706 4231 1832 4287 ege-

141 4308 417 4370 statem,
448 4321 764 4373 arumnas,
815 4301 1182 4360 calamitates
1231 4319 1457 4372 omnes,
1487 4319 1614 4374 qua
1647 4303 1833 4358 multa

138 4401 211 4451 et
246 4394 425 4449 varia
452 4394 511 4448 in
571 4393 878 4450 hominum
935 4393 1050 4450 vita
1098 4393 1448 4464 fortunaque
1478 4397 1827 4460 versantur;

138 4484 312 4539 inde
344 4483 418 4537 ad
467 4487 522 4538 S.
579 4483 820 4538 Mariam
880 4483 1190 4539 Servorum
1248 4480 1547 4536 Florentiae
1578 4480 1832 4536 consulit

1927 585 2086 626 mare
2109 571 2509 644 navigantium
2539 592 2552 640 ;
2578 579 2654 640 et,
2685 592 2754 630 ne
2779 573 2978 630 multis
2999 591 3100 630 vos
3125 573 3582 646 detineam,ipsa

1925 662 2014 713 est
2043 675 2170 730 qua
2202 676 2318 714 non
2344 659 2535 716 solum
2561 660 2735 734 [qua]
2760 663 2816 716 in
2840 663 3035 729 terris,
3059 663 3159 718 sed
3183 679 3310 735 qua
3333 663 3392 718 in
3415 663 3578 719 calis

1927 751 2084 812 sunt,
2120 753 2324 819 pacata
2379 750 2808 823 tranquillaque
2867 752 3046 819 facit;
3081 767 3334 824 spesque
3365 755 3576 808 nostra

1927 852 2131 892 omnes
2160 838 2218 892 in
2249 855 2318 893 ea
2347 837 2470 894 sita
2499 844 2656 894 sunt.

1997 926 2122 981 382.
2181 927 2496 999 Postquam
2552 945 2821 1000 accepere
2877 947 2943 985 ea
2999 929 3099 1002 qui
3161 931 3406 986 aderant
3446 930 3576 1002 viri,

1927 1014 2032 1069 etsi
2066 1016 2220 1070 haud
2281 1033 2451 1072 secus
2507 1034 2573 1073 ac
2631 1018 2814 1074 abbas
2871 1019 3228 1073 disseruerat
3271 1019 3575 1087 sentirent,

1927 1107 2126 1159 tamen
2177 1105 2542 1176 postulavere
2601 1105 2860 1178 plerique
2916 1107 3024 1178 [ut]
3084 1111 3434 1178 proponeret
3464 1123 3580 1178 qua

1926 1192 2020 1247 via
2048 1193 2158 1248 hoc
2214 1194 2452 1266 aggredi
2509 1195 2806 1251 deberent.
2864 1195 3102 1263 Censeo,
3153 1195 3345 1268 inquit
3373 1195 3576 1265 abbas,

1928 1281 2173 1338 aliorum
2196 1300 2356 1339 more
2379 1285 2502 1339 fieri
2527 1289 2724 1340 votum
2748 1301 2852 1356 pro
2876 1302 2940 1340 eo
2966 1303 2978 1340 :
3013 1301 3149 1340 nam
3171 1283 3361 1357 spolia
3382 1284 3581 1357 opima

1929 1387 2132 1444 regum
2186 1373 2544 1446 ducumque,
2607 1373 2976 1446 aliorumque
3034 1373 3367 1445 hominum,
3402 1390 3577 1429 cerea

1928 1459 2215 1533 imagines
2249 1478 2376 1533 qua
2436 1463 2624 1518 oculis
2683 1463 3138 1536 ingredientium
3186 1463 3366 1518 adem
3415 1461 3576 1517 illam

1927 1553 2216 1603 sacratam
2241 1567 2302 1605 se
2327 1551 3200 1624 offeruntoccurruntque,quid
3220 1551 3378 1606 aliud
3401 1568 3578 1622 quam

1928 1636 1986 1691 in
2018 1637 2195 1693 variis
2226 1637 2661 1695 calamitatibus
2691 1644 2823 1695 vota
2850 1639 3077 1713 Virgini
3099 1639 3292 1695 Maria
3323 1639 3582 1712 obligata

1927 1728 2243 1793 ostentant,
2273 1727 2908 1800 vehementissimeque
2964 1730 3033 1784 ad
3066 1729 3122 1784 id
3157 1729 3577 1800 peragendum.

1928 1815 1976 1870 si
1992 1815 2125 1887 quis
2137 1815 2377 1871 daretur
2390 1834 2584 1883 casus,
2599 1817 2956 1873 intuentium
2974 1819 3294 1874 accendant
3308 1819 3538 1874 animos
3554 1818 3582 1874 '?

1929 1903 2049 1959 Hoc
2085 1903 2238 1959 idem
2272 1921 2394 1976 vos,
2424 1905 2474 1961 si
2506 1905 2737 1978 sapitis,
2765 1905 2814 1962 si
2843 1921 2975 1962 vere
3005 1905 3114 1961 viri
3143 1906 3307 1977 estis,
3341 1907 3580 1978 aggredi

1929 1991 2100 2062 longe
2132 1992 2251 2049 fore
2279 1993 2421 2049 utile
2450 1994 2598 2050 dico.
2631 1995 2951 2066 Postquam
2983 1999 3181 2050 autem
3236 1995 3456 2050 amicos
3485 2011 3580 2050 eo-

1929 2097 2062 2136 rum
2094 2082 2166 2137 ad
2200 2082 2436 2153 aliquod
2470 2087 2672 2139 votum
2725 2085 3115 2140 emittendum
3156 2083 3377 2140 alacres
3405 2084 3581 2158 videt,

1926 2168 2276 2239 valedicens,
2299 2189 2398 2227 eos
2414 2172 2658 2229 dimisit.
2675 2172 2765 2228 llli
2783 2173 2966 2246 igitur
2988 2178 3218 2245 postero
3231 2173 3326 2228 die
3347 2189 3582 2229 summo

1930 2275 2103 2314 mane
2160 2259 2522 2329 festinantes,
2585 2261 2687 2317 has
2719 2278 2853 2334 spes
2883 2267 2939 2318 et
2969 2261 3349 2334 cogitationes
3381 2278 3580 2316 secum

1931 2353 2250 2420 portantes,
2285 2350 2489 2404 urbem
2522 2349 2912 2406 Florentinam
2963 2350 3213 2423 ingressi
3245 2354 3404 2405 sunt.
3441 2349 3581 2405 Inde

1928 2436 2174 2507 virginis
2230 2438 2420 2493 Maria
2477 2439 2764 2511 templum
2822 2440 3124 2504 adeuntes,
3178 2455 3312 2494 eum
3346 2437 3578 2493 Floren-

1928 2524 2071 2581 tinis
2099 2527 2544 2584 occurrentibus
2574 2527 2916 2600 conspicum
2951 2527 3204 2583 insania.
3239 2526 3581 2597 novitasque

1931 2630 2137 2670 vocum
2168 2619 2225 2671 et
2253 2615 2486 2687 ineptia
2518 2633 2812 2688 nusquam
2843 2616 2980 2672 visa
3021 2615 3329 2671 faciebant.

2002 2703 2126 2759 383.
2157 2704 2304 2760 Mira
2332 2706 2459 2762 res!
2493 2722 2561 2762 ea
2591 2707 2684 2762 die
2742 2723 2860 2778 qua
2921 2704 3272 2761 Florentium
3321 2703 3418 2759 isti
3450 2721 3584 2760 con-

1930 2794 2263 2860 tenderant,
2325 2811 2456 2851 ecce
2514 2795 2660 2851 alter
2716 2799 2973 2868 repente,
3033 2795 3273 2860 nostris,
3309 2793 3408 2865 qui
3440 2798 3582 2849 tunc

1931 2877 2072 2935 foris
2102 2885 2318 2948 essent,
2351 2883 2646 2954 apparuit,
2678 2882 2776 2955 qui
2802 2900 2870 2938 ex
2891 2883 3095 2939 eodem
3126 2882 3340 2954 oppido
3369 2881 3584 2938 Castel-

1930 2968 2085 3040 lano,
2118 2970 2320 3026 eodem
2351 2971 2528 3027 etiam
2567 2971 2789 3028 insana
2837 2971 3052 3028 mentis
3082 2971 3286 3028 morbo
3317 2971 3582 3038 affectus,

1931 3057 2042 3114 hoc
2070 3063 2126 3112 S.
2154 3061 2344 3114 Maria
2376 3061 2797 3117 monasterium
2828 3077 2963 3132 spes
2994 3062 3156 3116 bona
3183 3060 3398 3116 mentis
3427 3077 3589 3116 recu-

1935 3147 2205 3218 peranda
2237 3153 2474 3219 peteret.
2507 3149 2612 3204 Hic
2644 3167 2759 3205 non
2790 3166 3034 3220 parvum
3088 3149 3200 3205 sibi
3231 3149 3585 3205 occurrenti-

1938 3236 2070 3302 bus,
2104 3238 2243 3307 quia
2283 3237 2506 3309 absque
2561 3237 2826 3309 exemplo
2887 3237 3189 3303 insaniret,
3239 3239 3498 3293 dolorem
3533 3242 3591 3293 et

1930 3324 2378 3381 admirationem
2412 3327 2694 3400 incutere.
2747 3325 3080 3382 Sciscitanti
3127 3325 3326 3396 itaque
3366 3325 3586 3395 abbati,

1934 3414 2090 3468 unde
2120 3414 2230 3470 sibi
2263 3413 2385 3471 hac
2415 3414 2645 3470 insania
2702 3415 2925 3486 [esset,]
2964 3413 3048 3469 sic
3106 3413 3352 3469 comites
3380 3413 3591 3468 dedere

1933 3517 2303 3574 responsum.
2321 3505 2386 3558 In
2418 3508 2669 3574 paterna
2698 3502 3055 3558 hareditatis
3085 3501 3368 3558 divisione
3397 3517 3432 3556 a
3459 3516 3588 3573 ger-

1935 3591 2127 3646 manis
2158 3591 2362 3646 fraude
2391 3592 2721 3664 deceptum,
2746 3591 2988 3662 suisque
3008 3591 3199 3658 bonis,
3230 3589 3583 3645 commentis

1934 3678 2291 3751 quibusdam
2324 3681 2395 3736 ab
2427 3680 2520 3736 his
2551 3680 2891 3752 Spoliatum,
2951 3679 3110 3735 nulla
3157 3680 3312 3750 jure.
3342 3678 3591 3750 pecunia

1935 3768 2312 3839 amicitiaque
2369 3769 2842 3841 prohibentibus,
2905 3783 3241 3840 recuperrre
3291 3766 3588 3834 valuisse;

1939 3858 2091 3913 unde
2106 3859 2268 3929 prius
2281 3857 2544 3914 dolorem
2569 3859 2887 3930 ingentem,
2903 3858 3054 3914 hanc
3075 3857 3282 3912 deinde
3296 3855 3589 3912 insaniam

1937 3947 2274 4018 concepisse
2305 3947 2417 4002 sibi
2451 3947 2532 4003 ait
2556 3964 2569 4002 :
2597 3947 2892 4002 interdum
2915 3945 3072 4003 enim
3093 3945 3176 4001 ita
3196 3945 3588 4001 vehementis-

1938 4036 2087 4092 sime
2110 4051 2276 4092 mens
2297 4036 2425 4107 ejus
2447 4037 2678 4092 insania
2705 4041 3045 4108 occupatur,
3072 4040 3134 4089 ut
3157 4035 3374 4090 nudato
3397 4035 3593 4106 gladio

1939 4126 2227 4197 quosdam
2250 4124 2503 4197 graviter
2527 4124 2916 4196 atrociterque
2938 4122 3322 4189 vulnerasset,
3353 4122 3413 4177 ni
3435 4123 3593 4178 cauti

1940 4213 2382 4285 quamprimum
2438 4213 2743 4285 petiissent
2799 4213 3020 4284 fugam.
3080 4211 3260 4267 Nobis
3289 4210 3471 4283 igitur
3500 4209 3594 4266 his

1942 4301 2386 4357 difficultatibus
2420 4302 2607 4358 anxiis
2639 4303 2935 4374 rebusque
2967 4300 3245 4356 humanis
3273 4297 3591 4355 diffidenti-

1941 4391 2073 4457 bus,
2110 4391 2269 4446 fuere
2291 4391 2388 4462 qui
2414 4389 2492 4445 ita
2514 4390 2908 4457 consulerent,
2932 4389 3280 4462 priusquam
3303 4388 3462 4444 aliud
3485 4404 3592 4444 no-

1941 4495 2079 4536 vum
2111 4480 2362 4535 oriretur
2393 4479 2636 4546 malum,
2669 4479 2784 4534 huc
2811 4480 3319 4534 contenderemus.
3355 4478 3436 4531 Ea
3482 4492 3587 4546 spe

137 4570 523 4645 suppliciter
547 4572 864 4643 devoteque
885 4570 1335 4644 proficiscantur
1358 4587 1372 4638 ;
1395 4569 1542 4625 nihil
1568 4587 1696 4626 esse
1710 4574 1829 4626 tam
1863 4587 1910 4652 D
1942 4567 2124 4640 igitur
2151 4572 2208 4622 et
2266 4569 2483 4623 fiducia
2539 4567 2872 4639 carpsimus
2922 4567 3031 4622 iter
3059 4565 3170 4622 hoc
3200 4565 3450 4652 arduum
3477 4581 3490 4629 ;
3525 4564 3586 4619 S.

137 4663 431 4718 arduum
461 4663 702 4731 tamque
732 4659 1106 4726 incurrabile,
1141 4659 1352 4726 dicere,
1393 4659 1546 4730 quod
1578 4657 1832 4731 Virginis

135 4747 374 4806 Maria
433 4749 703 4820 precibus
733 4765 767 4804 a
821 4748 963 4804 Jesu
996 4748 1486 4820 non‘impetrent
1529 4747 1829 4818 mortales,

136 4838 354 4895 modo
390 4843 544 4893 recto
575 4838 745 4894 corde
775 4838 832 4892 id
867 4837 1210 4909 inquirant;
1260 4841 1538 4909 praterea
1568 4855 1635 4892 ea
1665 4855 1830 4894 man-

131 4926 494 4986 suetudine
515 4932 574 4983 et
597 4926 998 4983 misericordia
1018 4927 1317 4999 Virginem
1339 4927 1581 4982 Mariam
1604 4943 1835 4997 semper

132 5017 364 5074 fuisse
423 5016 777 5083 affirmabat,
807 5021 873 5071 ut
921 5032 1092 5072 nemo
1123 5032 1385 5087 unquam
1418 5016 1490 5071 ab
1518 5031 1586 5072 ea
1614 5017 1835 5071 frustra

127 5105 466 5165 auxilium
498 5106 782 5179 petiverit.
844 5107 1006 5172 Quod
1063 5105 1293 5160 etiamsi
1326 5105 1486 5161 aliud
1536 5104 1833 5160 mentibus

125 5195 392 5255 vestris
424 5194 744 5267 agitaretis,
776 5195 1036 5266 [inquit,]
1069 5199 1224 5250 esset
1253 5199 1449 5249 tamen
1481 5194 1833 5266 quandoque

127 5285 547 5344 redeundum
579 5284 637 5339 in
669 5285 847 5354 viam,
879 5289 935 5340 et
965 5284 1142 5340 corda
1187 5288 1379 5339 vestra
1408 5283 1477 5338 ad
1507 5283 1709 5338 Jesum
1744 5283 1831 5337 in-

125 5375 438 5437 tendere,
457 5378 817 5445 Matremque
830 5375 1094 5446 ejustoto
1107 5373 1278 5428 corde
1300 5373 1409 5444 [ut]
1423 5371 1835 5428 vobismisero-

126 5480 290 5541 que
320 5462 463 5518 huic
493 5479 661 5535 opem
719 5462 888 5532 ferat,
924 5467 989 5517 ut
1043 5461 1183 5532 dixi,
1240 5462 1507 5516 invocare
1541 5461 1831 5532 [oportet].

121 5556 280 5612 Pia
313 5555 428 5620 est,
460 5550 793 5608 misericors
814 5555 922 5623 est,
947 5550 1346 5607 desolatorum
1378 5549 1690 5621 refugium,
1724 5549 1831 5604 mi-

233 5641 435 5713 (222')
465 5640 524 5697 Id
560 5646 648 5700 est
676 5643 857 5698 ferme
887 5640 1039 5698 circa
1067 5655 1391 5713 vesperam,

1938 4660 2244 4723 Joannem,
2269 4663 2331 4711 ut
2357 4657 2588 4712 miseris
2614 4655 2856 4723 cateris,
2879 4655 2961 4710 ita
2990 4655 3159 4709 nobis
3181 4651 3274 4707 his
3296 4652 3354 4706 in
3386 4668 3593 4706 arum-

1942 4745 2057 4801 mis
2088 4761 2258 4817 opem
2285 4744 2567 4812 laturum,
2599 4761 2925 4800 censemus.

2013 4835 2135 4890 384.
2172 4834 2273 4890 His
2305 4834 2362 4890 P.
2399 4834 2601 4900 abbas,
2635 4850 2766 4888 cum
2791 4831 2922 4888 aliis
2954 4832 3056 4904 qui
3083 4831 3346 4897 aderant,
3381 4829 3451 4885 ad
3474 4828 3593 4901 pie-

1941 4927 2123 4980 tatem
2155 4929 2370 4990 motus,
2395 4929 2458 4979 ut
2480 4923 2646 4990 alios,
2674 4921 2990 4978 liberaliter
3009 4921 3069 4976 in
3099 4919 3354 4992 hospitio
3375 4918 3592 4974 habere

1942 5013 2183 5081 curavit,
2207 5016 2265 5069 et
2284 5013 2456 5084 paulo
2488 5017 2620 5085 post
2643 5030 2710 5068 eo
2743 5028 2804 5068 se
2831 5011 3154 5081 conferens,
3178 5009 3306 5065 cibo
3332 5012 3592 5081 potuque

1942 5106 2233 5159 recreatos
2262 5118 2374 5157 non
2409 5118 2614 5174 parum
2648 5102 2756 5156 hac
2788 5099 3030 5174 parvula
3079 5098 3340 5155 oratione
3369 5095 3591 5154 erexit:

1940 5191 2080 5247 Jesu
2103 5191 2349 5262 Christo,
2376 5190 2744 5246 dilectissimi
2774 5191 3002 5256 fratres,
3027 5187 3396 5260 quiscunque
3417 5201 3592 5241 casus

1944 5279 2240 5348 acciderit,
2273 5280 2480 5335 merito
2510 5280 2728 5352 gratias
2759 5294 2928 5351 agere
2959 5278 3327 5349 obligamur:
3359 5291 3426 5331 ea
3455 5291 3593 5347 pro-

1941 5375 2071 5442 pter
2100 5374 2360 5424 revocate
2419 5368 2684 5440 animos;
2719 5367 2852 5422 forti
2907 5373 3083 5437 atque
3132 5369 3338 5437 pacato
3394 5364 3592 5420 animo

1943 5459 2092 5527 sitis,
2127 5464 2180 5513 et
2215 5457 2601 5512 memineritis
2637 5473 2840 5513 omnes
2889 5455 3041 5511 viros
3087 5455 3348 5528 egregios
3376 5454 3590 5510 virtute

1941 5547 2328 5622 gloriosisque
2361 5548 2547 5615 factis,
2581 5563 2684 5620 per
2730 5544 2920 5602 varios
2951 5561 3122 5603 casus
3152 5561 3256 5619 per
3284 5543 3471 5601 multa
3501 5542 3588 5598 di-
