3998 6146
236 251 354 308 961

1547 251 1774 311 ACTA.
1810 284 1886 295 —
1913 251 2336 321 APPENDIX.

3523 261 3643 322 962

1510 587 2375 685 APPENDIX

221 803 333 863 DE
402 801 1006 862 TRANSLATIUNE
1079 802 1520 879 CRUCIFle,
1595 806 1728 876 QUI
1802 809 1864 865 S.
1935 807 2214 868 JOANNI
2290 809 2760 870 GUALBERTO
2831 811 3093 873 CAPUT
3163 815 3641 877 lNCLINAVIT.

434 987 516 1043 Ex
544 985 694 1044 libro
725 1002 838 1042 ms.
869 990 1148 1044 Actorum
1177 990 1653 1063 Congregationis
1686 991 1865 1048 Vallis
1896 991 2198 1120 Umibi'tligm
2237 993 2467 1067 signato
2498 996 2570 1052 ad
2603 1002 2763 1053 extra
2793 996 2991 1054 littera
3018 999 3087 1070 N,
3121 1017 3155 1055 a
3183 1015 3315 1071 pag.
3353 1002 3455 1055 137

1730 1081 1918 1120 usaue
1949 1082 1982 1119 a
2163 1108 2174 1120 .

1730 1081 1918 1137 usque
1949 1081 2020 1120 at]
2054 1081 2174 1122 140.

309 1442 362 1496 1.
393 1441 460 1495 In
471 1437 902 1494 Commentario
924 1436 1135 1509 praevio
1153 1451 1318 1493 num.
1341 1438 1402 1492 19
1418 1437 1663 1510 promisi
1686 1455 1778 1494 me
1796 1439 1891 1495 hic
1920 1441 1974 1509 Α
2007 1441 2076 1495 ad
2109 1440 2512 1498 translationis
2532 1445 2964 1514 processionem
2985 1444 3374 1517 dignarentur
3399 1445 3652 1504 interve-

231 1531 521 1587 daturum
549 1526 873 1584 solemnem
906 1526 1242 1583 miraculosi
1263 1527 1534 1584 Crucifixi
1566 1527 1894 1584 translatio-

233 1635 400 1686 nem,
419 1635 457 1675 a
475 1621 542 1672 D.
557 1615 971 1689 AngeloMaria
982 1615 1186 1673 Rivola
1206 1616 1375 1673 nobis
1395 1618 1777 1686 submissam,
1794 1620 1896 1689 qui

230 1713 375 1766 ante
396 1708 602 1764 eadem
624 1707 707 1762 ita
728 1706 1006 1779 praefatur
1030 1723 1043 1762 :
1077 1728 1106 1757 (ι
1138 1706 1311 1762 Hisce
1337 1707 1659 1778 praemissis
1679 1708 1896 1779 (egerat

231 1802 414 1855 antea
429 1798 502 1852 de
526 1794 769 1852 materia
787 1801 844 1853 et
863 1797 1049 1852 forma
1069 1796 1356 1852 crucifixaa
1377 1795 1672 1869 imaginis,
1687 1797 1758 1851 de
1779 1812 1895 1867 qua

229 1903 348 1959 ego
392 1885 481 1958 §2
528 1884 942 1940 Commentarii
975 1885 1194 1956 praevii)
1223 1884 1528 1941 veniamus
1557 1885 1626 1940 ad
1662 1883 1895 1940 relatio-

229 1993 376 2032 nem
408 1972 834 2044 translationis,
859 1991 988 2045 qua:
1019 1990 1089 2029 ex
1117 1974 1320 2029 eodem
1352 1973 1500 2028 libro
1531 1973 1764 2046 (nempe
1793 1974 1895 2046 qui

229 2065 292 2120 in
347 2063 523 2119 titulo
571 2063 666 2118 hic
713 2063 947 2134 citetur)
981 2064 1134 2120 facta
1173 2067 1262 2120 est
1293 2063 1385 2119 die
1413 2079 1521 2118 xxv
1553 2063 1899 2120 Novembris

229 2152 586 2224 MDCLXXI,
619 2155 874 2223 auctore,
910 2152 1064 2208 sicut
1105 2153 1520 2217 concessionis,
1552 2152 1634 2208 ita
1682 2154 1900 2224 pariter

233 2243 432 2315 hujus
460 2241 885 2313 translationis,
910 2241 1416 2298 Reverendissimo
1437 2245 1606 2296 Patre
1629 2241 1696 2296 D.
1719 2241 1900 2297 Theo-

235 2333 392 2389 doro
418 2329 647 2388 Baldini
677 2348 712 2387 a
732 2329 1048 2386 Castilione
1067 2330 1422 2395 Florentino,
1447 2331 1545 2401 qui
1581 2335 1719 2386 tunc
1751 2335 1895 2386 tem-

232 2421 409 2494 poris
460 2424 584 2476 erat
629 2420 820 2476 Abbas
871 2419 1168 2476 Generalis
1212 2419 1691 2492 Congregationis
1719 2418 1898 2475 Vallis

230 2511 568 2568 Umbrosse.
602 2509 794 2566 Verba
823 2514 1018 2565 autem
1050 2510 1264 2581 quibus
1315 2508 1376 2564 in
1428 2510 1629 2565 eodem
1670 2509 1818 2564 libro
1866 2526 1900 2565 a

230 2617 381 2672 pag.
409 2600 510 2654 137
543 2615 730 2670 usque
760 2599 831 2653 ad
861 2599 965 2653 145
994 2600 1243 2654 refertur
1271 2597 1611 2669 bujusmodi
1643 2597 1898 2654 transla-

228 2689 351 2753 tio,
368 2693 510 2743 sunt
530 2686 854 2758 sequentia.
877 2709 906 2736 ››
924 2687 1216 2743 Hactenus
1239 2691 1378 2742 sunt
1397 2687 1573 2742 verba
1592 2686 1812 2742 laudati
1829 2687 1895 2741 D.

234 2776 475 2848 Angeli,
498 2780 628 2846 post
657 2793 784 2847 quea
815 2775 979 2831 addit
1007 2793 1075 2832 ea
1107 2793 1234 2848 quae
1264 2781 1613 2847 sequuntur,
1644 2792 1714 2832 ex
1740 2775 1897 2831 Actis

236 2870 334 2920 Va
347 2865 751 2921 llumbrosanis
781 2865 1088 2936 desumpta.

309 2956 374 3010 2.
412 2978 442 3005 ‹‹
471 2955 666 3010 Rebus
691 2953 851 3009 hisce
873 2953 1198 3025 completis,
1224 2952 1513 3026 plenaque
1535 2954 1785 3025 partium
1812 2971 1902 3009 sa-

231 3043 586 3102 tisfactione
615 3043 886 3116 peractis,
918 3043 1344 3099 Serenissimus
1376 3061 1442 3098 ac
1472 3043 1898 3099 Reverendissi-

228 3151 383 3189 mus
435 3132 707 3204 princeps
765 3131 1108 3199 Cardinalis,
1165 3136 1457 3203 protector
1513 3137 1730 3201 noster,
1781 3149 1897 3187 non

227 3226 559 3280 contentus
577 3209 848 3294 magnam
871 3223 1253 3292 pecuniarum
1271 3223 1388 3276 vim
1411 3239 1514 3293 pro
1531 3220 1897 3278 solemnitate

227 3312 577 3384 peragenda
605 3326 896 3383 erogasse,
912 3311 1098 3382 jussit
1127 3309 1370 3382 insuper
1395 3315 1461 3365 ut
1490 3311 1612 3366 suis
1643 3311 1894 3383 sumpti-

227 3401 354 3455 bus
410 3403 533 3454 tota
585 3416 724 3455 crux
774 3403 1049 3472 argentea
1095 3397 1231 3464 tela,
1267 3415 1443 3470 quam
1477 3397 1694 3454 lamam
1723 3398 1895 3471 vulgo

223 3488 560 3562 appellant,
592 3489 1053 3548 convestiretur:
1086 3493 1304 3544 vestem
1338 3492 1535 3543 autem
1565 3488 1637 3542 ad
1672 3505 1893 3543 morem

223 3580 608 3648 Graecorum,
668 3577 855 3634 instar
911 3577 1134 3634 scilicet
1191 3577 1516 3633 dalmaticae
1576 3577 1894 3634 diaconalis

221 3667 462 3741 aptavit
500 3667 566 3722 D.
602 3667 1004 3723 Ferdinandus
1035 3667 1217 3722 Tacca
1250 3666 1546 3738 praefatus.
1582 3666 1749 3721 Mane
1781 3665 1894 3721 diei

218 3774 368 3814 xxiv
415 3756 782 3825 Novembris,
815 3756 1002 3828 pridie
1056 3772 1232 3826 quam
1277 3754 1559 3825 solemnis
1588 3755 1894 3812 translatio

223 3849 427 3915 ﬁeret,
464 3846 632 3901 Pater
652 3845 951 3900 Generalis
981 3861 1100 3900 una
1128 3861 1264 3899 cum
1294 3845 1448 3900 dicto
1479 3845 1543 3900 D.
1579 3845 1893 3902 architecto

221 3937 445 4002 Tacca,
481 3939 538 3990 et
586 3935 809 4006 aliquot
847 3950 914 3988 ex
944 3934 1158 3989 nostris
1189 3933 1456 4005 patribus
1486 3935 1556 3990 ad
1588 3933 1892 3990 ecclesiam

225 4027 290 4082 S.
327 4023 591 4080 Miniatis
623 4040 684 4079 se
735 4021 999 4090 contulit,
1032 4023 1232 4094 ibique
1261 4038 1518 4091 crucem,
1553 4024 1625 4078 ad
1677 4028 1890 4079 terram

223 4118 616 4187 prostratam,
645 4116 702 4168 et
722 4111 889 4167 alteri
910 4111 1122 4167 tabulae
1142 4112 1594 4184 superpositam,
1616 4118 1772 4168 veste
1794 4111 1895 4168 illa

1931 2836 1980 2900 B

2005 1529 2149 1596 nire,
2183 1530 2360 1585 etiam
2395 1531 2625 1587 fuerant
2652 1532 2899 1588 invitati.

2074 1617 2128 1673 3.
2165 1639 2192 1667 «
2215 1617 2466 1690 Vespere
2488 1620 2683 1692 itaque
2703 1622 2968 1692 ejusdem
2991 1622 3105 1678 diei
3129 1622 3334 1680 Martis
3358 1641 3511 1692 xxxv,
3536 1625 3647 1681 sub

2005 1705 2259 1777 primam
2288 1707 2474 1763 noctis
2506 1708 2733 1776 horam,
2754 1714 2955 1780 aperta
2985 1711 3056 1766 de
3087 1713 3363 1769 mandato
3391 1713 3651 1769 Serenis-

2007 1793 2142 1849 simi
2174 1799 2340 1865 porta
2369 1796 2437 1850 ad
2471 1797 2528 1852 S.
2564 1797 2882 1865 Miniatem,
2917 1800 3194 1871 praefatus
3219 1803 3652 1858 Reverendissi-

2006 1900 2139 1940 mus
2170 1884 2358 1950 Pater,
2391 1886 2712 1958 assumptis
2742 1904 2940 1944 secum
2973 1888 3198 1960 aliquot
3227 1907 3293 1946 ex
3337 1891 3654 1947 sacerdoti-

2005 1973 2116 2028 bus
2139 1975 2378 2041 nostris,
2401 1976 2471 2030 ad
2497 1975 2800 2032 ecclesiam
2827 1979 2880 2032 S.
2906 1977 3160 2035 Miniatis
3183 1980 3454 2051 perrexit,
3478 1985 3653 2052 atque

2003 2061 2159 2132 inde,
2183 2064 2253 2118 ad
2278 2065 2646 2135 praesentiam
2665 2067 2681 2120 Ι
2689 2065 3054 2124 llustrissimi
3070 2067 3652 2140 DominiUgoccionis

2008 2151 2290 2222 praedicti,
2313 2152 2557 2208 abstulit
2582 2161 3014 2211 sacrosanctam
3036 2156 3355 2228 imaginem
3378 2157 3462 2213 sic
3483 2159 3653 2214 vesti-

2007 2243 2150 2307 tam,
2175 2256 2422 2312 eamque
2443 2243 2601 2297 omni
2638 2243 2843 2313 majori
2868 2243 3260 2312 veneratione,
3282 2246 3654 2316 praecedenti-

2007 2329 2121 2384 bus
2173 2328 2396 2400 aliquot
2447 2331 2841 2387 confratribus
2889 2333 3185 2388 societatis
3231 2323 3288 2388 Β.
3323 2333 3527 2390 lsidori
3581 2335 3653 2392 de

2008 2417 2255 2472 Planitie
2289 2418 2592 2490 Ripulensi
2625 2436 2758 2474 cum
2792 2421 2975 2476 cereis
3019 2421 3243 2476 facibus
3287 2423 3549 2478 accensis
3599 2427 3656 2479 et

2009 2507 2233 2579 aliquot
2249 2507 2766 2582 ballistariis,quos
2782 2509 2953 2582 vulgo
2972 2510 3409 2566 bombarderios
3426 2516 3656 2582 vocant,

2009 2601 2202 2669 patres
2226 2598 2507 2670 praedicti,
2529 2616 2769 2655 manum
2793 2600 3139 2655 admovente
3160 2600 3362 2655 eodem
3377 2600 3656 2656 Reveren-

2010 2687 2276 2754 dissimo,
2301 2688 2374 2742 ad
2403 2687 2710 2744 ecclesiam
2741 2688 2800 2744 S.
2833 2688 3052 2744 Nicolai
3083 2688 3416 2760 praedictam
3452 2707 3654 2762 aspor-

2011 2781 2228 2847 tarunt,
2277 2777 2433 2831 unde
2485 2793 2657 2832 mane
2706 2776 2817 2832 diei
2868 2777 3168 2848 sequentis
3219 2778 3484 2834 facienda
3531 2782 3656 2834 erat

2007 2864 2288 2920 solemnis
2320 2865 2624 2922 translatio
2654 2865 2918 2936 ejusdem
2950 2866 3225 2939 imaginis
3263 2867 3334 2922 ad
3385 2871 3649 2923 nostram

2005 2953 2512 3011 Vallumbrosanis
2544 2955 2872 3028 desumpta.
3186 3010 3188 3013 .

2079 3044 2130 3097 4.
2165 3066 2192 3093 ‹‹
2223 3043 2373 3098 Dum
2406 3043 2746 3114 bujusmodi
2777 3045 3000 3116 privata
3027 3045 3335 3101 translatio
3367 3049 3654 3102 nocturno

2005 3135 2266 3204 tempore
2306 3132 2489 3196 ﬁeret,
2523 3137 2721 3188 Patres
2752 3132 3008 3189 Minores
3036 3137 3092 3187 S.
3127 3133 3420 3191 Francisci
3449 3135 3521 3190 de
3551 3135 3662 3190 ob-

2006 3221 2316 3287 servantia,
2349 3225 2671 3276 conventus
2703 3221 2762 3275 S.
2796 3221 3088 3276 Francisci
3129 3222 3200 3276 ad
3245 3225 3526 3287 montem,
3561 3239 3654 3277 so-

2004 3309 2184 3366 lemni
2217 3325 2634 3380 campanarum
2669 3309 3018 3380 pulsatione,
3052 3313 3109 3362 et
3149 3309 3656 3379 genuﬂexionibus

2004 3404 2167 3454 extra
2198 3402 2551 3454 conventum
2596 3396 2836 3469 egressi,
2870 3413 3099 3452 sacram
3149 3396 3464 3468 imaginem
3516 3402 3656 3453 sunt

2001 3487 2279 3544 venerati.
2314 3487 2425 3542 Sed
2457 3487 2512 3540 id
2559 3486 2737 3541 etiam
2767 3485 3000 3542 silentio
3030 3487 3499 3556 praetereundum
3533 3504 3648 3543 non

2003 3581 2093 3632 est
2139 3576 2315 3647 quod,
2358 3573 2613 3641 tametsi,
2647 3590 2968 3630 concursus
2999 3574 3218 3629 vitandi
3251 3574 3470 3645 studio,
3503 3579 3650 3631 tem-

2002 3682 2113 3737 pus
2143 3669 2495 3720 nocturnum
2526 3680 2624 3734 pro
2646 3662 2988 3734 bujusmodi
3013 3662 3392 3718 translatione
3423 3665 3649 3735 privata

2002 3753 2250 3809 electum
2277 3751 2712 3824 consultissima
2745 3751 2937 3818 fuerit,
2965 3752 3086 3807 fieri
3121 3751 3507 3807 nihilominus
3539 3768 3655 3807 non

2003 3842 2193 3916 potuit
2210 3858 2325 3913 quo
2348 3840 2546 3896 minus
2564 3840 2977 3896 devotissimus
3001 3840 3253 3913 populus
3273 3841 3342 3896 ad
3359 3839 3656 3896 Christum

2003 3935 2450 4005 praetereuntem
2480 3929 2787 3986 turmatim
2821 3935 3148 3985 accurreret
3194 3945 3225 3985 e
3271 3928 3654 3985 vicinioribus

2000 4022 2165 4086 vicis,
2189 4027 2244 4076 et
2265 4037 2295 4076 e
2318 4019 2587 4075 fenestris
2609 4018 2806 4086 etiam,
2832 4035 2978 4090 quas
2999 4018 3373 4090 lampadibus
3399 4023 3457 4073 et
3475 4017 3664 4074 lucer-

2004 4110 2095 4166 nis
2126 4108 2620 4173 illuminaverant,
2643 4107 3052 4179 copiosissima
3080 4110 3204 4162 tum
3237 4106 3498 4162 virorum
3530 4112 3657 4162 tum

220 4203 494 4271 vestivit,
525 4203 724 4274 ibique
757 4217 824 4258 eo
857 4201 1029 4257 modo
1063 4204 1322 4272 aptatam
1353 4199 1608 4272 reliquit,
1631 4218 1890 4256 commo-
1922 4205 1964 4272 C
2005 4199 2318 4254 mulierum
2344 4197 2658 4252 multitudo
2676 4213 2902 4253 sacram
2925 4195 3242 4269 imaginem
3260 4200 3657 4253 veneraretur.

221 4293 386 4349 diori
417 4296 688 4363 tempore
716 4291 1132 4363 asportandam
1160 4291 1230 4346 ad
1265 4289 1565 4346 ecclesiam
1592 4290 1649 4345 S.
1672 4289 1891 4346 Nicolai

219 4382 390 4437 ultra
415 4382 642 4435 Arnum
675 4381 830 4435 intra
867 4379 1242 4447 Florentiam,
1277 4380 1446 4450 cujus
1490 4379 1745 4435 ecclesias
1795 4395 1890 4435 re-

216 4476 352 4527 ctor
380 4470 510 4540 jam
540 4487 575 4526 a
594 4469 981 4525 Serenissimo
1013 4473 1071 4524 et
1094 4467 1599 4525 Reverendissimo
1630 4468 1891 4540 principe

214 4559 528 4618 Cardinali
577 4563 901 4631 protectore
943 4559 1152 4629 jussus
1206 4558 1395 4613 fuerat
1451 4561 1516 4612 ut
1571 4558 1644 4613 ad
1707 4559 1890 4614 nostri

215 4649 421 4705 Patris
453 4648 754 4704 Generalis
785 4651 998 4703 nutum
1039 4647 1358 4718 imaginem
1409 4647 1621 4702 dictam
1674 4646 1890 4718 recipe-

223 4742 338 4804 ret,
377 4736 689 4809 nobisque,
734 4737 834 4792 ubi
885 4736 1204 4792 necessitas
1254 4734 1597 4807 postularet,
1651 4752 1891 4791 manum

225 4827 544 4898 praeberet.
578 4831 805 4882 Interea
850 4827 920 4881 de
969 4826 1239 4880 mandato
1283 4825 1653 4880 Serenissimi
1696 4825 1895 4898 magni

227 4916 441 4982 Ducis,
475 4920 534 4970 et
581 4932 649 4971 ex
697 4914 1084 4986 permissione
1133 4915 1392 4985 supremi
1426 4913 1894 4971 consiliariorum

230 5010 507 5071 senatus,
535 5022 638 5076 per
667 5004 931 5076 publicos
963 5003 1212 5058 civitatis
1241 5020 1532 5074 praecones
1559 5020 1772 5076 pompa
1802 5021 1892 5060 so-

230 5091 614 5148 lemnissima
629 5092 885 5147 edictum
905 5096 992 5147 est
1007 5091 1254 5161 hujusce
1271 5091 1550 5148 solemnis
1569 5092 1896 5148 translatio-

234 5182 332 5237 nis
354 5183 571 5237 festum
603 5181 663 5236 in
697 5185 1037 5252 sequentem
1071 5180 1224 5236 diem
1256 5198 1384 5247 xxv,
1410 5181 1562 5236 datis
1584 5182 1758 5237 etiam
1792 5199 1894 5254 pro

233 5271 446 5324 eadem
479 5271 573 5326 die
611 5270 867 5326 induciis
897 5269 1071 5326 etiam
1105 5269 1468 5325 debitoribus
1499 5287 1740 5326 camerze
1789 5273 1895 5327 du-

234 5358 370 5414 cali.
397 5359 631 5415 Pridem
655 5359 829 5415 etiam
862 5357 1160 5415 schedulis
1187 5359 1258 5413 ad
1291 5359 1671 5415 ecclesiarum
1702 5360 1897 5418 valvas

233 5453 294 5503 et
308 5446 540 5520 reliqua
557 5448 794 5522 publica
812 5449 975 5504 urbis
991 5447 1118 5503 loca
1131 5448 1322 5504 afﬁxis
1341 5447 1596 5520 populus
1612 5449 1897 5507 invitatus

231 5540 382 5606 erat,
404 5542 463 5594 et
495 5555 701 5595 omnes
730 5538 840 5614 viri
869 5537 1120 5606 nobiles,
1149 5537 1302 5593 datis
1333 5537 1405 5592 ad
1439 5553 1537 5593 eos
1567 5535 1799 5612 litteris,
1834 5544 1899 5595 ut

2004 4288 2114 4344 Sed
2135 4287 2273 4342 heu!
2298 4291 2442 4358 quot
2462 4286 2750 4357 lacrymre,
2765 4289 2909 4356 quot
2931 4285 3184 4357 suspiria
3199 4301 3230 4341 e
3249 4285 3435 4341 devoti
3458 4285 3659 4358 populi

1999 4377 2274 4433 cordibus
2291 4374 2706 4447 erumpebant!
2728 4374 2983 4438 Quodvis
3000 4375 3089 4430 vel
3107 4377 3323 4430 durum
3343 4374 3662 4446 dirumque

1999 4483 2097 4522 cor
2113 4465 2401 4534 ejusmodi
2421 4463 2612 4519 cordis
2631 4463 2866 4518 contriti
2883 4463 3214 4519 certissima
3235 4463 3574 4518 testimonia
3597 4462 3658 4516 in

2001 4553 2462 4611 ferventissimae
2508 4553 2796 4625 lacrymas
2840 4551 3125 4607 resolvere
3152 4550 3497 4606 valuissent.
3533 4550 3657 4605 Imo

2000 4644 2173 4699 etiam
2200 4641 2584 4698 subauditum
2603 4646 2692 4696 est
2711 4639 3148 4711 quamplurima
3167 4638 3511 4693 monialium
3535 4653 3657 4692 mo-

2005 4732 2279 4800 nasteria,
2313 4731 2466 4801 apud
2499 4746 2646 4799 quas
2678 4728 3019 4799 bujusmodi
3065 4726 3468 4782 translationis
3498 4727 3658 4783 fama

2003 4824 2365 4894 pervenerat,
2385 4835 2620 4875 summa
2644 4818 2856 4895 domus
2883 4817 3116 4890 fastigia
3135 4817 3570 4884 conscendisse,
3589 4824 3659 4872 ut

2003 4911 2086 4966 sic
2116 4910 2204 4966 vel
2258 4926 2288 4964 e
2334 4908 2654 4980 longinquo
2702 4923 2769 4962 ex
2815 4907 3042 4962 intimis
3074 4904 3406 4978 praecordiis
3438 4921 3658 4978 sponso

2003 5000 2224 5056 cmlesti
2255 4996 2577 5054 devotionis
2607 4996 2890 5069 obsequia
2919 4997 3281 5053 exhiberent.

2071 5091 2123 5146 5.
2161 5113 2186 5140 «
2219 5088 2413 5144 Placet
2433 5087 2611 5143 etiam
2634 5087 2727 5142 hic
2753 5086 2967 5141 litteris
2996 5085 3341 5156 consignare
3365 5083 3664 5155 specialis-

2004 5179 2219 5236 simum
2247 5177 2523 5241 favorem,
2547 5192 2723 5247 quem
2751 5175 3198 5230 Illustrissimus
3220 5178 3278 5229 et
3299 5173 3433 5228 Rev.
3465 5172 3664 5228 Domi-

2006 5285 2118 5324 nus
2139 5268 2205 5322 D.
2233 5266 2581 5320 Franciscus
2603 5263 2854 5334 Nerlius,
2881 5263 3354 5334 archiepiscopus
3379 5261 3660 5318 Florenti-

2006 5375 2139 5422 nus,
2173 5356 2245 5411 ad
2278 5354 2622 5410 instantiam
2655 5351 3047 5408 Illustrissimi
3080 5355 3136 5406 et
3166 5355 3301 5407 Rev.
3335 5349 3568 5406 Domini
3590 5350 3660 5408 D.

2005 5444 2262 5518 Philippi
2295 5443 2577 5510 Soldanii,
2611 5442 2953 5497 Fesularum
2987 5439 3265 5513 episcopi,
3299 5443 3355 5496 et
3395 5440 3658 5496 Serenis-

2006 5535 2142 5596 simi
2181 5552 2248 5592 ac
2280 5530 2764 5591 Reverendissimi
2795 5530 3085 5604 Principis
3112 5527 3436 5588 Gardinalis
3466 5533 3660 5610 prote-
