3998 6146
418 261 534 321 963

1473 254 1535 311 s.
1583 253 1909 313 JOANNIS
1948 226 2399 314 wGUALBER'I‘I
2446 251 2781 312 ABBATIS
2980 277 2984 279 λ
3653 258 3745 318 964

419 392 594 447 ctoris
638 390 810 457 nosti,
844 388 1149 452 auditoris,
1182 403 1247 442 ac
1278 387 1349 441 de
1379 385 1833 458 Congregatione
1865 388 2066 439 nostra
2096 386 2147 450 Α
2179 384 2452 439 nasteriis
2473 388 2884 454 convenerunt,
2911 387 2976 439 ut
2996 384 3053 438 in
3084 382 3312 455 longius
3333 400 3497 455 quam
3518 385 3623 440 ﬁeri
3642 404 3745 459 pos-

418 480 635 551 optime
670 477 881 543 meriti,
907 476 1077 532 nobis
1110 474 1445 546 impertitus
1466 478 1574 529 est.
1598 474 1741 528 Nam
1766 490 1899 528 cum
1923 490 2066 528 con-

418 570 739 624 sideratum
763 566 954 633 fuerit,
979 565 1037 620 in
1063 564 1357 637 insignem
1385 563 1775 620 solemnitatis
1797 563 2063 618 decorem

418 674 747 721 cessurum,
778 655 828 710 si
872 656 1136 721 abbates,
1171 654 1270 725 qui
1305 652 1658 724 processioni
1693 652 2062 718 interessent,

418 746 591 801 mitra
612 749 936 815 uterentur,
954 743 1354 815 placueritque
1378 742 1717 813 hujusmodi
1741 741 2069 797 considera-

417 836 494 891 tio
549 840 611 889 Ι).
663 833 954 890 Cardinali
1006 832 1337 905 protectori,
1371 837 1427 887 et
1466 830 1739 902 praedicto
1770 831 2065 903 episcopo,

415 924 757 981 Celsitudini
812 941 929 979 suae
978 922 1496 978 Reverendissimaa
1527 920 1801 985 auditori,
1833 920 2070 991 scripsit

414 1013 511 1069 hic
541 1030 610 1069 ea
656 1014 727 1068 de
779 1029 839 1067 re
869 1013 1114 1066 Romam
1147 1012 1215 1065 ad
1252 1012 1556 1081 praefatum
1592 1008 2065 1064 Illustrissimum

418 1102 945 1174 archiepiscopum,
972 1101 1093 1171 qui,
1120 1101 1187 1154 ad
1222 1101 1346 1169 ejus
1372 1099 1809 1155 efﬁcacissimas
1842 1099 2066 1154 instan-

416 1190 528 1246 tias
550 1190 888 1255 inclinatus,
904 1189 1172 1261 permisit
1192 1188 1527 1255 abbatibus,
1542 1187 1898 1258 processioni
1921 1204 2064 1258 pras-

418 1280 584 1334 dictac
616 1277 1001 1348 interfuturis,
1036 1278 1221 1333 mitrae
1255 1294 1427 1332 usum
1457 1302 1470 1344 ;
1520 1281 1695 1348 atque
1727 1275 2065 1347 hujusmodi

417 1366 822 1440 permissionis
844 1365 1069 1436 litteras,
1086 1367 1157 1421 ab
1181 1365 1617 1437 archiepiscopo
1637 1367 1703 1420 ad
1724 1365 2064 1437 episcopum

418 1458 586 1522 datae,
622 1450 971 1511 Florentiam
1003 1456 1206 1511 eadem
1237 1456 1330 1510 die
1371 1472 1506 1509 xxxv
1551 1471 1585 1508 a
1633 1453 1937 1509 tabellario
1966 1454 2065 1509 Ja-

418 1545 627 1601 nuensi
650 1543 853 1600 delatas
880 1548 1040 1611 sunt,
1056 1548 1111 1599 et
1132 1544 1203 1599 ab
1228 1543 1633 1599 Illustrissimo
1653 1543 1925 1615 episcopo
1946 1546 2066 1597 sta-

416 1634 524 1689 tim
546 1633 811 1690 Generali
844 1636 1044 1689 nostro
1079 1631 1456 1704 participatis,
1485 1632 1587 1704 qui
1618 1648 1853 1687 summa
1884 1630 2067 1686 animi

419 1723 801 1779 exsultatione
822 1722 1114 1825 ejusmodi
1138 1722 1413 1821 nuntium
1436 1722 1679 1794 excepit,
1695 1720 2065 1793 atquePatri-
2095 1761 2142 1825 Β

419 1812 532 1868 bus
562 1812 838 1867 omnibus
878 1809 1213 1882 publicavit.

491 1902 545 1957 6.
571 1923 598 1950 «
618 1900 725 1955 Ubi
745 1904 1117 1956 sacrosancta
1134 1900 1326 1971 imago
1344 1900 1403 1953 in
1425 1899 1756 1970 praedictam
1773 1900 1831 1955 S.
1846 1898 2066 1954 Nicolai

420 1988 727 2045 ecclesiam
767 1987 959 2043 delata
1006 1988 1134 2055 fuit,
1166 1992 1256 2043 est
1307 1987 1587 2043 collocata
1638 2005 1813 2059 super
1858 1988 2068 2043 thensa

421 2078 636 2133 ibidem
661 2082 885 2149 parata,
909 2082 1081 2149 atque
1106 2081 1303 2147 aptata
1323 2076 1383 2131 in
1406 2077 1644 2131 modum
1674 2076 1805 2131 lecti
1828 2075 2069 2149 portati-

422 2165 514 2233 lis,
549 2165 813 2238 apposito
870 2165 1121 2236 desuper
1171 2180 1423 2237 conopeo
1464 2164 1887 2236 pretiosissima
1917 2164 2070 2219 circa

421 2254 625 2321 latera,
657 2258 714 2309 et
761 2253 1136 2335 in_anteriori
1165 2260 1330 2325 parte
1361 2259 1583 2325 aperto,
1614 2260 1679 2309 ut
1710 2270 1876 2309 sacra
1906 2271 2069 2319 crux,

421 2345 584 2399 intus
605 2348 816 2410 erecta,
832 2348 1031 2414 posset
1051 2360 1085 2398 a
1106 2343 1320 2415 populo
1338 2343 1620 2414 conspici,
1636 2344 1775 2398 dum
1803 2341 2069 2414 sequenti

422 2448 595 2487 mane
624 2431 964 2486 solemniter
992 2432 1335 2487 deferretur.
1365 2432 1569 2487 Totam
1611 2437 1806 2487 autem
1840 2437 2067 2487 noctem

420 2520 581 2576 illam
608 2524 879 2575 arserunt
898 2521 1046 2575 cerei
1079 2520 1234 2575 circa
1263 2520 1601 2591 imaginem,
1627 2522 1697 2575 ad
1731 2521 1900 2591 cujus
1930 2521 2068 2575 item

421 2608 745 2664 custodiam
771 2614 1023 2680 quatuor
1051 2609 1130 2664 ibi
1165 2608 1347 2663 relicti
1378 2608 1611 2663 fuerant
1641 2610 1972 2665 sacerdotes
2002 2625 2071 2663 ex

425 2697 661 2764 nostris,
686 2714 821 2753 cum
850 2697 1090 2753 totidem
1128 2697 1486 2753 ballistariis.
1508 2698 1637 2753 Jam
1663 2702 1857 2753 autem
1881 2698 1951 2752 ad
1976 2714 2068 2752 so-

426 2787 678 2842 lemnem
711 2787 1139 2858 processionem
1174 2787 1534 2842 devenimus.

493 2877 547 2930 7.
589 2897 610 2926 ι
646 2876 813 2931 Mane
844 2876 1041 2946 itaque
1063 2875 1176 2929 diei
1207 2893 1335 2945 xxv,
1362 2875 1503 2931 hora
1533 2893 1626 2944 xv,
1652 2876 1709 2930 in
1741 2893 1917 2947 quam
1951 2879 2069 2930 sta-

425 2968 554 3019 tuta
600 2969 724 3019 erat
779 2964 1093 3034 processio,
1146 2964 1522 3019 serenissimo
1574 2963 1808 3035 quidem
1868 2969 2073 3037 praeter

424 3069 591 3124 spem
616 3051 778 3121 coelo,
802 3052 902 3107 sed
934 3051 1314 3123 gelidissimo,
1339 3052 1879 3108 Reverendissimus
1904 3056 2074 3108 Pater

2175 477 2281 543 set,
2316 475 2724 529 extenderetur
2754 473 3065 546 processio.
3099 474 3465 528 lnvitavimus
3491 491 3607 530 vero
3636 494 3745 548 pra».-

2175 562 2361 618 dictos
2390 563 2707 619 monachos
2729 563 3105 619 Cassinenses
3131 566 3187 617 et
3210 561 3369 627 alios,
3396 563 3524 633 quia
3542 564 3745 622 similem

2176 656 2408 722 gestant
2429 657 2640 707 nostra;
2662 652 2985 719 cucullam;
3014 668 3119 707 nec
3139 652 3292 707 enim
3318 650 3499 706 livraeo
3525 654 3748 726 varioque

2176 741 2392 795 amictu
2444 741 2768 796 faciendam
2814 741 3089 796 duximus
3120 740 3551 811 processionem,
3582 742 3678 797 fore
3700 748 3749 798 ut

2177 831 2364 902 magis
2410 829 2661 902 placeret
2710 836 2766 886 et
2813 832 3001 902 magis
3047 834 3389 901 congrueret
3418 829 3746 899 uniformitas,

2176 919 2461 974 arbitrati.

2243 1008 2298 1061 9.
2335 1028 2363 1056 ‹‹
2393 1012 2535 1062 Dato
2558 1008 2753 1078 itaque
2775 1007 3160 1078 processionis
3181 1007 3347 1078 signo
3374 1007 3442 1062 ad
3463 1024 3547 1063 xw
3566 1006 3746 1077 horam,

2174 1097 2284 1153 hoc
2314 1096 2516 1153 ordine
2545 1104 2799 1169 cceptum
2829 1101 2935 1153 est.
2958 1097 3154 1151 Primo
3185 1113 3253 1151 ex
3274 1096 3509 1152 ecclesia
3535 1098 3750 1168 pradicta

2176 1186 2234 1243 S.
2287 1186 2569 1258 Gregorii,
2603 1186 2703 1242 ubi
2754 1186 3030 1242 adunatio
3082 1186 3234 1241 facta
3289 1186 3487 1249 fuerat,
3532 1185 3751 1243 discessit

2174 1274 2445 1330 vexillum
2471 1276 2528 1330 S.
2554 1274 2878 1340 Trinitatis,
2904 1280 3033 1346 post
3053 1274 3209 1345 quod
3240 1274 3572 1330 incedebant
3596 1292 3752 1331 omnes

2178 1364 2435 1436 praedicti
2470 1364 2739 1420 monachi
2770 1381 2902 1420 cum
2935 1366 3056 1419 face
3087 1380 3251 1419 cerea
3282 1363 3492 1419 Veneta
3518 1380 3747 1419 accensa:

2177 1453 2370 1509 media
2399 1454 2636 1524 quidem
2688 1454 2780 1510 via
2820 1454 3167 1509 incedebant
3198 1451 3320 1507 bini
3350 1470 3363 1520 ;
3394 1469 3487 1508 eos
3532 1457 3691 1508 autem
3731 1470 3754 1507 a

2177 1543 2396 1598 dextris
2426 1548 2484 1598 et
2514 1560 2547 1597 a
2586 1542 2842 1599 sinistris
2867 1542 3303 1600 comitabantur
3331 1541 3523 1597 famuli
3550 1541 3752 1597 virorum

2179 1631 2463 1687 nobilium
2490 1631 2631 1687 item
2654 1647 2787 1687 cum
2812 1646 2975 1687 cerea
2995 1630 3120 1686 face
3139 1646 3405 1687 accensa.
3429 1630 3588 1686 Faces
3606 1633 3753 1686 autem

2176 1737 2434 1777 accensae
2475 1726 2601 1776 tum
2639 1720 3060 1777 monachorum
3089 1722 3217 1775 tum
3247 1720 3532 1776 dictorum
3556 1718 3755 1774 famulo-

2177 1828 2308 1866 rum
2340 1815 2397 1865 et
2425 1809 2673 1866 aliorum
2703 1809 3070 1866 saacularium
3101 1814 3275 1865 erant
3306 1825 3537 1866 numero
3580 1809 3756 1865 circiter

2175 1900 2267 1955 bis
2298 1898 2475 1955 mille.

2252 1990 2334 2042 10.
2365 2011 2393 2038 ‹‹
2417 1988 2711 2044 Processio
2730 1992 2922 2044 autem
2943 1989 3026 2044 sic
3043 1988 3318 2044 ordinata
3333 2005 3400 2044 ex
3414 1987 3559 2044 dicta
3569 1986 3759 2044 ecclesia

2177 2081 2233 2131 S.
2267 2076 2526 2149 Gregorii
2578 2076 2866 2132 transibat
2914 2082 3049 2132 ante
3095 2076 3407 2134 ecclesiam
3453 2082 3506 2131 Β.
3551 2076 3756 2141 Nicolai;

2179 2166 2527 2237 procedebat
2554 2183 2687 2221 vero
2714 2182 2817 2236 per
2842 2165 2997 2221 viam
3029 2183 3207 2238 quam
3238 2166 3443 2221 dicunt
3460 2164 3756 2221 Fundacium

2178 2255 2234 2309 S.
2262 2254 2509 2322 Nicolai;
2535 2255 2670 2310 inde
2692 2259 2885 2310 autem
2910 2272 3013 2327 per
3041 2255 3195 2310 viam
3222 2255 3537 2311 Bardorum
3557 2251 3759 2326 pervenit

2179 2345 2250 2398 ad
2286 2344 2525 2399 Pontem
2556 2349 2807 2399 veterem
2855 2349 2914 2399 et
2962 2345 3033 2399 ad
3088 2344 3424 2400 columnam
3462 2349 3515 2399 et
3559 2344 3757 2415 plateam

2178 2432 2237 2487 S.
2253 2432 2585 2503 Felicitatis,
2607 2433 2704 2487 ubi
2726 2437 2890 2488 erant
2912 2433 3224 2488 duodecim
3250 2431 3441 2489 clerici
3462 2431 3606 2487 dictae
3624 2428 3760 2485 eccle-

2180 2522 2276 2576 sias
2297 2537 2431 2576 cum
2462 2521 2643 2577 cereis
2666 2522 2890 2577 facibus
2920 2521 3200 2587 accensis,
3228 2523 3352 2593 qui,
3375 2522 3537 2593 jussu
3562 2518 3757 2574 domina

2180 2610 2486 2665 abbatissae
2511 2612 2776 2679 ejusdem
2802 2610 3139 2666 monasterii
3172 2616 3231 2665 et
3252 2610 3500 2667 ecclesia
3527 2610 3578 2665 S.
3601 2604 3753 2663 Felici-

2178 2698 2333 2764 tatis,
2368 2704 2699 2770 exspectata
2725 2698 2981 2771 imagine
3012 2716 3199 2765 sacra,
3236 2716 3366 2755 eam
3396 2704 3526 2754 sunt
3551 2693 3756 2752 comitati

2181 2804 2367 2859 usque
2396 2788 2552 2843 intra
2582 2787 2887 2843 ecclesiam
2921 2794 3203 2844 nostram.
3235 2791 3283 2843 A
3312 2788 3461 2843 dicto
3492 2786 3600 2842 loco
3618 2784 3665 2839 S.
3684 2783 3757 2838 Fe-

2180 2876 2417 2931 licitatis
2450 2894 2551 2948 per
2568 2877 2719 2931 viam
2744 2877 3294 2935 Guicciardinorum
3322 2876 3565 2948 pervenit
3583 2887 3757 2946 proces-

2180 2964 2266 3020 sio
2298 2966 2369 3019 ad
2401 2964 2652 3037 plateam
2694 2971 2750 3021 et
2798 2965 3077 3039 palatium
3114 2967 3419 3036 Pittorum,
3452 2962 3758 3020 residentiam

2181 3054 2548 3109 Serenissimi
2570 3055 2764 3127 magni
2788 3054 2957 3110 Ducis
2980 3060 3037 3110 et
3054 3054 3414 3126 reliquorum
3434 3049 3758 3109 Serenissima

418 3139 727 3197 Generalis
745 3157 875 3196 cum
896 3140 1119 3212 aliquot
1140 3140 1467 3197 senioribus
1482 3141 1751 3197 Patribus
1771 3141 2073 3214 ingressus
2104 3130 2147 3196 C
2186 3143 2416 3198 Medicae
2448 3143 2681 3198 familia:
2714 3143 3043 3215 principum
3074 3149 3132 3199 et
3161 3144 3301 3199 inde
3332 3144 3399 3200 ad
3442 3140 3697 3198 ecclesiam
3720 3140 3761 3191 et

427 3234 517 3287 est
544 3229 849 3286 ecclesiam
880 3230 935 3285 S.
960 3228 1176 3286 Nicolai
1208 3230 1565 3301 praedictam,
1590 3230 1650 3285 in
1681 3248 1797 3302 qua
1825 3236 1950 3286 erat
1978 3247 2067 3285 sa-

427 3335 591 3375 crum
614 3317 967 3390 depositum,
994 3334 1178 3384 eoque
1200 3318 1390 3374 delata
1410 3325 1753 3391 paramenta
1777 3336 1942 3375 sacra
1969 3335 2071 3390 pro

427 3408 737 3463 abbatibus
756 3412 809 3462 et
832 3408 1380 3477 ministrisjubebat
1396 3409 1601 3480 excipi,
1618 3414 1674 3463 et
1694 3409 1750 3463 in
1768 3408 2068 3464 ecclesiam

426 3496 716 3551 introduci
747 3514 781 3551 a
810 3496 1173 3567 ballistariis,
1197 3498 1296 3568 qui
1328 3502 1469 3552 tunc
1489 3498 1768 3567 temporis
1801 3515 1916 3551 una
1937 3514 2070 3553 cum

427 3585 629 3640 multis
655 3585 930 3642 Helvetiis
960 3586 1247 3641 militibus
1269 3585 1523 3640 ecclesia:
1556 3590 1751 3657 portas
1783 3586 2071 3640 custodie-

426 3674 591 3743 bant,
616 3690 688 3729 ne
719 3673 1228 3746 frequentissimus
1262 3674 1533 3745 populus,
1562 3690 1628 3728 eo
1658 3690 1957 3744 accurens,
1990 3675 2068 3728 ir-

427 3767 639 3818 rueret.
666 3762 889 3818 Placuit
912 3762 1085 3817 etiam
1115 3761 1500 3817 Serenissimo
1527 3768 1586 3816 υ.
1617 3762 1905 3817 Cardinali
1940 3779 2068 3833 pro-

424 3852 648 3921 tectori,
684 3855 749 3906 ut
778 3851 915 3906 huic
945 3850 1219 3918 ecclesias,
1246 3854 1373 3904 tum
1404 3849 1658 3905 ecclesiae
1690 3852 1747 3905 S.
1771 3850 2070 3907 Trinitatis

426 3940 708 4011 (inquam
740 3938 885 3995 nulli
909 3944 1042 3994 ante
1063 3939 1492 4009 processionem
1527 3939 1716 4010 patuit
1746 3939 2069 4011 ingressus)

426 4028 770 4082 assisterent
793 4026 1184 4081 lllustrissimi
1205 4026 1431 4080 Domini
1449 4026 1792 4082 Franciscus
1816 4028 1997 4083 Maria
2016 4034 2071 4084 et

424 4114 662 4169 Carolus
682 4114 943 4169 Ventura
963 4113 1063 4168 Del
1087 4114 1256 4179 Nero,
1282 4114 1487 4169 fratres
1517 4115 1781 4186 germani
1802 4133 1869 4171 ex
1900 4116 2066 4171 baro-

423 4203 601 4257 nibus
616 4201 924 4256 Porciliani
936 4206 1011 4269 ,et
1026 4200 1403 4257 Celsitudinis
1421 4220 1539 4258 suis
1553 4204 2068 4261 Reverendissimaa

423 4288 760 4357 familiares,
785 4291 892 4345 viri
912 4290 1267 4346 nobilissimi
1289 4308 1449 4357 sane,
1474 4297 1531 4348 et
1558 4308 1837 4365 perquam
1862 4294 2067 4350 buma-

423 4376 674 4446 nissimi,
702 4378 1146 4435 Illustrissimus
1172 4379 1409 4451 quidem
1435 4386 1496 4435 D.
1522 4381 1866 4438 Franciscus
1889 4382 2069 4437 Maria

2182 3231 2607 3287 monasterium
2640 3231 2983 3287 monialium
3032 3236 3088 3286 S.
3142 3232 3301 3288 Petri
3353 3230 3621 3304 martyris,
3647 3225 3759 3283 unde

2181 3322 2419 3375 tandem
2452 3335 2556 3391 per
2581 3321 2733 3375 viam
2765 3320 2898 3374 Maii
2925 3320 3188 3391 pervenit
3221 3321 3298 3377 ad
3330 3325 3551 3393 pontem
3579 3322 3627 3373 et
3647 3316 3761 3370 intra

2181 3407 2483 3464 ecclesiam
2517 3409 2575 3463 S.
2609 3409 2933 3464 Trinitatis.
3252 3420 3261 3435 ’

2252 3499 2337 3552 11.
2361 3519 2389 3548 ‹‹
2407 3496 2519 3552 Sed
2537 3498 2860 3552 notandum
2880 3498 3035 3569 quod
3054 3498 3396 3555 immediate
3412 3501 3533 3571 post
3545 3491 3758 3551 vexillum

2179 3591 2236 3641 et
2267 3590 2400 3640 ante
2432 3585 2750 3641 monachos
2781 3586 3086 3641 incedebat
3115 3587 3369 3643 societas
3397 3591 3451 3640 S.
3475 3583 3669 3647 Isidori,
3688 3593 3757 3633 su-

2180 3674 2377 3746 perius
2410 3673 2727 3741 nominata,
2762 3690 2939 3745 quam
2972 3675 3466 3745 commponebant
3492 3666 3687 3727 ducenti
3717 3667 3759 3719 et

2177 3763 2422 3835 triginta
2466 3763 2786 3818 confratres
2834 3778 3037 3818 omnes
3081 3763 3417 3819 discalceati
3465 3762 3545 3833 (ut
3571 3774 3675 3813 mos
3695 3755 3759 3808 est

2178 3869 2379 3908 eorum
2400 3851 2869 3924 processionibus
2886 3853 3191 3921 interesse)
3205 3859 3268 3908 et
3284 3849 3497 3924 singuli
3512 3863 3627 3904 cum
3638 3855 3759 3899 cerea

2180 3941 2301 3995 face
2333 3956 2615 4007 accensa;
2647 3956 2715 3995 ea
2750 3957 2884 3995 vero
2924 3940 3230 3995 devotione
3266 3946 3324 3996 et
3353 3937 3616 3995 modestia
3640 3934 3759 3987 ince-

2178 4030 2394 4085 debant
2427 4034 2491 4082 ut
2520 4028 2920 4097 admirationi,
2955 4028 3327 4085 aedificationi
3357 4034 3413 4084 et
3440 4022 3668 4095 exemplo
3690 4034 3758 4073 es-

2178 4122 2308 4173 sent
2354 4117 2623 4172 universo
2674 4116 2891 4189 populo
2938 4116 3295 4174 Florentino.
3330 4118 3463 4173 Post
3507 4108 3761 4170 monachos

2179 4206 2500 4261 cucullatos
2537 4209 2594 4260 et
2622 4206 2793 4261 binos
2822 4205 3159 4262 incedentes
3189 4207 3396 4262 ordine
3425 4201 3662 4276 superius
3686 4196 3759 4249 de-

2178 4294 2415 4367 scripto,
2462 4295 2809 4351 incedebant
2864 4296 3170 4351 turmatim
3232 4288 3634 4368 quamplurimi
3679 4278 3760 4336 viri

2179 4384 2403 4440 nobiles
2426 4401 2560 4439 cum
2584 4384 2808 4439 facibus
2830 4384 3011 4440 cereis
3040 4385 3326 4441 accensis.
3354 4385 3467 4439 Hos
3497 4376 3761 4451 sequeban-

421 4468 606 4524 astitit
635 4468 894 4525 ecclesias
923 4469 981 4525 S.
1016 4468 1235 4524 Nicolai
1260 4488 1272 4535 ;
1322 4469 1766 4526 lllustrissimus
1820 4488 1948 4527 vero
1998 4472 2064 4526 D.
2103 4493 2148 4557 ι)
2177 4478 2274 4528 tur
2296 4473 2697 4539 bini,numero
2719 4473 2955 4545 triginta
2980 4479 3203 4546 septem
3230 4474 3449 4538 Patres,
3469 4458 3759 4557 parameutis

415 4557 656 4615 Carolus
686 4558 945 4614 Ventura
976 4558 1234 4615 ecclesias
1277 4561 1335 4615 S.
1387 4561 1712 4629 Trinitatis,
1747 4578 1813 4616 cu
1869 4562 2070 4617 ietiam

416 4648 476 4702 in
510 4647 843 4703 subsidium
879 4650 1108 4703 fuerant
1139 4648 1421 4721 assignati
1454 4649 1650 4721 plures
1682 4651 1921 4706 Helvetii
1955 4652 2069 4706 mi-

416 4736 571 4801 lites,
595 4741 659 4791 ut
688 4737 759 4792 de
788 4736 1031 4792 ecclesia
1062 4738 1120 4792 S.
1150 4737 1365 4793 Nicolai
1399 4740 1671 4810 superius
1700 4744 1789 4795 est
1818 4740 2063 4795 dictum.

490 4826 543 4879 8.
574 4848 599 4874 ‹‹
633 4826 841 4880 Eadem
866 4825 1009 4880 hora
1029 4843 1100 4879 xv
1129 4826 1186 4881 S.
1220 4826 1473 4883 Miniatis
1495 4845 1596 4882 arx
1618 4828 2068 4900 quamplurimis

420 4913 876 4968 bombardarum
936 4913 1153 4969 ictibus
1204 4932 1353 4970 novo
1405 4916 1616 4971 Christi
1667 4917 2067 4989 Redemptoris

418 5001 721 5073 triumpho
746 5002 1019 5074 plausum
1044 5004 1211 5069 fecit;
1242 5005 1313 5059 ad
1340 5005 1491 5076 quod
1524 5005 1759 5077 signum
1785 5010 1906 5061 tota
1937 5006 2071 5061 civi-

420 5095 510 5145 tas
560 5091 631 5146 ad
681 5091 987 5147 ecclesiam
1036 5092 1095 5147 S.
1128 5091 1367 5163 Nicolai,
1401 5095 1555 5149 unde
1587 5094 1916 5150 inchoanda
1947 5100 2071 5151 erat

424 5179 739 5249 processio,
773 5180 1059 5236 convenit.
1094 5180 1209 5235 Nos
1240 5186 1434 5236 autem
1468 5198 1599 5236 eum
1634 5182 1737 5239 PP.
1760 5183 2068 5240 Cassinen-

425 5265 613 5335 sibus,
648 5267 751 5322 PP.
785 5268 1291 5336 Cisterciensibus,
1325 5274 1382 5324 et
1430 5270 1534 5325 PP.
1567 5270 1892 5328 Coslestinis
1933 5290 2068 5329 con-

422 5356 648 5425 gregati
680 5371 887 5412 sumus
920 5358 978 5412 in
1020 5358 1265 5414 ecclesia
1294 5360 1351 5415 S.
1387 5359 1645 5431 Gregorii
1696 5362 1767 5415 ad
1818 5361 2070 5433 plateam

421 5441 793 5499 Mozziorum.
820 5446 896 5501 Ex
929 5448 1147 5503 nostris
1180 5453 1397 5513 autem,
1426 5452 1551 5502 tum
1584 5449 1917 5521 abbatibus,
1942 5455 2070 5507 tum

421 5531 729 5595 monachis
753 5537 810 5591 et
830 5537 1143 5606 conversis,
1168 5536 1591 5612 quamplurimi
1612 5552 1681 5593 ex
1707 5538 1911 5595 vicinis
1941 5556 2070 5597 mo-

2184 4562 2298 4617 albi
2321 4562 2530 4618 coloris
2552 4562 2761 4632 induti,
2778 4562 2876 4633 qui
2902 4562 3009 4617 hoc
3031 4563 3235 4617 ordine
3253 4551 3755 4618 incedebant.Prim0

2178 4655 2305 4706 octo
2356 4654 2559 4706 Patres
2610 4649 3107 4717 Vallumbrosani,
3155 4649 3489 4713 Camerarii,
3534 4646 3757 4700 Lectores,

2178 4740 2436 4812 Magistri
2465 4744 2521 4795 et
2540 4739 2767 4794 Priores
2789 4756 2922 4794 cum
2949 4739 3281 4795 dalmaticis
3303 4744 3359 4794 et
3388 4736 3597 4793 facibus
3623 4722 3760 4783 cereis

2178 4828 2479 4895 accensis;
2512 4828 3024 4898 subsequebantur
3067 4826 3166 4883 alii
3214 4833 3341 4882 octo
3390 4821 3561 4881 nostri
3588 4820 3760 4908 Petrei},

2175 4918 2428 4973 Abbates
2458 4916 2723 4972 titulares
2761 4921 2817 4971 et
2846 4917 3072 4971 Priores
3111 4915 3380 4971 titulares
3410 4929 3535 4969 cum
3564 4906 3762 4981 planetis

2177 5012 2234 5061 et
2264 5006 2487 5061 facibus
2518 5004 2698 5060 cereis
2730 5004 2865 5060 item
2902 5004 3184 5069 accensis,
3216 5004 3368 5058 infra
3405 5016 3544 5073 quos
3583 5001 3761 5051 omnes.

2178 5099 2236 5150 et
2268 5111 2302 5149 a
2330 5092 2610 5150 lateribus
2631 5109 2832 5148 eorum
2866 5092 3217 5149 incedebant
3240 5092 3436 5164 plures
3456 5087 3556 5144 viri
3586 5076 3762 5140 nobiles

2179 5200 2313 5240 cum
2347 5182 2529 5238 cereis
2560 5181 2787 5238 facibus
2830 5182 3114 5238 accensis.
3166 5180 3177 5185 ’

2252 5274 2338 5327 12.
2375 5294 2402 5322 ‹‹
2431 5272 2835 5328 Succedebant
2856 5272 3067 5327 deinde
3093 5269 3396 5327 duodecim
3420 5267 3635 5323 abbates
3662 5266 3763 5350 ςυξιξ

2180 5360 2413 5433 pluviali
2447 5365 2502 5416 et
2531 5361 2727 5427 mitra,
2750 5361 2950 5415 decem
2983 5361 3217 5431 quidem
3250 5340 3761 5414 Vallumbrosani,id

2179 5456 2267 5506 est
2298 5450 2357 5505 P.
2390 5451 2456 5506 D.
2487 5450 2858 5506 Cherubinus
2904 5449 3176 5516 Orellius,
3206 5447 3400 5503 Abbas
3429 5438 3655 5499 titularis

2179 5540 2246 5596 D.
2280 5540 2487 5597 Petrus
2517 5538 2902 5608 Meliorottus,
2930 5539 3126 5597 Abbas
3171 5534 3442 5604 titularis,
3471 5536 3523 5589 et
3565 5522 3763 5585 eremitl
