3998 6146
192 288 307 347 965

1515 289 1747 351 ACTA.
1777 324 1856 335 —
1881 291 2304 356 APPENDIX.

3474 306 3600 367 966‘

191 415 466 472 cellarum
482 414 664 471 Vallis
690 415 990 474 Umbrosae
1015 418 1109 485 ;P.
1134 418 1200 473 D.
1221 418 1512 475 Victorius
1538 420 1835 492 Lapinius,
1867 428 1920 494 Α
1949 422 2116 479 libito
2146 425 2434 496 inspicere
2464 429 2763 498 potuerint
2792 435 2848 486 et
2867 433 3149 488 venerari.
3175 432 3281 489 Ubi
3301 452 3435 492 vero
3459 442 3593 494 ante

191 507 380 562 Abbas
411 509 468 560 S.
499 505 826 574 Christinzs,
859 507 920 562 P.
951 509 1010 562 D.
1034 507 1390 580 Theophilus
1407 512 1620 581 Coppa,
1643 510 1836 565 Abbas

192 594 498 651 Susinanas
525 613 538 663 ;
577 595 632 650 P.
664 595 732 650 Ι).
766 595 1054 651 Maximus
1083 597 1154 652 de
1186 599 1407 663 Castro,
1440 598 1621 653 abbas
1643 599 1702 654 S.
1737 603 1840 654 Re-

186 688 407 758 parataa
430 686 501 741 de
531 685 852 754 Marradio;
888 690 950 742 P.
975 691 1039 742 D.
1057 686 1215 743 Felix
1228 687 1619 758 Floravantes,
1643 688 1840 744 Abbas

189 775 440 830 abbatiee
470 775 702 831 Pistorii
731 776 1286 843 ;P.D.Alamannus
1307 775 1617 848 Borghius,
1642 776 1841 833 Abbas

189 865 248 920 S.
283 864 571 920 Pancratii
619 864 960 932 Florentiae;
1010 865 1070 919 P.
1119 870 1181 921 D.
1236 865 1470 921 Alexius
1518 864 1838 921 Meliorius.

187 953 388 1008 Abbas
421 953 479 1008 S.
514 953 822 1009 Trinitatis
848 953 1148 1010 Florentia:
1176 973 1190 1023 ;
1225 955 1285 1010 P.
1319 955 1385 1009 D.
1420 953 1690 1010 Placidus
1735 949 1841 1009 Jo-

186 1042 339 1111 rius,
382 1042 580 1098 Abbas
601 1042 931 1098 Passiniani
958 1045 1048 1111 ;P.
1080 1044 1146 1098 D.
1169 1043 1452 1100 Camillus
1468 1043 1621 1100 della
1641 1045 1840 1110 Torre,

187 1132 394 1187 Abbas
423 1131 609 1187 Vallis
641 1131 978 1199 Umbrosaa;
1013 1133 1206 1188 ultimi
1237 1135 1353 1189 duo
1375 1138 1542 1188 erant
1563 1138 1624 1187 P.
1648 1134 1843 1188 Abbas

184 1220 657 1292 Ccelestinorum,
681 1225 738 1276 et
755 1221 1210 1277 P.D.Anselmus
1227 1221 1624 1293 Campionius,
1647 1221 1844 1277 Abbas

183 1309 437 1366 abbatiaa
469 1309 820 1366 Florentinis
851 1310 1090 1366 Patrum
1139 1310 1602 1366 Cassinensium.
1652 1311 1844 1366 Abbas

182 1398 666 1455 Cisterciensium
681 1415 794 1454 non
818 1399 1370 1456 intervenit.Ultimo
1387 1400 1623 1455 tandem
1639 1415 1845 1470 seque-

184 1487 369 1543 batur
402 1487 951 1544 Reverendissimus
982 1489 1040 1544 P.
1075 1489 1142 1544 D.
1168 1488 1510 1546 Theodorus
1539 1487 1852 1544 Baldiniua

188 1580 398 1632 noster
422 1577 619 1632 Abbas
650 1576 972 1644 Generalis,
1005 1577 1234 1633 medius
1265 1577 1421 1633 inter
1449 1578 1597 1632 duos
1619 1581 1845 1644 Patres,

186 1665 676 1722 ceremoniarum
709 1667 1033 1738 praefectos,
1069 1665 1491 1739 superpelliceo
1541 1682 1722 1738 supra
1750 1681 1846 1720 cu-

189 1753 415 1810 cullam
447 1754 707 1820 indutos,
739 1758 982 1827 eratque
1012 1755 1188 1811 mitra
1216 1759 1274 1810 et
1303 1754 1541 1827 pluviali
1572 1759 1847 1827 argentea
1875 1796 1924 1861 B

185 1843 310 1899 tela
340 1845 611 1899 confecto
639 1845 910 1900 vestitus.
943 1844 1202 1900 Abbates
1225 1848 1421 1900 autem
1452 1848 1510 1900 et
1535 1843 1846 1899 Generales

185 1932 459 2004 praedicti
491 1950 604 1988 non
638 1933 978 1988 deferebant
1008 1933 1283 1988 manibus
1313 1948 1508 1989 cereas
1546 1934 1724 2000 faces,
1781 1935 1848 1987 ut

184 2021 412 2094 reliqui
443 2026 660 2094 patres,
693 2023 794 2078 sed
822 2038 922 2078 eas
972 2022 1235 2078 ferebant
1271 2022 1380 2077 DD.
1430 2021 1638 2094 ephebi
1682 2023 1846 2077 Sere-

185 2109 434 2166 nissimi
464 2111 660 2183 magni
690 2110 888 2182 Ducis,
920 2127 1069 2183 quos
1085 2111 1259 2183 vulgo
1277 2111 1481 2184 pagios
1502 2115 1728 2180 vocant,
1748 2111 1849 2183 qui

183 2200 334 2256 hinc
366 2200 507 2255 inde
536 2201 688 2256 circa
717 2201 974 2256 Abbates
1004 2201 1298 2256 astabant.

261 2290 359 2344 13.
387 2313 417 2340 ‹‹
447 2289 812 2360 Sequebatur
839 2289 1050 2345 deinde
1079 2290 1290 2346 thensa
1311 2305 1412 2345 seu
1438 2288 1729 2354 machina,
1751 2305 1850 2344 su-

186 2397 304 2452 pra
337 2379 563 2450 [quam]
585 2379 740 2435 intra
750 2395 1076 2451 conopeum
1089 2378 1204 2434 albi
1229 2378 1440 2435 coloris
1461 2377 1854 2434 collocabatur

185 2485 371 2525 sacra
399 2468 624 2541 imago;
658 2469 1000 2540 portabatur
1028 2485 1162 2524 vero
1221 2470 1292 2523 ab
1336 2471 1464 2524 octo
1521 2484 1590 2523 ex
1637 2466 1854 2522 nostris

188 2557 612 2614 sacerdotibus
640 2556 956 2614 dalmatica
994 2557 1112 2612 albi
1154 2556 1364 2613 coloris
1415 2555 1679 2611 indutis:
1725 2571 1854 2626 quae

187 2662 341 2702 cum
375 2663 448 2703 ex
475 2645 720 2702 ecclesia
748 2650 804 2700 S.
837 2645 1055 2701 Nicolai
1077 2647 1439 2710 educeretur,
1467 2645 1722 2700 salutata
1749 2643 1856 2699 fuit

189 2734 1221 2808 quampluribusictibusignitorum
1235 2738 1690 2790 tormentorum:
1714 2738 1856 2789 tunc

187 2843 262 2881 au
277 2831 409 2880 tem
429 2826 556 2895 jam
581 2829 922 2896 pervenerat
940 2823 1214 2879 vexillum
1238 2824 1308 2878 ad
1334 2823 1637 2879 ecclesiam
1659 2823 1717 2879 S.
1740 2822 1861 2877 Tri-

190 2915 456 2982 nitatis;
491 2919 730 2986 excepta
760 2913 936 2969 etiam
969 2913 1080 2968 fuit
1110 2913 1219 2970 sub
1233 2913 1582 2968 baldachino
1604 2912 1860 2968 ecclesiae

192 3001 703 3075 Menepolitanaa,
737 3003 908 3074 cujus
942 3001 1175 3057 hastilia
1207 3001 1546 3057 deferebant
1595 3007 1723 3056 octo
1755 3000 1862 3055 viri

192 3092 466 3158 nobiles,
498 3092 712 3162 quibus
742 3091 985 3147 alternis
1015 3090 1239 3147 vicibus
1278 3107 1381 3162 per
1425 3089 1859 3161 aliquantulum

1948 511 2232 583 palatium
2267 513 2640 572 Serenissimi
2674 521 2871 592 magni
2903 521 3076 577 Ducis
3109 530 3450 595 perventum
3482 533 3590 597 est,

1948 600 2248 672 aliquanto
2281 603 2537 675 amplius
2575 611 2665 663 est
2703 615 3036 680 pausatum,
3084 615 3148 666 ut
3191 613 3590 672 Serenissimis

1948 689 2278 762 principum
2293 698 2629 749 nostrorum
2647 695 3108 755 Celsitudinibus
3125 701 3196 756 ad
3211 701 3410 774 palatii
3451 721 3593 760 mua-

1949 777 2065 868 nia,
2101 795 2204 850 pre
2230 780 2917 868 iosissimisholosericis
2942 788 3137 844 rubeis
3165 799 3464 863 apparata,
3498 811 3594 868 ge-

1951 867 2197 923 nuﬂexis
2227 867 2392 924 locus
2406 871 3034 930 daretursanctissimu
3047 894 3098 932 ni
3121 879 3474 938 Cruciﬁxum
3495 867 3592 940 ve-

1952 957 2196 1011 nerandi
2234 958 2722 1031 inspiriendique,
2748 962 3096 1020 tibicinibus
3131 967 3364 1024 interim
3386 975 3442 1026 et
3458 989 3592 1028 can-

1952 1045 2179 1100 toribus
2201 1063 2398 1103 sacras
2413 1053 2468 1103 et
2481 1048 2817 1106 dulcisonas
2835 1053 3115 1109 melodias
3128 1058 3592 1117 concinentibus.

1952 1137 2094 1189 Cum
2152 1140 2348 1191 autem
2371 1139 2744 1208 pervenimus
2762 1141 2833 1195 ad
2856 1141 3193 1200 columnam
3208 1145 3266 1201 S.
3287 1146 3516 1220 Felicis,
3533 1150 3592 1206 in

1952 1222 2144 1294 platea
2174 1230 2488 1296 pausatum
2512 1226 2715 1283 itidem
2738 1233 2828 1284 est
2843 1229 3164 1302 aliquanto,
3199 1239 3263 1290 ut
3284 1252 3462 1292 sacra:
3484 1238 3594 1294 illa:

1951 1311 2208 1384 virgines
2240 1315 2580 1370 monasterii
2611 1317 2669 1372 S.
2700 1319 2856 1372 Petri
2887 1319 3157 1393 Martyris
3171 1325 3486 1396 genuﬂexae
3511 1328 3596 1383 in-

1952 1404 2044 1455 tra
2073 1405 2416 1458 monasterii
2448 1409 2676 1476 portam
2707 1410 3013 1465 commode
3035 1418 3277 1482 possent
3297 1415 3590 1473 caelestem

1952 1489 2249 1560 Sponsum
2278 1492 2745 1565 triumphantem
2777 1498 3113 1570 conspicere
3143 1507 3200 1556 et
3229 1504 3490 1562 adorare.

2027 1579 2112 1634 16.
2148 1600 2176 1629 ‹‹
2199 1581 2461 1636 Tandem
2485 1599 2587 1654 per
2607 1583 2758 1640 viam
2786 1585 2922 1640 Maii
2945 1594 3288 1658 perventum
3310 1597 3399 1649 est
3414 1595 3485 1649 ad
3509 1611 3598 1651 ec-

1955 1665 2192 1724 clesiam
2227 1672 2490 1725 nostram
2505 1671 2563 1726 S.
2585 1672 2974 1742 Trinitatis,et
2996 1677 3137 1732 dum
3162 1678 3361 1735 Pontis
3377 1681 3594 1739 clivum

1954 1755 2332 1811 descenderet
2345 1757 2824 1830 imago,salutata
2840 1763 3268 1823 estinnumeris
3285 1785 3429 1840 pene
3446 1771 3597 1843 igni—

1954 1847 2148 1899 torum
2203 1849 2629 1903 tormentorum
2682 1847 2917 1920 ictibus,
2985 1857 3043 1908 et
3095 1859 3228 1910 ante
3289 1858 3596 1916 ecclesiam

1955 1932 2317 1990 dulcissimis
2348 1936 2658 1992 tibicinum
2690 1943 2748 1994 et
2794 1941 3154 1998 musicorum
3203 1946 3596 2004 cantionibus.

1956 2023 2261 2095 Campanae
2283 2029 2479 2080 autem
2509 2025 2766 2082 ecclesiae
2799 2034 3010 2085 nostra
3036 2032 3109 2087 ab
3137 2049 3379 2090 accessu
3403 2035 3599 2092 vexilli

1955 2127 2189 2183 semper
2217 2112 2459 2184 pulsatae
2490 2119 2648 2185 sunt,
2663 2116 2835 2172 sicuti
2849 2121 3022 2175 etiam
3036 2137 3333 2194 campanae
3354 2124 3601 2182 aliarum

1959 2199 2358 2270 ecclesiarum,
2409 2209 2541 2260 ante
2601 2221 2748 2276 quas
2805 2208 3217 2266 sanctissimus
3282 2213 3601 2271 Cruciiixus

1961 2288 2268 2344 transibat.
2295 2291 2439 2346 Cum
2471 2308 2602 2348 vero
2642 2293 2852 2350 thensa
2901 2297 2959 2350 in
3008 2297 3262 2355 ecclesiae
3313 2303 3602 2359 vestibulo

1963 2376 2193 2433 firmata
2222 2383 2330 2444 est,
2358 2397 2612 2452 cumque
2642 2388 2731 2438 est
2759 2385 2870 2439 sub
2902 2401 3254 2458 organorum
3295 2392 3492 2446 sonitu
3542 2392 3600 2448 in

1962 2464 2263 2521 ecclesiam
2291 2468 2626 2540 importata,
2648 2470 2989 2528 increbibile
3009 2480 3118 2542 est,
3136 2492 3312 2548 quam
3337 2479 3602 2552 frequen-

1964 2553 2046 2609 tia
2066 2559 2124 2610 et
2147 2571 2324 2626 quam
2349 2556 2626 2613 ferventia
2639 2558 2854 2615 fuerint
2871 2563 3291 2620 monachorum
3306 2571 3432 2622 tum
3451 2574 3608 2625 caete-

1965 2660 2163 2699 rorum
2186 2645 2360 2700 etiam
2385 2646 2606 2717 supiria
2619 2651 2676 2703 et
2698 2647 2967 2717 lacrymaa
2980 2654 3384 2724 etprecatoria:
3413 2673 3603 2725 voces,

1967 2749 2090 2804 qua:
2123 2750 2238 2804 prie
2267 2733 2556 2790 immenso
2595 2736 2826 2792 contriti
2873 2740 3066 2795 cordis
3113 2742 3342 2811 all'ectu,
3388 2750 3445 2800 et
3493 2764 3606 2818 prae

1967 2839 2202 2878 summa
2233 2823 2449 2880 inventi
2482 2824 2742 2880 thesauri
2764 2826 2963 2883 laetitia
2995 2829 3410 2888 fundebantur.

2040 2913 2125 2966 17.
2150 2935 2177 2961 ‹‹
2194 2912 2459 2968 Ecclesiae
2472 2914 2836 2985 frontispiciu
2848 2918 3239 2990 m[quamvis],
3259 2925 3323 2976 ut
3341 2923 3492 2993 quod
3517 2929 3608 2980 est

1968 3017 2141 3072 opere
2169 3001 2468 3056 Corinthio
2502 3009 2930 3071 constructum,
2960 3007 3219 3081 alioquin
3253 3012 3331 3066 sit
3368 3011 3609 3085 elegan-

1968 3089 2285 3157 tissimum,
2309 3089 2631 3162 elegamius
2647 3098 2704 3148 et
2725 3094 3029 3164 pulchrius
3049 3100 3490 3173 apparebatpraa
3515 3102 3614 3158 tri-

190 3183 306 3238 via:
331 3180 596 3253 spatium
620 3180 715 3236 alii
741 3185 869 3236 octo
890 3180 997 3235 viri
1021 3180 1246 3235 nobiles
1261 3180 1654 3235 succedebant
1672 3195 1862 3250 usque
1891 3163 1934 3231 (ἶ
1972 3179 2082 3233 bus
2117 3179 2346 3250 magnis
2373 3179 2544 3250 pictis
2572 3163 2811 3253 tabulis,
2831 3183 2987 3239 claro
3008 3163 3611 3263 obscuroplaboratis,

194 3273 269 3328 ad
299 3270 526 3326 clivum
546 3270 740 3342 pontis
765 3275 822 3324 S.
847 3269 1148 3326 Trinitatis
1160 3286 1338 3342 prope
1357 3268 1686 3336 ecclesiam,
1709 3268 1865 3323 unde
1972 3266 2187 3321 ibidem
2211 3268 2640 3340 appensis,quaa
2664 3273 3159 3341 repraesentabant
3173 3277 3293 3329 tres
3305 3274 3614 3334 historicos

200 3358 891 3431 usqueintraecclesiam
913 3357 1723 3430 deportaruntbaldachinum
1738 3361 1865 3412 octo
1975 3371 2146 3411 casus
2177 3355 2362 3410 sancti
2392 3357 2574 3411 nostri
2605 3357 2960 3414 institutoris
2987 3359 3232 3415 Joannis
3275 3362 3612 3422 Gualberti:

198 3454 783 3515 senatores;omnes
809 3446 1865 3519 autemvirinobiles,quihujusmodi
1977 3461 2111 3498 nam
2144 3460 2323 3515 supra
2353 3445 2639 3515 majorem
2679 3453 2735 3502 et
2779 3448 3033 3503 mediam
3083 3454 3309 3521 portam
3357 3451 3611 3508 ecclesiae

197 3538 455 3612 pietatis
486 3537 837 3608 obsequium
879 3536 1289 3602 exhibuerunt,
1342 3536 1581 3591 fuerunt
1623 3551 1866 3590 numero
1977 3533 2264 3605 pendebat
2283 3533 2433 3605 picta
2455 3534 3053 3602 tabula,duabusaliis
3077 3538 3378 3612 aliquanto
3403 3543 3614 3614 major,

193 3634 458 3684 centum
503 3630 562 3680 et
616 3626 941 3698 sexaginta,
989 3626 1360 3682 senatoribus
1406 3624 1697 3698 praedictis
1750 3639 1866 3679 non
1976 3627 2213 3678 auctore
2243 3622 2308 3678 D.
2342 3623 2623 3691 Pallonio,
2659 3642 2937 3697 perquam
2970 3626 3216 3699 eleganti
3234 3630 3616 3704 pictore,quze

193 3715 597 3787 computatis.
1975 3711 2283 3767 exhibebat
2311 3728 2538 3767 sacram
2569 3729 2822 3782 crucem,
2857 3732 2918 3771 se
2948 3720 3130 3772 totam
3161 3723 3217 3773 et
3241 3723 3416 3791 caput
3445 3720 3618 3775 incli-

271 3807 413 3861 14..
435 3805 673 3860 Sacram
695 3804 1012 3876 imaginem
1027 3805 1471 3860 circumdabant
1497 3802 1869 3875 septuaginta
1976 3805 2212 3857 nantem
2245 3802 2303 3856 S.
2337 3801 2396 3855 P.
2429 3801 2497 3856 N.
2525 3802 2735 3858 Joanni
2768 3803 3102 3872 Gualberto,
3131 3806 3347 3863 amictu
3378 3808 3617 3865 militari

192 3894 428 3952 musici
461 3893 533 3949 de
565 3892 792 3966 capella
819 3895 1085 3965 ejusdem
1107 3892 1364 3949 ecclesiae
1388 3891 1866 3964 Metropolitanus,
1975 3889 2204 3955 induto,
2228 3889 2438 3945 subtus
2470 3906 2640 3961 quam
2676 3891 2932 3948 tabulam
2966 3893 3026 3948 in
3050 3893 3165 3950 alia
3193 3896 3445 3966 quadam
3478 3914 3618 3970 pen-

188 3991 251 4041 et
282 3983 595 4048 tibicines,
628 3983 726 4054 qui
756 3982 1016 4038 vicissim
1051 3999 1186 4037 cum
1205 3980 1448 4037 musicis
1469 3981 1539 4036 ad
1562 3996 1866 4051 egressum
1977 3979 2148 4034 dente
2179 3977 2359 4034 ovalis
2392 3979 2589 4051 figurae
2647 3980 2847 4035 tabula
2892 3982 3316 4054 inspiciebatur
3366 4001 3618 4057 sequens

188 4071 474 4128 ecclesiae
505 4073 560 4126 S.
593 4070 810 4126 Nicolai
845 4075 903 4127 et
935 4087 1037 4142 per
1067 4069 1222 4126 viam
1252 4070 1481 4126 Christo
1501 4070 1642 4125 Jesu
1664 4068 1870 4124 trium-
1976 4066 2302 4138 inscriptio,
2335 4084 2515 4139 quam
2547 4067 2725 4123 simul
2757 4085 2891 4124 cum
2924 4070 3152 4127 duabus
3181 4070 3314 4128 aliis
3341 4073 3402 4128 in
3434 4073 3619 4130 animi

189 4161 422 4233 phanti
456 4160 766 4215 canebant.
800 4160 939 4215 Octo
972 4160 1108 4215 item
1141 4159 1240 4215 alii
1271 4159 1564 4229 tibicines,
1596 4175 1742 4230 equo
1771 4158 1867 4212 in-
1975 4172 2114 4227 erga
2142 4156 2663 4229 Congregationem
2693 4162 2952 4213 nostram
3014 4161 3287 4232 propensi
3334 4165 3619 4220 tesseram

191 4248 502 4313 sidentes,
568 4251 997 4319 praecesserunt
1045 4248 1374 4303 universam
1434 4247 1866 4318 processionem
1976 4249 2385 4316 composuerat
2407 4244 2852 4302 Illustrissimus
2872 4252 2929 4303 et
2950 4247 3493 4307 Reverendissimus
3515 4252 3625 4308 Do-

191 4339 368 4394 tubis
400 4336 740 4392 alternatim
772 4352 876 4408 per
905 4339 1089 4392 totam
1113 4336 1264 4391 viam
1289 4339 1656 4402 canentes,et
1681 4335 1866 4390 dulci-
1977 4333 2175 4388 minus
2197 4333 2263 4388 D.
2295 4333 2534 4405 Opicius
2571 4333 3315 4401 Pallavicinus,Genuensis
3337 4341 3621 4410 patricius

189 4426 376 4483 sonis
414 4425 678 4481 modulis
709 4425 994 4497 populum
1025 4427 1096 4480 ad
1128 4425 1390 4480 laetitiam
1421 4427 1478 4479 et
1503 4424 1867 4480 devotionem
1976 4427 2035 4477 et
2057 4423 2538 4495 archiepiscopus
2571 4423 2918 4494 Ephesinus,
2943 4429 3115 4496 atque
3131 4427 3284 4498 apud
3301 4427 3624 4483 Serenissi-

191 4516 564 4572 excitantes.
599 4515 837 4570 Sacram
868 4514 1184 4586 imaginem
1216 4514 1324 4569 hoc
1356 4513 1528 4568 modo
1577 4516 1864 4584 portatam
1897 4533 1942 4598 υ
1978 4527 2142 4566 mum
2168 4527 2446 4582 magnum
2474 4517 2685 4566 Ducem
2708 4511 3442 4582 NuntiusApostolicus,et
3458 4515 3619 4570 virin

196 4603 583 4676 sequebatur
607 4603 1049 4659 Illustrissimus
1067 4603 1133 4658 D.
1149 4618 1329 4675 eques
1349 4603 1420 4657 de
1441 4601 1866 4673 Ugoccionibus
1977 4599 2134 4654 omni
2159 4599 2405 4654 scientia
2429 4604 2484 4654 et
2499 4598 2658 4654 varia
2680 4600 3006 4655 eruditione
3031 4617 3171 4655 sane
3184 4601 3549 4658 clarissimus
3567 4607 3623 4658 et

195 4693 510 4765 provisor,
541 4696 598 4747 et
629 4691 1010 4764 magistratus
1039 4692 1182 4746 artis
1217 4693 1627 4746 mercatorum.
1655 4690 1867 4745 Deinde
1977 4688 2534 4745 exercitatissimus:

189 4798 340 4838 vero
364 4783 1051 4852 sequebaturinnumera
1078 4779 1277 4851 populi
1292 4783 1349 4834 et
1367 4779 1649 4845 nobilium
1673 4779 1868 4834 multi-
2150 4794 2404 4845 caucam,
2447 4792 2724 4831 CELESTIS
2765 4792 3038 4832 MAGISTRI
3077 4794 3440 4845 cnnamum,

191 4873 378 4935 tudo,
416 4886 543 4941 quae
577 4869 894 4941 populabat
925 4885 1128 4924 omnes
1156 4867 1547 4939 processionis
1563 4868 1706 4938 vias,
1740 4884 1866 4939 quae
2154 4885 2223 4922 ex
2263 4883 2374 4930 QUA
2413 4882 2633 4922 ITEBUM
2675 4881 2882 4920 DOCUIT
2920 4883 3176 4924 INIMICOS
3215 4885 3498 4940 amoena,

187 4960 387 5016 etiam
427 4975 495 5014 eo
525 4959 894 5015 venustiores
915 4961 1082 5013 erant
1113 4974 1226 5029 prae
1256 4956 1573 5012 aulaaorum
1613 4956 1868 5030 ingentis
2085 4973 2236 5020 ouon
2277 4971 2546 5024 NASCENS,
2586 4971 2809 5026 VIVENS,
2851 4972 3125 5026 MORIENS,
3167 4974 3547 5026 eammeam,

188 5049 384 5122 pretii
419 5047 720 5117 varietate,
755 5046 973 5120 quibus
999 5051 1126 5102 tum
1162 5046 1451 5115 fenestrae,
1485 5049 1610 5102 tum
1632 5047 1872 5103 exterio-
2264 5060 2652 5100 CONGREGATIO
2690 5061 2884 5100 VALLIS
2924 5062 3229 5102 UMBROSE.

189 5155 302 5195 res
337 5139 656 5193 domorum
690 5136 939 5209 parietes
970 5135 1350 5192 ornabantur.
2087 5151 2276 5191 SUPER
2314 5149 2470 5189 HUNC
2509 5149 2859 5191 ANGULAREM
2898 5152 3145 5191 LAPIDEM
3185 5152 3513 5206 EDIFICATA,

279 5229 373 5283 15.
397 5248 427 5276 ‹‹
451 5228 636 5283 Passu
651 5226 984 5284 lentissimo
1007 5224 1468 5291 incedebat,tum
1491 5225 1629 5296 quia
1645 5225 1723 5280 rei
1748 5242 1871 5280 ma-
2231 5241 2407 5280 cosuo
2448 5241 2511 5279 ιη
2553 5241 2819 5281 ramum:
2855 5241 3066 5280 or'rnuo
3106 5241 3373 5293 FAVENTE,

180 5318 398 5389 jestas
421 5317 506 5371 sic
526 5316 944 5387 exigebat,tum
968 5315 1107 5386 quia
1127 5330 1300 5386 grave
1316 5313 1598 5370 machinae
1620 5314 1871 5386 pondus,
2126 5329 2353 5371 FESTIVA
2391 5329 2586 5369 POMPA
2625 5330 2966 5376 FAUSTOQUE
3022 5330 3203 5369 omne
3240 5331 3481 5386 EXCIPIT,

197 5411 281 5460 ut
316 5421 474 5476 saepe
499 5405 713 5477 saepius
745 5403 1133 5477 consisterent
1163 5403 1362 5458 Patres
1393 5403 1725 5473 portitores,
1757 5404 1874 5458 effi-

206 5475 451 5550 ciebat:
474 5475 598 5565 qua
612 5493 790 5549 etiam
819 5494 890 5549 de
911 5475 1091 5548 causa
1115 5491 1464 5564 p0pulorum
1479 5491 1768 5548 desiderio
1789 5498 1877 5550 est

197 5583 616 5650 satisfactum,
647 5599 783 5641 cum
813 5584 921 5642 hoc
944 5581 1118 5638 modo
1145 5595 1374 5637 sacram
1403 5577 1723 5653 imaginem
1771 5599 1876 5656 pro

2267 5419 2608 5459 PERPETUAM
2645 5419 2958 5460 AUSPICATA
3003 5420 3341 5459 FIRMITATEM

2400 5508 2429 5548 S
2442 5509 2478 5548 U
2491 5509 2525 5549 Ο
2561 5510 2773 5548 JUNCTA
2812 5509 3216 5549 FUNDAMENTO.

2056 5582 2146 5639 18.
2170 5604 2199 5634 ‹‹
2231 5580 2371 5639 Aliae
2402 5583 2528 5639 dua:
2558 5581 2725 5656 pictae
2753 5581 2987 5652 tabulae,
3011 5598 3138 5659 quae
3161 5586 3417 5643 erantex
3445 5597 3627 5646 manu
