3998 6146
502 238 613 298 971
1541 240 1607 296 S.
1655 237 1983 298 JOANNIS
2029 238 2479 301 GUALBERTI
2524 241 2858 302 ABBATIS
3728 254 3816 315 972

504 371 689 447 menta
712 370 827 425 sui:
853 368 1032 436 sociis,
1062 371 1219 447 utea:
1254 369 1455 447 nostris
1499 368 1773 447 historicis
1804 378 2061 447 apparet,
2094 369 2221 447 ideo
2244 374 2356 447 limo
2384 390 2485 427 sua
2512 376 2724 428 eximia
2752 378 2926 446 gesta,
2959 388 3031 428 ne
3058 375 3117 427 in
3147 374 3350 428 umbris
3394 378 3609 447 amplius
3648 380 3818 440 delites-

502 444 934 522 can_t,r_o_ga_mus
955 439 1297 522 suppliciter,
1313 443 1381 522 ut
1412 440 1511 522 hoc
1542 441 1699 522 breve
1715 439 2361 522 spirituateemercithium
2381 448 2692 522 orationum
2722 439 2861 499 a'mc
2886 439 3096 522 sincere
3114 446 3390 522 collectum
3414 439 3623 522 theologi
3644 439 3817 514 eximiae

502 514 774 568 societatis
802 519 915 567 tua?
941 512 1003 565 in
1033 512 1209 566 lucem
1258 512 1378 566 istic
1406 512 1569 567 edant
1596 529 1661 567 ac
1708 512 1943 582 benigne
1973 513 2043 568 ad
2070 516 2199 570 Acta
2222 514 2546 571 Sanctorum
2577 519 2829 573 inserant
2876 520 2987 572 sive
3038 518 3097 572 z'n
3142 512 3668 577 annotationibus'ad
3709 512 3819 582 dicit:

507 583 572 637 12
599 583 740 637 Julii
755 600 773 641 :
804 584 885 655 de
899 598 1001 655 quo
1032 587 1084 638 et
1106 585 1323 655 gratias
1351 600 1576 652 agemus
1604 586 2101 655 singularissz’mas.

575 655 848 730 Libenter
873 653 1287 730 humanissimi
1319 655 1432 730 viri
1457 653 1720 725 petitioni
1770 657 2107 730 annuimus,
2139 660 2196 712 et
2237 657 2419 713 totius
2468 659 2714 725 ordinis,
2745 675 2919 730 quem
2968 658 3175 713 intime
3222 675 3565 727 veneramur,
3589 665 3816 724 desiderio

500 727 854 784 satisfacturi
885 727 1059 782 hasce
1090 743 1290 799 preces
1320 731 1377 782 et
1402 727 1753 783 documenta
1783 728 1876 782 hic
1906 730 2340 801 subjungimus.
2375 730 2558 802 Igitur
2586 736 2651 785 D.
2687 727 2960 786 Germani
2994 730 3167 785 Ruini
3207 732 3545 803 ecgraphum
3573 736 3643 790 sic
3667 737 3815 795 habet.

1082 866 1320 924 Manuel.
1348 885 1476 940 pag.
1510 869 1560 923 1.
2168 880 2222 947 Α
2264 887 2492 939 rexere;
2528 871 2767 927 intende
2796 872 2855 926 in
2895 888 2987 927 me
3034 874 3090 926 et
3135 872 3397 943 guberna
3440 877 3589 930 actus
3630 894 3757 934 meos
3778 885 3819 937 et

572 959 880 1016 Imitemur
910 961 1176 1015 sanctam
1226 956 1564 1028 Ecclesiam,
1597 958 1766 1027 cujus
1797 963 1854 1014 et
1885 959 2150 1015 membra
2257 961 2432 1015 verba
2480 977 2610 1015 mea
2665 965 2721 1015 et
2778 960 3158 1032 cogitationes
3216 977 3397 1015 meas.
3429 964 3639 1018 Custodi
3686 970 3813 1038 pedes

499 1065 729 1105 sumus.
2257 1065 2439 1117 meos,
2473 1066 2545 1105 ne
2601 1049 2960 1105 circumeant
2992 1049 3233 1104 domum
3266 1050 3450 1118 otiosi,
3482 1052 3574 1108 sed
3616 1059 3737 1110 stent
3772 1058 3813 1112 in

1065 1137 1323 1193 Manuel.
1359 1153 1489 1208 pag.
1525 1138 1575 1191 1.
2254 1138 2534 1195 oratione.
2565 1138 2805 1194 Custodi
2835 1155 3047 1194 manus
3076 1154 3267 1206 meas;
3299 1138 3416 1194 sint
3457 1157 3616 1211 puras,
3641 1146 3811 1199 munda

568 1232 712 1283 Cum
743 1244 777 1283 a
807 1242 1012 1283 somno
1043 1223 1307 1299 evigilas,
1331 1224 1523 1280 crucis
1555 1224 1791 1297 signum
1820 1229 1847 1291 ῒ
1884 1225 1942 1280 in
1973 1225 2145 1281 labiis
2254 1231 2311 1281 et
2325 1226 2556 1282 elevata:
2577 1227 2805 1284 sineira
2820 1231 2877 1283 et
2896 1227 3553 1299 disputatione.Custodi
3575 1247 3629 1285 es
3648 1248 3810 1301 meum,

496 1316 777 1390 impinge.
2256 1332 2326 1370 ne
2354 1315 2631 1388 loquatur
2676 1334 2845 1387 vana,
2879 1332 2950 1372 ne
3003 1314 3300 1372 fabuletur
3331 1317 3626 1389 saecularia,
3651 1337 3707 1376 ne
3744 1323 3809 1377 de-

1074 1404 1310 1459 Manuet.
1342 1420 1479 1476 pag.
1514 1404 1561 1457 1.
2028 1432 2037 1439 -
2252 1404 2481 1461 traham
2514 1405 2775 1478 proximo
2808 1422 2957 1470 meo,
2992 1421 3063 1460 ne
3104 1404 3344 1462 invitem
3377 1407 3513 1462 alios
3554 1409 3810 1466 aivanum

565 1496 685 1569 Ego
729 1499 785 1552 te
827 1498 947 1551 toto
994 1495 1166 1549 corde
1193 1498 1250 1549 et
1278 1510 1374 1550 ore
1421 1493 1701 1549 conﬁteor
1725 1496 1782 1547 et
1811 1494 1986 1548 adero
2038 1494 2141 1548 Pa-
2250 1494 2572 1566 eloquium,
2606 1496 2702 1551 sed
2751 1511 2982 1567 semper
3020 1494 3133 1549 sim
3165 1500 3471 1568 promptus
3515 1498 3579 1552 ad
3620 1497 3810 1568 laudem,

492 1588 643 1641 trem
688 1588 746 1640 et
790 1582 1002 1640 Filium
1052 1587 1109 1639 et
1157 1582 1442 1655 Spiritum
1484 1585 1777 1649 sanctum,
1811 1580 2029 1636 trinum
2080 1581 2138 1637 in
2248 1584 2453 1639 tardus
2503 1584 2575 1640 ad
2626 1585 2795 1641 iram.
2829 1584 3066 1639 Custodi
3102 1600 3270 1640 aures
3322 1600 3497 1654 meas,
3528 1602 3592 1641 ne
3630 1588 3809 1643 audiant

491 1674 761 1747 personis
789 1677 847 1729 et
876 1688 1060 1728 unum
1092 1671 1151 1726 in
1182 1670 1533 1726 substantia.
2248 1672 2691 1744 detractionem,
2724 1690 2829 1729 nec
2877 1673 3270 1743 mendacium,
3307 1691 3412 1730 nec
3458 1676 3670 1731 verbum
3707 1676 3809 1730 otio-

1216 1759 1329 1813 Fol.
1364 1760 1414 1813 1.
2246 1778 2409 1830 sum;
2444 1763 2544 1817 sed
2577 1762 2913 1835 aperiantur
2947 1761 3209 1834 quotidie
3260 1764 3336 1818 ad
3388 1764 3700 1820 audiendum
3720 1781 3807 1819 ver-

559 1850 755 1906 Oratie
786 1846 1183 1905 Dominicalis.
1216 1848 1420 1903 Credo.
2244 1853 2385 1906 bum
2418 1851 2538 1921 Dei,
2574 1856 2637 1906 ut
2665 1856 2786 1907 tota
2824 1852 2917 1907 die
2964 1857 3260 1907 transeam
3314 1852 3373 1909 in
3421 1857 3518 1909 tua
3559 1853 3803 1909 voluntate.

752 1958 836 2011 Ex
865 1956 1148 2011 Breviculo
1179 1953 1232 2009 S.
1264 1955 1421 2010 Joan.
1456 1954 1736 2009 Gualberti
1763 1971 1863 2008 ms.

2241 1940 2477 1995 Custodi
2508 1940 2709 1996 oculos
2757 1957 2940 2010 meos,
2976 1958 3047 1996 ne
3096 1940 3336 1996 videant
3364 1942 3665 1998 vanitatem.
3692 1942 3804 1997 Dona

558 2046 673 2119 Ego
700 2046 958 2101 Joannes
982 2045 1155 2100 credo
1178 2047 1235 2099 et
1254 2043 1536 2099 conﬁteor
1565 2043 1761 2113 ﬁdem,
1786 2059 1964 2114 quam
1997 2060 2133 2099 san-
2243 2028 2386 2083 mihi
2417 2029 2689 2119 timorem
2740 2034 2931 2119 tuum,
2968 2029 3229 2097 nomine,
3262 2032 3455 2087 σοι’ἀίθ
3482 2031 3803 2103 οοωρυηοῖίο·

481 2135 559 2191 cti
590 2118 840 2208 apostoli
871 2133 1351 2206 praedicaverunt,
1373 2136 1431 2187 et
1459 2131 1647 2189 sancti
1678 2132 1873 2187 Patres
1905 2132 1962 2186 in
1993 2149 2095 2203 qur

2240 2134 2395 2186 nem,
2429 2118 2642 2174 mentis
2691 2118 3102 2185 humilitatem,
3137 2120 3500 2175 conscientiae
3541 2121 3802 2193 puritatem,

480 2207 907 2280 ιυοιίοοηοίιίίε
938 2222 1450 2278 conﬁrmaverunt,
2157 2245 2205 2310 B
2240 2211 2306 2262 ut
2363 2207 2573 2262 coelum
2631 2207 2936 2279 aspiciam,
2985 2212 3201 2263 terram
3260 2209 3586 2281 despiciam,
3629 2212 3804 2280 peccata

759 2332 843 2385 Ex
869 2330 1117 2385 Brem-ar.
1150 2329 1205 2384 δ’
1239 2330 1395 2384 “an.
1424 2326 1708 2383 Gualberu-
1735 2344 1837 2382 ms.
2157 2296 2204 2310 "
2235 2296 2452 2367 odiam,
2479 2296 2893 2368 justitiamque
2917 2296 3155 2369 diligam
3183 2297 3239 2351 in
3268 2297 3480 2353 saecula
3507 2298 3801 2353 saeculorum.

550 2421 756 2475 Invoco
788 2422 1020 2473 Patrem
1042 2421 1099 2472 et
1118 2416 1333 2471 Filium
1356 2420 1413 2471 et
1433 2416 1719 2487 Spiritum
1746 2426 2035 2484 sanctum,
2060 2421 2125 2472 ut
2230 2388 2436 2441 Amen'

475 2508 555 2563 sit
585 2522 765 2579 super
794 2523 887 2561 me
918 2506 1154 2576 signum
1197 2505 1388 2559 crucis
1418 2510 1475 2559 et
1502 2504 1776 2559 defendat
1810 2522 1902 2559 me
1932 2522 1966 2561 ο,
1996 2522 2121 2561 ma-

475 2595 548 2653 lis
577 2595 872 2669 operibus.
901 2593 1284 2665 Signaculum
1332 2598 1548 2648 sancta).
1591 2593 1780 2648 crucis
1826 2594 1903 2648 sit
1944 2611 2121 2665 super

473 2700 567 2741 me
599 2684 806 2741 diebus
837 2700 903 2740 ac
938 2682 1229 2739 noctibus.

998 2774 1095 2827 Ex
1134 2772 1374 2827 Manual.
1405 2772 1503 2842 fol.
1536 2773 1590 2825 2.

541 2863 772 2919 Gratias
820 2862 927 2917 tibi
976 2876 1107 2933 ago,
1140 2860 1371 2915 inﬁnita
1418 2858 1835 2926 misericordia,
1870 2860 2115 2917 Domine

471 2952 621 3007 Deus
651 2950 1044 3022 omnipotens,
1065 2950 1165 3021 qui
1210 2964 1302 3004 me
1334 2964 1436 3020 per
1465 2964 1678 3020 aquam
1710 2949 1859 3003 sacri
1891 2949 2111 3022 baptis-

466 3039 642 3096 matis
672 3043 729 3095 et
758 3038 1192 3094 renovationem
1236 3037 1423 3092 sancti
1466 3036 1720 3108 Spiritus
1750 3037 1823 3092 ab
1854 3037 2108 3109 origina-

462 3128 620 3185 libus
648 3128 897 3184 vinculis
926 3126 1229 3199 expedisti.
1252 3126 1480 3181 Gratias
1507 3126 1613 3181 tibi
1638 3143 1769 3199 ago,
1792 3126 1892 3198 qui
1924 3142 2015 3182 me
2045 3126 2105 3181 in

458 3223 517 3274 te
548 3219 781 3274 credere
808 3221 962 3273 recte
992 3216 1201 3284 fecisti,
1234 3221 1292 3271 et
1321 3221 1553 3271 tuorum
1588 3232 1681 3271 me
1709 3216 1968 3271 ﬁdelium
2002 3234 2105 3271 nu-

460 3324 621 3364 mero
652 3306 873 3364 sociare
904 3307 1295 3379 dignatuses.

987 3398 1070 3450 Ea:
1097 3395 1336 3450 Manual.
1377 3395 1477 3465 fol.
1510 3396 1564 3448 2.

524 3485 767 3542 Domine
796 3485 951 3541 Deus
994 3483 1387 3556 omnipotens,
1422 3489 1631 3538 mterne
1679 3487 1737 3538 et
1788 3482 2097 3540 ineffabilia

452 3576 580 3631 sine
602 3578 716 3631 ﬁne
746 3580 919 3647 atque
949 3573 1137 3640 initio,
1170 3589 1343 3644 quem
1395 3589 1579 3627 unum
1640 3572 1698 3626 in
1738 3572 2021 3629 Trinitate
2038 3578 2094 3629 et

448 3664 670 3721 trinum
704 3665 763 3720 in
800 3664 1023 3719 unitate
1070 3664 1436 3727 conﬁtemur,
1470 3666 1526 3716 te
1571 3660 1762 3715 solum
1806 3663 2003 3729 adero,
2034 3667 2091 3717 te

448 3756 647 3823 laudo,
676 3759 733 3810 te
762 3753 1064 3823 benedice,
1087 3757 1259 3822 teque
1289 3750 1568 3821 gloriﬁce,
1594 3749 1835 3820 tibique,
1860 3750 2087 3807 miseri-

444 3860 595 3910 cors,-
628 3848 687 3900 et
732 3841 1013 3906 clemens,
1044 3841 1263 3912 gratias
1312 3838 1641 3909 refero,qui
1699 3855 1791 3893 me
1848 3845 2084 3895 exutum

441 3939 608 3988 nocte
638 3932 892 4004 perﬁdiae
933 3935 989 3986 et
1029 3929 1267 3995 erroris,
1300 3928 1639 3999 participem
1672 3928 1795 3982 ﬁeri
1829 3929 2086 3985 tribuisti

438 4021 642 4091 gratias
669 4024 804 4074 tute.
830 4019 1062 4084 Perﬁce,
1087 4033 1307 4088 quisse,
1334 4015 1593 4081 Domine,
1618 4020 1873 4088 coeptum
1899 4018 1959 4072 in
1992 4035 2083 4073 me

435 4124 584 4180 opus
614 4106 1028 4162 misericordias
1076 4110 1207 4160 tum.
1243 4106 1404 4160 Dona
1450 4103 1595 4159 mihi
1642 4110 1875 4175 tempus
1919 4107 2080 4178 cogi-

430 4200 579 4264 tare,
606 4194 769 4267 loqui
798 4198 856 4251 et
885 4209 1055 4266 agere
1102 4211 1229 4265 qua:
1272 4192 1486 4265 placita
1516 4197 1655 4249 sunt
1682 4193 1811 4262 tibi,
1842 4198 1898 4249 et
1941 4212 2078 4267 gra-

428 4284 579 4340 tuita
638 4300 733 4340 me
783 4283 1001 4355 ubique
1055 4283 1270 4355 pietate
1322 4282 1679 4351 custodiens,
1714 4285 1801 4339 fac
1847 4301 1939 4341 me
1986 4286 2075 4342 in-

2780 2490 2983 2529 ORATIO
3012 2490 3083 2529 AD
3113 2490 3330 2531 JESUM.

2728 2566 2811 2619 Ex
2852 2563 3100 2617 Manual.
3139 2564 3269 2633 fol.‘
3297 2566 3379 2619 12.

2299 2650 2394 2706 Pie
2420 2650 2770 2707 exaudibilis
2800 2650 3042 2706 Domine
3089 2651 3227 2707 Jesu
3258 2652 3504 2719 Christe,
3534 2651 3705 2707 exaudi
3729 2664 3794 2704 me

2224 2738 2704 2811 indignissimum
2737 2745 3099 2812 peccatorem
3122 2757 3224 2812 per
3243 2739 3617 2796 interventum
3643 2744 3686 2795 et
3704 2755 3789 2792 me-

2224 2828 2403 2883 ritum
2435 2829 2615 2883 beatae
2638 2832 2694 2884 et
2714 2828 2979 2899 gloriosa:
3011 2845 3245 2900 semper
3265 2829 3515 2902 Virginis
3534 2828 3696 2884 Maria
3712 2826 3790 2881 Ge-

2221 2916 2447 2974 nitriois
2480 2922 2590 2973 tua:
2621 2922 2677 2972 et
2705 2917 2969 2972 omnium
3002 2917 3217 2972 civium
3250 2914 3775 2990 supernorum,Eccle

2220 3006 2317 3061 size
2346 3010 2456 3062 tuae
2486 3006 2780 3062 catholica
2813 3008 2988 3061 ﬁdem
3038 3022 3206 3079 auge.
3242 3008 3449 3064 Pacem
3481 3007 3645 3063 tribue
3665 3006 3786 3075 Papa

2216 3095 2285 3150 N.
2310 3100 2367 3151 et
2386 3096 2547 3151 omni
2576 3096 2713 3152 huic
2740 3096 3207 3168 Congregationi,
3241 3095 3662 3169 consanguineis
3682 3109 3785 3165 quo-

2216 3201 2328 3256 que
2359 3185 2573 3241 nostris
2632 3188 2688 3240 et
2734 3185 3097 3257 principibus
3140 3184 3490 3242 Christianis
3534 3190 3678 3257 atque
3714 3188 3784 3235 tua

2213 3274 2357 3328 mihi
2380 3273 2661 3330 charitate
2683 3274 3031 3345 conjunctis.
3058 3274 3251 3329 Etiam
3285 3292 3392 3331 sua
3421 3273 3573 3331 nobis
3601 3286 3783 3327 munera

2208 3362 2614 3434 largientibus,
2631 3363 3117 3434 persequentibus
3136 3368 3192 3418 et
3210 3362 3672 3419 calumniantibus
3689 3374 3779 3422 nos,

2209 3452 2504 3516 omnibus,
2532 3453 2633 3524 qui
2664 3468 2768 3524 pro
2800 3451 2969 3507 nobis
2999 3451 3323 3523 implorant
3344 3469 3543 3509 nomen
3572 3453 3777 3505 sanctum

2204 3544 2396 3605 tuum,
2420 3541 2503 3597 vel
2538 3541 2638 3613 qui
2668 3557 2772 3612 pro
2803 3557 2865 3596 se
2911 3557 3015 3595 nos
3066 3540 3319 3597 miseros
3348 3541 3495 3613 apud
3520 3546 3659 3594 tuam
3695 3534 3775 3588 cle-

2121 3619 2167 3683 C
2206 3631 2484 3686 mentiam
2516 3630 2847 3702 supplicare
2875 3628 3212 3697 voluerunt;
3250 3632 3418 3686 nobis
3459 3643 3659 3701 quoque
3678 3638 3774 3696 pec-

2200 3721 2494 3775 catoribus
2553 3719 2961 3773 remissionem
3012 3723 3068 3772 et
3108 3719 3531 3791 indulgentiam
3570 3713 3770 3771 omnium

2196 3809 2387 3863 tribue
2438 3812 2828 3880 peccatorum.
2862 3808 3117 3862 Inﬁrmis
3147 3808 3423 3873 salutem,
3451 3806 3615 3877 lapsis
3654 3816 3772 3871 repa-

2195 3898 2502 3965 rationem,
2534 3896 2943 3968 navigantibus
2972 3901 3029 3950 et
3067 3896 3176 3950 iter
3210 3897 3537 3968 agentibus,
3566 3894 3655 3947 iter
3678 3902 3770 3960 pro-

2193 4004 2429 4059 sperum
2474 3991 2531 4041 et
2579 3985 2789 4041 salutis
2839 3990 3101 4057 portum;
3153 3985 3393 4041 afﬂictis
3442 3990 3497 4040 et
3540 3974 3770 4038 tribulatis

2190 4076 2505 4147 gaudium;
2541 4074 2839 4146 oppressis
2862 4072 3312 4142 revelationem;
3347 4062 3767 4146 captivis,vinctis

2187 4170 2245 4220 et
2275 4164 2593 4237 peregrinis
2626 4162 3053 4219 absolutionem
3077 4168 3135 4219 et
3163 4164 3239 4218 ad
3272 4164 3518 4236 patriam
3547 4152 3769 4214 reversio-

2187 4270 2318 4308 nem
2361 4252 2651 4324 propitius
2682 4253 2951 4308 concede.

427 4374 675 4447 dignum
704 4381 761 4432 et
790 4373 1073 4430 miserum
1104 4375 1176 4429 ad
1225 4378 1389 4429 tuam
1438 4373 1735 4446 pervenire
1767 4373 2069 4433 visionem.
2890 4374 3113 4415 ORATIO-

420 4446 629 4521 Amen.
2761 4447 2845 4501 Ea:
2874 4446 3118 4503 Manuat.
3150 4449 3250 4519 fol.

941 4555 1024 4609 Ex
1050 4553 1287 4610 Manual,
1322 4551 1428 4623 fol,
1464 4554 1549 4607 11,
2249 4536 2544 4592 Universis
2574 4535 2874 4608 gradibus,
2917 4538 3018 4608 qui
3051 4539 3111 4592 in
3142 4536 3259 4593 ﬁde
3299 4536 3652 4594 sanctissime
3669 4526 3763 4584 Tri-

2177 4625 2378 4680 nitatis
2411 4625 2469 4680 in
2502 4624 2756 4681 Ecclesia
2785 4632 2887 4681 tua
2929 4626 3214 4683 catholica
3264 4625 3629 4682 communiter
3650 4633 3755 4672 cou-

415 4737 513 4788 tus
533 4749 595 4788 es
624 4732 684 4787 in
706 4732 814 4787 hac
860 4737 1025 4787 nocte
1045 4732 1361 4788 custodire.
1390 4737 1671 4803 Deprecor
1692 4730 2060 4788 clementiam

2200 4713 2450 4784 inentur,
2510 4714 2816 4780 miserere,
2878 4716 3339 4771 clementissime
3392 4720 3556 4771 Deus.
3603 4714 3755 4777 Propt-

412 4826 601 4890 tuam,
627 4821 891 4894 piissime
916 4826 1175 4891 Domine,
1197 4827 1261 4876 ut
1283 4822 1565 4876 concedas
1588 4819 1731 4874 mihi
1753 4820 1908 4875 diem
1930 4838 2062 4876 ven-

2200 4802 2313 4858 iare
2380 4804 2653 4858 omnibus
2719 4804 2778 4857 in
2839 4804 3295 4876 quibuscumque
3374 4796 3755 4860 necessitatibus

410 4913 610 4965 turum
641 4911 724 4965 sic
753 4926 1027 4981 peragere
1058 4910 1116 4964 in
1144 4916 1245 4964 tuo
1278 4914 1477 4964 sancto
1499 4908 1752 4977 servitio,
1777 4908 1835 4962 in
1868 4908 2057 4963 humi-
2092 4984 2095 4985 ν

2200 4896 2344 4964 tque
2375 4893 2631 4947 miseriis
2662 4893 3019 4959 constitutis,
3052 4899 3105 4949 et
3154 4894 3429 4949 universe
3461 4887 3652 4964 populo
3676 4888 3749 4937 tuo

405 4998 571 5055 litate
592 5004 649 5054 et
664 4980 1287 5070 discretione,qualiter
1308 4998 1411 5054 tibi
1430 4997 1788 5070 complaceat
1805 4998 2052 5053 servitus
2090 4984 2095 5047 1

2200 4982 2513 5052 lhristiane,
2541 4998 2713 5052 quem
2746 4985 2999 5053 pretiose
3033 4982 3322 5054 sanguine
3355 4980 3652 5037 redemisti.

406 5092 633 5155 nostra;
670 5092 727 5142 et
756 5092 967 5159 praesta
993 5088 1137 5141 mihi
1160 5087 1331 5143 hodie
1352 5105 1485 5143 cum
1507 5104 1743 5143 summa
1772 5087 2055 5158 patientia
2874 5106 3097 5144 omne.

490 4644 720 4700 Gratias
741 4642 846 4698 tibi
868 4659 997 4716 ago,
1020 4644 1391 4715 omnipotens
1414 4646 1604 4712 Pater,
1626 4641 1724 4713 qui
1754 4659 1845 4697 me
1866 4644 2065 4715 digna-

401 5174 507 5231 tibi
538 5180 773 5247 gratum
804 5176 1076 5232 exhibere
1107 5177 1430 5232 servitium.
2673 5179 2756 5232 Ex
2784 5177 3026 5233 Manual.
3058 5179 3154 5250 [οι.
3187 5180 3281 5232 30.

827 5282 1228 5339 ORATIONES
1277 5281 1619 5338 DIVERSAE,
2230 5266 2406 5338 Reple
2444 5267 2621 5322 corda
2667 5272 2866 5323 nostra
2915 5268 3046 5335 ﬁde,
3080 5283 3180 5339 spe
3230 5272 3290 5323 et
3333 5258 3745 5325 charitate,obe-

721 5371 830 5411 rae
869 5372 1141 5412 seuseu»:
1180 5370 1455 5410 CUSTODIA
1493 5371 1715 5408 ORATlo.
2152 5356 2373 5411 dientia
2393 5361 2449 5411 et
2472 5356 2801 5412 humilitate
2826 5362 2998 5428 atque
3021 5356 3319 5428 patientia,
3342 5360 3399 5410 et
3420 5356 3503 5410 fac
3528 5355 3743 5407 nostrum

916 5446 997 5500 Ea:
1027 5445 1268 5499 Manual.
1302 5444 1401 5514 fol.
1438 5443 1522 5495 11.
2151 5450 2430 5501 rectorem
2455 5445 2780 5501 secundum
2803 5462 2901 5501 cor
2929 5451 3116 5517 tuum,
3142 5450 3206 5501 ut
3236 5444 3411 5501 faciat
3436 5441 3742 5498 voluntatem

464 5534 688 5590 Mecum
725 5539 867 5611 este,
904 5532 1193 5602 [Domine]
1226 5531 1505 5595 Sabaoth,
1545 5549 1711 5587 inane
1741 5549 1873 5587 cum
1907 5552 2033 5589 sur-
2147 5540 2308 5590 tuam
2341 5536 2412 5590 ad
2444 5535 2693 5591 salutem
2727 5552 2893 5593 suam
2928 5542 2985 5591 et
3024 5540 3305 5592 nostram.
3340 5535 3537 5592 Amen.

3865 4895 3867 4985 1

3862 5102 3863 5169 1

3860 5204 3861 5261 1

3856 5394 3857 5443 1

3854 5484 3855 5535 1

3852 5554 3853 5627 1

3850 5668 3851 5719 1

3848 5760 3849 5811 1

3846 5846 3847 5903 1
