3996 6148
98 400 216 460 973

745 547 875 586 ALIA
903 545 1128 588 ORATIO.

806 621 917 674 Fol.
962 620 1049 675 18.

169 709 410 773 Tribue,
442 707 711 773 Domine,
743 723 1100 778 quaesumus,
1133 705 1293 761 omni
1339 705 1502 760 sexui
1538 708 1594 760 et
1624 704 1757 760 uni-

95 813 285 854 versas
311 795 467 852 atati
485 800 660 867 atque
675 794 991 851 conditioni
1009 794 1234 850 ordinis
1255 793 1572 849 Christiani
1595 809 1759 849 man-

95 887 382 943 datorum
412 888 649 940 tuorum
671 882 997 939 custodiam
1025 886 1082 937 et
1103 899 1346 939 suorum
1371 881 1637 937 omnium
1668 898 1761 937 ve-

93 974 266 1031 niam
301 973 649 1029 delictorum
683 975 739 1026 et
767 971 938 1026 nobis
969 971 1267 1027 miserere.
1300 972 1506 1026 Amen.

361 1060 544 1115 ALIE
587 1059 906 1124 QU/EDAM
937 1059 1074 1115 ΡΙίΕ
1106 1058 1513 1114 ORATIONES

190 1165 396 1206 ORATIO
428 1165 539 1203 PRO
569 1164 1074 1204 CONTEMPLATIONE
1104 1164 1391 1204 COELESTlS
1423 1163 1665 1202 ΡΑΤΒῙᾸΞ.

637 1238 721 1292 Ex
751 1237 989 1292 Manual.
1035 1238 1134 1307 fol.
1168 1238 1221 1291 4.

173 1327 466 1384 Admonet
503 1343 610 1382 nos
661 1327 723 1380 B.
773 1324 1087 1398 Apostolus
1135 1325 1340 1380 dicens
1372 1342 1385 1380 :
1422 1323 1482 1379 Si
1517 1341 1759 1380 consur-

88 1417 336 1475 rexistis
365 1431 498 1472 cum
549 1414 804 1480 Christo,
857 1431 984 1486 quae
1033 1431 1272 1470 sursum
1319 1417 1461 1470 sunt
1492 1413 1756 1484 qumrite,

92 1507 205 1563 ubi
225 1505 493 1562 Christus
523 1507 614 1559 est
649 1504 704 1558 in
738 1503 974 1559 dextera
995 1502 1096 1559 Dei
1119 1505 1330 1559 sedens
1359 1523 1373 1572 ;
1401 1505 1458 1558 et
1498 1501 1710 1558 iterum
1744 1519 1757 1556 :

89 1595 316 1652 Nostra
339 1598 536 1649 autem
567 1592 926 1648 conversatio
961 1591 1018 1646 in
1072 1591 1236 1647 caelis
1285 1595 1393 1646 est.
1429 1591 1762 1662 Lugeamus

87 1685 153 1741 in
180 1685 298 1740 hoc
321 1679 661 1739 calamitoso
682 1679 908 1748 itinere,
935 1680 1220 1752 quamdiu
1241 1678 1581 1736 exsulamus
1603 1696 1637 1733 a
1659 1695 1761 1749 pa-

89 1774 236 1830 tria.
262 1770 777 1828 Transcendamus
797 1767 1313 1841 contemplationis
1334 1766 1611 1840 pennulis
1625 1783 1766 1821 cun-

89 1867 218 1927 cta,
247 1877 378 1933 quis
408 1861 710 1932 coeperunt
737 1873 806 1914 ex
833 1860 1097 1929 tempore
1127 1862 1183 1912 et
1234 1873 1368 1912 cum
1400 1860 1664 1926 tempore
1693 1854 1759 1908 fi-

91 1952 374 2018 niuntur,
407 1953 465 2004 et
493 1949 565 2004 ad
597 1947 759 2003 illam
788 1946 925 2002 totis
961 1945 1266 2002 desideriis
1291 1944 1540 2017 patriam
1567 1947 1760 2000 mente

90 2040 443 2109 volitemus,
476 2037 548 2093 ad
582 2053 758 2108 quam
793 2035 853 2090 in
887 2040 1149 2106 tempore
1188 2034 1470 2106 pergitur,
1503 2019 1604 2088 sed
1635 2033 1764 2089 sine

92 2136 374 2200 tempore
403 2126 633 2191 vivitur.
669 2125 751 2179 Ad
783 2124 1155 2180 accendenda
1186 2123 1367 2196 igitur
1397 2127 1596 2181 nostra
1616 2121 1766 2177 desi-

91 2218 298 2286 deria,
320 2216 428 2272 hos
449 2214 710 2287 quinque
731 2229 1012 2269 canamus
1033 2211 1244 2285 spiritu
1266 2216 1322 2268 et
1344 2217 1539 2267 mente
1569 2210 1763 2281 quoti-

95 2308 200 2364 die
235 2305 543 2361 Psalmos:
577 2303 727 2359 Sicut
755 2318 949 2359 cervus
976 2301 1255 2358 desiderat
1287 2300 1357 2356 ad
1386 2303 1560 2371 fontes
1592 2316 1763 2370 aqua-

94 2413 262 2466 rum,
296 2396 377 2450 ita
405 2393 696 2461 desiderat,
727 2396 836 2448 etc.
867 2391 1064 2448 Judica
1093 2408 1198 2457 me,
1248 2392 1411 2460 Deus,
1441 2397 1492 2444 et
1519 2388 1770 2444 discerne

93 2501 364 2554 causam,
397 2487 507 2539 etc.
549 2483 615 2538 Te
655 2481 801 2537 decet
857 2479 1115 2551 hymnus,
1170 2484 1282 2536 etc.
1343 2479 1518 2547 Quam
1572 2478 1768 2533 dilecta

97 2571 486 2632 tabernacula
531 2583 646 2639 tua,
694 2572 950 2636 Domine,
1005 2571 1294 2636 virtutum,
1326 2572 1438 2625 etc.
1497 2569 1621 2624 Voce
1648 2582 1770 2622 mea

98 2667 173 2722 ad
207 2665 512 2722 Dominum
540 2661 789 2730 clamavi,
821 2665 931 2716 etc.

653 2751 738 2804 Ex
764 2746 1020 2804 manual.
1051 2749 1145 2818 fol.
1180 2748 1232 2801 4.

175 2845 328 2902 Post
358 2840 681 2898 orationem
716 2836 1078 2894 Dominicam
1101 2836 1200 2892 isti
1237 2835 1450 2907 psalmi
1473 2839 1613 2890 sunt
1634 2849 1771 2905 sup-

96 2933 352 3008 pliciter
370 2927 717 2986 decantandi
733 2943 747 2982 :
763 2926 822 2981 hi
840 2925 1017 2982 etiam
1035 2925 1096 2980 in
1115 2923 1490 2980 tribulatione
1511 2927 1770 2978 mentem

92 3018 502 3077 consolantur
518 3020 575 3073 et
601 3014 909 3070 sublevant
933 3030 946 3068 :
974 3015 1277 3084 Usquequo,
1310 3013 1558 3078 Domine,
1580 3011 1771 3066 oblivi-

96 3111 286 3167 sceris
316 3122 404 3162 me
434 3109 494 3162 in
521 3105 718 3175 ﬁnem,
747 3107 856 3158 etc.
896 3103 1055 3169 Deus,
1086 3105 1228 3158 Deus
1274 3117 1446 3170 meus,
1479 3101 1682 3171 respice
1710 3101 1772 3154 in

98 3217 218 3269 me,
258 3203 377 3252 etc.
412 3197 571 3263 Deus,
607 3197 667 3250 in
696 3195 922 3249 nomine
977 3201 1067 3248 tuo
1105 3192 1318 3246 salvum
1375 3207 1465 3245 me
1513 3191 1625 3260 fac,
1659 3192 1771 3243 etc.

1644 396 1962 458 PBECES.

1779 532 1834 597 Α
1866 528 1997 599 gius
2028 527 2370 599 praedicator
2405 528 2644 586 dicens:
2698 530 2908 586 Fidelis
2954 535 3149 587 autem
3199 535 3370 599 Deus,
3404 533 3506 604 qui

1792 1903 1840 1969 B

3388 405 3504 462 9³74

1866 634 1978 671 non
2004 618 2256 688 patietur
2278 635 2377 673 vos
2398 619 2609 674 tentari
2640 636 2819 690 supra
2841 619 2896 673 id
2938 621 3092 690 quod
3119 622 3382 692 potestis,
3406 621 3509 677 sed

1867 705 2038 760 faciet
2060 723 2192 760 cum
2217 705 2535 763 tentatione
2563 707 2739 762 etiam
2761 707 3001 775 exitum,
3027 713 3090 763 ut
3112 709 3351 779 possitis
3373 727 3510 766 sus-

1865 794 2069 850 tinere.
2103 797 2225 861 Quo
2256 795 2410 852 circa
2466 795 2769 851 sciendum
2829 801 2937 863 est,
2998 797 3137 868 quia
3173 798 3386 868 judicii
3416 815 3511 855 oo-

1867 883 2009 939 culti
2039 901 2317 939 mensura
2355 888 2463 951 est,
2510 889 2567 939 et
2613 885 2847 956 quando
2891 885 3230 941 tentationis
3261 886 3514 959 procella

1866 972 2154 1045 prosiliat,
2207 978 2265 1028 et
2322 975 2557 1046 quando
2620 973 2900 1045 quiescat.
2961 974 3145 1042 Certe,
3200 975 3512 1047 Evangelio

1868 1065 2205 1130 attestante,
2243 1062 2510 1117 diabolus
2569 1079 2674 1117 nec
2731 1078 2967 1118 manere
3026 1063 3086 1117 in
3143 1064 3382 1119 obsesso
3413 1063 3515 1120 ho-

1868 1151 2045 1219 mine,
2079 1151 2267 1222 potuit
2298 1167 2402 1206 nec
2459 1151 2658 1206 minus
2711 1150 2983 1206 invadere
3034 1151 3207 1206 bruta
3236 1151 3516 1208 animalia

1869 1257 1983 1294 non
2000 1240 2206 1309 jussus
2229 1239 2624 1310 praesumpsit.
2648 1240 2890 1302 Quando
2911 1255 3047 1312 ergo
3069 1257 3178 1296 sua
3192 1244 3399 1312 sponte
3416 1257 3516 1295 no-

1869 1345 1996 1384 cere
2026 1329 2194 1384 factis
2225 1329 2296 1384 ad
2324 1328 2424 1384 Dei
2472 1328 2788 1400 imaginem
2840 1328 3181 1384 hominibus
3229 1327 3518 1384 auderet?

1870 1417 1971 1473 Cui
1995 1418 2042 1473 si
2067 1421 2323 1484 potestas
2341 1433 2578 1472 summa
2595 1417 2892 1472 licentiam
2915 1434 3032 1473 non
3056 1417 3338 1489 praeberet
3359 1434 3519 1490 gras-

1869 1506 2009 1574 sari,
2031 1523 2134 1562 nec
2154 1505 2214 1561 in
2237 1523 2442 1578 porcos
2462 1505 2680 1562 valeret
2701 1507 2802 1561 ire.
2826 1505 2998 1561 Nullo
3021 1506 3194 1561 modo
3217 1505 3518 1578 ambigen-

1870 1596 2011 1650 dum
2043 1602 2133 1651 est
2165 1595 2455 1667 permissu
2488 1595 2811 1667 aequissimi
2853 1595 3073 1666 judicis
3112 1596 3172 1650 in
3200 1595 3416 1651 electos
3445 1595 3519 1650 ad

1871 1688 2104 1754 tempus
2125 1683 2426 1738 diabolum
2448 1682 2712 1738 tentandi
2744 1682 3006 1754 accipere
3025 1687 3392 1754 potestatem,
3418 1683 3520 1739 sed

1873 1771 2328 1828 misericorditer
2331 1772 2515 1842 judex
2527 1771 2812 1837 concedit,
2833 1772 2985 1842 quod
3006 1770 3318 1826 creduliter
3335 1771 3521 1826 hostis

1871 1865 2126 1932 cuperet.
2155 1860 2297 1915 Hinc
2320 1863 2409 1915 est
2452 1860 2608 1931 quod
2657 1859 2815 1914 fideli
2847 1858 3064 1914 famulo
3087 1859 3159 1914 de
3179 1859 3383 1915 eodem
3409 1859 3522 1914 Do-

1872 1950 2070 2006 minus
2101 1948 2276 2004 dicit:
2323 1965 2441 2004 non
2498 1949 2668 2021 quasi
2720 1947 2976 2003 crudelis
3033 1948 3329 2003 suscitabo
3361 1964 3520 2004 eum.

1871 2039 2015 2094 Hinc
2029 2039 2227 2093 Esaias
2243 2037 2662 2092 tcntationibus
2685 2037 2984 2109 fatigatam
3008 2035 3240 2092 fidelem
3263 2035 3522 2092 animam

1872 2127 2106 2182 blandis
2137 2126 2636 2182 consolationibus
2679 2126 2916 2189 refovet,
2964 2125 3203 2180 dicens:
3237 2125 3390 2179 Dixit
3418 2129 3524 2180 Do-

1873 2232 2058 2270 minus
2088 2216 2227 2270 Deus
2287 2221 2461 2270 tuus:
2491 2214 2569 2269 Ad
2618 2223 2885 2285 punctum
2932 2215 2990 2266 in
3021 2212 3229 2268 modico
3256 2211 3525 2282 dereliqui

1876 2313 1942 2371 te,
1970 2308 2021 2359 et
2051 2308 2110 2358 in
2141 2303 2586 2359 miserationibus
2630 2304 2845 2373 magnis
2891 2302 3227 2372 congregabo
3259 2308 3326 2355 te.
3379 2300 3522 2355 Item

1873 2393 1993 2448 ibi:
2027 2394 2296 2448 Abscondt
2352 2393 2554 2466 faciem
2612 2406 2789 2445 meam
2841 2406 3146 2461 parumper
3201 2407 3235 2444 a
3279 2393 3350 2459 te,
3384 2392 3435 2443 et
3464 2391 3526 2446 in

1874 2482 2255 2538 misericordia
2282 2482 2614 2552 sempiterna
2642 2480 2902 2534 misertus
2929 2495 3051 2534 sum
3080 2479 3183 2532 tui.

2423 2598 2506 2651 Ea:
2535 2597 2790 2652 Manual.
2819 2597 2900 2666 fol
2925 2599 2980 2652 7.

1949 2689 2093 2744 Cum
2124 2702 2259 2758 ergo
2290 2685 2346 2740 in
2380 2686 2763 2741 tentationem
2795 2686 2868 2740 ad
2920 2690 3154 2757 tempus
3184 2684 3528 2753 incidimus,

1879 2776 2225 2848 priusquam
2261 2774 2319 2828 in
2352 2773 2755 2830 delectationis
2783 2779 2887 2830 aut
2906 2774 3067 2846 pravi
3090 2790 3416 2830 consensus
3440 2773 3528 2829 la-

1879 2865 2090 2920 bamur
2105 2862 2463 2935 voraginem,
2483 2861 2804 2917 clamemus
2822 2859 3188 2926 medullitus,
3204 2859 3531 2916 clamemus

1876 2952 2136 3008 valenter
2157 2951 2641 3006 hosdecantando
2656 2950 2942 3022 psalmos:
2963 2951 3260 3022 Usquequo,
3278 2950 3526 3017 Domine,

1876 3041 2210 3098 Oblivisceris
2236 3055 2323 3094 me
2342 3041 2401 3094 in
2431 3040 2615 3108 finem.
2649 3043 2742 3094 Ps.
2775 3041 2935 3104 Deus,
2971 3041 3109 3094 Deus
3124 3055 3299 3107 meus,
3323 3039 3529 3109 respice

1880 3132 1939 3183 in.
1968 3145 2071 3196 me,
2105 3144 2274 3201 quare
2300 3143 2386 3182 me
2413 3128 2775 3196 dereliquisti,
2800 3132 2893 3182 Ps.
2917 3130 3078 3193 Deus,
3102 3129 3163 3181 in
3190 3127 3418 3182 nomine
3436 3133 3528 3181 tuo

1881 3219 2093 3272 salvum
2150 3233 2233 3271 me
2281 3219 2389 3286 fac.
2440 3220 2535 3270 Ps.
2592 3215 2847 3270 Miserere
2901 3231 3032 3285 mei,
3056 3217 3232 3282 Deua',
3263 3215 3529 3285 quoniam

95 3291 377 3345 Miserere
429 3286 560 3355 mei’
618 3285 780 3350 Dm’
839 3296 1099 3352 quamam
1151 3280 1487 3336 conculcam
1534 3293 1622 3368 "te
1679 3276 1772 3330 ἦθ’
1801 3269 1844 3338 C
1884 3307 2219 3362 conculcuvit
2249 3322 2335 3360 me
2363 3306 2539 3360 homo.
2595 3305 2688 3358 Ps.
2721 3305 2948 3358 Domine
3003 3305 3143 3368 Deus
3171 3304 3531 3357 salutismex

93 3393 224 3446 mo,
285 3379 396 3430 etc.
445 3375 586 3428 Deus
636 3374 698 3427 in
746 3370 1091 3442 adjutorium
1147 3366 1628 3450 meumjntende,
1661 3369 1770 3420 etc.

94 3466 292 3537 Eripe
320 3477 427 3530 me,
457 3463 705 3531 Domine,
742 3460 815 3515 ab
870 3460 1092 3515 homine
1146 3459 1318 3529 malo,
1370 3461 1480 3512 etc.
1512 3456 1776 3511 Dominus

99 3558 270 3614 Deus
300 3553 502 3608 salutis
522 3565 680 3608 meae.
712 3554 824 3606 etc.

310 3657 453 3698 POS‘I‘
481 3655 931 3698 MODULATIONBM
981 3650 1338 3693 PSALMORUM
1376 3650 1602 3692 ORATIO.

643 3731 738 3784 Ea:
765 3727 1025 3784 Manual.
1055 3726 1154 3797 fol.
1184 3725 1274 3780 32.

181 3823 505 3881 Liberator
534 3817 866 3874 animarum
898 3820 956 3871 et
1006 3814 1212 3870 mundi
1261 3813 1614 3884 Redemptor
1643 3811 1782 3866 Jesu

106 3913 379 3978 Christe,
405 3907 650 3964 Domine
675 3908 826 3963 Deus
847 3909 1078 3972 aeterne,
1108 3903 1228 3959 Rex
1247 3900 1619 3965 immortalis,
1647 3915 1785 3970 sup-

1887 3397 1980 3451 Ps.
2014 3397 2154 3450 Deus
2185 3397 2243 3449 in
2273 3393 2612 3465 adjutorium
2641 3408 2824 3448 meum
2854 3391 3089 3448 intende.
3123 3391 3217 3448 Ps.
3243 3393 3402 3462 Eripe
3420 3405 3530 3461 me,

1889 3487 2134 3555 Domine,
2158 3484 2225 3540 ab
2256 3483 2483 3538 homine
2512 3484 2676 3538 malo.

2379 3617 2452 3654 AD
2485 3617 2534 3654 S.
2567 3615 2797 3654 CRUCEM
2828 3613 3051 3653 ORATIO.

2425 3691 2508 3743 Ea:
2535 3687 2781 3743 Manual.
2809 3687 2889 3757 fol
2919 3689 3008 3742 47.

1968 3795 2182 3850 Adesto
2205 3794 2435 3849 familia:
2469 3799 2602 3866 tum,
2627 3794 2881 3850 clemens
2914 3798 2970 3848 et
3003 3791 3338 3848 misericors
3369 3794 3546 3860 Deus,

1896 3888 1964 3939 ut
1983 3884 2042 3938 in
2065 3882 2323 3939 adversis
2348 3887 2404 3938 et
2437 3884 2731 3954 prosperis
2759 3898 2960 3954 preces
2983 3880 3283 3946 exaudias,
3307 3883 3364 3935 et
3385 3878 3549 3935 nefas

1899 3974 2300 4029 adversarium
2358 3989 2462 4044 per
2517 3971 2799 4027 auxilium
2858 3971 2920 4027 S.
2953 3970 3166 4040 crucis,
3227 3967 3365 4040 quia
3401 3966 3461 4023 in
3493 3970 3550 4022 te

1901 4079 2112 4135 passus
2141 4066 2231 4118 est
2257 4061 2520 4117 Salvator
2548 4061 2776 4128 mundi,
2829 4059 3090 4132 digneris
3139 4064 3455 4125 conterere,
3487 4059 3553 4110 ut

1905 4157 2137 4224 portum
2156 4151 2368 4206 salutis
2386 4150 2617 4207 valeant
2634 4149 3090 4222 apprehendere.
3110 4147 3218 4204 Per
3238 4145 3553 4203 Dominum

1905 4245 2172 4296 nostrum
2204 4241 2407 4296 Jesum
2449 4239 2770 4310 Christum,
2802 4241 2910 4294 etc.

107 4004 279 4078 plico
310 4014 422 4071 ego
444 4001 712 4070 peccator
739 3997 1093 4051 immensam
1133 3991 1508 4048 clementiam
1530 3997 1694 4046 tuam
1725 3997 1791 4042 ut

107 4110 219 4166 per
253 4085 733 4145 modulationem
762 4083 1152 4156 psalmorum,
1185 4097 1332 4153 quos
1363 4095 1470 4152 ego
1498 4079 1678 4135 miser
1706 4078 1791 4132 in-

110 4182 354 4254 dignus
376 4175 627 4242 cantavi,
654 4174 868 4229 liberes
889 4172 1149 4228 animam
1171 4186 1363 4226 meam
1385 4170 1456 4224 de
1478 4172 1712 4240 peccato
1735 4171 1794 4222 et

111 4265 425 4326 abstollas
455 4279 554 4320 cor
581 4279 778 4318 meum
808 4261 880 4317 de
925 4260 1099 4316 malis
1145 4264 1204 4315 et
1243 4257 1438 4331 pravis
1469 4262 1526 4312 et
1555 4254 1795 4328 perﬁdis

112 4353 598 4431 cogitationibus
627 4355 685 4407 et
712 4351 944 4407 auferas
969 4365 1185 4420 corpus
1227 4363 1425 4403 meum
1457 4363 1491 4402 a
1519 4345 1798 4401 servitute

113 4442 393 4533 Ρθοοδίξθ
427 4446 484 4496 et
514 4438 762 4533 “9°11”
793 4456 830 4533 δῖ
853 4454 948 4533 {ne
977 4436 1242 4533 “ﬁnale?
1271 4432 1797 4533 CQD9PPi8°°9tia?:
1980 4467 2188 4517 Invoco
2221 4466 2451 4516 Patrem
2484 4463 2541 4516 et
2571 4460 2786 4516 Filium
2807 4464 2864 4515 et
2885 4459 3173 4531 Spiritum
3197 4461 3470 4513 sanctum
3494 4457 3561 4509 ut

118 4542 178 4592 et
198 4532 444 4605 eripias
465 4547 560 4623 m9
579 4531 651 4585 de
675 4526 1279 4623 9r9_n_i__impedimel_1t°
1295 4524 1587 4623 ,δξφξωίθ
1611 4524 1800 4623 θΫΪΠῨ
1913 4553 1989 4608 sit
2014 4567 2192 4623 super
2216 4567 2308 4606 me
2331 4549 2568 4622 signum
2594 4548 2786 4604 crucis
2809 4553 2867 4604 et
2899 4524 3178 4603 defendat
3214 4561 3308 4600 me
3337 4561 3372 4599 a
3392 4541 3564 4597 malis

120 4626 480 4682 nisu-0mm
501 4619 628 4690 ejus
649 4616 972 4713 νίδίδίξίυω
994 4621 1169 4713 atqu?
1189 4613 1579 4713 ίιῖνίδίδῃίυω
1604 4610 1803 4713 ῗίίηῶ
1837 4639 1884 4705 D
1918 4610 2226 4713 operibus;
2257 4610 2626 4711 signaculum
2650 4637 2708 4692 S.
2735 4635 2923 4692 crucis
2945 4635 3022 4691 sit
3042 4649 3220 4706 super
3243 4648 3336 4688 me
3359 4629 3568 4686 diebus

121 4714 374 4770 delium
427 4712 688 4775 tuorum,
742 4707 844 4779 qui
906 4710 1178 4778 quaerunt
1231 4702 1517 4776 impedire
1547 4701 1805 4756 animam
1837 4701 1873 4705 ”
1918 4701 1984 4786 ἃς)
2011 4701 2298 4784 ηοοιίδίλε.

120 4816 347 4860 meam
359 4840 371 4854 .

1978 4359 2061 4411 Ea:
2092 4357 2336 4411 Breviar.
2369 4371 2473 4410 ms.
2507 4355 2563 4410 S.
2595 4357 2752 4410 Joan.
2788 4353 3074 4410 Gualberti
3098 4367 3269 4424 prope
3296 4351 3481 4421 ﬁnem.

2467 4819 2550 4871 Ea:
2577 4810 2839 4869 Manual.
2871 4812 2974 4883 fol.
3001 4814 3025 4863 .9

1993 4926 2234 4980 Crucem
2266 4928 2426 4979 tuam
2488 4922 2823 4989 adoramus,
2887 4917 3186 4983 Dominus,
3219 4919 3276 4971 et
3305 4917 3571 4971 sanctam

1926 5013 2411 5070 resurrectionem
2470 5016 2633 5066 tuam
2681 5009 2996 5064 laudamus
3048 5011 3103 5061 et
3133 5005 3569 5078 glorificamus:

1927 5121 2058 5160 ecce
2087 5103 2243 5158 enim
2273 5105 2506 5172 propter
2559 5114 2792 5155 crucem
2836 5095 2994 5153 venit
3033 5094 3315 5168 gaudium
3348 5092 3409 5146 in
3442 5089 3577 5146 uni-

1932 5211 2099 5250 verso
2126 5192 2370 5247 mundo.

622 4902 826 4943 ORATIO
865 4901 977 4940 PRO
1017 4899 1348 4940 DEFUNCTIS.

747 4977 829 5030 Ea:
858 4974 1103 5030 Manual.
1135 4974 1233 5043 fol.

204 5073 301 5129 Ne
330 5071 600 5140 reputes,
625 5063 891 5137 piissime
919 5068 1091 5132 Deus,
1124 5065 1357 5134 peccata
1387 5058 1815 5132 quiescentium

127 5166 418 5221 fratrum
454 5171 741 5223 meorum,
784 5153 871 5208 vel
920 5168 1145 5217 eorum,
1195 5151 1297 5222 qui
1347 5149 1492 5203 mihi
1523 5146 1818 5219 conjuncti

127 5259 247 5309 tua
281 5247 588 5306 charitate
615 5242 986 5308 exstiterunt,
1014 5246 1078 5295 ut
1103 5240 1216 5307 his,
1258 5243 1432 5310 atque
1453 5239 1730 5292 omnibus
1762 5236 1822 5289 in

108 5347 244 5398 tua
279 5337 409 5393 ﬁde
433 5332 732 5388 defunctis
753 5330 1017 5403 digneris
1059 5326 1349 5401 propitius
1393 5331 1666 5382 aeternam
1690 5341 1825 5380 con-

112 5463 114 5501 ε
138 5431 380 5488 cedere
412 5421 702 5494 requiem.
734 5427 943 5476 Amen.

129 5537 199 5582 ΞΝ
261 5529 636 5575 ΪΕΝΤΔΤΙΟΝΕ
668 5525 1075 5566 IMMUNDORUM
1122 5521 1436 5564 SPlRlTUUI
1466 5518 1831 5559 CONSOLATIO.

2078 5325 2189 5364 PRO
2221 5321 2684 5362 CONSERVATIONE
2703 5317 3190 5360 CONGREGATIONIS
3219 5315 3439 5354 ORATIO.

2454 5398 2538 5449 Ex
2567 5395 2816 5450 Manual.
2848 5393 2948 5462 fol.
2982 5393 3069 5445 31.

2015 5504 2096 5559 Ne
2116 5505 2240 5571 des,
2257 5501 2712 5558 clementissime
2726 5499 2901 5565 Deus,
2918 5498 3070 5552 hanc
3084 5493 3594 5567 congregationem

1945 5593 2005 5647 in
2037 5591 2485 5664 dispersionem,
2519 5591 2620 5647 sed
2654 5604 2934 5646 conserva
2961 5602 3090 5644 eam
3122 5588 3358 5660 propter
3379 5598 3591 5642 nomen

1950 5687 2219 5740 sanctum
2252 5687 2442 5740 tuum.
3057 5687 3072 5701 '

713 5603 799 5656 Ea:
840 5600 1087 5656 Manual.
1118 5599 1214 5670 fol.
1247 5599 1302 5651 7.

223 5695 604 5761 Consolatur
625 5708 733 5752 nos
756 5692 815 5748 in
842 5689 1267 5748 tcntationibus
1289 5683 1659 5742 diemoniacis
1679 5697 1840 5760 egre-
