3998 6146
529 308 646 369 975

1241 455 1465 495 ORATIO.

1055 529 1139 583 Ex
1174 528 1429 584 Manual.
1469 528 1568 599 fol.
1601 529 1653 583 3.

602 619 825 676 Exaudi
858 634 972 687 me,
1004 617 1260 675 clemens
1293 622 1350 673 et
1406 617 1653 691 benigne
1708 618 1878 686 Deus,
1913 633 2016 688 pro
2046 615 2177 671 uni-

530 709 717 767 versis
746 708 1019 765 ﬁdelibus
1050 708 1188 778 tuis,
1234 707 1333 780 qui
1391 706 1558 763 nobis
1612 706 2010 779 eleemosynas
2040 722 2179 761 suas

533 799 840 865 dederunt,
871 814 976 854 nec
1008 796 1280 869 aspicias,
1328 796 1595 862 Domine,
1640 800 1875 869 peccata
1899 812 2049 864 mea,
2076 795 2176 850 sed

532 888 708 945 ﬁdem
741 886 1003 954 illorum,
1026 886 1127 959 qui
1158 886 1326 941 nobis
1358 886 1417 941 in
1450 886 1623 941 ﬁdem
1656 886 1742 941 tui
1777 885 2035 940 nominis
2064 883 2177 939 lar-

532 978 637 1052 giti
660 982 799 1033 sunt
818 977 971 1033 bona
990 975 1335 1048 temporalia
1358 992 1371 1029 :
1395 980 1452 1030 et
1472 980 1556 1045 tu,
1581 976 1753 1043 Deus,
1778 978 2181 1030 remunerator

534 1066 799 1124 omnium
825 1066 1135 1123 bonorum.
1159 1065 1482 1121 retribuere
1506 1064 1622 1119 illis
1649 1064 1907 1135 digneris
1931 1080 2032 1135 pro
2054 1080 2178 1134 par-

530 1156 619 1212 vis
650 1171 865 1229 magna
894 1160 952 1211 et
1010 1172 1113 1228 pro
1173 1153 1420 1210 terrenis
1478 1154 1771 1226 promissa
1801 1154 2176 1225 sempiterna,

532 1244 799 1302 Salvator
818 1244 1047 1316 mundi,
1073 1243 1173 1318 qui
1195 1243 1341 1299 vivis
1362 1247 1419 1299 et
1450 1259 1659 1315 regnas
1677 1243 1735 1297 in
1765 1241 1977 1298 saecula
1999 1258 2177 1297 saecu-

537 1334 748 1391 lorum.
781 1336 984 1392 Amen.

1242 1438 1468 1479 ORATIO.

1119 1513 1234 1569 Fol.
1266 1512 1331 1567 31
1366 1511 1590 1569 ibidem.

528 1650 533 1653 .
605 1602 877 1660 Miserere
906 1602 1180 1659 omnibus
1210 1600 1514 1659 catholicis
1543 1603 1665 1656 tam
1696 1599 1838 1655 vivis
1870 1615 2047 1670 quam
2079 1599 2177 1654 de-

531 1692 772 1760 functis,
805 1697 863 1748 et
917 1707 1150 1748 aversos
1203 1708 1237 1745 a
1291 1690 1385 1745 via
1437 1688 1694 1745 veritatis
1752 1688 1992 1760 dignare
2022 1687 2093 1742 ad
2125 1690 2180 1742 te

532 1784 885 1847 convertere,
920 1784 984 1835 ut
1010 1784 1067 1835 te
1105 1782 1225 1835 toto
1286 1778 1459 1834 corde
1514 1777 1834 1849 requirant.
1868 1777 1937 1831 Et
1966 1780 2181 1831 aeterna

532 1869 888 1940 protectione
917 1883 1121 1923 omnes
1149 1883 1444 1934 conserva,
1478 1865 1736 1921 utnullis
1757 1864 2179 1921 tentationibus

534 1973 569 2013 a
597 1961 654 2012 te
684 1961 1049 2029 separentur.
1082 1956 1152 2011 Et
1207 1959 1419 2028 praesta
1475 1960 1539 2009 ut
1569 1954 1817 2010 mortuis
1849 1954 2029 2026 prosit
2059 1953 2181 2010 haec

532 2046 717 2102 oratio
748 2045 896 2102 servi
927 2045 1013 2102 tui
1056 2046 1127 2101 ad
1176 2044 1651 2101 emundationem
1703 2043 2045 2099 delictorum
2077 2059 2179 2099 seu

529 2132 984 2207 levigamentum
1017 2150 1343 2207 prunarum.
1378 2134 1489 2201 Tu,
1518 2133 1673 2188 Deus
1705 2149 1914 2205 magne
1936 2137 1990 2187 et
2012 2132 2177 2187 terri-

527 2222 684 2292 bilis,
717 2223 1052 2280 misericors
1072 2227 1129 2279 et
1172 2226 1400 2279 amator
1425 2222 1755 2291 hominum,
1781 2226 1844 2277 tu
1868 2221 1983 2277 scis
2004 2220 2177 2293 quid-

524 2312 667 2385 quid
682 2312 934 2386 singulis
946 2312 1537 2385 expediatzobsecram
1547 2329 1615 2367 us
1627 2311 1998 2367 clementiam
2012 2315 2175 2366 tuam

524 2401 793 2469 Domine,
815 2405 880 2457 ut
894 2403 1067 2474 juxta
1086 2400 1444 2457 voluntatem
1463 2406 1627 2457 tuam
1668 2401 1769 2456 fiat
1795 2401 1964 2457 nobis
1987 2399 2176 2455 omni-

524 2490 639 2546 bus
659 2495 779 2546 tam
804 2490 952 2546 vivis
975 2506 1153 2563 quam
1184 2494 1241 2546 et
1270 2490 1545 2545 ﬁdelibus
1569 2488 1883 2557 defunctis,
1911 2488 2176 2545 Salvator

528 2579 758 2647 mundi,
790 2579 891 2651 qui
918 2580 1067 2637 vivis
1097 2584 1155 2635 et
1184 2595 1415 2651 regnas,
1448 2583 1557 2633 etc.

842 2685 1049 2725 ORATIO
1080 2685 1190 2724 PRO
1228 2684 1561 2723 GRATIARUM
1590 2683 1853 2723 ACTIONE.

1059 2760 1145 2814 Ea:
1170 2759 1421 2814 Manual.
1452 2758 1551 2829 fol.
1583 2759 1638 2811 2.

594 2846 827 2903 Gratias
876 2846 984 2902 tibi
1025 2862 1154 2919 ago,
1185 2846 1421 2903 inﬁnita
1479 2844 1899 2911 misericordia,
1931 2844 2174 2900 Domine

528 2936 680 2993 Deus
709 2936 1102 3009 omnipotens,
1133 2940 1306 3007 teque
1335 2934 1509 2990 laudo
1540 2938 1597 2990 et
1633 2933 1916 3006 gloriﬁco,
1949 2933 2047 3005 qui
2080 2949 2174 2990 me

528 3025 600 3082 de
628 3028 854 3082 eterna
874 3024 1082 3081 mortis
1102 3023 1364 3091 interitu,
1383 3024 1453 3079 de
1475 3023 1682 3096 poenis,
1707 3027 1765 3078 et
1787 3024 1964 3095 hujus
1981 3025 2173 3079 carnis

528 3113 908 3185 cruciatibus,
939 3114 999 3168 in
1032 3130 1147 3186 quo
1171 3113 1331 3186 afﬁgi
1362 3113 1579 3185 dignus
1609 3129 1764 3182 sum,
1795 3112 2078 3168 hactenus
2101 3112 2171 3166 li-

529 3202 765 3261 berasti.
788 3182 912 3258 Tibi
935 3182 1264 3274 agolaudes
1279 3182 1351 3258 vet
1380 3182 1620 3274 gratias,
1641 3201 1740 3274 qui
1762 3217 1854 3257 me
1873 3201 1944 3257 de
1971 3201 2170 3257 multis
2203 3182 2246 3248 (ἶ

528 3292 838 3363 mortibus,
864 3292 937 3348 de
954 3290 1159 3347 multis
1176 3290 1525 3363 opprobriis,
1543 3289 1977 3346 calamitatibus
1995 3294 2053 3346 et
2069 3290 2174 3346 mi-

527 3380 1276 3450 seriis,deimmanissimis
1299 3379 1516 3435 diaboli
1538 3378 1786 3451 laqueis,
1813 3379 1883 3434 de
1912 3379 2171 3434 immun-

527 3469 620 3524 dis
650 3469 957 3525 desideriis
986 3473 1322 3541 exemptum
1355 3467 1640 3539 disruptis
1668 3467 1936 3533 vinculis,
1958 3468 2172 3539 quibus

527 3557 769 3614 tenebar
789 3558 1128 3614 adstrictus.
1152 3558 1469 3629 perducere
1499 3556 1778 3628 dignatus
1809 3572 1871 3612 es
1892 3557 1965 3611 ad
1988 3556 2169 3611 servi-

526 3645 676 3701 tium
707 3650 896 3703 tuum.
930 3646 1058 3701 Tibi
1088 3661 1196 3717 ago
1226 3645 1429 3701 laudes
1459 3649 1517 3700 et
1548 3645 1787 3716 gratias,
1821 3644 1921 3715 qui
1954 3662 2047 3700 me
2067 3644 2174 3699 eri-

528 3733 762 3807 piensa
795 3735 1129 3806 jurgiorum
1188 3734 1477 3806 procellis,
1537 3734 1643 3789 das
1698 3732 1845 3788 mihi
1871 3748 2171 3788 servorum

528 3828 770 3880 tuorum
828 3823 1048 3897 perfrui
1103 3822 1407 3879 charitate.
1469 3823 1694 3890 Quaeso,
1752 3822 1992 3877 Domine
2024 3823 2174 3878 Deus

531 3929 720 3981 meus,
754 3912 855 3984 qui
887 3913 1031 3967 mihi
1061 3928 1249 3984 usque
1279 3913 1351 3968 ad
1397 3916 1740 3983 praesentem
1772 3911 1975 3967 horam
2008 3916 2169 3968 tuam

530 4000 993 4057 misericordiam
1024 4001 1361 4073 impendere
1390 3999 1665 4072 dignatus
1704 4016 1789 4069 es,
1819 4001 1972 4055 dona
2003 4000 2169 4069 mihi,

529 4091 651 4144 toto
683 4089 877 4154 corde,
906 4091 1029 4144 tota
1057 4087 1273 4144 anima.
1298 4088 1439 4144 totis
1458 4088 1681 4145 viribus
1702 4088 1849 4145 meis
1869 4090 2174 4161 exquirere

529 4175 739 4232 faciem
765 4180 928 4232 tuam
951 4193 1203 4250 semper,
1228 4181 1287 4234 et
1320 4178 1537 4249 perduc
1559 4194 1673 4247 me,
1715 4179 2069 4250 misericors,
2099 4182 2170 4235 ad

529 4268 694 4321 tuam
727 4265 1143 4322 suavissimam
1171 4267 1473 4325 visionem.
1508 4272 1717 4324 Amen.

866 4370 1067 4410 ORATIO
1096 4374 1167 4411 AD
1197 4373 1252 4412 B.
1282 4372 1560 4413 VIRGINEM
1591 4374 1839 4413 MARIAM.

1048 4445 1132 4500 Ea:
1160 4446 1397 4501 Manual.
1431 4447 1529 4516 fol.
1560 4446 1649 4501 27.

1580 307 1646 367 S.
1692 305 2022 368 JOANNIS
2068 304 2511 369 GUALBERTI
2557 306 2885 367 ABBATIS

3745 320 3832 379 9'16

2205 439 2259 505 Α
2289 437 2440 493 citus
2471 438 2834 509 angelorum,
2867 455 3043 511 quem
3073 439 3248 495 Jesus
3275 442 3533 499 Dominus
3553 451 3716 504 noster
3740 452 3830 509 ideo

2287 526 2469 582 voluit
2500 527 2846 584 mortalibus
2878 528 3253 584 manifestum
3297 530 3429 599 fieri,
3456 538 3515 586 ut
3539 551 3663 605 quos
3689 537 3760 593 ille
3783 541 3832 596 de

2288 617 2398 671 sub
2423 621 2567 688 jugo
2606 617 2972 673 daemoniacaz
3022 618 3340 686 servitutis,
3372 622 3677 693 sanguinem
3698 643 3827 683 suum

2288 705 2543 762 fudendo
2574 707 2806 778 eripuit,
2838 712 2899 762 tu
2936 724 3033 763 eos
3080 707 3151 762 ab
3202 706 3355 763 illius
3401 709 3607 767 insidiis
3633 714 3831 785 angelica

2287 799 2571 867 potestate
2600 800 2871 868 protegas
2902 801 2959 851 et
3014 796 3225 851 virtute
3284 798 3545 854 orationis
3588 802 3826 859 defendas:

2287 885 2465 939 funde
2497 901 2599 955 pro
2631 902 2725 940 me
2756 885 3014 956 quotidie
3052 901 3249 957 preces
3298 890 3444 957 tuas,
3473 892 3532 942 ut
3558 889 3703 945 donet
3728 892 3828 947 mihi

2286 973 2568 1028 Dominus
2598 978 2799 1029 contra
2828 974 3194 1031 vulneratum
3229 977 3530 1047 superbum
3558 978 3829 1036 humilitatis

2288 1060 2609 1118 fortissima
2640 1079 2821 1133 arma,
2854 1064 3066 1134 quibus
3097 1069 3151 1118 et
3183 1063 3266 1118 illi
3299 1065 3510 1121 fortiter
3537 1068 3829 1124 resisterem-

2286 1151 2437 1206 leam
2460 1156 2516 1207 et
2537 1152 2783 1206 Domino
2810 1157 3009 1208 nostro
3032 1152 3374 1223 suppliciter
3392 1155 3623 1211 obedire.
3643 1161 3689 1211 et
3706 1157 3829 1213 socie-

2285 1244 2465 1295 tatem
2488 1239 2759 1312 angelicae
2782 1242 3181 1307 beatitudinis,
3206 1260 3382 1314 quam
3413 1244 3500 1299 ille
3527 1246 3828 1317 superbiendo

2288 1328 2487 1401 perdid
2498 1329 2561 1400 it,
2575 1330 2766 1402 dignis
2780 1346 2885 1402 ego
2897 1331 3220 1387 obediendo
3239 1332 3643 1404 apprehendere
3654 1333 3827 1390 valeam.

2288 1422 2495 1474 Amen.

2629 1525 2702 1564 AD
2731 1524 2970 1565 SANCTOS
2998 1526 3249 1566 ANGBLOS
3278 1526 3569 1567 CUSTODES.

2996 1600 3109 1655 Fel.
3144 1600 3229 1654 13.

2357 1686 2542 1753 Adsit,
2575 1703 2791 1758 quasso,
2824 1687 2969 1743 mihi
3003 1688 3308 1745 beatorum
3332 1690 3643 1761 angelorum
3661 1693 3828 1745 tuorum

2288 1773 2385 1846 pia
2403 1776 2690 1841 custodia,
2712 1780 2769 1831 et
2789 1781 3017 1848 praesta,
3045 1782 3110 1833 ut
3129 1780 3285 1850 apud
3326 1783 3380 1835 te
3401 1796 3498 1851 pro
3520 1795 3601 1835 me
3621 1778 3828 1848 indignis-

2289 1864 2439 1920 simo
2468 1869 2805 1921 sanctorum
2837 1867 3074 1939 agmina
3103 1867 3485 1925 intercedant.

2917 1973 3048 2011 ALIA
3075 1974 3300 2014 TRATIO.

2987 2048 3101 2101 Fol.
3144 2048 3231 2101 13.

2356 2130 2645 2202 Angelum
2677 2136 2846 2188 tuum
2877 2137 3147 2190 sanctum
3180 2135 3351 2191 nobis
3382 2135 3471 2191 hic
3498 2139 3551 2191 et
3569 2134 3742 2205 ubique
3758 2132 3830 2186 lar

2287 2218 2411 2291 gire
2424 2222 2725 2277 custodem
2739 2226 2795 2278 et
2823 2223 3187 2279 defensorem
3218 2242 3230 2280 :
3258 2228 3519 2281 mutuam
3547 2218 3831 2280 discordanti-

2286 2308 2398 2364 bus
2420 2308 2784 2383 charitatem,
2810 2311 3150 2369 inﬁdelibus
3186 2329 3384 2369 veram
3416 2314 3596 2385 ﬁdem,
3616 2308 3829 2367 defunctis

2286 2400 2628 2471 parentibus
2659 2404 2715 2456 et
2744 2401 3019 2457 omnibus
3041 2402 3101 2457 in
3124 2407 3227 2458 tua
3250 2404 3363 2459 ﬁde
3384 2400 3758 2475 quiescentibus
3772 2398 3823 2451 in-

2285 2488 2648 2560 dulgentiam
2690 2490 2881 2545 tribue
2918 2490 3292 2547 delictorum.

2522 2594 2594 2632 AD
2624 2595 2940 2634 APOSTOLOS
2970 2596 3316 2644 CHRISTIQUE
3342 2594 3660 2637 DISCIPULOS.

2994 2670 3107 2725 Fel.
3130 2671 3221 2724 29.

2356 2753 2570 2809 Omnes
2600 2756 2847 2825 apostoli
2881 2774 3015 2812 cum
3046 2759 3326 2815 omnibus
3347 2756 3627 2831 discipulis
3644 2752 3827 2822 discipu-

2281 2841 2571 2915 labusque
2592 2843 2823 2900 Domini
2845 2847 2957 2901 mei
2982 2847 3119 2903 Jesu
3143 2847 3385 2915 Christi,
3407 2853 3554 2905 orate
3576 2862 3662 2918 pro
3683 2857 3767 2907 ma,
3789 2842 3831 2892 ut

2284 2932 2588 2988 abstrahat
2612 2950 2705 2990 me
2725 2934 3010 2992 Dominus
3031 2953 3066 2992 a
3086 2940 3334 3010 mundo,
3356 2938 3504 2993 sicut
3523 2931 3749 2991 abstraxit
3761 2942 3828 2981 VOS

2283 3024 2339 3077 et
2370 3022 2546 3077 donet
2578 3022 2723 3077 mihi
2771 3024 2936 3095 sequi
2993 3026 3249 3099 vestigia
3305 3044 3412 3083 sua
3463 3024 3542 3081 vel
3571 3024 3619 3078 in
3647 3024 3829 3077 extremo

2284 3110 2514 3182 agmine
2532 3126 2540 3132 ·
2555 3116 2775 3168 nostro.
2807 3115 3014 3169 Amen.

2852 3218 2924 3257 AD
2946 3219 3364 3263 CONFESSORES.

2987 3294 3099 3348 Fel.
3133 3295 3225 3350 30.

2353 3376 2601 3435 Obsecro
2630 3396 2751 3448 vos,
2782 3381 3105 3438 beatissimi
3129 3386 3492 3441 confessores
3510 3377 3691 3438 Christi
3710 3378 3823 3443 atque

2282 3466 2545 3522 doctores
2569 3469 2871 3540 Cypriane,
2908 3471 3105 3542 Basili,
3156 3472 3421 3545 Gregori,
3471 3462 3821 3527 Athanasi,EU'

2283 3554 2427 3625 sebi,
2442 3556 2709 3612 Ambrosi
2722 3602 2734 3624 ,
2748 3558 3093 3630 Augustine,
3106 3556 3818 3634 llieronyme,Leo,Germaﬂe.

2282 3644 2520 3715 Isidore,
2546 3646 2870 3718 dignamini
2891 3648 3253 3709 intercedere
3278 3668 3382 3723 pro
3405 3667 3490 3705 me
3518 3642 3818 3720 peccatoreﬂt

2282 3735 2560 3789 concedat
2591 3736 2734 3790 mihi
2781 3738 3061 3794 Dominus
3109 3756 3343 3797 servare
3382 3756 3504 3811 quas
3531 3729 3768 3792 docuistis,
3786 3724 3819 3777 et

2281 3821 2341 3876 in
2371 3827 2560 3879 vestro
2593 3841 2685 3880 me
2717 3825 2891 3881 faciat
2919 3829 3215 3885 consortio
3247 3827 3541 3902 gratulari.

2669 3930 2742 3967 AD
2773 3930 2821 3969 S.
2857 3932 3222 3973 BENEDICTUM
3253 3933 3533 3974 ABBATEM.

2980 4005 3108 4063 Fol.
3137 4008 3233 4064 29.
3743 4080 3765 4083 _
3798 4076 3803 4083 .

2352 4090 2603 4147 Obsecro
2634 4096 2709 4160 te,
2774 4094 3114 4152 beatissime
3170 4096 3502 4162 Benedicta,
3556 4089 3720 4147 dilecte
3741 4080 3818 4134 Det
3876 4094 3877 4109 ‘

2281 4178 2572 4236 intercede
2594 4197 2696 4253 pro
2720 4198 2812 4238 me
2834 4200 2999 4240 servo
3023 4188 3141 4251 tuo,
3168 4191 3230 4242 et
3268 4187 3428 4243 omni
3468 4183 3644 4240 sancta
3660 4176 3740 4230 hac
3760 4173 3823 4260 "l3
3872 4176 3875 4260 Ῐ

2281 4269 2727 4341 congregatione
2756 4276 2811 4327 et
2839 4290 2943 4344 pro
2975 4274 3269 4331 universis
3320 4276 3431 4331 sub
3458 4279 3550 4328 tuo
3577 4256 3819 4335 magisterio
3870 4256 3873 4344 “

2282 4358 2693 4427 militantibus,
2710 4343 2958 4418 simulet
2970 4380 3073 4434 pro
3087 4365 3248 4419 omni
3266 4343 3823 4439 populoChristianeJlt

2281 4452 2486 4518 Purget
2506 4448 2791 4504 Dominus
2812 4466 2912 4505 cor
2959 4456 3016 4507 et
3044 4457 3213 4509 actus
3261 4434 3294 4509 ἆ
3345 4434 3819 4509 cunctisvitiis.'l‘ri-

599 4533 679 4589 Te
709 4531 994 4606 supplico,
1043 4535 1217 4607 Virgo
1267 4539 1468 4591 sancta
1512 4534 1712 4602 Maria,
1756 4537 1936 4590 Mater
1960 4534 2169 4591 Christi
2202 4553 2248 4618 D
2278 4536 2422 4591 buat
2451 4537 2598 4593 mihi
2623 4554 2851 4594 servare
2883 4544 3095 4597 cuncta
3140 4559 3270 4613 quas
3321 4538 3594 4615 praecepit,
3619 4537 3663 4587 et
3680 4526 3820 4582 cuslo'

526 4622 928 4691 immaculata,
961 4640 1266 4695 puerpera,
1299 4622 1467 4679 stella
1510 4623 1691 4678 maris
1722 4623 2046 4695 splendida,
2079 4640 2168 4679 re-

528 4712 667 4785 gina
695 4711 973 4768 coelorum
995 4713 1193 4785 digna,
1214 4712 1350 4769 aula
1373 4713 1469 4769 Dei
1492 4713 1735 4780 munda,
1773 4717 1939 4785 porta
1959 4714 2170 4769 Christi

528 4799 825 4867 conclusa,
856 4799 917 4854 in
948 4800 1294 4857 mulieribus
1324 4800 1648 4869 benedicta,
1682 4817 1860 4872 super
1878 4801 2051 4857 coelos
2073 4818 2168 4857 ex-

526 4886 726 4944 altata.
759 4887 1019 4945 Genitrix
1049 4888 1283 4957 Christi,
1315 4891 1469 4961 apud
1504 4889 1716 4945 Filium
1772 4892 1941 4945 tuum
1972 4891 2171 4947 Domi-

525 4990 669 5031 num
691 4992 795 5047 pro
818 4976 1071 5048 peccatis
1092 4977 1240 5034 meis
1263 4977 1615 5035 intervenire
1636 4978 1894 5051 digneris
1920 4997 1933 5034 :
1967 4979 2167 5037 nullus

519 5068 611 5120 est
640 5065 798 5120 enim
828 5065 888 5119 in
947 5066 1227 5122 creaturis
1286 5067 1517 5140 dignior
1571 5072 1646 5135 te,
1707 5067 1845 5138 quia
1883 5068 2032 5140 ipse,
2064 5070 2165 5140 qui

516 5152 729 5209 creavit
757 5158 835 5221 te,
868 5158 1043 5209 natus
1073 5159 1179 5223 est,
1213 5159 1270 5211 et
1325 5156 1565 5228 perinde
1621 5155 1852 5211 nullum
1883 5156 2164 5214 libentius

512 5242 747 5299 exaudit
776 5260 949 5315 quam
978 5248 1052 5299 te.
1078 5245 1198 5300 Sub
1221 5245 1340 5300 tuis
1363 5260 1498 5316 ergo
1520 5244 1845 5301 visceribus
1862 5247 2154 5318 confugio.

510 5331 711 5385 Amen.

824 5438 894 5476 AD
926 5438 974 5478 S.
1010 5440 1343 5479 MICHAELEM
1370 5438 1807 5479 ARCHANGELUM.

1007 5514 1098 5564 Far:
1139 5513 1386 5568 Mauual.
1424 5512 1644 5584 [01.27.

585 5596 834 5653 Obsecro
859 5602 935 5664 te,
958 5598 1380 5670 gloriosissime
1404 5599 1667 5666 Michael,
1692 5599 1964 5674 princeps
1994 5618 2151 5659 excr-

2280 4625 2404 4681 dire
2424 4632 2636 4682 sanctae
2661 4627 2871 4700 regulae
2893 4631 3212 4700 tramitem,
3241 4648 3417 4703 quem
3440 4646 3527 4685 me
3548 4620 3818 4682 servaturum

2280 4716 2587 4786 spopondi.

2280 4820 2386 4859 rso
2410 4820 2817 4862 BENEDIC’I‘IONE
2835 4820 3138 4865 CELLARUM
3165 4821 3557 4866 MONACHORUM
3576 4798 3813 4856 omnem.

2978 4899 3097 4954 Fol.
3128 4901 3217 4954 21.

2348 4982 2614 5051 Benedic,
2640 4984 2897 5052 Domine,
2922 5003 3293 5057 quaesumus,
3315 4984 3574 5043 cellulam
3616 4964 3811 5063 istaatﬁl

2275 5070 2373 5141 qui
2398 5071 2453 5125 in
2478 5073 2686 5128 umbra
2706 5072 2931 5129 alarum
2949 5078 3179 5131 tuarum
3201 5090 3525 5147 Speremus,
3544 5067 3607 5124 ab
3622 5052 3811 5119 omnibus

2273 5159 2501 5216 insidiis
2526 5161 2856 5217 daemonum
2904 5149 3139 5220 virtutis
3186 5170 3303 5220 tuae
3343 5160 3588 5235 potentia
3606 5151 3809 5209 ίυεεωυῖο

2270 5250 2377 5305 Per
2397 5250 2689 5307 Christum
2722 5251 3037 5307 Dominum
3086 5259 3378 5309 nostrum.

2967 5344 3079 5397 F01.
3124 5344 3212 5396 21.

2339 5427 2483 5483 Huic
2506 5427 2745 5494 cellulae,
2766 5446 3127 5500 qumsumus,
3148 5431 3412 5497 Domine,
3431 5435 3646 5500 presens
3660 5408 3809 5500 ﬁdei!“

2267 5522 2331 5571 ut
2360 5522 2587 5573 caterva
2620 5518 2950 5575 daemonum
2985 5521 3299 5577 conterrita
3329 5520 3617 5589 eﬁ‘ugetur.
3646 5495 3812 5560 PPFDO'

2266 5605 2489 5660 minum
2525 5610 2787 5661 nostrum
2818 5606 3019 5664 Jesum
3054 5607 3371 5665 Christum.

3854 4774 3859 4915 i
