3996 6148
200 343 313 409 981

1167 349 1492 415 NOTlTlA
1531 351 1948 417 HISTORICA
1991 352 2094 414 ET
2136 351 2638 418 LITTERARIA.

3481 352 3601 417 982

202 479 347 536 1057
374 478 683 555 episcopus
716 481 1080 558 designatus,
1111 484 1207 540 die
1233 486 1303 540 27
1336 485 1670 542 Decembris
1699 485 1848 542 Poli-
1873 487 1929 554 Α
1958 488 2224 544 nieorum
2257 505 2364 544 suo
2395 492 2657 560 tempore
2688 488 3103 545 defunctorum
3137 504 3152 555 ;
3185 485 3398 544 fol.122
3432 502 3602 543 excer

200 570 287 626 dae
320 574 1063 639 consecratus,catbedram
1077 569 1567 630 Eichestetensem
1587 576 1852 632 decimus
1959 582 2124 650 ptum
2157 594 2226 633 ex
2255 578 2580 634 canonibus
2611 597 2625 646 ;
2659 577 2756 634 fol.
2793 580 2915 644 127,
2950 578 3072 642 128,
3103 577 3372 648 quaedam
3403 576 3464 632 in
3495 577 3602 632 Ka-

201 664 444 716 octavus
475 677 578 731 per
592 663 835 718 totidem
866 680 1049 719 annos
1071 663 1260 718 tenuit
1283 665 1551 734 usquead
1567 663 1849 721 transitus

199 749 358 805 diem
387 750 424 802 2
451 752 599 822 Aug.
633 753 790 816 1073,
826 752 1092 823 sepultus
1123 753 1181 807 in
1213 752 1460 808 ecclesia
1508 752 1846 809 cathedrali.

193 838 364 894 Anno
394 843 590 894 autem
627 840 764 894 1300
794 857 827 894 a
866 840 1133 913 Philippo
1192 842 1464 912 episcopo
1504 841 1845 912 translatus,

194 927 272 983 ob
306 926 495 982 multa
527 944 654 999 quae
685 945 787 1000 per
815 944 948 984 eum
980 929 1106 986 fieri
1131 930 1481 986 videbantur
1511 930 1795 986 miracula
1815 948 1848 987 a

193 1015 418 1089 populo
445 1017 600 1072 beati
631 1034 845 1073 nomen
878 1018 1112 1086 meruit,
1145 1023 1490 1092 tantamque
1526 1019 1847 1076 veneratio-

195 1121 360 1172 nem,
394 1109 460 1160 ut
511 1121 564 1161 a.
594 1105 730 1160 1316
761 1106 886 1178 ipse
915 1108 1238 1180 imperator
1266 1109 1592 1164 Ludovicus
1621 1107 1849 1164 lumina

192 1194 271 1249 ad
304 1193 436 1264 ejus
466 1193 802 1264 sepulcrum
860 1195 1210 1252 institueret.
1242 1197 1346 1252 Vir
1403 1198 1844 1270 integerrimus,

189 1282 474 1338 omnibus
503 1282 737 1350 charus,
771 1285 1143 1341 subditorum
1174 1302 1284 1342 non
1311 1286 1588 1352 dominus,
1620 1286 1719 1342 sed
1743 1303 1844 1357 pa-

184 1375 278 1428 ter
303 1372 737 1440 benignissimus
768 1374 865 1444 (3),
902 1375 972 1429 ab
1021 1375 1180 1430 omni
1239 1375 1560 1446 cupiditate
1617 1374 1844 1430 alienus

186 1460 293 1531 (4),
330 1477 578 1517 summae
610 1461 1144 1530 modestiae,alienis
1172 1463 1422 1534 negotiis
1452 1479 1758 1534 nunquam
1782 1479 1844 1518 se

183 1548 558 1615 immiscens,
591 1549 690 1605 sed
728 1554 862 1605 ante
905 1551 1104 1606 omnia
1143 1550 1523 1607 ecclesiastici
1580 1550 1843 1606 muneris

189 1637 408 1694 officiis
436 1643 494 1693 et
529 1637 682 1694 veris
736 1639 933 1712 gregis
992 1640 1104 1694 sibi
1162 1640 1462 1696 commissi
1519 1638 1841 1695 commodis

183 1727 338 1782 adeo
368 1726 654 1798 intentus,
687 1732 751 1782 ut
781 1733 990 1800 praeter
1019 1732 1226 1785 caztera
1249 1745 1378 1800 quae
1400 1728 1534 1783 fecit
1558 1744 1661 1799 per
1676 1729 1839 1783 sede-

180 1815 307 1870 cim
341 1831 528 1871 annos
557 1821 793 1872 centum
813 1816 1019 1888 viginti
1043 1833 1144 1872 sex
1173 1816 1452 1872 ecclesias
1475 1817 1600 1888 ipse
1617 1816 1843 1884 dedica—
1869 1858 1917 1924 B

174 1903 340 1959 verit
371 1922 386 1972 ;
423 1909 621 1975 pastor
650 1905 902 1978 denique
931 1906 1304 1978 bonus,cujus
1333 1909 1449 1962 tota
1494 1921 1705 1978 semper
1722 1915 1840 1963 erat

175 1994 638 2058 intentiommnia
649 1996 826 2050 suain
839 2011 1000 2050 usum
1009 2011 1122 2051 sua
1137 2000 1450 2052 convertere
1460 1996 1722 2053 Ecclesiae
1737 1996 1836 2067 (5).

175 2085 350 2136 Inter
379 2081 602 2147 haec,a.
641 2083 774 2137 1071
835 2089 1050 2139 exunte
1107 2083 1196 2139 vel
1252 2085 1488 2140 ineunte
1545 2085 1685 2139 1072
1739 2086 1837 2157 (6),

177 2170 469 2226 Ordinem
524 2172 812 2227 conscribi
873 2172 1008 2228 fecit
1090 2173 1216 2229 suis
1273 2173 1609 2256 sumptibus
1665 2179 1722 2229 et
1776 2175 1836 2229 in

174 2259 366 2315 choro
395 2261 460 2315 S.
491 2259 814 2316 Willibaldi
846 2263 1128 2333 reposuit,
1162 2263 1262 2333 qui
1293 2264 1472 2318 LIBER
1508 2263 1836 2319 PONTIFICA-

177 2365 277 2404 ms
308 2353 571 2414 vocatus,
604 2365 762 2404 nunc
791 2349 967 2405 etiam
997 2349 1057 2404 in
1091 2351 1346 2406 sacrario
1376 2351 1640 2422 ejusdem
1663 2351 1839 2407 eccle-

174 2437 289 2492 siae
321 2436 595 2510 religiose
625 2441 910 2494 servatur.
944 2439 1113 2494 Liber
1141 2439 1410 2495 maximae
1436 2441 1656 2510 formae,
1680 2439 1839 2496 folio-

172 2543 320 2582 rum
349 2528 480 2595 204,
512 2527 995 2598 quaterdionibus
1022 2529 1094 2582 26
1117 2529 1835 2601 conprehensorum,binis

171 2614 498 2684 columnis,
527 2631 644 2670 una
675 2632 855 2671 manu
885 2615 1368 2688 splendidissime
1387 2618 1836 2688 exaratus,cala-

171 2719 279 2758 mo
311 2703 388 2758 ab
417 2702 582 2758 initio
614 2718 803 2775 usque
828 2705 901 2759 ad
933 2705 1110 2760 finem
1141 2705 1444 2773 continuo,
1475 2705 1678 2762 multis
1707 2724 1833 2763 ver-

167 2791 347 2846 sibus
377 2795 434 2846 et
461 2806 594 2846 vero
626 2790 782 2846 foliis
807 2792 990 2849 minio
1004 2793 1480 2865 scriptis,litteris
1508 2794 1834 2851 initialibus

167 2895 322 2936 auro
349 2883 526 2951 atque
539 2879 833 2936 coloribus
856 2881 1322 2951 distinctis,fol.7
1353 2899 1516 2954 seqq,
1540 2887 1674 2954 post
1697 2883 1833 2938 titu-

162 2967 300 3025 lum
323 2983 459 3023 cum
475 2967 727 3023 formula
738 2969 1074 3025 traditionis
1091 2971 1350 3025 continet
1362 2971 1834 3044 nominaepisco-

166 3072 389 3128 porum
444 3057 896 3112 Aureatensium
946 3063 1003 3113 et
1055 3057 1298 3114 ecclesia
1357 3077 1391 3113 a
1449 3059 1832 3116 Gundecbaro

165 3148 554 3199 consecratas
584 3162 598 3212 ;
633 3145 809 3200 fol.13
839 3146 1103 3202 ordinem
1135 3146 1596 3203 ecclesiasticum
1626 3165 1832 3204 secun-

1957 665 2238 723 lendario.
2272 668 2360 722 Ab
2381 667 2513 723 aliis
2544 668 2803 741 suppleri
2831 666 2967 723 fecit
3005 666 3174 723 fol.11
3209 665 3602 724 dedicationes

1955 756 2333 812 ecclesiarum
2355 757 2504 812 libro
2530 757 2653 828 jam
2681 756 2942 813 confecto
2973 754 3283 824 factas,fol.
3316 757 3439 822 121,
3475 756 3598 824 122,

1955 849 2223 917 excerpta
2251 846 2516 917 quaedam
2549 863 2861 902 canonum.

2026 936 2114 990 Ita
2142 934 2358 990 librum
2389 935 2741 991 Gundecbar
2769 934 3027 990 moriens
3055 933 3325 990 Ecclesia
3355 951 3474 992 sua;
3504 951 3600 992 re-

1956 1022 2147 1095 liquit,
2175 1024 2277 1080 ubi
2308 1041 2412 1096 per
2440 1024 2722 1080 saeculum
2753 1024 3010 1079 intactus
3041 1023 3592 1083 remansit.Primus

1955 1115 2055 1184 qui
2086 1113 2307 1184 aliquid
2340 1114 2576 1169 adderet
2624 1113 2734 1168 fuit
2789 1111 2920 1168 Otto
2976 1113 3287 1184 episcopus
3343 1129 3397 1168 a.
3459 1114 3599 1168 1182

1955 1203 2112 1256 1195.
2148 1201 2335 1257 Hicin
2369 1201 2466 1258 fol.
2501 1204 2661 1257 11-12
2698 1202 2856 1257 vario
2885 1205 3148 1275 tempore
3178 1200 3391 1272 adjecit
3417 1200 3599 1258 eccle-

1955 1289 2072 1346 sias
2102 1307 2250 1362 quas
2278 1291 2403 1363 ipse
2425 1291 2732 1354 dedicavit,
2767 1306 3014 1346 numero
3073 1291 3191 1345 107.
3225 1289 3597 1346 Gundecbari

1952 1378 2200 1452 imagini
2232 1379 2546 1452 adscripsit
2575 1380 2726 1434 diem
2757 1379 3067 1445 transitus,
3089 1383 3147 1435 et
3203 1379 3264 1436 in
3321 1379 3594 1450 sequenti

1952 1468 2188 1540 pagina,
2222 1485 2256 1523 a
2285 1467 2670 1524 Gundecbaro
2699 1484 2882 1524 vacua
2911 1467 3132 1535 relicta,
3173 1468 3377 1524 eodem
3426 1466 3598 1540 plane

1951 1559 2123 1612 modo
2156 1573 2269 1628 quo
2300 1555 2399 1612 ille
2429 1557 2874 1628 incceperat,sex
2901 1571 3268 1613 successores
3306 1557 3435 1628 ejus
3464 1555 3594 1628 pin-

1951 1644 2009 1716 gi
2043 1645 2200 1710 fecit,
2233 1645 2294 1700 in
2325 1643 2462 1700 folio
2491 1646 2550 1698 6*
2582 1649 2782 1701 assuto
2813 1661 3048 1700 summo
3077 1644 3398 1717 septimum
3444 1649 3503 1702 et
3531 1660 3595 1701 se

1949 1733 2462 1805 octavum,quibus
2489 1732 2741 1805 singulis
2761 1738 2818 1789 et
2843 1749 3049 1790 versus
3077 1737 3136 1790 et
3162 1749 3349 1790 annos
3368 1733 3599 1790 addidit

1950 1820 2010 1876 in
2041 1821 2318 1877 omnibus
2349 1822 2792 1878 accuratissime
2820 1821 3277 1878 Gundecbarum
3302 1821 3592 1879 imitatus.

1947 1940 2018 1950 —
2047 1909 2216 1966 Alius
2241 1911 2442 1966 statim
2472 1913 2605 1982 post
2659 1913 2908 1966 mortem
2965 1910 3194 1967 Ottonis
3250 1911 3406 1967 diem
3464 1911 3594 1981 ejus

1948 1999 2221 2054 obitalem
2269 1999 2515 2072 imagini
2569 1998 2902 2071 adscripsit,
2955 2000 3232 2072 idemque
3285 1999 3347 2055 in
3404 2016 3593 2057 vacua

1950 2089 2164 2161 pagina
2192 2087 2291 2144 fol.
2326 2090 2410 2154 12,
2457 2089 2544 2152 13,
2591 2087 2832 2145 annales
2886 2089 3268 2146 brevissimus
3322 2089 3591 2155 inseruit,

1949 2194 2098 2249 quos
2127 2177 2280 2232 infra
2310 2192 2724 2249 proponemus.
2756 2209 2824 2218 —
2858 2178 3165 2233 Secundus
3219 2178 3592 2234 continuator

1947 2266 2102 2322 intra
2129 2283 2184 2320 v.
2219 2267 2529 2321 1229-1234
2558 2265 2619 2320 in
2650 2265 2748 2321 fol.
2779 2267 2838 2320 6‘
2869 2267 2941 2321 ab
2981 2266 3189 2322 Ottone
3245 2271 3448 2322 assuto
3477 2268 3587 2324 sub

1945 2355 2124 2425 hujus
2148 2355 2404 2427 imagine
2436 2359 2556 2411 tres
2587 2356 2715 2425 ejus
2746 2371 3114 2411 successores
3144 2356 3330 2428 pinxit
3359 2355 3586 2413 diverso

1945 2443 2256 2516 paululum
2286 2462 2321 2499 a
2350 2444 2810 2516 praecedentibus
2840 2445 3167 2513 modo,uno
3196 2447 3349 2501 tecto
3374 2445 3586 2502 turrito

1944 2532 2420 2604 comprehensos,
2453 2537 2576 2588 arte
2608 2532 2846 2605 pictoris
2877 2533 3117 2603 majore,
3150 2549 3294 2588 cura
3331 2533 3392 2588 in
3408 2533 3590 2589 versi-

1942 2621 2054 2677 bus
2085 2621 2332 2692 adjectis
2363 2622 2609 2678 minore.
2635 2626 2838 2677 Annos
2865 2620 3162 2677 omisit.—-
3191 2622 3496 2679 Konradus
3517 2622 3590 2678 de

1942 2710 2136 2766 Kastel
2167 2710 2484 2767 canonicus
2517 2709 2926 2781 Eiscbstensis,
2959 2711 3152 2766 a1144
3203 2709 3586 2768 duernionem

1942 2799 2208 2870 praefixit,
2241 2799 2334 2856 cui
2365 2799 2609 2856 inscribi
2640 2799 2779 2855 fecit
2805 2798 3059 2855 indicem
3097 2798 3316 2856 codicis
3372 2803 3430 2856 et
3457 2803 3588 2856 acta

1942 2886 2062 2944 litis
2091 2889 2163 2944 de
2193 2888 2466 2959 prasidio
2523 2887 2753 2944 concilii
2783 2887 3108 2961 Maguntini
3157 2904 3212 2944 a.
3271 2889 3432 2956 1243,
3491 2888 3585 2945 cui

1940 2975 2066 3048 ipse
2096 2977 2362 3033 interfuit
2390 2976 2470 3049 (7.
2503 2977 2606 3034 His
2653 2977 2780 3049 ipse
2837 2995 2889 3032 a.
2924 2978 3064 3034 1256
3115 2993 3293 3034 manu
3351 2977 3588 3050 propria

1941 3065 2249 3134 subjunxit
2277 3066 2511 3121 brevem
2534 3065 2803 3122 notitiam
2826 3067 2897 3122 de
2917 3066 3302 3140 eleemosynis
3319 3065 3378 3122 in
3400 3071 3590 3124 trans-

1941 3152 2158 3208 latione
2188 3153 2376 3208 sancti
2406 3153 2728 3209 Willibaldi
2761 3154 3021 3210 collectis
3049 3172 3071 3217 ;
3102 3154 3276 3226 paulo
3305 3159 3440 3226 post
3467 3173 3588 3212 am-

167 3233 327 3288 dum
372 3233 666 3288 Romanos
723 3239 781 3290 et
837 3251 1038 3290 secum
1097 3234 1314 3303 Gallos,
1375 3237 1829 3292 examinandum
1861 3221 1903 3288 (ἶ
1942 3240 2187 3313 pliorem
2219 3242 2290 3296 de
2321 3243 2525 3297 eadem
2552 3241 2937 3298 translatione
2967 3221 3141 3313 atque
3171 3244 3240 3298 de
3286 3221 3589 3300 miraculis

167 3321 234 3376 ei
269 3319 373 3391 qui
402 3321 620 3376 rituum
649 3323 708 3376 in
741 3322 988 3379 ecclesia
1017 3324 1363 3380 Germanica
1381 3325 1686 3381 historiam
1718 3325 1829 3380 ali-

168 3409 422 3480 quando
451 3415 756 3481 componet
788 3428 801 3477 ;
836 3411 934 3466 fol.
972 3413 1072 3466 123
1103 3411 1520 3468 Kalendarium
1553 3429 1686 3467 cum
1719 3417 1827 3470 Ne-

160 3497 435 3569 crologio
457 3499 751 3570 variisque
771 3498 991 3554 tabulis
1023 3500 1095 3554 ad
1122 3505 1462 3571 computum
1485 3502 1828 3572 pertinenti-

155 3587 288 3641 bus
324 3603 339 3652 ;
371 3586 471 3642 fol.
505 3588 607 3642 138
639 3587 891 3642 indicem
923 3587 1386 3644 differentiarum
1420 3590 1778 3646 musicarum
1811 3613 1826 3660 ;

155 3674 272 3730 fol.
312 3676 555 3730 143-204
585 3675 1020 3732 benedictiones
1051 3681 1108 3732 et
1155 3676 1467 3733 orationes.
1502 3679 1605 3733 Cui
1637 3679 1827 3734 codici

154 3769 233 3819 ut
269 3763 581 3820 introitum
616 3764 783 3820 daret
830 3769 1032 3820 sancto
1091 3766 1184 3821 cui
1244 3765 1649 3822 destinabatur
1703 3767 1826 3824 loco

153 3851 525 3925 digniorem,
553 3852 902 3909 Gundecbar
931 3853 1250 3926 praeposuit
1275 3854 1372 3910 fol.
1393 3855 1578 3923 l-6,in
1609 3855 1825 3926 quibus

150 3946 307 4015 post
339 3958 575 3997 crucem
609 3941 821 3998 litteris
868 3941 1254 4014 compositam
1313 3948 1369 3998 et
1426 3948 1559 4014 post
1615 3961 1823 3999 novam

152 4030 600 4086 dedicationem
653 4030 833 4102 priori
891 4031 1258 4103 ampliorem,
1317 4031 1604 4104 imagines
1661 4032 1822 4105 pingi

150 4119 399 4175 curavit
426 4117 739 4175 Salvatoris
771 4119 926 4175 inter
948 4119 1190 4192 angelos
1221 4121 1502 4190 sedentis,
1537 4121 1818 4190 cruciﬁxi,

147 4210 516 4264 sanctorum
547 4207 857 4263 duodecim
891 4208 1158 4264 dimcesis
1200 4209 1576 4266 Aureatensis
1605 4209 1821 4265 tutela-

145 4296 609 4367 rium,denique
634 4297 701 4350 17
733 4313 976 4352 suorum
1009 4297 1502 4369 praedecessorum
1535 4314 1822 4370 suamque

145 4388 327 4443 18³³³.
364 4385 587 4451 Quibus
636 4384 888 4457 singulis
935 4385 1199 4457 singulos
1249 4403 1451 4442 versus
1485 4386 1664 4442 minio
1722 4405 1818 4441 su-

141 4475 414 4549 perponi
445 4474 582 4529 fecit
614 4492 628 4543 ;
661 4474 950 4546 episcopis
981 4480 1258 4546 praeterea
1303 4492 1486 4531 annos
1542 4475 1820 4531 sessionis

154 4571 357 4635 atque
389 4562 513 4619 dies
543 4562 896 4619 emortuales
955 4563 1206 4652 adscribi
1267 4581 1334 4618 ex
1381 4563 1643 4636 catalogo
1693 4566 1819 4636 jam
1851 4588 1899 4652 Β

139 4653 268 4710 fol.
299 4653 334 4704 7
369 4651 821 4708 inserto..Liber
852 4651 1122 4708 absoluto
1162 4655 1220 4708 et
1264 4653 1383 4724 jam
1425 4653 1483 4707 in
1523 4653 1698 4708 choro
1759 4655 1818 4710 S.

137 4739 494 4800 Willibaldi
534 4741 744 4814 posito,
806 4741 1155 4797 Gundecbar
1210 4741 1335 4812 ipse
1392 4747 1594 4813 postea
1641 4759 1822 4798 manu

139 4830 412 4904 propria
442 4829 800 4885 nitidissima
821 4829 917 4885 hic
947 4829 1067 4884 illic
1099 4831 1366 4902 quaedam
1397 4830 1824 4901 inseruit,scili-

138 4924 265 4976 cet
292 4917 393 4972 fol.
430 4919 480 4987 1,
512 4919 770 4985 204-204,
805 4917 1046 4973 nomina
1098 4919 1506 4991 episcoporum
1537 4922 1593 4974 et
1650 4936 1821 4975 cano-

244 5060 323 5130 (3)
356 5060 550 5130 verba
576 5063 718 5114 sunt
747 5058 885 5115 cleri
915 5060 1258 5115 Eistetensis
1295 5060 1356 5115 in
1387 5061 1590 5116 charta
1620 5061 1680 5116 in
1708 5063 1822 5116 Ac-

131 5128 376 5202 tisfss.
409 5128 511 5184 1.1.
543 5147 599 5202 p.
636 5131 757 5184 182.

243 5200 412 5274 (4)Ne
440 5200 620 5256 unam
643 5201 880 5274 quidem
906 5217 1006 5272 per
1022 5205 1205 5274 totum
1229 5201 1508 5258 sessionis
1533 5220 1651 5258 suae
1674 5209 1822 5260 tem-

135 5290 284 5348 pus
305 5273 353 5328 a
379 5289 512 5348 rege
543 5273 808 5348 quaesivit
836 5273 1526 5348 d_onationem,_tempore
1563 5291 1677 5346 quo
1714 5281 1823 5331 An-

131 5345 248 5404 ho
282 5353 458 5415 atque
484 5345 1176 5415 Adalbertusinnumera
1205 5345 1314 5400 sibi
1347 5346 1588 5402 dabant.

264 5417 320 5486 6)
355 5414 570 5470 lterum
600 5417 776 5471 verba
805 5414 943 5470 cleri
976 5415 1033 5469 in
1065 5415 1164 5470 illa
1195 5416 1415 5470 charta.

267 5488 327 5556 7)
371 5487 519 5542 Nam
577 5487 616 5541 f.
678 5489 746 5541 10
801 5487 1085 5543 dedicatio
1143 5487 1394 5542 ecclesiae
1455 5486 1818 5554 Haserensis,

131 5556 306 5617 Kal.
339 5558 462 5613 Oct.
486 5559 618 5613 1071
654 5559 824 5628 facta,
856 5559 1060 5614 eodem
1091 5557 1315 5630 calamo
1346 5557 1620 5630 continuo
1643 5565 1816 5630 atque

129 5633 851 5690 atramentoexarataest
882 5646 996 5702 quo
1027 5628 1346 5685 totusliber
1381 5649 1394 5697 ;
1427 5629 1619 5687 scriba
1643 5628 1821 5702 igitur

1940 3330 2335 3385 narrationem
2368 3329 2445 3400 (8)
2481 3348 2494 3396 ;
2527 3330 2731 3386 eodem
2757 3331 2873 3386 fere
2903 3335 3162 3400 tempore
3176 3331 3587 3402 atquecalamo

1938 3417 2114 3474 fol.13
2143 3418 2508 3474 continuavit
2536 3435 2663 3489 quae
2697 3423 2831 3490 post
2858 3417 3088 3474 Ottonis
3118 3422 3366 3474 mortem
3381 3419 3459 3474 ibi
3493 3420 3584 3476 in-

1938 3511 2097 3562 serta
2128 3507 2356 3562 fuerant
2390 3525 2404 3574 ;
2436 3507 2534 3562 fol.
2555 3507 2662 3562 2011
2690 3506 3060 3563 Gundecbari
3118 3506 3448 3580 catalogum
3483 3509 3584 3565 de-

1936 3595 2274 3651 functorum
2305 3595 2720 3652 canonicorum
2751 3596 2822 3650 ad
2854 3613 2963 3651 sua
2991 3611 3179 3668 usque
3199 3601 3466 3668 tempora
3483 3597 3582 3654 de-

1936 3684 2103 3739 duxit
2135 3702 2148 3752 ;
2185 3683 2400 3739 fol.122
2427 3684 2584 3740 inter
2610 3683 2796 3739 lineas
2826 3689 2884 3739 et
2911 3685 2970 3739 in
3002 3685 3195 3756 spatio
3224 3702 3406 3742 vacuo
3435 3686 3580 3742 scri-

1935 3773 2053 3844 psit
2080 3773 2236 3828 Anno
2265 3773 2327 3826 D.
2364 3773 2504 3826 1015
2532 3803 2600 3812 ——
2630 3773 2833 3827 revixit
2861 3789 2882 3833 ;
2913 3771 3011 3827 fol.
3046 3773 3286 3827 123-128
3321 3789 3424 3844 per
3469 3773 3582 3830 Ka-

1933 3860 2028 3916 len
2076 3861 2267 3916 arium
2299 3860 2558 3933 plurima
2586 3861 2680 3916 hic
2705 3859 2791 3916 illi
2837 3860 3080 3927 notavit,
3138 3866 3406 3933 repetens
3458 3859 3582 3933 ple-

1934 3965 2184 4021 rumque
2215 3965 2344 4020 quae
2369 3951 2493 4020 jam
2519 3949 2659 4003 alibi
2683 3950 2998 4020 scripserat
3030 3967 3044 4016 ;
3089 3949 3187 4005 fol.
3217 3951 3273 4004 5.
3305 3950 3362 4016 6,
3391 3951 3474 4016 6*,
3507 3949 3581 4006 ad

1932 4037 2220 4110 imagines
2251 4037 2660 4109 episcoporum
2683 4053 2867 4093 annos
2897 4054 3046 4109 quos
3073 4037 3425 4094 Gundecbar
3443 4037 3584 4095 omi-

1933 4131 2106 4195 serat,
2141 4127 2211 4182 de
2240 4143 2346 4182 suo
2379 4125 2693 4200 supplevit,
2723 4126 3028 4198 multaque
3058 4125 3174 4182 alia
3202 4126 3454 4200 margini
3486 4143 3580 4183 as-

1929 4216 2134 4287 persit.
2169 4216 2276 4271 Sed
2308 4214 2428 4270 haec
2458 4214 2658 4270 omnia
2687 4231 2790 4286 per
2811 4218 3000 4270 totum
3032 4213 3254 4270 librum
3285 4221 3406 4272 tam
3427 4215 3582 4271 inor-

1931 4303 2128 4358 dinate
2158 4307 2300 4358 sunt
2329 4304 2609 4373 conjecta,
2634 4308 2873 4373 tamque
2891 4304 3155 4372 confusa,
3205 4303 3378 4359 toties
3413 4319 3579 4374 repe-

1930 4393 2060 4455 tita,
2094 4396 2180 4446 tot
2209 4392 2460 4462 denique
2491 4391 2789 4461 tantisque
2845 4390 3141 4446 erroribus
3195 4391 3453 4457 horrida,
3513 4400 3580 4447 ut

1931 4479 2270 4534 cautissime
2291 4482 2524 4534 tantum
2555 4477 2668 4549 legi
2699 4479 2948 4534 debeant
2976 4495 3082 4533 nec
3112 4479 3258 4534 ﬁdes
3293 4479 3440 4550 ipsis
3469 4479 3575 4534 ba-

1929 4567 2054 4623 beri
2085 4567 2200 4622 nisi
2231 4567 2329 4622 ubi
2353 4567 2483 4622 aliis
2505 4566 2860 4622 tostimoniis
2878 4567 3323 4624 conﬁrmantur.
3341 4596 3409 4610 ——
3437 4570 3575 4622 Ter-

1931 4657 2051 4712 tius
2082 4656 2452 4711 continuator
2481 4654 2654 4727 paulo
2681 4659 2812 4725 post
2842 4671 2893 4708 a.
2920 4655 3058 4708 1279
3098 4655 3157 4708 in
3186 4653 3285 4716 fol,
3316 4655 3379 4708 6"
3406 4670 3574 4711 verso

1932 4763 2032 4801 sex
2061 4750 2372 4816 sequentes
2401 4744 2707 4814 episcopos
2738 4742 2899 4814 pingi
2929 4741 3064 4796 fecit
3116 4758 3436 4815 versusque
3482 4759 3576 4798 su-

1928 4834 2258 4906 percripsit,
2292 4832 2464 4904 plane
2493 4835 2560 4887 ut
2587 4829 3026 4887 Gundecbarus.

2000 4922 2070 4976 Hi
2093 4927 2212 4977 tres
2235 4922 2293 4976 in
2318 4919 2596 4976 omnibus
2613 4920 2731 4974 fere
2753 4918 3120 4976 Gundecbari
3141 4919 3387 4992 vestigia
3405 4936 3574 4993 pres-

1971 5067 2066 5135 ost
2092 5062 2252 5135 illam
2285 5064 2524 5117 demum
2537 5059 2969 5135 dedicationem
2983 5060 3272 5135 calamum
3295 5063 3570 5135 sumpsit.

1971 5082 2062 5120 οει
2092 5082 2252 5118 luam
2285 5082 2960 5117 aemumuealcauonem
2983 5082 3272 5118 calamum
3295 5082 3568 5135 sumpsit.

1929 5082 2226 5191 Bedicatio
2260 5139 2456 5189 autem
2485 5131 2809 5205 capellas.
2841 5132 3182 5205 Michaelis,
3203 5150 3281 5205 ίνι
3330 5135 3417 5190 ld.
3446 5133 3568 5190 Jul.

1931 5207 2271 5333 1g721fztcta,
2306 5206 2367 5259 in
2396 5205 2436 5260 f.
2471 5205 2532 5259 11
2559 5204 2700 5276 post
2724 5204 2944 5260 inserta
2973 5204 3283 5276 est,codice
3318 5205 3569 5278 jamjam

1931 5295 1963 5333 a
2007 5295 2070 5333 so
2099 5295 2130 5332 u
2165 5293 2218 5332 ο.

1930 5282 2218 5333 absoluto.

2001 5350 2076 5420 (7)
2103 5349 2458 5421 Numeratur
2472 5346 2640 5421 inter
2660 5349 2854 5421 testes
2867 5346 3131 5421 ejusdem
3145 5417 3158 5421 _
3173 5347 3405 5404 charta.
3441 5353 3572 5421 Ipse

1929 5417 2108 5475 manu
2139 5419 2375 5491 propria
2398 5417 2734 5474 subnotavit
2766 5433 2778 5471 :
2811 5417 3095 5491 Ifenradus
3124 5417 3189 5491 de
3242 5421 3432 5476 Kastel
3468 5417 3571 5478 _me

1932 5493 2064 5562 fecit
2093 5488 2266 5545 scribi
2288 5493 2347 5545 in
2376 5491 2606 5562 concilio
2635 5489 2884 5559 generali
2898 5505 3056 5562 anno
3071 5488 3399 5562 AMCCXLIV.

1999 5563 2076 5632 (8)
2096 5561 2288 5633 Cujus
2306 5561 2559 5633 priorem
2592 5564 2815 5633 partem
2845 5559 3028 5616 edidit
3058 5559 3290 5618 Gretser
3317 5563 3376 5618 in
3408 5561 3568 5618 Cata-

1928 5631 2058 5705 logo
2088 5649 2220 5706 epp.
2253 5631 2552 5702 Ei‘chstetg
2585 5648 2641 5703 p.
2669 5631 2793 5686 475.
