3996 6148
487 352 610 419 983

1425 348 1933 411 GUNDECHARI
1975 348 2588 411 EICHSTETENSIS
2630 349 2981 415 EPISCOPI
3676 367 3755 428 θα

501 483 841 544 serunt.Sed
874 497 1084 537 novam
1107 496 1350 553 prorsus
1367 480 1521 537 viam
1538 485 1594 537 et
1620 498 1799 553 quam
1821 488 2133 553 sequentes
2162 486 2218 547 Α
2246 482 2449 538 eadem
2478 482 2697 539 codicis
2726 482 2935 538 ultima
2964 484 3072 538 est.
3111 481 3345 540 Jubente
3392 488 3627 560 Mauritio,
3668 504 3756 567 post

496 590 700 633 omnes
729 574 1067 639 tenuerunt,
1101 588 1156 625 a.
1191 570 1330 625 1297
1370 575 1615 642 quartus
1672 571 1975 643 ingressus
2031 574 2137 626 est.

493 666 596 723 Hic
626 677 839 718 novum
869 660 1083 716 folium
1114 659 1547 731 inseruit,quod
1580 659 1839 715 medium
1871 659 2141 715 Reimbo-

492 752 646 811 tonis
677 750 935 823 episcopi
956 750 1213 822 imagine
1242 750 1471 805 ornavit
1492 748 1950 820 praecedentibus
1971 748 2142 820 longe

494 842 715 911 majore
748 864 763 907 ;
797 839 869 893 ad
900 837 1195 909 margines
1227 854 1341 891 non
1366 838 1491 907 jam
1514 852 1767 902 versum,
1802 837 1903 891 sed
1962 835 2140 890 vitam

494 929 792 987 contexuit
821 931 912 983 sat
943 925 1200 998 amplam
1234 925 1461 981 calamo
1493 925 1836 981 continuo.«
1871 924 2140 995 Quintus,

496 1020 777 1085 Thomas,
810 1018 1074 1073 notarius
1101 1016 1399 1073 Chunradi
1431 1015 1709 1088 episcopi,
1770 1033 1822 1069 a.
1884 1015 2025 1070 1305
2054 1013 2141 1069 vel

495 1114 632 1184 post
662 1110 778 1164 duo
810 1108 1026 1163 iterum
1060 1106 1199 1162 folia
1229 1105 1495 1178 inseruit,
1546 1106 1605 1160 in
1655 1121 1905 1175 quorum
1964 1104 2143 1159 altero

496 1198 900 1263 Chunradum,
932 1197 991 1252 in
1022 1195 1289 1268 opposito
1322 1196 1598 1250 comitem
1628 1194 2004 1250 Gebhardum
2027 1193 2144 1264 epi-

495 1304 669 1361 scopo
700 1291 957 1343 castrum
990 1301 1160 1341 suum
1180 1284 1458 1357 Hirsperg
1479 1285 1817 1339 offerentem
1833 1298 2144 1354 repraesen-

494 1378 657 1446 tavit,
690 1376 991 1448 margines
1020 1375 1157 1429 vitis
1189 1390 1390 1429 eorum
1423 1374 1754 1429 destinavit.
1814 1373 2027 1428 Postea
2081 1371 2142 1425 in

497 1467 714 1542 pagina
741 1464 1010 1537 sequenti
1039 1465 1326 1520 Joannem
1356 1462 1571 1535 posuit,
1601 1462 1805 1518 itidem
1850 1478 1984 1516 cum
2010 1460 2144 1515 Vita

499 1555 771 1614 breviori.
803 1555 965 1610 Idem
996 1554 1173 1609 etiam
1205 1570 1308 1625 per
1335 1551 1435 1608 fol.
1457 1553 1512 1621 5,
1542 1554 1596 1620 6,
1629 1554 1663 1606 6
1695 1550 2143 1623 ,additamentis

497 1645 752 1703 Konradi
778 1660 926 1700 nova
953 1643 1249 1714 adjecit,et
1271 1640 1688 1697 miraculorum
1724 1640 2090 1695 Gundechari
2110 1657 2144 1695 a

499 1736 638 1793 1309
670 1736 957 1790 factorum
989 1732 1384 1787 narrationem
1413 1730 1473 1784 in
1506 1733 1757 1800 quatuor
1787 1728 1940 1785 foliis
1965 1728 2143 1783 indici

496 1823 742 1898 praefixit
770 1823 870 1895 (9).
902 1851 972 1862 —-
1003 1821 1212 1876 Sextus
1242 1819 1628 1884 continuator,
1663 1818 1950 1917 Thomam
2008 1818 2142 1873 imi-
2172 1861 2220 1927 Β

500 1918 680 1980 tatus,
713 1915 770 1967 et
797 1911 1019 1983 pictore
1048 1926 1194 1965 usus
1219 1908 1443 1976 eodem,
1473 1907 1811 1980 Marquardi
1838 1906 2029 1965 Vitam
2087 1910 2146 1962 et

499 2000 817 2074 imaginem
851 2016 903 2056 a.
938 1999 1076 2054 1324
1099 1998 1361 2054 condidit
1388 1997 1449 2051 in
1480 2014 1625 2053 novo
1657 1995 1992 2068 folio,cujus
2029 1996 2147 2068 pri-

502 2105 663 2146 mam
695 2088 969 2162 paginam
999 2103 1243 2143 vacuam
1270 2086 1607 2158 reliquit.—
1632 2090 1698 2141 In
1727 2086 1836 2141 hac
1862 2085 2150 2158 septimus

508 2197 560 2237 a.
595 2180 734 2234 1355
760 2178 955 2233 Vitam
988 2176 1238 2249 Philippi
1272 2175 1663 2247 supplevit,ad
1694 2175 2011 2247 imaginem
2062 2180 2152 2231 sat

506 2269 652 2325 rude
683 2267 899 2340 pictam
929 2267 988 2321 in
1012 2282 1130 2337 qua
1158 2281 1304 2320 novo
1335 2281 1545 2337 genere
1572 2265 1885 2337 episcOpus
1941 2281 2150 2337 reprae-

507 2361 774 2415 sentetur
801 2372 917 2411 non
933 2356 1059 2426 jam
1075 2354 1363 2423 solus,sed
1389 2354 1604 2426 populo
1626 2354 1979 2410 benedicens
2000 2354 2153 2409 infra

506 2450 817 2521 prostrato.
850 2445 1011 2500 Idem
1043 2448 1246 2499 auctor
1294 2444 1499 2500 eodem
1543 2443 1768 2499 calamo
1827 2448 1958 2515 post
2006 2442 2154 2499 sexti

508 2532 1006 2593 continuationem
1036 2532 1201 2587 Vitas
1231 2531 1544 2600 Gebhardi,
1576 2532 1871 2603 Friderici,
1900 2531 2153 2587 Heinrici

506 2623 727 2682 Alberti
756 2622 1006 2693 subjecit
1026 2636 1161 2677 cum
1188 2620 1546 2694 imaginibus
1561 2622 1633 2677 ab
1659 2622 1864 2677 eodem
1887 2638 2004 2692 quo
2027 2621 2155 2676 Phi-

506 2712 653 2786 lippi
684 2709 1101 2785 pictore'factis
1130 2728 1145 2779 ;
1176 2711 1235 2766 iu
1266 2710 1473 2782 quavis
1492 2710 1804 2783 episcopus
1833 2715 1967 2781 post
1986 2711 2155 2781 cujus

510 2803 709 2860 sedem
740 2801 855 2856 duo
883 2800 1098 2856 vassali
1121 2799 1987 2872 conspiciunturjuramentum
2011 2799 2154 2855 reci-

506 2891 593 2965 pit
621 2888 883 2963 capituli.
917 2919 987 2931 —-
1016 2889 1266 2945 Octavus
1297 2906 1349 2943 a.
1412 2889 1550 2943 1365
1606 2887 1897 2943 Bertholdi
1959 2888 2150 2943 Vitam

518 2984 696 3052 atque
716 2978 1031 3051 imaginem
1064 2976 1310 3043 addidit,
1344 2976 1567 3032 calamo
1600 2977 1970 3043 continuo,ut
1996 2980 2053 3032 et
2073 2992 2157 3032 se-

511 3073 753 3142 quentes
785 3082 990 3123 omnes
1021 3066 1285 3121 fecerunt
1315 3083 1329 3134 ;
1362 3082 1553 3121 nonus
1584 3065 1882 3121 Rabuonis
1905 3082 1957 3121 a.
1983 3066 2154 3134 1383;

511 3158 777 3215 decimus
807 3154 1171 3210 FridericilV
1191 3154 1424 3223 a.1415;
1454 3154 1802 3211 undecimus
1824 3155 2067 3211 Joannis
2080 3156 2153 3223 II,

2251 588 2473 627 annum
2504 571 2685 643 igitur
2715 573 2872 641 1539,
2917 571 3158 642 quintus
3199 572 3436 630 decimus
3485 579 3757 640 continuato:

2250 659 2538 716 Gabrielis
2569 664 2625 715 et
2668 660 3069 729 Christophori
3127 660 3254 715 Vita
3301 662 3474 719 breves
3521 668 3755 744 subjunxit,

2250 749 2431 820 hujus
2460 750 2703 823 imagini
2733 751 2925 806 locum
2957 749 3284 822 relinquens
3317 769 3328 819 ;
3360 754 3448 808 sed
3469 754 3620 811 defuit
3635 760 3758 828 pictor

2252 840 2461 895 Sextus
2485 840 2748 895 decimus
2762 838 3102 895 Mauritium
3126 840 3511 911 Eberhardum,
3530 844 3756 904 Martinam

2252 928 2576 1001 Gasparum
2586 930 2637 997 ,J
2644 946 2752 984 oan
2760 946 2892 985 nem
2915 945 3031 984 uno
3053 927 3270 984 calamo
3281 930 3506 987 breviter
3518 934 3758 1005 complexus

2251 1022 2340 1074 est
2368 1023 2501 1090 post
2529 1036 2563 1074 a
2595 1020 2732 1075 1612
2760 1038 2774 1087 ;
2805 1018 3093 1091 septimus
3122 1018 3369 1074 decimus
3395 1019 3633 1077 Joannem
3648 1023 3755 1079 Chri-

2251 1106 2595 1179 stophorum
2626 1126 2680 1165 a.
2714 1110 2851 1163 1637
2884 1134 2898 1176 ;
2931 1107 3195 1163 decimus
3224 1112 3439 1163 octavus
3473 1110 3759 1182 Marquadum

2251 1197 2300 1252 II
2332 1200 2463 1268 post
2494 1198 2632 1252 1685
2664 1215 2677 1265 ;
2703 1198 2969 1253 decimus
3000 1213 3190 1251 nonus
3218 1213 3251 1251 a
3276 1197 3400 1252 1697
3448 1197 3675 1254 Joannem
3691 1202 3759 1255 Eu-

2251 1285 2533 1342 cherium.
2568 1285 2829 1359 Reliquis
2856 1287 3200 1343 membrana
3224 1290 3393 1344 vacat.

2324 1376 2502 1430 LIBER
2531 1375 2924 1431 PONTIFICALIS
2943 1377 3070 1447 jam
3102 1374 3298 1431 statim
3329 1378 3449 1446 post
3495 1374 3762 1431 Gundechari

2251 1463 2478 1519 obitum
2508 1469 2785 1535 exceptus
2814 1465 2926 1519 fuit
2949 1464 3021 1520 ab
3046 1480 3328 1537 anonymo
3358 1464 3620 1520 Haserensi
3645 1483 3656 1531 ;
3678 1466 3763 1521 dein

2253 1569 2305 1608 a.
2342 1554 2499 1618 1471,
2532 1553 2619 1609 vel
2651 1552 2824 1625 paulo
2854 1558 3007 1625 post,
3039 1570 3074 1609 a
3103 1552 3378 1609 monacho
3430 1552 3763 1623 Blankstetensi,

2254 1643 2355 1713 qui
2387 1659 2455 1697 ex
2485 1642 2612 1714 ipso
2641 1659 2709 1699 ex
2740 1659 3070 1716 anonnymo
3102 1642 3400 1699 Haserensi
3417 1646 3467 1698 et
3480 1658 3539 1698 ex
3556 1640 3766 1697 Adalberto

2251 1731 2723 1789 Heideheimensi
2796 1731 3130 1805 compilavit
3222 1732 3437 1787 Librum
3497 1732 3768 1802 episcoporum

2251 1822 2696 1894 Eysteuensium,
2717 1820 2859 1877 satis
2885 1821 3258 1893 jejunum,de
3284 1836 3384 1876 suo
3403 1819 3477 1875 nil
3504 1819 3601 1876 fere
3622 1820 3769 1875 addens

2256 1910 2373 1966 nisi
2402 1926 2606 1966 versus
2634 1911 2858 1983 aliquot
2880 1910 2963 1966 nil
2988 1909 3477 1979 dicentes,nullius
3502 1925 3692 1981 prorsus
3704 1908 3771 1963 uti-

2256 1999 2438 2055 litatis
2466 2001 2618 2073 (10);
2653 1999 2866 2056 smeulo
2895 2017 2987 2055 xv:
3017 2001 3089 2056 ab
3122 2003 3351 2056 auctore
3378 1998 3628 2056 Chronica
3651 1997 3775 2051 Eiste-

2256 2088 2441 2144 tensis
2471 2087 2812 2159 vernaculae,
2849 2106 2975 2160 quae
3004 2092 3129 2145 tota
3158 2089 3291 2145 inde
3320 2089 3473 2145 ﬂuxit
3499 2088 3595 2159 (11)
3620 2104 3631 2153 ;
3656 2089 3775 2157 posta

2259 2177 2561 2246 Bruschio,
2593 2177 2901 2245 Hauslero,
2933 2181 3222 2246 Gretsero,
3272 2177 3459 2245 Leubl,
3511 2173 3777 2232 Falkenstein

2259 2267 2429 2322 Edita
2458 2284 2526 2323 ex
2555 2283 2621 2323 eo
2653 2268 2890 2323 fuerunt
2918 2268 3205 2324 nonnulla
3234 2285 3267 2324 a
3312 2268 3553 2325 Gretsero
3597 2265 3697 2333 (12),
3719 2261 3780 2316 sed

2260 2360 2534 2429 excerpta
2563 2360 2795 2412 tantum
2828 2357 2923 2412 hic
2954 2356 3073 2412 illic
3103 2373 3211 2430 per
3256 2373 3396 2430 opus
3448 2349 3782 2426 dispersa;alia

2262 2446 2530 2518 quaedam
2561 2462 2595 2501 a
2616 2445 2857 2502 Boschio
2890 2447 3339 2520 (13).Integrum
3369 2440 3676 2502 Gundechari
3690 2454 3781 2510 opus

2262 2551 2419 2590 nunc
2448 2535 2706 2606 primum
2737 2535 2932 2607 prodit
2961 2552 3029 2591 ex
3055 2535 3188 2608 ipso
3218 2534 3383 2605 libro,
3413 2548 3565 2605 quem
3609 2546 3635 2585 e
3654 2542 3783 2583 sacra-

2263 2625 2322 2679 S.
2341 2620 2660 2680 Willibaldi
2674 2625 3091 2697 depromptum
3115 2625 3206 2680 vir
3220 2624 3517 2681 admodum
3535 2616 3786 2677 reverendus

2264 2717 2322 2767 et
2341 2712 2414 2767 ob
2445 2712 2738 2785 egregiam
2770 2729 2888 2784 qua
2916 2730 3010 2769 me
3040 2718 3385 2786 prosecutus
3412 2715 3491 2769 est
3537 2704 3787 2765 benevolen-

2262 2801 2408 2857 tiam
2439 2806 2604 2874 grato
2636 2817 2870 2874 semper
2915 2804 3114 2859 animo
3171 2803 3315 2859 mihi
3367 2800 3628 2863 colendus,
3672 2790 3787 2849 David

2262 2889 2441 2962 Popp.
2473 2889 2731 2947 ecclesiae
2762 2891 3116 2948 cathedralis
3147 2890 3503 2948 Aureatensis
3538 2881 3788 2959 praepositus

2265 2983 2437 3051 atque
2468 2980 2720 3035 vicarius
2750 2980 3061 3052 generalis,
3095 2980 3195 3039 his
3225 2981 3367 3054 ipsis
3394 2978 3578 3035 diebus
3619 2970 3790 3047 gratiose

2264 3085 2495 3124 mecum
2525 3068 2995 3124 communicavit.
3027 3074 3298 3143 Propone
3346 3069 3472 3125 inde
3521 3079 3654 3137 opus,
3677 3054 3789 3130 qua“

2265 3157 2615 3213 Gundechar
2642 3159 2898 3214 moriens
2934 3156 3079 3215 illud
3108 3158 3363 3231 reliquit,
3418 3152 3621 3213 omissis
3661 3152 3790 3203 tamen
3884 3156 3885 3231 ᾗ

511 3246 688 3320 paulo
720 3246 852 3317 post
881 3259 933 3297 a.
970 3244 1108 3298 1429
1140 3243 1558 3311 ;duodecimus
1588 3242 1805 3300 Alberti
1836 3243 1905 3313 II,
1939 3261 1991 3299 a.
2021 3244 2157 3300 1445
2185 3230 2228 3297 C
2267 3263 2394 3318 qua:
2427 3248 2497 3302 ad
2534 3247 2727 3303 ofﬁcia
2754 3247 3153 3305 ecclesiastica
3181 3230 3575 3321 spectant,qua3
3601 3255 3683 3295 non
3697 3234 3792 3321 sunt

510 3336 730 3409 pictore
761 3332 966 3389 eodem
998 3348 1112 3404 quo
1134 3332 1467 3404 praecedens
1502 3349 1515 3400 ;
1548 3332 1758 3388 tertius
1809 3333 2072 3389 decimus
2104 3350 2155 3388 a.

513 3425 651 3481 1464
681 3420 928 3478 Joannis
959 3421 1030 3476 de
1058 3421 1233 3493 Eych,
1265 3420 1614 3494 perpulchre
1639 3421 1796 3493 picti.
1831 3428 1998 3477 Anno
2022 3423 2160 3477 1496

514 3511 897 3569 Leonhardus
924 3509 1270 3583 Angermair
1296 3510 1490 3566 Vitam
1531 3509 1831 3567 Wilhelmi
1878 3511 2157 3584 episcopi,

514 3601 685 3673 cujus
713 3598 1051 3671 capellanus
1081 3602 1139 3653 et
1166 3599 1471 3653 confessor
1501 3600 2160 3672 fuerat,composuit,ju-

513 3690 685 3746 bente
718 3688 990 3761 episcopo
1012 3686 1407 3759 Gabriele,qui
1436 3691 1493 3743 et
1520 3689 1838 3761 imaginem
1858 3689 2161 3745 Wilhelmi

514 3782 648 3836 ante
679 3777 861 3834 altare
882 3777 1155 3850 prostrati
1180 3776 1303 3832 ﬁeri
1334 3777 1556 3832 curavit
1587 3794 1620 3832 a
1643 3778 1859 3849 pictore
1872 3794 2001 3833 vere
2023 3796 2165 3851 prae-

514 3866 995 3924 stantissimo.Ab
1009 3866 1212 3922 eodem
1232 3866 1450 3937 pictore
1473 3865 1701 3921 Gabriel
1716 3868 1871 3922 intra
1892 3868 2084 3922 a.1501
2107 3872 2164 3923 et

516 3958 650 4013 1521
685 3972 746 4012 se
775 3956 975 4028 ipsum
1005 3954 1405 4026 repraesentari
1447 3954 1601 4023 fecit,
1636 3955 1693 4010 in
1726 3955 1973 4012 ecclesia
2002 3959 2163 4012 Bam-

516 4044 785 4117 bergensi
815 4062 872 4100 a.
915 4045 1048 4098 1501
1102 4043 1304 4098 Vitum
1349 4044 1670 4100 Truchsess
1715 4045 1776 4099 in
1824 4046 2163 4118 episcopum

517 4135 981 4199 consecrantem,
1032 4136 1320 4203 praesente
1366 4132 1657 4189 Friderico
1706 4134 1853 4190 duce
1902 4136 2163 4191 Saxoniae

519 4219 842 4292 multisque
866 4219 998 4274 aliis
1027 4220 1100 4275 ad
1131 4218 1326 4275 vivum
1358 4220 1601 4292 depictis
1637 4240 1650 4290 ;
1684 4239 1811 4294 quis
1847 4222 2078 4296 pictura
2107 4228 2165 4281 et

519 4312 642 4366 arte
666 4312 724 4365 et
770 4307 1049 4365 colorum-
1087 4308 1392 4381 splendore
1442 4311 1707 4367 omnium
1765 4310 2161 4384 pulcherrima

590 4471 667 4542 (9)
684 4469 866 4547 Edita
893 4469 956 4547 ip
984 4468 1145 4547 Actis
1174 4471 1277 4527 SS.
1303 4472 1452 4547 Aug.
1471 4476 1525 4547 ,I,
1560 4473 1683 4547 18_1.
1732 4472 1990 4547 Thomas
2037 4474 2165 4547 ipse

520 4541 821 4616 adnotavit
851 4558 876 4616 ;_
898 4543 1007 4616 Ego
1040 4542 1267 4598 Thomas
1292 4541 1544 4616 notdrz’us
1590 4544 1643 4599 d.
1677 4546 1913 4616 episcopi
1937 4545 2032 4601 hec
2060 4541 2164 4602 ἇηί-

519 4613 717 4671 racula
742 4613 914 4688 scribi
942 4602 1005 4670 ob
1062 4617 1226 4670 istius
1281 4615 1464 4671 incliti
1517 4602 1753 4688 presul'is
1810 4602 2168 4674 reverentiam
2197 4602 2244 4666 D

514 4702 838 4759 procuravi.

536 4780 542 4788 ε
590 4760 705 4828 (50)
730 4760 930 4813 Exstat
960 4757 1017 4811 in
1053 4757 1277 4813 ultimis
1309 4758 1507 4814 decem
1544 4759 1694 4814 foliis
1750 4759 1966 4815 codicis
2025 4760 2165 4815 olim

523 4828 981 4954 Blllanksteteqis‘i;
1013 4833 1214 4900 postea
1245 4831 1486 4901 capituli
1519 4832 1938 4888 Eichstetensis
1968 4852 2027 4888 n.
2076 4835 2164 4888 31.

527 4915 556 4954 c
605 4917 750 4972 .un.
784 4917 872 4972 εκ
974 4941 1020 4972 ._

597 4970 710 5043 (11)
742 4970 979 5045 Legitur
1006 4970 1068 5027 in
1099 4971 1248 5028 libro
1278 4988 1329 5029 a.
1368 4974 1525 5043 1801,
1561 4973 1632 5030 ab
1665 4974 1989 5031 archivario
2010 4975 2169 5047 capi-

2272 3336 2664 3392 Gundechari.
2695 3337 3112 3393 Additamenta
3140 3318 3487 3411 imaginibus
3541 3318 3790 3404 appositam

2276 3428 2444 3481 notas
2476 3425 2647 3496 rejeci
2706 3442 2720 3494 ;
2747 3426 2974 3498 reliqua
3002 3443 3108 3499 per
3138 3427 3354 3483 librum
3384 3425 3473 3479 hic
3522 3420 3618 3476 illic
3660 3423 3791 3485 spem

2271 3514 2332 3568 in
2366 3530 2552 3569 unum
2582 3513 2809 3588 collegi,
2842 3515 3096 3572 Konradi
3132 3519 3403 3587 maxime,
3432 3508 3626 3583 rejectis
3667 3506 3790 3557 tamen

2271 3620 2397 3674 quae
2428 3603 2499 3658 ab
2530 3602 2639 3659 hoc
2670 3602 2762 3659 his
2792 3607 2995 3676 terque
3027 3606 3279 3677 repetita
3309 3601 3514 3659 nemini
3541 3588 3789 3677 desideriutn

2271 3672 2605 3747 movebunt.
2638 3695 2680 3745 E
2736 3672 3281 3750 continuatio—nibus
3327 3697 3441 3748 tres
3496 3672 3790 3743 tantummodo

2272 3780 2494 3853 priores
2515 3780 2611 3836 hic
2632 3781 2857 3853 subjeci
2883 3782 3267 3839 brevissimae
3290 3783 3533 3851 adeoque
3551 3764 3791 3858 Gundeclta'

2274 3851 2321 3924 ri
2355 3869 2708 3939 simillimas,
2745 3851 2811 3925 ut
2836 3870 2951 3926 nisi
2981 3871 3120 3927 huic
3148 3887 3381 3928 annexus
3429 3882 3522 3940 per
3546 3878 3598 3919 se
3644 3851 3792 3944 prodite.

2273 3975 2389 4015 non
2420 3958 2683 4030 possint;
2705 3958 2963 4031 reliquas
2995 3961 3316 4035 ampliores
3335 3974 3460 4015 cum
3489 3948 3650 4010 saeculi
3672 3940 3793 4016 qua?ti

2272 4047 2484 4104 decimi
2514 4048 2899 4120 scriptoribus
2931 4050 3191 4107 edendas
3225 4044 3629 4107 reservavimus.

2342 4136 2598 4205 Aureati,
2630 4137 2778 4194 dieZ
2806 4137 3074 4195 Januarii
3111 4140 3273 4196 1885.

3102 4283 3166 4339 L.
3200 4282 3263 4340 C.
3298 4281 3606 4339 Bia-ramus.

2273 4476 2402 4603 ἵξῃ
2434 4477 2612 4549 Jung’
2639 4475 2987 4550 conscripto:
3019 4492 3199 4550 quem
3229 4477 3403 4536 habet
3427 4452 3799 4531 V.A.Bev.David.

2319 4566 2455 4603 onn.
3734 4596 3743 4603 κ

2319 4566 2455 4613 Opp.

2494 4620 2557 4675 In
2584 4619 2764 4700 __libro
2799 4638 2813 4676 :
2848 4622 3119 4700 Rhillippi
3174 4616 3523 4700 Eystettemi:
3569 4596 3800 4700 deflui?

2276 4682 2511 4747 ecclesiae
2562 4691 2701 4747 divis
2760 4682 3070 4750 ιηειανὶὺὰἑ
3124 4682 3568 4750 σογῆηιεηιαηίιις.
3606 4723 3617 4736 .
3649 4722 3657 4734 .
3688 4682 3802 4750 τίνῳ

2276 4765 2517 4835 catalogo
2546 4766 2945 4834 episcoporum.
2993 4808 3005 4820 .
3052 4807 3064 4821 .
3112 4808 3125 4820 .
3158 4767 3247 4821 ed.
3315 4767 3363 4820 Ι.
3420 4761 3647 4816 Cramer.
3689 4736 3803 4814 "'90"

2276 4837 2443 4890 stadii
2465 4837 2624 4904 2617,
2657 4835 2714 4890 in
2747 4838 2827 4891 4°.

2350 4908 2461 4979 (13)
2496 4908 2557 4962 In
2589 4908 2733 4965 actis
2764 4910 2860 4965 SS.
2891 4910 3038 4982 Aug.
3073 4909 3116 4981 Ι,
3165 4909 3271 4964 175
3324 4922 3450 4979 sqq.
