3998 6146
396 289 506 351 991
1328 294 1836 358 GUNDEGHARI
1878 296 2232 361 EPISCOPI
2275 296 2881 366 EICHSTETENSIS
3678 301 3779 364 992

414 420 475 478 in
508 439 691 480 unum
720 424 960 482 collecto
990 430 1226 484 centum
1257 445 1442 487 annos
1473 430 1929 504 compleverunt.
2065 432 2121 499 Α
2148 434 2304 503 lecti,
2336 434 2396 490 in
2427 435 2551 492 loco
2582 437 2683 508 qui
2706 437 2920 493 dicitur
2948 434 3179 493 Pfolede
3210 435 3321 509 (17)
3370 434 3444 492 ad
3492 451 3779 494 summum

465 512 806 571 Gotescalch
837 516 983 571 obiit
1038 517 1169 572 882°
1214 535 1387 588 anno,
1435 524 1490 576 2.
1542 522 1627 576 Id.
1678 521 1857 588 Nov.;
1892 522 2043 578 sedit
2150 525 2399 596 gradum
2447 530 2753 596 provectus
2803 530 2891 582 est
2931 525 3271 582 sacerdotis.
3332 525 3599 581 Interfuit
3625 526 3784 582 etiam

398 618 584 657 annos
614 604 666 657 3-
2152 630 2270 668 suae
2296 615 2719 671 consecrationi
2750 615 3026 671 dominus
3056 615 3186 685 ejus
3215 618 3460 686 quartus
3492 614 3785 672 Heinricus

464 692 831 751 Erchanbold
862 695 1005 751 obiit
1030 698 1161 752 902°
1190 715 1364 767 anno,
1412 701 1499 755 13.
1533 700 1659 756 Kal.
1694 700 1815 756 Oct.
1843 719 1856 769 ;
1891 700 2044 757 sedit
2152 719 2251 759 rex
2280 709 2338 760 et
2357 706 2483 776 ejus
2512 709 2698 760 mater
2717 705 2927 761 dilecta
2950 713 3141 777 Agnes
3162 704 3502 776 imperatrix
3526 708 3782 776 augusta.

392 798 578 838 annos
606 784 678 838 20
705 785 769 838 1³.
2152 798 2362 849 cuncta
2390 793 2462 848 ad
2494 795 2621 864 ejus
2660 794 3087 850 ordinationem
3118 793 3449 850 necessaria
3480 792 3783 864 disponens

462 869 762 929 Oudalfrid
794 875 938 930 obiit
968 877 1095 931 933‘
1127 894 1303 947 anno,
1353 878 1477 934 Kal.
1510 878 1685 947 Jan.;
1738 879 1891 935 sedit
1937 896 2039 934 au-
2152 899 2254 954 pro
2304 882 2625 954 capellano,
2675 884 2845 955 quasi
2892 883 3128 939 deberet
3176 898 3279 954 pro
3328 880 3465 937 ﬁlio.
3534 883 3789 937 Interfuit

390 976 498 1016 n08
523 960 614 1015 31-
1126 1004 1131 1007 ~
2152 972 2330 1027 etiam
2359 971 2548 1027 eidem
2581 972 3007 1028 consecrationi
3038 971 3313 1027 dominus
3360 970 3783 1043 Hiltebrandus,

462 1049 779 1107 Starchand
814 1053 960 1109 obiit
988 1055 1120 1109 965°
1180 1072 1355 1123 anno,
1410 1058 1463 1111 3.
1497 1058 1582 1111 Id.
1646 1058 1813 1113 Febr.
1844 1076 1857 1126 ;
1892 1057 2045 1113 sedit
2153 1065 2365 1116 sanctae
2393 1060 2664 1116 Romanas
2694 1066 2751 1117 et
2780 1061 3109 1133 apostolicae
3130 1060 3287 1116 sedis
3318 1058 3635 1115 cardinalis
3666 1061 3785 1116 sub-

394 1154 580 1194 annos
611 1140 700 1195 32.
2153 1149 2453 1218 diaconus,
2488 1153 2628 1205 tunc
2660 1149 2940 1222 temporis
2990 1150 3050 1205 in
3106 1149 3215 1205 has
3264 1153 3458 1221 partes
3504 1150 3574 1205 ad
3612 1166 3787 1221 regem

463 1227 745 1300 Reginold
777 1230 921 1286 obiit
938 1232 1070 1288 986°
1096 1249 1268 1300 anno,
1291 1236 1345 1289 2.
1374 1237 1521 1289 Non.
1552 1237 1690 1307 Apr.
1717 1255 1733 1307 ς
1766 1235 1918 1291 sedit
1948 1253 2044 1290 an-
2152 1238 2465 1293 Henricum
2493 1238 2816 1310 apostolica
2842 1239 3130 1311 legatione
3163 1239 3394 1293 functus
3442 1239 3509 1292 ¹’¹.
3559 1239 3791 1309 Insuper

392 1330 499 1371 nos
524 1317 614 1373 24.
2154 1328 2329 1383 etiam
2360 1327 2576 1383 aﬂ'uere
2593 1329 2720 1398 jam
2753 1328 2973 1399 praefati
3006 1327 3262 1400 episcopi
3316 1328 3661 1393 confratres,
3696 1327 3789 1381 Ira-

464 1405 775 1479 Megengoz
802 1409 947 1464 obiit
976 1411 1135 1464 1014’
1165 1427 1338 1479 anno,
1372 1414 1424 1468 4.
1459 1412 1583 1468 Kal.
1629 1412 1820 1480 Maii;
1892 1413 2046 1468 sedit
2154 1420 2388 1472 ternum
2448 1420 2505 1471 et
2562 1416 2881 1489 benignum
2967 1417 3028 1471 in
3115 1416 3439 1471 ordinando
3499 1416 3791 1487 prebentes

398 1510 583 1551 annos
611 1498 701 1551 24.
2154 1505 2460 1572 auxilium,
2496 1505 2835 1561 Luitboldus
2885 1505 3260 1577 Mogontinus
3310 1504 3792 1576 archiepiscopus,

463 1582 815 1643 Gundechar
842 1586 989 1643 obiit
1019 1590 1183 1644 1019°
1202 1606 1382 1658 anno,
1407 1591 1497 1646 13.
1540 1589 1659 1645 Kal.
1685 1590 1819 1646 Jan.
1847 1607 1860 1657 ;
1896 1588 2047 1645 sedit
2154 1593 2547 1666 Engilhardus
2576 1594 3053 1665 Madeburgensis
3093 1593 3585 1665 archiepiscopus,
3630 1591 3791 1648 Adal-

395 1689 584 1730 annos
610 1675 665 1730 5.
2153 1684 2355 1739 bertus
2386 1682 2715 1739 Premensis
2744 1682 3242 1755 archiepiscopus,
3274 1681 3600 1738 Rumaldus
3660 1682 3792 1737 Con-

462 1762 763 1871 Waltnhere
814 1764 958 1820 obiit
1005 1766 1167 1821 1021°
1195 1784 1370 1839 anno,
1405 1769 1491 1824 13.
1525 1767 1650 1824 Kal.
1692 1770 1820 1825 Jan.
1848 1784 1861 1834 ;
1895 1767 2048 1824 sedit
2080 1805 2130 1871 Β
2158 1772 2498 1828 stantiensis
2524 1771 2857 1844 episCOpus,
2891 1771 3277 1828 Chounradus
3304 1770 3620 1842 Spirensis.
3655 1771 3794 1827 Gun-

393 1867 582 1907 annos
610 1854 668 1907 2.
2080 1854 2130 1871 ⁵’
2156 1860 2307 1916 theri
2338 1858 3025 1933 Babenbergensis,Hecil
3062 1858 3669 1926 Hiltenesheimensis,
3692 1861 3792 1915 Im-

464 1939 608 2010 (Fol.
651 1942 733 2013 7.)
773 1942 1112 1999 Heribertus
1169 1943 1315 2001 obiit
1374 1946 1539 2001 10420
1594 1963 1772 2018 anno,
1829 1946 1884 2002 9.
1919 1945 2044 2002 Kal.
2158 1953 2311 2005 meto
2381 1949 2897 2018 Podelbrunensis,
2962 1949 3089 2005 Sizo
3160 1948 3584 2018 Verdunensis,
3654 1948 3795 2004 Brun

390 2028 538 2099 AUS-
566 2046 580 2097 ἓ
608 2029 759 2085 Βθάίί
777 2047 962 2087 annos
991 2032 1063 2086 20
1094 2034 1160 2087 ¹⁴ι
2157 2038 2721 2103 Misenensis,Woﬁ‘o
2734 2037 3552 2110 Merseburgensis,Anshelm
3586 2038 3799 2093 Lucen-

463 2124 748 2183 Gezeman
774 2128 919 2185 obiit
944 2131 1103 2185 1042·
1134 2147 1309 2199 anno,
1374 2133 1485 2209 16.⁸
1520 2131 1647 2188 Kal.
1681 2132 1819 2189 Nov.
1848 2150 1862 2201 ;
1897 2132 2051 2189 sedit
2159 2128 2263 2195 sis,
2322 2127 2726 2184 Ermenfridus
2782 2127 3133 2195 Situnensis,
3192 2130 3251 2183 et
3290 2144 3445 2183 unus
3474 2129 3546 2183 de
3576 2128 3799 2199 regione

391 2218 428 2269 2
457 2232 708 2273 menses.
2159 2235 2287 2290 quas
2317 2218 2534 2273 dicitur
2560 2216 2761 2273 Bolani
2792 2218 2924 2289 (18).

463 2305 841 2363 Gebehardus
871 2307 1018 2364 obiit
1049 2310 1212 2365 1057ο
1242 2327 1416 2380 anno,
1448 2313 1502 2367 5.
1536 2311 1661 2367 Kal.
1692 2312 1837 2383 Aug.
1860 2336 1874 2379 ;
1898 2310 2051 2367 sedit
2230 2309 2381 2362 Hanc
2434 2307 2857 2377 descriptionem
2922 2306 3246 2363 Gundechar
3292 2309 3539 2377 peccator
3604 2310 3799 2362 sancta

391 2393 454 2449 in
484 2394 823 2466 episcopatu
858 2398 945 2465 13,
980 2413 1189 2468 annos,
1222 2400 1279 2453 in
1310 2404 1528 2472 papatu
1556 2403 1609 2471 2,
1643 2405 1699 2456 et
1727 2401 1924 2457 Victor
1951 2418 2048 2456 vo-
2158 2398 2512 2453 Aureatensis
2533 2397 2773 2452 ecclesiae
2827 2396 2944 2450 18M
2974 2397 3251 2467 episcopus
3279 2395 3405 2466 ﬁeri
3439 2397 3693 2466 precepit,
3748 2399 3801 2448 ut

397 2486 565 2537 catus
597 2486 704 2538 est.
2158 2487 2404 2558 quisquis
2433 2502 2555 2541 eam
2586 2485 2787 2550 rideat,
2823 2485 2921 2540 has
2948 2485 3279 2543 subnatatas
3325 2485 3581 2540 ecclesias
3634 2482 3800 2539 simul

464 2570 601 2625 Post
628 2570 774 2627 istos
804 2577 1001 2629 autem
1057 2575 1325 2645 ejusdem
1384 2581 1599 2633 sanctae
1664 2578 2050 2635 Aureatensis
2156 2580 2208 2631 et
2238 2576 2440 2631 altaria
2467 2575 2537 2631 ab
2570 2575 2666 2630 illo
2695 2582 3011 2630 consecrata
3037 2590 3149 2629 esse
3175 2582 3484 2647 cognoscat.

394 2658 647 2714 ecclesiis
676 2660 1025 2718 Gundechar
1065 2664 1109 2700 ³⁸
1138 2665 1387 2720 fratrum
1416 2665 1685 2733 ultimus,
1720 2667 1822 2723 sed
1851 2670 2048 2722 tamen
2230 2662 2370 2734 (Fol.
2432 2664 2511 2734 8.)
2562 2663 2823 2734 Inprimis
2875 2679 3040 2734 super
3062 2662 3386 2734 principale
3412 2663 3597 2717 altare
3626 2662 3802 2717 sancti

391 2750 831 2821 tunctemporis
852 2752 1503 2826 dominaimperatricis
1526 2756 1768 2828 Agnetis
1794 2755 2047 2828 capella-
2160 2752 2482 2808 Saluatoris.
2530 2753 2698 2807 Anno
2749 2752 2822 2807 ab
2893 2751 3296 2807 incarnatione
3362 2749 3590 2805 Domini
3650 2752 3797 2818 1060,

397 2854 533 2905 nus,
564 2838 624 2893 in
651 2838 799 2895 hanc
829 2842 1072 2897 eandem
1121 2844 1319 2899 sedem
1353 2846 1419 2899 13
1456 2843 1586 2900 Kal.
1634 2846 1794 2917 Sept.
1838 2845 2047 2916 (1057),
2161 2857 2314 2897 anno
2347 2844 2545 2896 autem
2577 2839 3014 2896 constitutionis
3058 2840 3237 2910 hujus
3285 2838 3569 2910 episcopii
3617 2838 3715 2892 317
3764 2840 3802 2873 η

397 2926 492 2982 his
520 2927 850 2984 subnotatis
881 2930 1170 3003 episcopis
1200 2933 1909 3004 prcsentibus,Luitboldo
1941 2934 2054 2990 Ma—
2160 2929 2481 2985 indictione
2513 2931 2598 2985 13.
2632 2932 2914 3002 regnante
2944 2933 3152 3000 quarto
3192 2927 3460 2984 Heinrico
3490 2943 3646 3000 rege,
3676 2943 3801 2983 con-

397 3014 763 3087 gontiacensi
814 3018 1268 3093 archiepiscopo.
1323 3022 1575 3078 Widone
1632 3022 2052 3080 Mediolanensi
2161 3021 2451 3074 structum
2483 3022 2543 3073 et
2571 3020 2979 3073 consecratum
3009 3020 3098 3073 est
3138 3016 3249 3072 hoc
3296 3016 3499 3087 altare,
3555 3014 3799 3071 simulet

401 3103 859 3178 archiepisoOpo,
909 3107 1187 3165 Gutherio
1236 3111 1705 3185 Babenbergensi
1754 3113 2048 3185 episcopo,
2088 3172 2123 3185 η
2163 3107 2423 3163 ecclesia
2480 3110 2813 3161 consecrata
2871 3110 2961 3162 est
3005 3107 3058 3160 5.
3108 3104 3231 3161 Kal.
3306 3104 3445 3162 Nov.
3503 3121 3539 3159 a
3582 3104 3797 3161 Gunde-

398 3172 716 3249 Anshelmo
742 3172 987 3252 Ducensi
1009 3172 1577 3271 episcopo,’l‘riburie
1610 3206 1700 3258 est
1725 3172 2053 3258 annulo‘in;
2082 3172 2124 3239 (ἶ
2163 3197 2340 3254 charo
2374 3197 2445 3251 II.
2478 3195 2658 3266 hujus
2685 3198 2900 3250 sanctae
2932 3194 3087 3250 sedis
3132 3195 3222 3250 18°
3252 3194 3550 3266 episc0po,
3581 3194 3797 3249 ordina-

397 3280 644 3339 vestitus
669 3303 683 3353 ;
718 3287 776 3340 et
805 3284 865 3341 in
895 3287 930 3341 3
959 3287 1106 3343 Non.
1140 3288 1427 3357 Octobris,
1452 3290 1585 3347 istis
1615 3296 1812 3347 autem
1842 3291 2057 3347 subno-
2162 3285 2342 3342 tionis
2371 3301 2504 3341 vero
2535 3301 2654 3340 suae
2684 3301 2836 3339 anno
2866 3285 2920 3338 3.
2953 3286 3014 3338 in
3044 3284 3264 3339 honore
3283 3286 3341 3338 et
3360 3282 3601 3338 nomine
3629 3282 3797 3338 sancti

398 3370 537 3427 tatis
568 3372 863 3446 episcopis
912 3378 1303 3450 presentibus,
1356 3378 1665 3436 Liutboldo
1724 3379 2054 3453 Nogantino
2165 3373 2480 3449 Salvatoris
2509 3379 2566 3429 et
2593 3373 2722 3442 ejus
2753 3372 3161 3429 sacratissima?
3220 3369 3543 3427 nativitatis
3573 3373 3636 3426 ιθ.
3680 3412 3694 3425 .
3734 3412 3745 3423 .
3783 3412 3793 3423 .

401 3460 863 3535 archiepiscOpo,
921 3466 1163 3521 Annone
1220 3467 1551 3525 Coloniensi
1584 3469 2049 3543 archiepiscopo,
2166 3464 2267 3521 His
2297 3464 2480 3536 igitur
2505 3462 2782 3518 omnibus
2809 3462 2867 3518 in
2899 3479 3085 3517 unum
3135 3459 3390 3517 collectis
3422 3458 3791 3532 proportioni-

400 3548 733 3606 Eberhardo
779 3552 1107 3611 Trevirensi
1136 3555 1596 3629 archiepiscopo,
1643 3558 1897 3614 Widone
1927 3558 2050 3613 Me-
2166 3555 2277 3610 bus
2308 3554 2351 3589 ²⁰
2376 3553 2486 3624 (19)
2511 3552 2661 3607 ﬁunt
2691 3552 2813 3607 156.

403 3637 730 3696 diolanensi
759 3642 1213 3716 archiepiscopo,
1260 3645 1597 3702 Gebehardo
1645 3647 2057 3719 Ratisponensi
2238 3645 2411 3713 Super
2438 3643 2616 3697 altare
2654 3641 2834 3696 sancti
2870 3637 3190 3705 Willibaldi,
3233 3638 3373 3711 quod
3401 3646 3479 3694 est
3537 3639 3597 3692 in
3638 3636 3797 3692 medio

403 3726 694 3801 episcopo,
722 3730 1088 3789 Adalberone
1117 3734 1593 3808 Wirceburgensi
1622 3737 1918 3810 episcopo,
1947 3740 2058 3792 Ar-
2165 3732 2346 3788 choro.
2407 3735 2573 3785 Anno
2622 3730 2694 3785 ab
2761 3728 3161 3784 incarnatione
3210 3726 3443 3781 Domini
3476 3728 3638 3794 1060,
3665 3740 3795 3781 anno

406 3818 579 3873 noldo
610 3820 1083 3893 Wirceburgensi
1103 3823 1751 3896 episcopo,Chuonrado
1774 3826 2058 3899 Spirensi,
2168 3825 2366 3877 autem
2393 3818 2825 3876 constitutionis
2850 3818 3027 3889 hujus
3053 3814 3330 3889 episcopii
3352 3816 3478 3870 317.
3503 3814 3796 3870 indictione

407 3907 678 3963 Hecilone
728 3908 1193 3984 Strazburgensi,
1256 3913 1543 3969 Rumaldo
1601 3914 2056 3985 Constantiensi,
2172 3912 2256 3968 13.
2291 3914 2571 3982 regnante
2602 3911 2808 3980 quarto
2836 3905 3105 3962 Heinrico
3137 3910 3696 3977 rege,consecratum
3724 3910 3798 3958 est

408 3995 701 4052 Dietmaro
749 3998 1035 4066 Curiensi,
1086 4000 1368 4058 Dieterico
1402 4002 1787 4072 Wirtunensi,
1821 4003 2058 4059 Ermen-
2170 4004 2279 4056 hoc
2309 3999 2491 4056 altare
2516 3998 2576 4053 in
2607 3997 2799 4053 medio
2829 3996 3005 4053 choro
3036 4012 3071 4050 a
3099 3993 3483 4050 Gundecharo
3520 3993 3697 4064 hujus
3720 4006 3795 4047 se-

409 4083 559 4139 frido
590 4084 915 4153 Situnensi,
938 4087 1247 4144 Oudalrico
1277 4090 1569 4162 Papiensi,
1603 4092 1858 4164 exceptis
1890 4092 2063 4148 abba-
2172 4089 2263 4145 dis
2294 4087 2417 4157 (fol.
2464 4088 2517 4140 8.
2568 4089 2784 4140 sancta:
2846 4083 2945 4140 Dei
2973 4082 3159 4156 gratia
3193 4081 3513 4138 venerabili
3565 4083 3653 4137 18°
3694 4078 3795 4150 epi-

409 4171 568 4227 tibus
597 4176 654 4228 et
683 4172 796 4229 alio
826 4175 1010 4231 multo
1032 4174 1206 4245 clero,
1226 4178 1391 4250 virga
1419 4179 1721 4252 pastorali,
1753 4181 1845 4237 sui
1875 4181 2062 4254 ipsius
2171 4192 2347 4248 scopo
2379 4176 2465 4231 11.
2490 4174 2615 4231 Kal.
2638 4176 2785 4246 Aug.
2832 4212 2845 4229 .
2892 4214 2905 4227 .
2950 4212 2964 4228 .
2996 4171 3098 4228 His
3125 4171 3307 4245 igitur
3330 4169 3588 4228 collectis
3608 4167 3795 4243 portio-

414 4258 552 4316 cleri
579 4260 921 4335 militiaque
941 4268 999 4320 et
1017 4264 1195 4322 etiam
1215 4267 1450 4324 familiae
1482 4270 1784 4326 communi
1814 4269 1987 4326 laude
2008 4274 2067 4327 et
2173 4268 2349 4323 nibus
2381 4266 2531 4321 fiunt
2551 4265 2623 4318 74
2652 4264 2784 4336 (20).

411 4352 563 4421 voto,
595 4348 762 4423 Spire
790 4355 880 4409 est
936 4353 1261 4413 honoratus
1316 4360 1373 4413 et
1401 4357 1461 4413 in
1490 4358 1561 4413 16
1591 4360 1636 4394 ¹⁶
1666 4358 1789 4415 Kal.
1830 4359 1970 4415 Nov.
2003 4359 2065 4415 in
2244 4356 2422 4428 Super
2482 4355 2667 4409 altare
2724 4353 2900 4408 sancti
2962 4349 3244 4408 Oudalrici
3297 4348 3591 4423 cofessoris
3624 4346 3799 4404 Christi

415 4439 615 4495 sedem
638 4441 1030 4515 episcopalem
1057 4444 1161 4500 Dei
1182 4446 1372 4517 gratia
1399 4446 1849 4505 inthronizatus.
1875 4452 1939 4503 In
1971 4448 2065 4503 die
2176 4450 2226 4501 et
2254 4446 2461 4501 sanctae
2491 4442 2804 4498 Gunthildis
2831 4442 3090 4513 virginis.
3122 4441 3289 4496 Anno
3314 4439 3388 4496 ab
3418 4436 3798 4495 incarnatione

415 4531 611 4586 autem
642 4532 831 4587 sancti
855 4532 1101 4590 Joannis
1129 4535 1379 4606 apostoli
1408 4536 1542 4609 plus
1576 4538 1799 4594 caeteris
1828 4537 1945 4593 Deo
1977 4536 2064 4592 di-
2096 4538 2143 4603 Β
2173 4533 2404 4591 Domini
2437 4532 2597 4599 1060,
2621 4547 2771 4588 anno
2803 4534 2998 4587 autem
3029 4527 3467 4587 constitutionis
3496 4528 3670 4600 hujus
3697 4523 3802 4596 epi-

1772 4679 2017 4736 VARI/E
2055 4675 2467 4734 LECTIONES.

490 4796 533 4829 1³
561 4809 737 4864 supra
766 4794 829 4847 in
854 4794 957 4867 fol.
990 4795 1027 4848 5
1058 4795 1293 4865 imagini
1320 4795 1661 4867 adscriptum
1688 4803 1769 4852 est
1797 4814 1815 4851 :
1847 4812 2034 4851 annos
2063 4793 2206 4849 XXI.
2287 4794 2331 4829 ¹⁴
2358 4807 2542 4867 supra
2559 4791 2675 4867 fol.‘
2693 4805 2871 4867 supra
2889 4790 2944 4846 6.
2976 4787 3377 4867 adjniagjnent
3405 4802 3646 4867 :_annos
3664 4782 3807 4867 XXII.

422 4866 467 4939 ξε
522 4868 584 4939 in.
627 4858 884 4939 summa:
910 4858 1191 4939 margine'
1222 4868 1404 4922 scriba
1440 4858 1577 4939 ipse
1629 4875 1815 4939 postea
1869 4868 1972 4921 hoc
1998 4867 2269 4937 scripsit:
2300 4858 2467 4939 Anno
2513 4858 2824 4939 Dominicis
2858 4858 3551 4939 inc._1019°_Gundechar
3570 4862 3812 4939 peccator

418 4936 508 5010 in_
538 4936 683 4992 festo
740 4937 811 4991 S.-
847 4929 1179 5010 Laurentii
1212 4929 1496 5010 martyris
1542 4929 1715 4994 natus
1746 4942 1854 4994 est.
1886 4940 2051 4994 Anno
2082 4929 2289 5010 autem,
2328 4936 2492 5010 1054ο
2520 4935 2831 5010 episcopus
2851 4932 3071 5010 electus
3100 4936 3210 5010 est.
3241 4937 3410 5010 Anno
3440 4929 3640 5010 autem
3673 4929 3811 5010 10583

419 5006 732 5082 episcopus
761 5007 1068 5082 ordinatus
1128 5013 1234 5082 est,
1268 5001 1435 5082 etate
1465 5010 1682 5082 quippe
1711 5011 1781 5066 38
1811 5026 2121 5066 annorum.
2150 5012 2215 5067 Et
2268 5008 2490 5082 in__imo_
2516 5001 2811 5082 nzarginc
2864 5024 2901 5082 .-_
2938 5004 3000 5060 In
3032 5003 3435 5082 designatione
3463 5001 3812 5082 Gundechari

422 5073 680 5151 episcopi
711 5079 957 5154 aderant
987 5082 1019 5134 4
1050 5073 1326 5154 episcopi,
1360 5081 1419 5136 in
1449 5073 1819 5153 susceptione
1874 5082 2047 5154 virgae
2107 5078 2416 5154 pastoralis
2461 5079 2535 5154 14
2564 5078 2624 5132 in
2656 5073 3021 5154 ordinatione
3037 5073 3300 5154 _ver6__14.
3330 5076 3599 5154 Haecfol.
3654 5073 3813 5153 1.19:6

421 5146 1008 5225 transsumsitscriba.
1040 5170 1041 5173 η
1084 5146 1132 5187 ἶθ
1158 5146 1423 5207 ηαὶηεναε
1443 5156 1505 5209 in
1528 5146 1713 5209 rasur.
1758 5224 1771 5225 ί
1793 5155 1834 5189 ιτ
1867 5146 2199 5225 (ιυῗροείθθ.
2226 5150 2549 5207 Alexandro
2581 5166 2740 5225 papa:
2770 5147 3054 5225 successit
3079 5148 3260 5225 scriba
3284 5150 3562 5225 postea_in

415 5222 611 5295 addit.
672 5224 712 5257 ιδ
744 5223 824 5277 ita
880 5224 1220 5293 prima/"uit
1273 5240 1291 5276 :
1341 5225 1465 5295 jam
1523 5224 1775 5281 CCCXVI
1831 5215 1904 5281 ea}
1957 5215 2129 5281 corrc.
2211 5225 2254 5259 ¹⁹
2304 5237 2432 5295 quae
2484 5215 2752 5295 sequntur
2797 5219 3170 5295 reliquiarum
3198 5222 3259 5274 in
3284 5215 3541 5295 singulis
3570 5215 3819 5295 altaribus

418 5293 827 5421 recotnditfgrum
860 5284 1321 5361 enumerationes,
1341 5284 1442 5350 'hic
1470 5300 1520 5351 et
1550 5299 1610 5351 in
1637 5299 1985 5368 sequentibus
2013 5284 2329 5353 omisimus:
2349 5295 2420 5365 Cf
2446 5284 2607 5349 .Acla
2643 5293 2737 5350 SS.
2770 5284 2988 5363 Augfl,
3024 5293 3126 5347 175
3153 5308 3266 5364 sqq.
3325 5292 3370 5327 ³ο
3388 5284 3693 5364 legendum
3717 5284 3815 5342 vid.

420 5380 524 5421 Dor
554 5381 669 5420 10111
718 5383 805 5420 us.

419 5380 805 5434 portionibus.

1995 5465 2227 5522 NOT/E.

489 5561 599 5637 (ῐῖ)
633 5558 866 5637 ξόἒλιάβι
900 5578 1079 5633 prope
1107 5562 1414 5637 Herzberg.
2228 5565 2361 5637 _(20)
2393 5562 2477 5620 Cf.
2496 5561 2774 5637 chartam
2833 5561 2905 5618 de
2961 5560 3071 5618 hac
3100 5559 3536 5619 consecratione
3584 5558 3639 5615 in
3669 5549 3817 5612 Acti3

489 5578 599 5631 (ιι)
633 5578 866 5626 romae,
900 5578 1079 5633 prope
1107 5578 1414 5637 uerznerg.
2251 5578 2361 5632 (20)
2393 5578 2477 5620 ur.
2511 5578 2774 5618 chartam
2833 5588 2835 5605 ι

488 5632 605 5777 (18)
634 5629 891 5714 Polonia.
1144 5703 1154 5715 .
1189 5704 1198 5715 .
1434 5660 1437 5663 λ
2179 5635 2277 5692 SS.
2308 5636 2458 5707 Aug.
2493 5636 2536 5692 Ι.
2572 5634 2669 5691 181
2702 5649 2835 5707 sqq.

515 5705 601 5776 19)
633 5702 1039 5777 Reliquiarum
1074 5703 1320 5762 scilicet.

515 5702 601 5776 19)
633 5702 1039 5777 Reliquiarum
1074 5703 1320 5762 scilicet.
