3998 6146
208 279 351 339 1001

314 410 429 465 Ιιόι.
467 410 534 464 12
559 427 761 467 manus
797 428 842 469 ε.
872 429 1097 540 mntem.
1128 416 1241 469 haec
1284 416 1507 486 scripsit
1534 416 1744 471 calamo

880 501 982 540 con
1007 501 1167 540 muo:

880 501 1136 542 continuo
1155 503 1167 540 ζ

270 570 484 643 (1099.)
516 578 683 628 Anno
714 572 954 629 milleno
1002 579 1243 631 centeno
1273 574 1542 632 cominus
1569 594 1683 632 uno

199 658 533 716 Jerusalem
565 661 767 718 Franci
794 663 1033 734 capiunt
1062 664 1272 720 virtute
1306 665 1544 736 potenti.

270 750 440 805 1105°
469 767 622 807 anno
652 751 1071 808 incarnationis
1092 752 1325 809 Domini
1372 754 1698 825 Heinricus,
1752 771 1849 811 rex

197 836 361 894 ﬁlius
411 839 783 911 imperatoris
833 840 1084 909 Henrici,
1135 846 1339 898 contra
1390 847 1608 914 patrem
1671 860 1845 899 suum

194 925 255 979 in
279 942 532 998 regnum
563 928 831 982 surrexit.

270 1015 434 1072 1106.
468 1015 777 1074 Heinricus
806 1021 1051 1089 quartus
1083 1018 1402 1091 imperator
1430 1019 1595 1075 obiit.

268 1105 432 1161 1107.
465 1104 771 1163 Heinricus
794 1113 926 1179 post
957 1111 1207 1164 mortem
1238 1108 1422 1180 patris
1471 1108 1737 1181 regnavit
1782 1110 1848 1163 19

195 1210 393 1248 811018.

269 1284 436 1338 1108.
477 1283 787 1341 Heinricus
844 1301 944 1342 rex
992 1301 1268 1359 magnam
1320 1286 1746 1359 expeditionem
1785 1286 1845 1342 in

193 1371 444 1445 Italyam
475 1373 610 1428 fecit
639 1377 695 1429 et
726 1372 1027 1430 Pascalem
1058 1391 1272 1447 papam
1304 1375 1485 1432 Rome
1519 1375 1692 1447 cepit.

268 1463 432 1518 1116.
492 1463 667 1519 Terre
722 1467 919 1519 motus
972 1462 1158 1521 factus
1207 1469 1297 1521 est
1343 1482 1446 1537 per
1511 1464 1843 1520 universam

191 1555 436 1608 terram.

266 1641 431 1696 1125.
482 1641 786 1697 Heinricus
845 1641 1164 1714 imperator
1210 1642 1373 1699 obiit.
1428 1643 1737 1701 Lotharius
1785 1642 1846 1698 in

192 1745 449 1803 regnum
478 1729 733 1802 eligitur.

266 1820 407 1874 1131
452 1818 765 1876 Lotbarius
797 1837 897 1875 rex
922 1820 1217 1891 profectus
1247 1820 1409 1876 estin
1439 1819 1712 1877 Ytaliam.

266 1907 431 1964 1132.
472 1907 733 1980 Eclypsis
764 1907 904 1965 solis
934 1909 1085 1965 facta
1107 1912 1197 1966 est
1225 1910 1276 1965 4.
1301 1909 1599 1981 Non.Aug.
1626 1910 1770 1965 hora
1787 1910 1839 1966 8.

268 1997 431 2053 1136.
476 1996 788 2053 Lotharius
818 1998 1134 2070 imperator
1165 1998 1328 2054 obiit.

267 2086 430 2141 1138.
474 2086 816 2142 Cuonradus
846 2105 943 2142 rex
973 2086 1227 2157 eligitur.

268 2174 431 2229 1146.
474 2176 814 2231 Cuonradus
844 2179 903 2231 et
935 2176 1255 2233 Ludwicus
1304 2192 1469 2249 reges
1514 2175 1842 2232 Jerusalem

196 2268 473 2336 pergunt.
1074 2330 1081 2333 _

266 2352 435 2409 1150.
479 2353 824 2409 Cuonradus
854 2370 953 2410 rex
979 2353 1390 2410 Jerosolimam
1441 2370 1706 2411 reversus
1734 2358 1843 2411 est.

266 2442 431 2497 1152.
474 2441 820 2498 Cucnradus
851 2460 949 2498 rex
978 2442 1141 2514 obiit,
1173 2447 1232 2499 et
1258 2442 1585 2499 Fridericus
1614 2443 1664 2499 ei
1711 2460 1843 2500 sue-

189 2530 392 2587 cessit.

272 2620 435 2674 1156.
474 2619 799 2675 Fridericus
829 2637 927 2676 rex
955 2619 1276 2693 imperator
1305 2621 1628 2677 ordinatur.

270 2709 435 2764 1158.
478 2708 805 2765 Fridericus
826 2709 1145 2782 imperator
1165 2709 1291 2766 Med
1300 2709 1574 2782 yolanum
1590 2709 1840 2782 subegit.

265 2797 431 2853 1162.
469 2798 754 2854 Funditus
794 2798 1023 2854 delevit.

644 2905 846 2961 Eadem
874 2907 936 2961 in
962 2905 1062 2977 fol.
1107 2906 1173 2960 13
1202 2907 1396 2978 pergit.

268 2996 437 3049 10980
468 3011 618 3050 anno
647 2994 1067 3052 incarnationis
1122 2995 1347 3050 Domini
1408 2994 1727 3051 Uodaricus
1801 2996 1845 3030 ⁴²

193 3082 545 3140 Eistetensis
593 3083 904 3156 episcopus
949 3082 1113 3140 obiit.
1162 3084 1263 3139 Cui
1315 3084 1633 3140 succedens
1691 3084 1841 3140 Ebe-

194 3172 455 3229 rbardus
484 3174 797 3246 episcopus
819 3174 982 3229 1112o
1000 3173 1163 3229 obiit.
1184 3173 1282 3228 Cui
1308 3174 1625 3231 succedens
1649 3172 1850 3229 Uodal-
1880 3156 1922 3222 C

195 3263 359 3318 ricus
418 3268 683 3335 tempore
738 3262 990 3318 Heinrici
1046 3262 1227 3336 regia,
1288 3262 1391 3334 qui
1441 3266 1572 3334 post
1619 3265 1844 3333 patrem

195 3352 488 3424 regnavit,
542 3353 706 3408 11250
753 3352 916 3408 obiit.
966 3351 1067 3407 Cui
1118 3352 1435 3407 succedens
1469 3350 1846 3406 Gebebardus

194 3456 454 3496 eoanno
512 3457 628 3513 quo
686 3440 985 3496 Heinricus
1042 3441 1361 3513 imperator
1416 3444 1687 3496 mortuus
1735 3445 1844 3513 est,

190 3530 364 3585 1148ο
392 3529 542 3585 obiit
570 3530 701 3600 (23).
736 3530 840 3586 Cui
873 3530 1192 3586 succedens
1232 3529 1570 3584 Burkardus
1623 3527 1845 3600 episco-

185 3635 307 3690 pus
338 3622 607 3691 tempore
635 3618 887 3674 Cunradi
920 3618 1095 3692 regis,
1124 3619 1288 3674 11530
1309 3618 1470 3674 obiit.
1503 3617 1609 3673 Cui
1648 3633 1845 3673 succe-

184 3709 341 3763 dens
371 3708 718 3764 Cuonradus
749 3708 1061 3780 episcopus
1090 3713 1350 3780 tempore
1374 3706 1647 3762 Friderici
1672 3706 1844 3779 regis,

188 3798 364 3852 11710
396 3796 561 3852 obiit.
595 3797 696 3853 Cui
731 3797 1051 3853 succedens
1081 3795 1379 3869 Egelolfus
1428 3796 1668 3861 electus,
1712 3795 1850 3850 1183

186 3886 311 3957 (24)
346 3891 584 3958 propter
613 3885 960 3941 amisiunem
1000 3885 1243 3956 loquelae
1273 3891 1329 3940 et
1359 3902 1573 3940 manus
1620 3885 1851 3940 ἀθκιθτθ

189 3973 570 4030 debilitatem
606 3973 970 4046 episcopium
1002 3972 1227 4029 inutilis
1259 3978 1466 4045 sponte
1516 3971 1846 4041 resignavit.

185 4064 299 4120 Cui
339 4064 546 4119 eodem
581 4081 735 4119 anno
767 4063 900 4120 Otto
939 4063 1252 4135 episcopus
1299 4063 1639 4131 succedens,
1691 4062 1854 4117 1196'

185 4153 349 4210 obiit
373 4153 510 4224 (25).

492 4242 778 4300 Kom'adus
807 4242 872 4298 de
898 4242 1101 4310 Kastel,
1133 4242 1317 4299 statim
1358 4243 1564 4314 pergit:

262 4334 377 4390 Cui
408 4333 613 4390 eodem
645 4349 798 4389 anno
856 4331 1188 4389 Hertwicus
1243 4346 1437 4386 comes
1484 4331 1556 4385 de
1600 4329 1851 4400 Sulzpah

185 4424 310 4494 (26)
337 4426 399 4478 et
417 4423 607 4494 major
627 4420 959 4495 propositus
980 4420 1297 4476 succedens
1319 4422 1579 4491 tempore
1601 4417 1853 4490 Philippi

190 4512 381 4585 regis,
418 4511 586 4566 122110
615 4511 760 4567 obiit
799 4510 935 4582 (27),
968 4513 1229 4581 tempore
1278 4507 1553 4563 Friderici
1599 4506 1751 4578 regis
1799 4509 1857 4561 et

193 4599 582 4674 inperatoris,
606 4598 707 4670 qui
734 4598 1031 4671 inperator
1074 4614 1226 4653 anno
1266 4596 1493 4652 Domini
1520 4596 1658 4651 1250
1677 4594 1857 4663 obiit;

1482 283 1714 344 LIBER
1760 285 2324 349 PONTlFlCALlS.

3450 293 3607 355 1002

1879 420 1932 483 Α
1964 416 2275 488 episcopus
2305 417 2616 475 Heinricus
2647 421 2717 475 de
2776 420 3201 495 Zeuppelingen
3247 422 3453 494 (1234).
3503 423 3608 480 [llo

1958 521 2092 559 vero
2126 512 2382 574 mortuo,
2418 508 2509 561 cui
2544 508 2828 565 successit
2856 509 3159 567 Heinricus
3189 512 3498 584 episcopus
3519 512 3606 568 di-

1957 599 2089 649 ctus
2121 596 2191 650 de
2220 595 2627 669 Tisschingen.
2659 597 2738 653 Eo
2769 614 2902 653 vero
2936 604 3166 656 mortuo
3197 601 3290 657 cui
3323 601 3607 658 successit

1959 680 2267 741 Heinricus
2296 684 2606 757 episcopus
2636 687 2827 743 dictus
2854 688 2924 743 de
2954 688 3352 762 Rabenspurc.
3384 689 3600 747 Hivero

1955 776 2237 842 quattuor
2266 774 2521 846 episcopi
2553 779 2686 846 post
2717 780 2964 831 mortem
3012 776 3290 835 Hertwici
3342 779 3601 853 episcopi

1954 863 2244 930 prenotati
2294 864 2562 918 vixerunt
2614 864 2868 936 episcopi
2913 867 3275 938 temporibus
3320 867 3597 925 Friderici

1953 950 2325 1021 imperatoris
2356 959 2413 1008 et
2441 952 2695 1007 Heinrici
2721 953 2849 1023 ejus
2870 953 2999 1009 nati
3039 955 3107 1009 13
3127 955 3316 1012 annis.
3373 958 3598 1021 Quibus

1954 1054 2088 1094 vero
2110 1040 2401 1113 episcopis
2423 1042 2707 1097 successit
2730 1041 3057 1099 Fridericus
3073 1044 3384 1115 episcopus
3404 1045 3598 1105 dictus

1956 1128 2028 1183 de
2057 1132 2339 1200 Parsperc
2371 1130 2575 1202 (1237),
2608 1134 2869 1202 tempore
2894 1130 3070 1187 etiam
3104 1132 3381 1188 Friderici
3413 1134 3597 1207 impe-

1956 1218 2167 1282 ratoris
2197 1223 2253 1273 et
2275 1219 2529 1275 Cunradi
2556 1219 2712 1291 regis
2738 1221 2865 1291 ejus
2904 1220 3048 1288 nati,
3098 1221 3197 1293 qui
3238 1224 3601 1295 supernotati

1955 1309 2113 1361 sunt.
2151 1307 2314 1361 1246a
2354 1306 2510 1363 idem
2559 1307 2886 1364 Fridericus
2933 1308 3244 1382 episcopus
3282 1310 3445 1367 obiit.
3498 1312 3603 1369 Cui

1959 1395 2246 1451 successit
2277 1396 2583 1452 Heinricus
2631 1396 2940 1469 episcopus
2980 1398 3176 1455 dictus
3226 1400 3299 1456 de
3344 1400 3600 1457 Wirten-

1955 1483 2110 1551 berc,
2144 1501 2317 1556 quem
2349 1486 2603 1541 domnus
2634 1502 2785 1558 papa
2812 1487 3196 1544 Innocencius
3218 1492 3277 1545 et
3300 1488 3603 1563 Philippus

1956 1573 2084 1642 ejus
2102 1572 2331 1645 legatus
2353 1573 2410 1629 in
2433 1574 2780 1631 Alemannis
2799 1581 3058 1648 tempore
3077 1576 3341 1634 cismatis
3361 1577 3605 1636 ecclesia

1959 1658 2269 1717 Eistetensi
2301 1667 2536 1734 propter
2575 1663 2929 1720 discordiam
2980 1682 3095 1738 que
3138 1671 3396 1724 creverat
3449 1667 3605 1725 inter

1875 1789 1923 1854 Β
1958 1749 2186 1818 fratres,
2222 1752 2481 1823 prefecit.
2516 1753 2575 1806 In
2605 1754 2775 1824 cujus
2796 1754 3182 1824 temporibus,
3213 1760 3279 1812 ut
3306 1773 3485 1828 supra
3513 1757 3602 1813 di-

1953 1844 2111 1894 ctum
2126 1843 2235 1907 est,
2265 1839 2993 1915 Fridericusimperatoret
3011 1844 3318 1901 Cunradus
3339 1846 3467 1916 ejus
3498 1862 3601 1902 na-

1954 1932 2054 1984 tus
2085 1929 2298 1984 mortui
2332 1934 2490 1985 sunt.
2529 1929 2604 1985 Eo
2635 1930 2907 2001 episcopo
2938 1932 3114 1987 etiam
3143 1932 3369 1988 vivente
3404 1949 3599 1991 comes

1954 2016 2359 2073 Willehelmus
2389 2019 2459 2071 de
2489 2016 2817 2085 Hollandia,
2849 2024 2982 2091 post
3003 2019 3451 2078 destitucionem
3489 2022 3604 2079 Fri-

1954 2106 2131 2162 ἀει-ἰοί
2165 2108 2462 2178 quondam
2495 2108 2864 2179 imperatoris
2882 2109 3171 2180 prenotati
3194 2126 3298 2181 per
3318 2110 3602 2168 domuum

1960 2195 2369 2251 lnnocencium
2394 2212 2604 2267 papam
2631 2200 2991 2268 quartum,et
3007 2202 3139 2268 post
3157 2203 3404 2255 mortem
3426 2198 3604 2256 Hein-

1956 2283 2058 2339 rici
2090 2283 2364 2340 lancravii
2394 2284 2715 2356 Tburinge,
2748 2284 2849 2356 qui
2882 2290 3015 2357 post
3036 2285 3217 2343 latam
3242 2288 3602 2345 sentenciam

1957 2374 2108 2443 apud
2128 2373 2515 2445 Lugedunum
2539 2378 2739 2430 contra
2752 2375 3227 2445 prenominatum
3245 2376 3604 2434 Fridericum

1956 2462 2015 2516 in
2062 2477 2258 2534 regem
2312 2465 2709 2517 Romanorum
2768 2461 2987 2518 electus
3035 2467 3178 2530 erat,
3220 2462 3321 2520 illo
3372 2469 3604 2522 mortuo

1956 2551 2214 2606 Romana
2236 2550 2479 2606 ecclesia
2497 2551 2747 2606 eundem
2767 2550 3205 2607 Willehelmum
3222 2551 3411 2609 eidem
3434 2552 3605 2610 Hein-

1956 2639 2074 2695 rico
2107 2639 2411 2695 substituit
2436 2640 2493 2694 in
2518 2656 2759 2712 rengno,
2786 2641 2946 2694 1248⁰
2963 2657 3137 2708 anno,
3160 2641 3385 2698 vivente
3400 2646 3601 2699 tamen

1954 2729 2223 2784 Cunrado
2255 2727 2376 2782 filio
2407 2727 2706 2795 Friderici,
2738 2728 2835 2801 qui
2869 2728 3044 2784 etiam
3095 2734 3237 2785 tunc
3283 2730 3445 2798 vixit,
3498 2729 3600 2803 qui

1954 2834 2057 2889 pro
2087 2833 2221 2890 rege
2269 2833 2331 2872 se
2378 2815 2569 2887 j'essit.
2630 2816 2736 2882 Qui
2786 2816 3197 2875 Willehelmus
3245 2835 3344 2875 rex
3397 2823 3601 2875 contra

1954 2906 2226 2962 Frisones
2255 2921 2537 2978 magnum
2568 2905 2789 2962 habens
2810 2907 3151 2976 exercitum,
3181 2924 3334 2964 anno
3365 2906 3600 2964 Domini

1954 2996 2117 3050 12550
2146 2994 2373 3051 occisus
2402 3000 2510 3064 est,
2547 2996 2632 3050 10.
2665 2995 2788 3052 Kal.
2821 2996 2955 3052 Dec.
2989 2996 3103 3069 (29)

1959 3102 2104 3157 Idem
2125 3101 2406 3157 Konradus
2434 3100 2539 3172 fol.
2600 3104 2724 3185 122,
2781 3106 2981 3186 σι’-ρει·
3027 3104 3435 3161 Kalendarz’um
3481 3105 3603 3163 hac

2652 3183 2913 3231 Inseruit:

2027 3262 2111 3333 (F.
2149 3261 2296 3332 122.)
2325 3262 2390 3316 A.
2424 3260 2490 3315 D.
2524 3261 2682 3326 1015,
2716 3265 2977 3333 tempore
3035 3263 3371 3319 Gundekari
3404 3265 3448 3335 Ι,
3479 3263 3600 3336 epi-

1956 3350 2115 3422 scOpi
2147 3348 2514 3415 Eistctensis,
2548 3348 2755 3405 divisio
2785 3351 3052 3421 ejusdem
3076 3352 3232 3407 sedis
3251 3352 3311 3406 in
3333 3351 3605 3408 terminis

1956 3444 2046 3495 est
2068 3440 2243 3506 facta,
2267 3456 2380 3510 que
2403 3438 2767 3495 exstenditur
2778 3440 2962 3496 donec
2981 3441 3053 3496 ad
3070 3442 3393 3513 proximam
3416 3441 3605 3514 ripam

1957 3544 2069 3599 que
2102 3532 2479 3599 nuncupatur
2508 3527 2796 3600 Pagancia
2826 3530 2962 3601 (30),
3011 3535 3070 3586 et
3113 3547 3230 3587 non
3264 3529 3437 3586 ultra.
3490 3530 3607 3586 Hec

1957 3616 2255 3673 ordinacio
2285 3622 2343 3672 et
2373 3617 2580 3673 dlvisio
2614 3623 2705 3673 est
2754 3618 2909 3674 facta
2952 3624 3094 3691 aput
3143 3619 3606 3687 Francbenvurt,

1958 3711 2225 3778 presente
2248 3705 2597 3777 imperatore
2617 3706 2886 3762 Heinrico
2908 3712 2964 3763 et
2984 3707 3187 3764 multis
3220 3707 3606 3780 principibus,

1960 3795 2016 3849 in
2043 3794 2206 3850 curia
2237 3794 2509 3859 solemni,
2543 3795 2613 3850 ad
2635 3795 2984 3852 instanciam
3008 3796 3325 3852 Eberhardi
3349 3795 3608 3869 episcopi

1960 3882 2463 3954 Babenbergensis
2484 3883 2679 3954 primi,
2712 3887 2769 3939 et
2807 3884 3137 3956 inperatore
3158 3883 3606 3957 procurante,in

1960 3973 2293 4045 supsidium
2353 3989 2554 4027 eorum
2610 3989 2754 4028 nove
2831 3973 3186 4045 plantacioni
3248 3974 3603 4041 Babenberc,

1962 4078 2078 4135 quo
2111 4061 2343 4118 termini
2375 4078 2444 4118 ex
2472 4060 2588 4118 alia
2616 4066 2780 4134 parte
2824 4062 3087 4119 ﬂuminis
3139 4067 3401 4135 spectare
3437 4062 3606 4119 dino-

1959 4154 2220 4206 scantur.

2035 4241 2201 4295 Anno
2234 4240 2306 4295 ab
2337 4239 2449 4294 inc.
2483 4240 2548 4295 D.
2580 4241 2708 4307 754,
2741 4245 2981 4297 sanctus
3009 4240 3342 4298 Bonifacius
3398 4240 3609 4297 marti-

1965 4328 2117 4383 rium
2143 4328 2379 4399 recepit.
2404 4338 2572 4384 Anno
2589 4330 2713 4385 abi.
2737 4334 2801 4384 Ι).
2820 4330 2946 4396 781,
2971 4334 3214 4386 sanctus
3236 4327 3612 4386 Willwaldus

1965 4420 2238 4473 mortuus
2267 4422 2375 4472 est.
2408 4418 2573 4473 Anno
2604 4418 2677 4473 ab
2708 4418 2746 4473 i.
2781 4422 2845 4472 D.
2876 4417 3004 4485 989,
3038 4418 3108 4473 de
3136 4423 3291 4475 terra
3321 4419 3381 4473 in
3414 4419 3613 4475 medio

1891 4528 1937 4592 D
1969 4506 2152 4577 cripte
2182 4504 2439 4561 elevatus
2469 4510 2577 4573 est,
2612 4507 2710 4561 ubi
2760 4507 3123 4577 requieverat
3168 4507 3273 4561 308
3316 4505 3508 4576 annis,
3557 4509 3617 4561 et

1970 4594 2188 4650 ibidem
2222 4595 2641 4667 sarcotl‘ogatus
2671 4601 2815 4663 erat,
2848 4595 2949 4650 ubi
2980 4595 3265 4666 requievit
3288 4595 3395 4649 267
3443 4593 3617 4649 annis

192 4693 383 4745 notus
414 4702 555 4742 vero
581 4687 713 4758 ejus
747 4703 847 4743 rex
874 4686 1181 4742 Cunradus
1214 4686 1350 4740 1254
1381 4684 1543 4742 obiit.
1578 4685 1861 4756 Episcopo
1976 4698 2161 4754 usque
2194 4683 2265 4738 ad
2297 4682 2404 4738 hcc
2432 4687 2714 4755 tempora.
2745 4682 3069 4737 Alexandro
3117 4699 3269 4754 papa
3316 4685 3615 4754 regnante,

194 4794 335 4834 vero
374 4775 672 4832 Hertwico
705 4780 955 4841 mortuo,
989 4774 1082 4830 cui
1112 4775 1314 4831 eodem
1348 4792 1500 4830 anno
1534 4773 1864 4830 Fridericus
1976 4788 2128 4827 anno
2154 4770 2225 4826 ab
2255 4769 2294 4824 i.
2317 4769 2376 4825 1).
2405 4770 2562 4837 1256,
2595 4771 2627 4823 4
2658 4771 2796 4825 Idus
2817 4768 3003 4841 Junii,
3037 4774 3279 4826 sanctus
3308 4768 3618 4827 Williwal-

205 4866 534 4939 episcopus
564 4865 1024 4939 succedens(28).
1049 4862 1152 4920 Cui
1176 4864 1463 4945 successit
1479 4863 1686 4919 eddem
1710 4879 1863 4918 anno
1976 4862 2085 4916 dus
2118 4860 2189 4915 de
2218 4858 2405 4931 cripta
2436 4858 2755 4916 translatus
2785 4861 2894 4915 est.
2926 4858 3142 4915 Eodem
3173 4858 3349 4914 etiam
3379 4874 3534 4915 anno
3561 4857 3620 4929 3,

1562 4986 1805 5044 VARIZE
1852 4984 2265 5044 LECTIONES.

270 5080 325 5118 ⁸³
353 5082 444 5139 Ita
472 5078 665 5138 codex.

1804 5165 2037 5227 NOTIE.

279 5267 384 5338 (23
438 5266 641 5325 Potius
671 5284 726 5324 a.
761 5265 917 5337 1149,
951 5266 1044 5323 die
1067 5264 1136 5322 17
1164 5264 1334 5324 Mart.
1366 5264 1542 5323 Porp.

281 5268 406 5412 (24)
468 5338 743 5408 Falsum';
794 5339 1113 5410 resignavit
1159 5356 1213 5395 a.
1294 5340 1453 5410 1182,
1539 5387 1542 5393 .

281 5341 398 5413 (241

218 5411 398 5470 Papp.

311 5482 410 5555 25)
441 5480 711 5555 Falsum;
744 5480 891 5537 obiit
917 5482 1154 5555 a.1195.
1200 5486 1373 5555 Popp.

311 5484 410 5555 25)
441 5484 711 5551 Falsum;
744 5484 891 5537 obiit
917 5497 971 5537 a.
997 5484 1154 5537 1195.
1200 5486 1373 5539 Porp.

289 5484 413 5628 (26)
443 5552 571 5628 Hoc
596 5553 731 5628 plus
761 5569 937 5628 quam
969 5552 1237 5609 dubium.
1262 5554 1433 5628 Ροριζ.

296 5624 419 5702 (27)
449 5631 519 5681 Α.
554 5624 692 5681 1223
711 5624 927 5699 potius.
957 5629 1155 5694 Poma,
1190 5626 1275 5681 uti
1308 5630 1365 5681 et
1394 5625 1701 5683 Konradus
1751 5624 1876 5698 ipse

546 5752 811 5841 Parnm.
855 5752 1117 5837 CXLVI.

468 5338 743 5408 Falsum';
794 5339 1113 5410 resignavit
1159 5356 1213 5395 a.
1294 5340 1453 5410 1182,
1539 5338 1666 5394 Kal.
1742 5340 1865 5395 Oct.

1976 5278 2158 5336 supra
2177 5258 2512 5336 scripserat.

2072 5338 2163 5410 28)
2179 5334 2403 5418 sup—ple
2423 5351 2607 5418 :_anno
2639 5334 2779 5392 1225
2805 5334 3134 5418 qbtit,_quod
3153 5334 3461 5418 K_on_radus
3482 5336 3628 5418 seri:

1980 5407 2123 5484 bere
2145 5407 2328 5484 voluit
2385 5407 2482 5481 (cf.
2544 5425 2725 5481 supra
2779 5409 2909 5481 ejus
2953 5407 3476 5484 interpolationes),
3522 5410 3626 5469 sed

1984 5479 2207 5536 oblitus
2236 5483 2347 5535 est.

2055 5552 2170 5620 (29)
2202 5549 2479 5619 Falsum;
2512 5551 2570 5605 d.
2602 5551 2672 5605 28
2701 5554 2833 5606 Jan.
2871 5552 3026 5609 1256.

2057 5553 2149 5620 (29
2202 5552 2479 5619 Falsum;
2512 5552 2570 5605 d.
2602 5552 2672 5605 28
2701 5554 2833 5606 Jan.
2871 5553 2901 5606 11

2057 5552 2170 5697 (30)
2202 5622 2460 5697 Pegnitz,
2485 5622 2901 5701 Norimbergaz.

3240 5752 3318 5841 32.
