3996 6148
143 363 298 422 1005

939 363 1373 424 ANONYMUS
1419 362 1516 422 DE
1565 362 1962 425 EPISCOPIS
2009 364 2746 428 EICHSTETENSIBUS.

3394 370 3548 432 1006

142 493 259 550 sub
309 491 694 548 Gundecbaro
743 492 812 564 II,
875 493 1146 566 episcopo
1202 493 1534 563 Eistetensi,
1587 512 1619 549 a
1676 511 1790 566 quo
1819 497 1874 562 Α
1907 495 2317 552 indicavimus.
2351 497 2637 553 Numeros
2666 497 2842 553 etiam
2873 497 3164 571 capitibus
3193 515 3298 557 nos
3329 501 3547 558 adscri-

143 581 433 656 singulari
489 580 730 637 habitus
778 582 1156 654 benignitate,
1188 582 1304 637 imo
1354 584 1591 639 secretis
1640 600 1790 655 saepe

140 670 410 728 consiliis
437 676 528 726 est
557 669 853 726 adhibitus
885 672 978 742 (3).
1004 671 1106 726 Cui
1137 687 1270 726 cum
1303 671 1578 728 ultimum
1609 687 1788 744 aegro-

141 760 295 817 tanti
319 759 546 833 jugiter
591 760 908 816 assedisset
937 764 994 815 et
1024 777 1076 815 a.
1114 761 1252 815 1075
1297 761 1556 817 defuncti
1607 761 1783 816 inter-

138 851 352 906 fuisset
402 847 592 904 funeri
639 848 739 920 (4),
783 848 852 902 ad
898 848 1245 904 familiarem
1295 867 1470 905 suum
1519 853 1583 906 G.
1636 851 1788 905 Wir—

137 939 564 1010 ceburgensem
615 936 850 1010 scripsit
895 953 1064 1009 opus,
1097 937 1385 994 incertum
1435 943 1577 1010 quot
1623 939 1790 995 libris

135 1026 656 1100 comprehensum,
717 1043 747 1081 e
805 1026 1018 1097 quibus
1069 1044 1223 1083 unus
1269 1027 1516 1084 Libellus
1569 1029 1790 1098 Agnetis

137 1115 512 1189 imperatrieis
566 1113 995 1170 inscribebatur
1041 1115 1166 1186 (5);
1222 1115 1394 1187 alius,
1453 1116 1791 1173 novissimis

135 1204 510 1263 Gundechari
561 1203 924 1276 temporibus
971 1204 1300 1262 destinatus
1331 1206 1430 1277 (6),
1462 1206 1632 1277 quasi
1685 1223 1788 1277 pro

131 1294 569 1351 introductione
625 1293 724 1364 (7),
785 1293 1236 1365 praecedentium
1284 1309 1519 1366 quoque
1565 1294 1790 1367 episco-

134 1400 354 1456 porum
385 1381 878 1454 complectebatur
919 1381 1222 1451 historias,
1253 1382 1496 1439 haustas
1526 1400 1596 1439 ex
1623 1383 1790 1438 libris

137 1475 203 1530 S.
253 1470 594 1544 Walpurgis
645 1471 742 1542 (8),
789 1487 860 1526 ex
903 1469 1210 1527 Wolhardi
1256 1471 1374 1528 vita
1420 1472 1479 1527 S.
1513 1471 1788 1544 Walpur-

131 1563 229 1636 gis
283 1563 386 1634 (9),
442 1578 510 1616 ex
555 1559 737 1633 gestis
794 1560 852 1614 Β.
904 1558 1048 1615 Solae
1103 1560 1236 1632 (10),
1295 1577 1366 1616 ex
1420 1560 1788 1618 Gundechari

131 1651 316 1708 Libro
347 1647 669 1706 Pontificali
704 1650 836 1720 (11),
870 1665 900 1703 e
932 1650 1223 1720 majorum
1264 1649 1646 1706 relationibus
1677 1650 1789 1721 (12)

131 1746 189 1797 et
245 1757 316 1796 ex
366 1739 439 1795 iis
489 1755 616 1811 quae
666 1741 869 1793 auctor
915 1737 1040 1810 ipse
1088 1736 1232 1792 vidit
1279 1743 1334 1794 et
1383 1738 1604 1794 audivit
1651 1738 1788 1809 (13).

129 1833 329 1901 Atque
375 1827 498 1884 haec
544 1825 937 1899 portiuncula,
988 1827 1392 1898 superadjecta
1441 1831 1672 1882 tantum
1713 1826 1788 1882 ab

131 1923 526 1986 auctore,una
536 1920 626 1972 est
638 1932 766 1988 quae
780 1930 850 1970 ex
869 1918 989 1971 toto
1017 1931 1188 1988 Opere
1192 1916 1319 1986 jam
1333 1916 1622 1988 supersit;
1656 1914 1790 1971 reli-

132 2023 260 2080 qua
289 2005 734 2070 interciderunt,
753 2009 950 2059 utrum
969 2019 1109 2059 casu
1127 2007 1527 2076 temporumve
1555 2003 1790 2076 injuria,

135 2113 218 2151 an
247 2095 324 2152 ob
344 2093 556 2151 acerba
570 2093 640 2149 de
671 2091 1300 2162 Hildebrandojudicia
1321 2092 1789 2164 (1’s),nescimus.

136 2185 310 2241 Unus
331 2183 544 2240 etenim
577 2183 748 2237 modo
772 2185 959 2237 exstat
976 2181 1174 2250 codex,
1189 2181 1329 2237 olim
1355 2181 1789 2249 Rebdorfensis,

132 2274 510 2336 chartaceus,
567 2272 763 2327 forma:
815 2271 1134 2342 quadratae,
1166 2287 1214 2324 s.
1265 2287 1336 2325 xv
1383 2274 1628 2326 exeunte
1679 2287 1794 2325 una

135 2380 323 2420 manu
366 2361 643 2418 continua
689 2360 770 2415 ita
815 2364 1108 2429 exaratus,
1143 2364 1205 2414 ut
1255 2359 1470 2432 scriba,
1512 2360 1794 2414 Erasmus

135 2453 542 2524 Pintzberger,
575 2449 719 2504 Vitae
772 2449 961 2504 sancti
1010 2447 1352 2504 Wunibaldi
1401 2452 1577 2521 atque
1622 2447 1798 2503 Adal-

133 2541 295 2600 berti
327 2539 644 2596 narrationi
665 2539 737 2594 de
759 2537 1113 2594 monasterio
1142 2537 1652 2594 Heidenheimensi
1674 2541 1796 2592 sta-

138 2632 254 2688 tim
288 2629 633 2686 Haserensis
679 2643 828 2700 opus
878 2627 1214 2698 subjiceret,
1248 2626 1414 2699 quasi
1463 2643 1598 2698 pars
1644 2629 1799 2682 esset

139 2717 539 2788 Adalbertini,
567 2717 758 2790 spatio
795 2715 958 2772 nullo
1008 2732 1196 2786 neque
1228 2715 1398 2770 titulo
1429 2713 1796 2781 distinctum,

143 2827 304 2867 nova
322 2807 728 2865 tantummodo
749 2805 904 2861 linea
930 2803 1250 2878 incipiens;
1282 2810 1341 2860 at
1371 2821 1487 2859 non
1510 2808 1698 2860 totum
1729 2834 1798 2844 -—-

143 2897 353 2973 procul
387 2896 567 2953 dubio
609 2896 670 2952 in
717 2893 912 2952 codice
943 2911 1116 2966 quem
1164 2895 1408 2966 excepit,
1442 2898 1629 2949 totum
1680 2911 1796 2950 non

131 2990 270 3062 jam
325 2987 436 3042 fuit
473 3018 541 3028 —
586 2985 688 3041 sed
737 3000 866 3040 eam
913 2987 1144 3040 tantum
1193 2987 1442 3054 partem,
1475 2999 1652 3054 quam
1703 2981 1798 3038 hic

140 3075 328 3151 primi
377 3075 760 3148 proponimus
808 3072 1116 3145 integram.
1150 3075 1456 3127 Gretserus
1485 3071 1663 3138 enim,
1697 3071 1796 3144 qui

141 3167 308 3222 hunc
329 3165 522 3237 ipsum
541 3162 800 3218 codicem
827 3161 1054 3226 habuit,
1077 3177 1147 3216 ex
1175 3176 1240 3216 eo
1263 3159 1556 3215 Adalberti
1580 3159 1796 3215 librum

1901 584 2166 655 psimus;
2202 585 2258 639 in
2291 586 2489 641 codice
2520 603 2634 642 non
2665 591 2915 643 exstant.
3021 588 3083 642 L.
3116 589 3174 643 C.
3209 588 3544 648 BETHMANN.

1975 677 2024 728 1.
2060 675 2406 730 Flectendus
2435 674 2574 730 hinc
2605 674 2778 731 stilus
2799 681 2890 732 est
2917 680 2974 732 et
3002 677 3075 732 ad
3106 676 3222 732 alia
3253 681 3544 750 quaedam,

1900 766 1966 817 ut
1996 779 2176 834 supra
2225 764 2504 834 diximus,
2548 764 2858 827 scribenda
2905 764 3266 836 dirigendus.
3298 767 3546 826 Deberes

1900 851 2160 923 quidem,
2217 853 2395 908 frater
2444 852 2754 908 karissime
2799 853 2891 920 G.,
2942 855 3276 911 communis
3321 857 3547 914 domini

1899 941 2084 996 nostri
2115 941 2450 997 Gundekari
2471 941 2730 1013 episcOpi
2760 941 3020 1013 exequiis
3051 960 3170 999 una
3201 960 3431 1002 mecum
3462 947 3548 1002 in-

1898 1029 2172 1086 terfuisse
2218 1030 2423 1101 (1075),
2474 1034 2531 1085 et
2587 1029 2948 1102 singularem
3008 1048 3186 1103 quam
3241 1049 3380 1107 erga
3438 1051 3546 1092 nos

1899 1118 2108 1176 habuit
2137 1119 2557 1192 benignitatem
2589 1119 2988 1192 singularibus
3034 1119 3370 1192 deplorasse
3400 1139 3548 1194 que-

1900 1208 2189 1276 rimoniis,
2224 1213 2288 1263 ut
2315 1208 2601 1264 memoria
2628 1207 2791 1263 illius
2837 1213 2998 1264 tanto
3030 1210 3184 1281 apud
3218 1214 3277 1266 te
3305 1210 3547 1268 immor-

1899 1295 2072 1353 talior
2117 1302 2291 1364 esset,
2347 1302 2564 1368 quanto
2612 1297 2807 1352 obitus
2853 1297 2981 1368 ejus
3030 1297 3287 1369 qualitas
3333 1300 3544 1368 notior,

1900 1401 2005 1441 nec
2037 1390 2232 1457 posset
2263 1385 2427 1440 facile
2459 1385 2655 1441 animo
2689 1387 2705 1420 ί
2739 1385 2887 1441 elabi
2939 1387 3094 1458 quod
3127 1387 3380 1460 propriis
3408 1406 3548 1446 ocu-

1898 1473 1972 1528 lis
2001 1473 2342 1545 contigisset
2393 1474 2627 1530 intueri.
2661 1473 2862 1531 Solent
2890 1474 3071 1541 enim,
3103 1480 3170 1531 ut
3216 1477 3393 1548 nosti,
3425 1477 3552 1534 visa

1901 1563 2118 1618 auditis
2162 1563 2389 1619 notiora
2418 1581 2546 1620 esse
2596 1563 2874 1635 cordique
2922 1564 3184 1620 tenacius
3232 1565 3547 1623 adhaarere.

1901 1653 2011 1707 Sed
2044 1652 2185 1723 quia
2221 1653 2279 1706 in
2300 1653 2543 1708 servicio
2575 1653 2820 1708 alterius
2850 1653 3071 1708 domini
3095 1653 3305 1721 nostri,
3330 1654 3552 1712 scilicet

1899 1740 2400 1812 Wirzeburgensis
2433 1740 2688 1813 episcopi
2719 1740 3095 1811 constitutus,
3119 1741 3258 1798 huic
3287 1743 3552 1800 beatissi-

1900 1844 1996 1884 mo
2025 1828 2307 1885 interesse
2329 1845 2444 1884 non
2476 1828 2718 1901 potuisti
2742 1829 3021 1900 obsequio
3051 1847 3065 1898 ;
3096 1845 3202 1902 ego
3225 1835 3421 1887 autem
3447 1831 3550 1904 qui

1900 1917 2203 1989 mgrotanti
2227 1917 2450 1990 jugiter
2466 1917 2822 1988 assidebam,
2848 1933 3033 1989 pauca
3061 1917 3169 1973 tibi
3198 1919 3271 1975 de
3303 1919 3550 1976 novissi-

1900 2006 2015 2062 mis
2034 2007 2056 2040 ³
2084 2007 2212 2076 ejus
2232 2006 2553 2062 edisseram
2573 2022 2668 2062 :ea
2687 2004 2954 2062 videlicet
2973 2005 3548 2080 intentione,utquo-

1899 2095 2265 2165 tiescumque
2313 2094 2417 2149 hec
2469 2095 2816 2166 inspexeris,
2855 2095 3064 2150 animae
3103 2095 3234 2166 ejus
3273 2100 3549 2153 mternam

1902 2183 1962 2238 in
1992 2183 2220 2239 Christo
2274 2183 2534 2254 requiem
2564 2183 2911 2255 depreceris.
2942 2183 3012 2238 Et
3040 2184 3179 2256 quia
3208 2201 3324 2241 non
3355 2185 3548 2241 solum

1904 2271 2240 2328 novissimis
2260 2273 2387 2342 ejus
2418 2288 2532 2327 non
2564 2271 2902 2342 interfuisti,
2929 2288 3128 2328 verum
3152 2273 3328 2329 etiam
3353 2273 3412 2327 in
3433 2273 3552 2329 vita

1905 2361 2091 2433 ipsius
2122 2360 2423 2416 rarissime
2452 2377 2584 2416 cum
2632 2376 2700 2416 eo
2731 2365 3107 2416 conversatus
3137 2376 3220 2428 es,
3245 2361 3386 2433 quia
3415 2377 3549 2418 vero

1903 2450 1954 2506 is
1985 2466 2092 2522 ego
2122 2467 2276 2517 sum,
2308 2465 2483 2520 quem
2515 2449 2657 2504 dum
2689 2449 3001 2515 adviveret,
3033 2453 3392 2506 secretorum
3419 2467 3550 2507 suo-

1906 2556 2037 2595 rum
2059 2555 2273 2610 magna
2302 2555 2370 2594 ex
2401 2543 2563 2609 parte
2595 2538 2810 2594 fecerat
2835 2538 3139 2594 conscium
3172 2555 3185 2594 :
3220 2554 3326 2595 nec
3357 2539 3552 2612 ingra-

1906 2633 2031 2684 tum
2061 2645 2164 2684 nec
2192 2627 2398 2683 inutile
2428 2631 2553 2682 tum
2587 2626 2691 2682 tibi
2714 2630 2840 2682 tum
2872 2627 3045 2682 etiam
3070 2625 3206 2684 aliis
3222 2626 3554 2694 arbitror,si

1906 2718 1976 2774 de
1988 2717 2105 2773 vita
2128 2719 2256 2788 ejus
2270 2715 2432 2789 prius
2457 2715 2654 2787 aliqua
2666 2715 3007 2786 premisero,
3031 2719 3279 2788 tumque
3304 2717 3547 2774 demum

1906 2809 1977 2862 de
2007 2805 2166 2862 obitu
2191 2805 2350 2861 illius
2381 2821 2509 2876 quin
2531 2804 2760 2875 prolatu
2786 2805 2962 2877 digna
2985 2810 3128 2861 sunt
3149 2805 3439 2877 adjecero.

1974 2896 2028 2949 2.
2092 2894 2275 2966 Igitur
2320 2891 2571 2965 qualiter
2616 2893 2687 2948 ad
2738 2892 3128 2964 pontificalem
3176 2893 3503 2967 pervenerit
3530 2895 3554 2930 ⁸

1906 2983 2252 3057 dignitatem
2310 2983 2438 3054 ipse
2511 2981 2758 3037 breviter
2815 2982 3166 3054 composuit,
3227 2987 3285 3038 et
3328 2983 3551 3042 eisdem

1907 3090 2068 3144 paene
2099 3072 2314 3143 quibus
2344 3071 2494 3126 infra
2523 3075 2789 3126 notatum
2819 3075 2910 3127 est
2937 3071 3129 3128 verbis
3157 3071 3218 3128 in
3249 3072 3551 3130 nonnullis

1908 3161 2074 3215 libris
2100 3161 2212 3230 (15)
2254 3159 2538 3230 scriptum
2593 3157 2922 3230 dereliquit.
2955 3160 3154 3232 Neque
3201 3161 3358 3217 enim
3389 3162 3550 3219 aliud

141 3235 467 3328 integrum,
491 3257 755 3309 nostrum
791 3255 1126 3323 excerptum
1159 3255 1387 3305 tantum
1421 3249 1581 3304 dedit
1602 3249 1659 3303 in
1683 3249 1791 3304 Ca-
1825 3235 1867 3301 C
1907 3249 2140 3303 initium
2174 3247 2308 3302 huic
2357 3245 2640 3301 breviario
2670 3245 2823 3301 volui
2857 3248 3016 3316 dare,
3048 3263 3225 3318 quam
3275 3250 3433 3320 quod
3463 3250 3550 3322 ip-

140 3345 348 3416 talogo
375 3343 780 3415 episcoporum
813 3339 1246 3406 Eistetensium,
1271 3337 1612 3411 lngolstadii
1640 3339 1796 3406 1617,

149 3436 237 3490 4ο.
284 3431 403 3487 Nos
444 3431 712 3486 eumdem
759 3427 1017 3484 codicem
1067 3426 1173 3481 viri
1223 3442 1454 3481 summe
1503 3425 1798 3481 reverendi

141 3521 394 3579 Davidis
425 3520 599 3592 Popp,
634 3517 929 3591 praepositi
977 3515 1344 3582 Eistetensis,
1377 3514 1592 3587 insigni
1622 3516 1796 3571 bene-

140 3611 404 3668 volentia
477 3608 653 3675 nacti,
709 3610 976 3662 accurate
1050 3621 1185 3660 eum
1241 3605 1659 3676 expressimus,
1719 3603 1802 3658 ita

142 3708 350 3758 tamen
385 3703 450 3754 ut
477 3715 605 3770 quae
635 3696 694 3752 in
737 3694 1113 3768 ortographia
1165 3694 1365 3749 scribae
1397 3709 1523 3749 esse
1553 3709 1798 3765 appare-

145 3795 263 3856 ret,
297 3788 478 3844 veluti
526 3804 554 3843 e
607 3785 705 3841 ubi
755 3802 857 3857 pro
904 3800 972 3851 ae,
1001 3800 1031 3838 ε
1061 3800 1164 3854 pro
1215 3787 1235 3837 t
1283 3782 1474 3838 ubivis
1522 3781 1798 3853 positum,

144 3879 327 3936 tacite
375 3881 743 3933 mutaremus
791 3872 1178 3930 correctiones
1225 3888 1371 3944 quas
1417 3869 1532 3926 alia
1590 3887 1802 3926 manus

144 3985 345 4026 coazva
377 3984 478 4039 per
505 3970 695 4022 totum
728 3963 985 4020 codicem
1034 3962 1167 4018 fecit
1195 3978 1263 4017 ex
1311 3961 1438 4034 ipso
1469 3965 1534 4016 ut
1565 3964 1805 4033 apparet

143 4058 304 4113 libro
335 4051 660 4120 vetustiori,
691 4051 751 4108 in
783 4055 1004 4106 textum
1037 4050 1432 4121 reciperemus
1458 4067 1471 4116 ;
1504 4053 1563 4104 et
1594 4049 1663 4103 de
1697 4064 1804 4103 no-

145 4152 278 4203 stro
308 4159 564 4217 quoque,
597 4159 722 4214 quae
774 4143 1051 4214 praeterea
1096 4139 1421 4194 emendada
1448 4138 1803 4206 viderentur,

146 4234 614 4292 emendaremus
643 4249 656 4299 ;
683 4262 751 4270 —
780 4245 918 4286 nam
949 4227 1144 4284 scriba
1172 4226 1370 4300 digitis
1402 4231 1654 4294 tantum,
1689 4243 1804 4282 non

149 4323 402 4398 ingenio
451 4338 595 4377 usus
627 4322 716 4376 est
757 4333 892 4374 cum
941 4315 1261 4383 scriberet;
1294 4315 1395 4371 sed
1446 4315 1566 4370 haec
1616 4315 1806 4372 ubivis

1907 3355 2038 3394 sum
2062 3340 2292 3392 constat
2313 3335 2584 3399 dictasse,
2603 3335 2662 3389 in
2681 3351 2796 3406 quo
2826 3335 3091 3390 omnium
3112 3341 3550 3394 antecessorum

1907 3442 2148 3482 suorum
2205 3423 2497 3479 sessiones
2567 3427 2625 3478 et
2672 3423 2867 3478 obitus
2917 3423 3222 3481 dulcisona
3269 3424 3554 3483 brevitate

1908 3513 2372 3586 comprehendit,
2395 3517 2453 3566 et
2480 3517 2614 3584 post
2628 3511 2736 3567 hoc
2765 3512 2838 3567 de
2869 3527 2930 3568 se
2961 3511 3204 3584 suisque
3233 3516 3408 3570 rebus
3433 3531 3550 3572 non

1909 3602 2096 3674 magis
2126 3601 2538 3674 compendiose
2577 3617 2754 3672 quam
2805 3599 3136 3657 humillime
3164 3603 3416 3675 subjecit
3443 3603 3554 3660 hoc

1912 3693 2129 3748 modo:
2172 3693 2274 3746 Hec
2320 3694 2447 3745 sunt
2493 3691 2725 3746 nomina
2771 3692 3147 3762 episcoporum
3191 3697 3394 3748 sancte
3441 3693 3553 3748 Au-

1910 3783 2174 3838 reatcnsis
2222 3778 2470 3835 ecclesiae
2517 3781 2578 3834 in
2623 3780 2830 3835 honore
2875 3780 3052 3834 sancti
3089 3779 3394 3836 Saluatoris
3435 3797 3558 3838 con.

1910 3875 2156 3927 structae.
2207 3870 2358 3924 Anno
2399 3869 2466 3924 ob
2520 3869 2560 3923 i.
2613 3867 2670 3922 C.
2715 3869 2842 3922 781.
2899 3872 3120 3924 sanctus
3181 3869 3556 3926 Willibaldus

1911 3962 2190 4031 confessor
2245 3958 2450 4014 Christi
2502 3959 2790 4028 pretiosus,
2848 3957 2985 4012 Non.
3035 3957 3177 4012 Julii
3219 3959 3559 4015 consortium

1911 4047 2220 4104 conscendit
2266 4047 2606 4115 angelorum.
2640 4047 2930 4117 Episcopus
2975 4051 3164 4100 autem
3211 4049 3390 4116 factus
3433 4063 3561 4102 cum

1913 4142 2049 4193 esset
2079 4137 2141 4191 41
2193 4151 2468 4211 annorum
2497 4135 2608 4205 (16)
2639 4133 2776 4189 sedit
2825 4135 2885 4188 in
2925 4135 3240 4206 episcopatu
3264 4134 3334 4189 36
3363 4151 3560 4192 annos.

1914 4224 2158 4284 Gerhoch
2205 4224 2338 4280 obiit
2391 4224 2440 4278 4.
2499 4225 2644 4278 Non.
2693 4224 2848 4278 Febr.
2907 4222 3124 4294 Aganus
3180 4223 3234 4278 8.
3299 4223 3379 4279 Id.
3430 4224 3568 4282 Nov.

1917 4315 2163 4370 Adalunc
2189 4313 2242 4367 8.
2294 4311 2420 4367 Kal.
2473 4312 2610 4381 Aug.
2660 4310 2857 4366 Altune
2898 4313 2951 4366 8.
2999 4310 3358 4368 Kal.‘Mart.
3412 4312 3570 4369 Olke-

1527 4466 1768 4522 VARle
1804 4465 2211 4523 LECTIONES.

233 4597 250 4629 ¹
289 4589 487 4647 abimo
515 4589 633 4644 cod.
708 4587 730 4621 ²
758 4585 1132 4642 devotissime
1177 4583 1292 4638 cod.
1325 4585 1398 4654 cf.
1430 4583 1617 4655 statim
1660 4587 1779 4655 post
1807 4601 1826 4638 :
1858 4582 1997 4655 quia
2028 4598 2143 4636 non
2191 4578 2382 4655 solum
2434 4575 2785 4655 novissimis,
2817 4585 2868 4655 et
2897 4594 2915 4631 :
2946 4581 3194 4648 tumque
3237 4577 3476 4632 demum
3507 4575 3580 4632 de

155 4666 329 4721 obitu
361 4662 542 4717 illius.
618 4660 640 4694 ³
669 4659 993 4731 perveniret
1019 4656 1134 4712 cod.
1211 4657 1232 4688 ⁴
1262 4655 1315 4707 8.
1351 4648 1474 4709 Kal.
1504 4648 1901 4726 Aungltuné
1933 4654 2126 4710 desunt
2152 4651 2268 4707 cod.
2298 4651 2548 4722 supplevi
2575 4664 2645 4704 ea:
2678 4648 2860 4704 Gund.

1754 4797 1984 4854 NOT/E.

236 5060 333 5136 (5),
351 5064 414 5120 c.
475 5063 563 5136 36.
623 5061 785 5116 Hunc
818 5060 878 5136 AA

161 5130 628 5209 qu'o'loquimur
675 5132 866 5204 operis
889 5130 1349 5209 fuissepartem,
1385 5145 1498 5209 non
1548 5145 1703 5209 opus
1724 5141 1826 5198 per

161 5200 227 5264 se
265 5200 518 5272 editum,
551 5200 796 5277 apparet
825 5220 894 5258 ex
940 5200 1132 5277 verbis
1163 5217 1210 5256 c.
1231 5201 1335 5277 86,
1366 5208 1426 5254 ut
1447 5200 1826 5277 praemisimus

164 5283 224 5335 in
280 5279 472 5334 libello
506 5269 741 5348 'Ag'n'etis
788 5269 1460 5348 imperat_ricis_.__Qui_c_.'
1499 5273 1564 5325 16
1614 5269 1828 5348 dicitur

162 5353 234 5408 de
275 5341 584 5422 superiori
615 5348 782 5422 libro,
810 5341 1129 5422 secundus
1154 5343 1302 5399 liber
1348 5343 1529 5398 fuisse
1579 5341 1824 5422 videtur,

161 5439 287 5478 non
320 5413 481 5476 idem
529 5420 629 5489 qui
675 5418 955 5491 Agnetis;
1006 5420 1224 5482 noster,
1256 5430 1430 5485 quem
1480 5417 1682 5468 auctor
1709 5428 1760 5467 c.
1792 5413 1829 5463 2

163 5493 518 5566 breviarium
547 5487 754 5558 vocat:
766 5487 995 5566 tertius.
1162 5556 1174 5566 _
1206 5555 1215 5566 ο
1317 5555 1355 5566 υ
1403 5553 1412 5564 .

243 5563 475 5692 (ὃέΗοο
527 5553 732 5618 auctor
776 5559 1012 5616 disertis
1060 5555 1252 5612 verbis
1301 5553 1443 5610 dicit
1491 5571 1540 5609 c.
1596 5555 1619 5608 1
1674 5570 1760 5609 ex.
1794 5553 1830 5606 2

247 5679 261 5691 .
344 5635 382 5690 f.
415 5652 466 5691 c.
497 5635 588 5692 24.
622 5635 692 5692 ad
721 5632 1057 5692 prepositum
1089 5627 1269 5684 redire
1296 5627 1480 5682 debeo.

163 5627 261 5695 ex:
295 5627 384 5707 Cf.
415 5652 466 5691 c.
497 5635 588 5703 24,
622 5635 692 5692 ad
719 5632 1057 5707 propositum
1089 5627 1269 5684 redire
1296 5627 1480 5682 debeo.

243 5709 324 5784 (7)
355 5705 418 5764 C.
449 5707 485 5763 2
513 5722 602 5763 ex.

259 4923 296 4976 3
350 4921 412 4976 C.
447 4921 500 4974 1.

259 4995 291 5047 4
347 4997 406 5047 C.
441 4993 492 5046 1.

259 4923 414 5137 εἷς.
474 5064 500 5137 ε

921 5057 1076 5114 netis
1126 5055 1388 5112 libellum
1457 5055 1704 5128 hujusce
1753 5054 1824 5110 de

1849 4927 1896 4991 D

2020 4913 2075 4979 8)
2105 4911 2236 4968 Jam
2267 4906 2606 4981 deperditis,
2639 4924 2689 4962 c.
2722 4908 2775 4962 3.

2025 4985 2081 5055 9)
2112 4983 2172 5038 c.
2206 4983 2260 5047 3,
2290 4980 2352 5048 5,
2376 4981 2432 5046 7,
2463 4980 2518 5034 9.

2005 5055 2118 5126 (ιο)
2149 5056 2208 5108 c.
2239 5055 2295 5108 7.

2005 5121 2118 5194 (11)
2148 5129 2206 5179 Ο.
2234 5126 2268 5176 2
2297 5127 2354 5178 et
2384 5121 2627 5194 passim.

2007 5191 2118 5267 (12')
2170 5201 2228 5250 C.
2280 5197 2332 5248 4.
2385 5191 2630 5249 ὺενίάίεα
2672 5200 2894 5267 patrum
2942 5191 3354 5267 relatione
3395 5195 3494 5267 13,
3524 5195 3588 5248 ut

1934 5264 2169 5340 majores
2199 5269 2412 5340 nostros
2443 5280 2588 5340 saepe
2619 5265 2808 5320 audivi
2834 5264 3036 5340 dicere.
3070 5268 3152 5320 Cf.
3185 5281 3236 5320 c.
3271 5265 3357 5332 18,
3389 5265 3478 5320 31.

2008 5337 2120 5411 ('13)
2153 5337 2555 5411 Ipsiusiverba
2583 5341 2723 5392 sunt
2751 5353 2800 5391 c.
2826 5338 2881 5390 2.

2008 5408 2122 5478 (14)
2154 5408 2236 5464 ur.
2269 5425 2316 5462 ο.
2355 5409 2448 5475 37,
2477 5408 2566 5462 38.

2011 5477 2122 5608 (116)
2154 5482 2234 5535 Ex
2264 5479 2356 5534 his
2390 5495 2546 5535 unus
2577 5483 2808 5533 tantum
2853 5482 3121 5550 superest
3150 5477 3321 5534 Liber
3348 5478 3590 5535 Pontiﬁ-

2015 5571 2046 5608 a
2075 5570 2143 5608 is.

1940 5553 2143 5609 ﬁculis.

2013 5625 2122 5698 (16)
2148 5622 2338 5679 Verba
2388 5638 2436 5679 e.
2469 5638 2523 5677 a.
2553 5623 2594 5694 f.
2629 5636 2676 5676 ε.
2709 5637 2759 5680 e.
2815 5621 2876 5676 41
2911 5636 2996 5690 α.,
3045 5622 3200 5696 apud
3249 5621 3591 5679 Gundecha-

2105 5342 2122 5552 ξ
