3998 6146
431 333 584 393 1007

1522 326 1917 387 APPENDIX
1962 325 2064 385 AD
2112 323 2735 387 GUNDECHABUM.

3678 325 3822 386 1008

431 479 527 519 rus
556 464 610 518 2.
642 464 763 517 Non
792 459 931 516 Julii
971 473 1116 513 anno
1162 460 1231 513 ab
1276 459 1313 513 i.
1366 459 1428 513 D.
1480 460 1604 513 880.
1646 460 1745 513 lsli
1787 458 2027 529 quinque
2055 457 2076 492 ⁸
2105 459 2158 523 Α
2190 457 2335 512 citer
2355 456 2592 528 quidem
2611 458 2710 514 sed
2742 457 2990 530 pleuiter
3014 460 3072 513 et
3092 456 3464 513 veracissime
3484 457 3826 529 composuit.

433 552 675 623 episcopi
704 549 807 603 100
847 562 1019 603 annos
1065 547 1489 618 compleverunt.
1544 548 1862 604 Gotescalch
1895 546 1917 579 ⁶
1944 563 1990 602 s.
2023 563 2077 600 a.

432 641 487 707 3,
518 639 655 694 obiit
704 636 759 691 2.
792 636 873 691 Id.
923 641 1059 694 Nov.
1108 636 1453 692 Erchanbold
1497 653 1543 691 s.
1594 654 1647 691 a.
1699 638 1792 704 20,
1824 636 1959 692 obiit
1992 634 2077 690 13.

432 724 561 785 Kal.
617 726 728 783 Oct.
784 725 1020 796 Udalfrit
1065 743 1111 780 s.
1162 742 1216 781 a.
1276 727 1338 780 31
1396 727 1437 796 ⁷,
1494 728 1633 781 obiit
1687 725 1815 781 Kal.
1876 725 1898 758 ⁸
1952 725 2079 780 Jan.

434 813 771 872 Starkandus
815 830 859 869 s.
911 830 963 870 a.
1015 814 1103 880 32,
1137 814 1271 869 obiit
1315 814 1370 881 3,
1414 813 1492 868 Id.
1543 814 1698 869 Febr.
1752 812 2078 885 Reginolts.

430 922 486 962 a.
546 904 637 971 24,
697 904 836 959 obiit
885 905 939 956 2.
1019 902 1138 957 Non
1192 902 1370 973 April.
1430 903 1717 975 Megingoz
1770 919 1816 956 s.
1875 917 1929 955 α.
1988 901 2080 965 24,

432 993 570 1049 obiit
621 993 673 1048 4.
730 992 851 1047 Kal.
908 992 1061 1047 Maii.
1125 990 1447 1047 Gundechar
1506 1008 1551 1046 s.
1610 1008 1661 1046 a.
1711 993 1765 1060 5,
1813 991 1947 1046 obiit
1994 990 2079 1043 13.

435 1080 569 1139 Kal.
626 1082 753 1138 Jan.
815 1079 1094 1138 Walthere
1138 1096 1185 1135 s.
1239 1097 1292 1135 a.
1347 1082 1402 1145 2,
1452 1080 1590 1135 obiit
1640 1080 1726 1135 13.
1786 1080 1907 1133 Kal.
1954 1079 2079 1134 Jan.

436 1170 751 1227 Heribertus
776 1188 823 1225 s.
873 1186 927 1224 a.
976 1170 1047 1223 20
1076 1170 1097 1203 θ
1123 1169 1261 1224 obiit
1287 1170 1343 1223 9.
1374 1170 1495 1224 Kal.
1551 1169 1690 1237 Aug.
1724 1167 2005 1225 Geeemam
2034 1182 2079 1220 s.

434 1274 641 1316 menses
659 1260 714 1326 2,
738 1260 873 1314 obiit
904 1258 972 1312 16
999 1258 1121 1313 Kal.
1141 1258 1271 1313 Nov.
1297 1256 1649 1314 Gebehardus
1667 1273 1714 1311 s.
1739 1273 1799 1312 a.
1829 1258 1916 1324 15,
1950 1255 2084 1311 obiit

434 1349 487 1403 5.
503 1348 625 1403 Kal.
641 1348 778 1418 Aug.
796 1353 922 1403 Post
949 1346 1078 1401 istos
1094 1351 1280 1402 autem
1308 1345 1551 1416 ejusdem
1562 1354 1757 1402 sancta
1783 1346 2086 1401 Aureaten-

435 1439 511 1494 sis
547 1437 790 1493 ecclesiae
829 1435 1147 1492 Gundechar
1174 1436 1442 1491 secundus
1474 1437 1517 1472 ¹⁰
1555 1437 1795 1505 fratrum
1833 1436 2083 1505 ultimus,

439 1526 646 1583 ibidem
675 1528 743 1581 ab
774 1527 1025 1597 infantia
1051 1525 1234 1581 doctus
1255 1533 1307 1580 et
1329 1527 1605 1581 enutritus
1625 1525 1759 1596 (17),
1793 1524 1883 1579 sed
1905 1528 2085 1579 tamen

438 1619 571 1671 tunc
595 1616 854 1687 temporis
881 1614 1094 1671 domnae
1120 1616 1489 1685 imperatricis
1510 1616 1550 1650 ¹¹
1574 1614 1836 1682 Angnetis
1853 1612 2090 1683 capella-

439 1722 566 1774 nus,
587 1706 649 1759 in
683 1706 825 1760 hanc
851 1702 1297 1760 eandemsedem
1320 1703 1403 1757 13.
1438 1703 1557 1758 Kal.
1589 1702 1730 1773 Sept.
1757 1702 1963 1757 duobus
2001 1716 2090 1755 ar-

439 1794 793 1864 chiepiscopis
817 1792 1163 1863 presentibus
1194 1791 1444 1846 Triburie
1472 1800 1547 1847 est
1575 1791 1743 1845 anulo
1773 1791 2085 1859 investitus,

442 1890 494 1937 et
520 1883 579 1936 in
622 1883 675 1935 3.
727 1880 864 1936 Non.
913 1881 1025 1935 Oct.
1077 1887 1337 1952 quattuor
1377 1879 1796 1951 archiepiscopis
1825 1881 1878 1933 et
1910 1878 2091 1933 decem

442 1972 707 2042 episcopis
751 1970 1095 2041 prcsentibus
1135 1969 1402 2040 pastorali
1428 1969 1585 2038 virga
1614 1968 1777 2039 Spire
1818 1970 1900 2024 est
1928 1967 2090 2023 hono-

442 2066 614 2126 ratus,
649 2067 700 2113 et
729 2060 790 2113 in
842 2058 928 2114 16.
962 2058 1078 2113 Kal.
1115 2059 1243 2113 Nov.
1277 2059 1341 2113 in
1381 2058 1556 2114 sedem
1602 2058 1962 2130 episcopalem
2007 2058 2091 2113 ἕης

444 2149 800 2214 thronizatus,
832 2149 891 2202 in
922 2147 1015 2202 die
1060 2154 1242 2202 autem
1288 2148 1467 2203 sancti
1491 2147 1719 2203 Joannis
1763 2147 2091 2217 evangelista

437 2239 500 2294 in
531 2238 646 2293 loco
676 2235 914 2293 Pholede
940 2236 1103 2302 dicto,
1136 2238 1257 2308 ipso
1284 2236 1506 2291 domino
1550 2252 1648 2291 suo
1678 2237 1935 2291 Heinrico
1966 2251 2090 2305 rege

438 2331 661 2402 ejusque
677 2335 853 2383 matre
873 2327 1077 2396 Agnete
1108 2334 1158 2381 et
1178 2325 1534 2382 Hiltebrando
1577 2330 1833 2382 Romanae
1852 2326 2090 2383 ecclesia:

437 2416 874 2475 archicardinali
916 2416 1276 2484 subdiacono,
1301 2423 1554 2486 preterea
1605 2417 1783 2471 tribus
1813 2416 2090 2486 archiepi-

440 2508 612 2577 scopis
641 2510 697 2559 et
722 2503 979 2558 undecim
1013 2506 1275 2574 episcopis
1315 2504 1679 2574 presentibus,
1712 2505 1787 2559 ad
1812 2521 2090 2559 summum

444 2593 736 2651 sacerdotii
747 2591 985 2663 gradum
998 2595 1279 2663 promotus
1292 2595 1390 2646 est.
1424 2592 1538 2647 Hec
1558 2593 1872 2663 descriptio
1906 2592 2092 2663 prima

400 2698 404 2705 δ
448 2684 602 2739 facta
629 2686 717 2738 est
736 2698 770 2736 a
799 2680 1145 2736 Gundekaro
1172 2680 1447 2751 episcopo
1467 2679 1688 2735 eisdem
1711 2696 1857 2752 pene
1875 2680 2091 2749 verbis,

448 2777 686 2843 excepto
717 2770 872 2843 quod
921 2769 1047 2841 ipse
1078 2768 1317 2824 nomina
1341 2774 1399 2824 et
1426 2767 1553 2823 loca
1599 2785 1801 2823 eorum
1849 2769 2089 2838 notavit,

448 2861 604 2931 quod
628 2877 662 2916 a
693 2859 861 2915 nobis
894 2856 1226 2929 compendii
1275 2857 1461 2928 gratia
1505 2856 1950 2928 pretermissum
1981 2861 2089 2913 est.

446 2950 558 3006 Sed
589 2948 731 3004 libet
760 2949 932 3020 paulo
951 2945 1130 3002 latius
1156 2947 1228 3001 de
1257 2945 1351 3001 his
1375 2945 1683 3015 disserere,
1706 2950 1764 3000 et
1791 2946 1876 3001 sic
1906 2962 2094 3017 usque

450 3039 525 3094 ad
552 3042 818 3108 tempora
864 3036 1051 3108 ipsius
1095 3034 1412 3107 pervenire,
1445 3039 1690 3106 tumque
1736 3035 1972 3091 demum
2021 3036 2093 3092 de

445 3128 582 3183 Vita
594 3131 655 3183 et
669 3125 832 3183 obitu
846 3126 973 3196 ejus
990 3123 1146 3196 quod
1162 3123 1417 3179 vidimus
1430 3128 1485 3178 et
1496 3122 1687 3179 audivi
1698 3140 1830 3179 mus
1847 3122 2089 3180 edicere.

2190 546 2382 601 Vitam
2403 562 2537 602 vero
2556 546 2745 619 ipsius
2767 546 3118 603 beatissima:
3134 544 3378 617 virginis
3401 545 3636 618 plenam
3665 544 3830 603 mira-

2190 634 2341 691 culis
2370 635 2752 691 Wolt‘hardus
2803 636 3122 708 presbyter,
3144 635 3390 705 jubente
3434 633 3830 692 Erchanboldo

2191 724 2484 797 episcopo,
2518 724 2671 797 stylo
2705 726 2747 760 ¹⁴
2776 729 2840 779 ut
2868 729 2992 780 erat
3021 723 3343 780 monachus
3371 722 3576 779 edidit.
3604 722 3831 780 Verum-

2191 817 2384 869 tamen
2404 818 2645 869 sanctus
2663 812 3068 869 Wunebaldus
3089 827 3267 868 senex
3293 816 3351 868 et
3381 811 3589 885 plenus
3610 811 3829 868 dierum

2191 918 2257 957 ac
2287 900 2627 959 meritorum
2671 902 2740 957 ad
2766 901 3077 958 Dominum
3112 900 3383 974 migravit
3416 901 3479 956 η.
3502 900 3830 957 Transactis

2191 996 2384 1047 autem
2416 1009 2449 1046 a
2479 992 2851 1047 sanctissimo
2872 990 3123 1046 transitu
3155 992 3284 1062 ejus
3307 991 3373 1044 15
3402 989 3575 1046 annis
3597 994 3657 1045 et
3676 989 3832 1045 dimi-

2192 1080 2286 1135 dio
2317 1084 2374 1135 et
2404 1081 2472 1134 13
2498 1079 2945 1149 ebdomadibus,
2975 1095 3110 1134 cum
3143 1079 3322 1134 frater
3348 1080 3477 1151 ejus
3502 1078 3832 1151 episcOpus,

2191 1168 2435 1225 ecclesia
2473 1168 2533 1223 in
2583 1185 2701 1241 qua
2752 1184 2785 1225 a
2816 1170 2860 1204 ¹⁶
2891 1174 3091 1224 sancto
3141 1167 3435 1224 Bonitacio
3482 1167 3831 1240 Moguntina

2191 1257 2347 1314 sedis
2384 1257 2820 1331 archiepiscopo
2867 1257 3097 1329 positus
3127 1262 3253 1313 erat
3298 1256 3601 1329 ampliata,
3637 1256 3829 1328 ipsum

2192 1346 2415 1403 elevare
2442 1351 2500 1401 et
2535 1347 2772 1416 dignius
2800 1346 3084 1402 collocare
3105 1346 3150 1380 ¹⁷
3184 1344 3390 1401 vellet:
3422 1345 3732 1402 inventum
3763 1349 3836 1401 est

2194 1451 2404 1507 corpus
2434 1437 2562 1507 ejus
2591 1436 3034 1492 sanctissimum
3067 1436 3151 1491 ita
3176 1433 3496 1508 integrum,
3519 1439 3588 1491 ut
3615 1451 3727 1491 nec
3756 1451 3834 1491 ca-

2194 1524 2335 1597 pillo
2366 1525 2661 1581 minutum
2706 1541 2811 1581 nec
2855 1523 3045 1580 colore
3075 1524 3152 1581 sit
3200 1528 3511 1580 mutatum.
3542 1525 3713 1580 Tunc
3743 1524 3837 1580 ad-

2197 1613 2379 1670 misso
2409 1614 2480 1669 ad
2529 1614 2871 1685 hujusmodi
2916 1612 3317 1685 spectaculum
3347 1613 3508 1669 omni
3558 1611 3721 1670 clero
3748 1613 3834 1669 sed

2195 1709 2251 1757 et
2280 1702 2495 1774 populo
2540 1702 2772 1773 idoneo,
2804 1702 3111 1775 episcopus
3156 1702 3281 1774 ipse
3329 1708 3386 1758 et
3432 1706 3639 1758 sancta
3686 1719 3838 1759 soror

2196 1793 2322 1860 ejus
2354 1791 2591 1846 fratrem
2639 1807 2813 1847 suum
2863 1789 3208 1864 simpliciter
3252 1792 3646 1847 addraverunt
3673 1796 3731 1846 et
3760 1790 3834 1846 ni-

2199 1880 2316 1934 mio
2347 1895 2546 1935 amore
2595 1879 2842 1936 osculati
2866 1884 3025 1951 sunt,
3058 1884 3115 1935 et
3157 1879 3215 1936 id
3248 1880 3442 1952 ipsum
3491 1879 3674 1936 etiam
3704 1879 3835 1936 alios

2197 1968 2438 2024 idoneos
2468 1968 2655 2024 facere
2700 1969 3112 2042 permiserunt.
3144 1968 3418 2025 Dedicata
3445 1975 3536 2025 est
3563 1968 3833 2036 ecclesia;

2198 2056 2543 2114 collocatum
2573 2062 2663 2114 est
2689 2075 2905 2131 corpus
2931 2057 3060 2129 ejus
3092 2058 3459 2114 veneratione
3493 2058 3803 2131 condigna.

2268 2147 2321 2203 4.
2350 2146 2556 2203 Adhuc
2587 2147 2742 2219 quod
2776 2146 3105 2203 mirabilius
3144 2152 3235 2205 est
3262 2147 3478 2203 dicam.
3515 2147 3648 2202 186°
3675 2147 3834 2219 depo-

2198 2236 2427 2293 sitionis
2447 2236 2632 2291 sancti
2646 2234 2961 2292 Willibaldi
2979 2253 3131 2292 anno
3158 2236 3290 2309 (20),
3310 2252 3443 2292 cum
3462 2236 3834 2293 crisostomus

2198 2330 2398 2381 noster
2425 2324 2784 2398 Reginoldus
2821 2325 3150 2397 episcopus,
3184 2325 3542 2381 monasterio
3575 2324 3833 2398 magniﬁ-

2198 2415 2425 2470 centius
2456 2418 2748 2469 exstructo
2777 2418 2835 2470 et
2864 2412 3259 2486 pulcherrimo
3288 2420 3354 2469 ut
3405 2413 3564 2470 nosti
3595 2413 3833 2470 carmine

2198 2504 2371 2573 facto,
2396 2519 2607 2574 corpus
2631 2503 2759 2573 ejus
2780 2503 2851 2558 de
2883 2503 3075 2559 medio
3109 2502 3305 2571 choro,
3330 2502 3430 2559 ubi
3463 2519 3658 2576 usque
3680 2502 3832 2559 modo

2200 2590 2574 2662 sepulchrum
2609 2591 2737 2661 ejus
2759 2591 3037 2660 cernitur,
3062 2591 3119 2647 in
3153 2591 3396 2664 criptam
3430 2591 3531 2647 ubi
3546 2593 3676 2664 jam
3697 2607 3833 2647 nunc

2199 2680 2513 2751 requiescit
2540 2679 2857 2736 transferre
2883 2680 3160 2752 cogitaret
3184 2698 3198 2737 :
3224 2682 3372 2737 facto
3402 2681 3683 2737 triduano
3695 2668 3833 2752 jeju-

2201 2768 2298 2824 nio
2327 2767 2834 2841 archipresbyteri,
2868 2768 3084 2840 quibus
3109 2770 3347 2840 jussum
3378 2769 3592 2840 fuerat,
3615 2785 3831 2825 summo

2202 2863 2267 2914 ut
2295 2856 2491 2913 decuit
2520 2856 2729 2913 timore
2759 2863 2817 2913 et
2865 2858 3182 2914 reverentia
3212 2858 3535 2931 pretiosum
3588 2857 3830 2930 corporis

2202 2947 2330 3018 ejus
2360 2945 2703 3002 thesaurum
2733 2947 3077 3014 elfoderunt,
3108 2950 3299 3004 stante
3341 2947 3545 3020 procul
3576 2946 3832 3021 expansis

2203 3036 2275 3093 ad
2305 3035 2515 3091 cmlum
2534 3036 2809 3093 manibus
2824 3035 3097 3108 episcopo
3115 3053 3303 3108 neque
3322 3054 3635 3110 quousque
3654 3037 3831 3095 omnia

2204 3129 2619 3198 peragerentur
2649 3127 2922 3182 accedere
2972 3143 3134 3183 auso.
3167 3128 3278 3183 Sed
3310 3127 3566 3184 veridica
3615 3132 3825 3202 patrum

521 3218 575 3271 3.
637 3222 806 3271 Anno
852 3216 924 3271 ab
976 3214 1016 3268 i.
1062 3218 1126 3269 D.
1179 3213 1242 3281 ι’,
1296 3217 1360 3267 ut
1408 3213 1467 3267 in
1517 3214 1696 3285 gestis
1745 3213 2091 3285 pontificum
2125 3211 2167 3277 C
2207 3213 2482 3271 relatione
2509 3215 2760 3289 percepi,
2784 3231 2990 3272 omnes
3019 3215 3121 3288 qui
3151 3216 3581 3273 sacratissimas
3604 3218 3725 3289 ejus
3749 3232 3828 3271 re-

446 3310 844 3362 Romauorum
875 3302 1204 3375 reperimus
1235 3303 1365 3375 (18),
1397 3302 1674 3375 Gregorio
1702 3302 1873 3357 tertio
1908 3303 1950 3339 ⁸³
1982 3303 2094 3359 Ro-

452 3411 641 3451 manis
670 3392 828 3449 sedis
856 3392 1129 3464 episcopo
1177 3391 1544 3462 disponente,
1595 3390 1925 3447 constitutas
1955 3395 2097 3447 sunt

455 3500 575 3540 una
602 3482 925 3554 eademque
950 3481 1042 3535 die
1066 3481 1183 3536 duo
1200 3479 1557 3552 episcopales
1580 3480 1769 3546 sedes,
1790 3480 2099 3536 Wirzburk

450 3578 509 3629 et
535 3572 737 3637 Eistet,
780 3588 1030 3643 quarum
1078 3570 1186 3625 hec
1216 3569 1453 3641 quidem
1506 3573 1708 3624 sancto
1737 3568 2097 3637 Willibaldo,

451 3662 635 3718 altera
661 3677 795 3717 vero
820 3660 1254 3732 consanguineo
1277 3663 1333 3713 et
1362 3658 1743 3730 compatriote
1772 3658 1902 3729 ejus
1932 3659 2098 3715 beato

451 3751 859 3807 commendata
879 3748 1335 3805 estBurchardo.
1359 3747 1572 3803 Sancto
1588 3750 1783 3802 autem
1806 3747 2099 3803 Bonifacio

452 3857 556 3914 per
603 3839 949 3911 martyrium
998 3836 1243 3892 feliciter
1287 3839 1715 3902 consummato,
1749 3834 1967 3891 electus
1998 3834 2100 3891 Dei

453 3928 753 3985 confessor
781 3925 1155 3981 Willibaldus
1177 3925 1352 3979 vitam
1382 3925 1511 3995 ejus
1533 3923 1825 3995 ﬁnemque
1855 3923 2007 3996 style
2037 3928 2101 3980 ut

453 4021 578 4072 erat
604 4017 693 4071 vir
723 4015 956 4087 sapiens
1001 4012 1347 4085 perpulchra
1394 4012 1704 4085 descripsit
1740 4014 1873 4085 (19).
1908 4013 2098 4069 Vitam

454 4109 651 4159 autem
680 4103 871 4175 ipsius
900 4106 957 4158 et
983 4101 1180 4158 fratris
1232 4101 1382 4171 ejus,
1413 4100 1599 4156 sancti
1632 4099 1853 4155 scilicet
1880 4100 2099 4158 Wunc-

450 4190 638 4263 baldi,
671 4208 836 4248 soror
864 4206 1067 4247 eorum
1098 4187 1470 4245 sanctissima
1496 4188 1837 4263 Walpurgis
1867 4190 2098 4263 simpli-

2203 3303 2417 3376 liquias
2446 3304 2768 3377 inspexere,
2790 3321 3011 3361 annum
3043 3305 3335 3378 integrum
3368 3306 3428 3361 in
3459 3306 3570 3363 hac
3600 3306 3710 3362 vita
3728 3321 3824 3361 non

2206 3391 2589 3465 implevisse;
2640 3392 2781 3465 quid
2840 3397 3037 3449 autem
3084 3394 3195 3467 ipsi
3241 3394 3513 3468 episcopo
3556 3393 3822 3463 acciderit,

2208 3497 2324 3537 non
2354 3486 2443 3536 est
2472 3480 2785 3537 dicendum
2819 3498 2919 3553 per
2947 3481 3198 3555 singula.

2278 3570 2333 3626 5.
2366 3573 2543 3625 Porro
2582 3569 2970 3626 sanctissima
3022 3573 3226 3627 matris
3273 3577 3486 3628 nostra:
3516 3567 3822 3645 Walpurgis
3938 3602 3939 3621 η

2209 3675 2421 3731 corpus
2452 3675 2585 3714 cum
2616 3662 2748 3732 post
2778 3659 2963 3715 multa
2982 3677 3269 3717 annorum
3303 3662 3604 3718 curricula
3632 3662 3730 3718 sub
3750 3660 3818 3715 Br-

2208 3747 2537 3804 chanboldo
2560 3748 2829 3821 episcopo
2857 3748 3180 3805 elevaretur
3202 3750 3375 3822 (893),
3406 3754 3575 3807 tanta
3603 3745 3821 3806 humidi-
3934 3764 3935 3822 ;

2207 3840 2327 3893 tate
2359 3836 2716 3893 sacrosancti
2740 3838 2869 3907 ejus
2898 3837 3121 3894 cineres
3152 3838 3345 3896 referti
3378 3844 3567 3909 erant,
3601 3835 3818 3912 utquasi

2208 3926 2481 3998 guttatim
2517 3925 2665 3982 roris
2695 3925 2864 3981 stillae
2914 3927 2987 3982 ab
3017 3927 3102 3984 eis
3130 3929 3376 4001 exprimi
3407 3927 3685 3999 valerent,
3713 3940 3816 3982 cum

2209 4020 2406 4070 tamen
2437 4029 2542 4070 nec
2565 4014 2896 4087 pulviculus
2916 4018 3403 4073 contrectantium
3434 4017 3701 4073 manibus
3728 4012 3821 4070 ullo

2211 4104 2384 4159 modo
2405 4102 2733 4159 adhesisset
2753 4104 2890 4177 (21).
2914 4105 3077 4161 Unde
3102 4104 3392 4178 hodieque
3412 4123 3483 4162 ex
3506 4102 3821 4177 sarchOpha-

2211 4207 2284 4263 go
2311 4190 2672 4248 venerabiles
2711 4192 2839 4261 ejus
2868 4191 3092 4251 cineres
3141 4194 3475 4252 continente
3502 4194 3640 4251 vivas
3670 4194 3819 4250 instar

1804 4307 2038 4363 VARI/E
2075 4307 2494 4365 LECTIONES.

520 4398 648 4469 Isita
694 4397 863 4469 codex
882 4413 903 4458 ;
954 4399 1206 4469 quatuor
1250 4395 1644 4469 correctors},
1679 4394 2029 4452 Goteschalh
2071 4397 2186 4469 cod.
2264 4397 2283 4431 ⁷
2316 4395 2551 4469 XXXII.
2606 4396 2734 4451 cod.
2810 4397 2831 4432 ⁸
2876 4398 3025 4455 XIII.
3076 4398 3200 4456 Kal.
3253 4399 3369 4456 cod.
3445 4400 3469 4435 ’
3518 4399 3673 4456 XXII.
3716 4393 3809 4453 eod.

448 4468 496 4505 ¹⁰
526 4468 646 4526 sed’
674 4468 789 4525 cod.
868 4470 906 4502 “
942 4465 1474 4542 imperato_ri_s__cod.
1553 4466 1596 4542 ξ’
1623 4467 1703 4521 ita
1749 4469 1985 4542 egrreai.
2017 4466 2333 4523 MOCCXVII
2361 4466 2478 4542 cod.
2529 4473 2718 4542 aperte
2760 4474 3081 4542 corruptum
3127 4488 3197 4527 ex
3241 4470 3525 4528 DCCXLII
3550 4490 3564 4540 ;
3594 4476 3820 4542 correct”

444 4543 509 4596 in
536 4542 797 4614 margine
822 4542 1003 4613 posuit
1023 4537 1412 4614 DCCXXXX‘II
1434 4537 1571 4614 ;_se_d
1599 4553 1744 4614 anno
1772 4539 1878 4592 742
1910 4541 2204 4608 Gregorius
2231 4555 2339 4595 non
2372 4540 2495 4614 jam
2536 4539 2778 4610 amplius
2807 4537 2955 4614 inter
2981 4543 3132 4614 vivos
3159 4547 3297 4610 erat,
3331 4547 3382 4599 et
3411 4544 3468 4599 S.
3509 4537 3819 4614 Willibaldﬂ

443 4629 644 4669 revera
662 4609 725 4667 'a.
755 4609 881 4667 74⁷1.
914 4612 1091 4667 medio
1119 4626 1303 4667 mense
1332 4609 1546 4665 Octobri
1573 4611 1854 4681 episcopus
1880 4619 1958 4666 est
1982 4616 2352 4667 consecratus.
2376 4609 2381 4610 ί
2432 4611 2477 4646 1³

2507 4615 2718 4681 quarto
2768 4612 2882 4668 cod.
2915 4613 3221 4670 emendavit
3263 4622 3560 4671 corrector.
3633 4614 3674 4649 ¹⁴
3696 4610 3819 4665 sim-

446 4684 587 4757 plici
618 4685 703 4739 vel
733 4684 845 4739 tale
870 4684 999 4755 quid
1026 4682 1297 4740 excidisse
1322 4681 1559 4737 videtur.
1640 4681 1683 4716 ιδ
1711 4681 1857 4737 deest
1885 4682 2002 4740 hac
2029 4698 2135 4739 vos:
2163 4683 2276 4739 cod.
2358 4682 2401 4718 1⁸
2430 4682 2575 4738 deest
2602 4681 2717 4738 cod.
2800 4685 2841 4719 1⁷
2872 4684 3141 4741 collocari
3171 4685 3286 4742 cod.

2035 4779 2264 4836 NOT/E.

445 4887 577 4926 rum
614 4888 728 4927 non
768 4871 955 4936 obvia,
989 4874 1189 4927 noster
1233 4870 1592 4941 computavit
1640 4885 1709 4925 ex
1754 4869 1915 4925 illius
1943 4886 2089 4927 cons.

446 4957 629 4998 consc.
665 4960 796 5011 ang.
829 4945 986 4999 atate
1012 4943 1084 4994 77
1109 4959 1163 4996 a.
1194 4941 1333 4995 sedit
1358 4958 1411 4995 a.
1442 4943 1532 4995 36.

517 5015 630 5084 (17)
662 5013 850 5069 Verba
881 5014 954 5069 ib.
987 5013 1054 5084 ab
1084 5014 1123 5067 i.
1156 5012 1209 5066 d.
1230 5020 1303 5084 Aet
1331 5027 1379 5066 e.
1406 5017 1625 5084 nostro,
1658 5016 1887 5067 tantum
1920 5013 2095 5069 debe-

446 5082 580 5140 mus
612 5085 708 5156 qui
743 5102 809 5140 ea
853 5083 1054 5156 procul
1103 5082 1278 5138 dubio
1310 5099 1344 5137 a
1392 5082 1582 5138 Gund.
1613 5083 1741 5155 ipso
1789 5085 2092 5155 audierat;

446 5102 580 5140 mus
653 5102 809 5140 mea
853 5102 1054 5156 procul
1103 5102 1256 5138 aumt

443 5102 786 5234 apudaiunc
806 5174 931 5234 non
964 5155 1256 5234 leguntur:

516 5229 623 5299 (18)
657 5228 777 5284 Non
803 5227 862 5283 in
885 5224 1065 5299 gestis
1092 5224 1436 5299 pontiﬁcum
1464 5225 1885 5295 Romanorum,
1907 5227 2006 5282 sed
2031 5226 2090 5281 in

441 5294 575 5351 Vita
604 5294 662 5354 Β.
696 5294 977 5355 Βοηίΐεινοὶἰ
1009 5294 1452 5368 archiepiscopi.

514 5370 629 5441 (19)
676 5370 897 5426 Sancta:
944 5367 1283 5441 Walpurgis
1306 5383 1478 5441 Appiis
1527 5367 1819 5441 perditum
1873 5373 1962 5424 est
2000 5368 2089 5441 vel

442 5438 653 5494 saltem
697 5443 957 5497 nondum
1008 5437 1273 5506 editum;
1306 5437 1587 5493 Wolfardi
1622 5438 1861 5496 'librum
1908 5440 2091 5496 edidit

2202 5083 2425 5139 vartius
2454 5099 2599 5139 usus
2629 5083 2720 5139 est
2748 5086 2806 5140 in
2837 5103 2934 5143 ma

2124 4878 2170 4942 ι)
2201 4870 2562 4947 demumhxv
2610 4868 3030 4947 interpolatum
3083 4873 3239 4946 quod
3292 4875 3614 4932 Stevartius
3659 4867 3813 4947 p.123

2205 4941 2386 5018 dedit.
2432 4940 2712 5018 _Gpenuina
2758 4940 3019 5018 suppleri
3067 4940 3315 5018 possunt
3360 4963 3431 5003 ex
3476 4940 3812 5018 codice'olim

2204 5012 2631 5098 Blankstetensi
2675 5018 2808 5098 post
2832 5012 3241 5098 'Eichstétensi
3272 5036 3330 5074 n.
3378 5020 3470 5087 31,
3499 5036 3615 5092 quo
3643 5023 3697 5074 et
3718 5016 3812 5071 Str

2278 5105 2425 5138 Γιιιιδ
2455 5105 2599 5139 usus
2629 5105 2720 5139 εει
2748 5105 2806 5140 In
2837 5105 2934 5143 ma
3008 5105 3120 5145 me.

2274 5153 2479 5243 (.29).!!!
2511 5154 2752 5243 983.96.6-
2783 5157 2892 5213 ⁸θά
2933 5105 3241 5243 ﬁdem
3261 5159 3686 5243 .epiacepusﬂn
3714 5154 3815 5243 "EF

2200 5229 2256 5304 s.
2284 5224 2821 5304 'Wil_l_ibaldi,Acirca
2841 5246 2895 5284 a.
2930 5231 3069 5304 1310
3090 5224 3340 5304 scripta,
3362 5233 3436 5288 de
3464 5224 3576 5289 Hac
3602 5226 3815 5304 transla-

2199 5298 2357 5353 tione
2387 5297 2531 5352 dicit
2550 5313 2600 5352 c.
2631 5298 2701 5353 38
2733 5315 2748 5354 :
2783 5300 3095 5358 Translatus
3122 5308 3204 5360 est
3217 5296 3385 5359 'retro
3414 5304 3595 5360 altare
3623 5303 3675 5358 b.
3707 5296 3814 5359 Vili.

2197 5369 2347 5444 quod
2366 5370 2479 5444 fuit
2508 5370 2568 5424 iu
2597 5369 2795 5444 eadem
2814 5373 3015 5444 cripta,
3047 5390 3195 5431 anno
3222 5376 3447 5431 Domini
3471 5376 3600 5430 989.

2269 5440 2379 5512 (21)
2396 5442 2501 5496 Hic
2518 5447 2715 5497 noster
2729 5442 2801 5498 ad
2823 5440 3063 5501 verbum
3081 5447 3196 5502 fere
3213 5445 3525 5512 exscripsit
3537 5441 3816 5503 Weillbsr-

439 5508 765 5592 Stevartius
808 5512 1147 5592 Ingolstadii
1182 5511 1340 5592 1616,
1373 5510 1452 5575 4ο,
1484 5510 1778 5592 eacodice
1807 5510 2088 5592 Walbur-f
2196 5508 2339 5592 dum
2362 5508 2409 5579 ἰ,
2440 5512 2473 5564 7
2516 5512 2731 5592 :_Anno
2757 5514 2850 5592 _ab
2956 5520 3024 5573 D.
3071 5517 3197 5592 893,
3242 5516 3358 5573 ind.
3391 5508 3543 5589 3,....
3595 5517 3818 5592 apum

438 5583 626 5653 gensi,
658 5583 718 5636 in
762 5598 878 5708 quo
922 5588 1144 5654 septem
1188 5583 1383 5655 priora
1429 5583 1623 5653 capita
1652 5583 1871 5657 omissa
1920 5587 2087 5639 erant
2193 5587 2275 5638 est
2336 5583 2679 5639 mausoleum
2750 5585 2799 5639 b.
3163 5583 3493 5646 invenerunt

438 5668 759 5708 eorumque
801 5670 904 5708 oco
934 5653 1285 5708 onusculum
1308 5652 1671 5708 nositum.ex
1701 5652 1845 5708 insis
1876 5654 2085 5708 saeculo
2193 5656 2352 5708 auasi
2381 5654 2591 5708 limvho
2632 5658 2786 5708 tenui
2829 5660 3177 5708 mdefantns-
3207 5664 3271 5708 ut
3300 5661 3466 5708 nam
3491 5660 3738 5708 nuntia
3758 5651 3815 5708 ab

436 5651 759 5739 eorumque
780 5651 904 5711 loco
934 5651 1285 5729 opusculum
1306 5651 1671 5735 positu'm,eir
1701 5652 1845 5735 ipsis
1876 5654 2085 5713 saeculo
2193 5656 2352 5735 quasi
2381 5654 2591 5736 limpha
2632 5658 2786 5714 tenui
2829 5660 3178 5741 madefactos,
3207 5664 3271 5718 ut
3300 5661 3466 5742 quasi
3490 5660 3738 5740 guttatim
