3996 6148
419 274 573 340 1011

1498 276 1891 338 APPENDIX
1937 277 2039 338 AD
2087 273 2714 338 GUNDECHARUM.

3606 276 3719 344 1012

421 410 636 469 niendi.
655 410 885 468 Solebat
912 407 1127 481 quippe
1157 412 1328 465 antea
1357 390 1694 466 multotiens
1718 411 1914 466 venire
1943 414 2068 465 tum
2099 411 2153 476 Α
2183 425 2312 479 quae
2354 407 2433 461 ibi
2465 407 2627 479 prius
2681 406 2898 462 fiebant
2943 405 3212 479 plurima.
3243 404 3314 463 Ut
3356 406 3493 464 enim
3531 412 3721 485 majores

423 501 707 559 orationis
724 516 901 554 causa
917 499 987 553 ad
1007 502 1286 553 Sanctum
1312 496 1865 565 Willibaldum,tum
1892 499 2067 553 etiam

420 587 837 646 familiaritatis
868 587 940 641 ad
969 587 1441 658 amicum.Cujus
1473 588 1786 643 venerandi
1824 588 2070 643 senioris

421 676 603 737 nostri
618 675 1183 748 epytaphium,quod
1201 677 1325 748 ipse
1342 678 1485 731 dum
1506 676 1795 732 adviveret
1816 677 2072 733 sibimet-

423 767 533 839 ipsi
587 764 739 828 fecit,
774 765 832 819 in
880 764 1047 820 libris
1090 765 1213 820 suis
1259 765 1557 820 inventum
1598 765 1690 820 hic
1738 765 1979 833 inserui,
2013 766 2071 820 in

422 855 640 927 quibus
690 854 883 910 videre
913 858 1002 909 est
1033 858 1295 909 sanctam
1323 855 1450 924 ejus
1500 853 1933 925 simplicitatem
1966 855 2071 909 do-

422 948 696 1015 ctamque
727 943 1330 1014 rusticitatem.Hujus
1362 941 1655 1013 psalteriis
1686 959 1799 997 non
1833 942 2073 997 suntin-

422 1038 599 1090 venta
639 1031 879 1104 similia,
910 1036 995 1087 tot
1024 1030 1251 1086 intimis
1290 1030 1655 1086 orationibus
1687 1036 1743 1086 et
1790 1031 2066 1103 multipli-

428 1122 598 1179 cibus
616 1120 834 1194 vigiliis
865 1119 1416 1192 decorata.Singulac
1447 1119 1602 1174 enim
1628 1118 1782 1175 feria:
1815 1119 2078 1191 singulas

422 1210 644 1267 habent
688 1208 939 1282 vigilias,
974 1226 1087 1265 non
1140 1209 1310 1265 modo
1358 1207 1707 1263 lectionibus
1748 1210 1846 1264 sed
1901 1209 2076 1264 etiam

424 1298 760 1371 antiphonis
816 1303 872 1353 et
930 1297 1320 1371 reaponsoriis
1398 1296 1707 1353 autenticis
1783 1296 2080 1369 eleganter

423 1387 699 1446 variatas.

501 1478 585 1533 12.
622 1480 760 1533 Post
806 1476 913 1532 hos
944 1475 1303 1532 venerabiles
1348 1480 1541 1548 patres
1573 1476 1921 1548 Riginoldus
1960 1475 2080 1546 epi-

430 1583 644 1639 scopus
674 1565 864 1621 factus
896 1569 1003 1636 est,
1023 1565 1243 1620 carnali
1274 1566 1511 1637 quidem
1544 1565 1755 1621 nobilis
1788 1564 2080 1636 prosapia,

429 1656 533 1712 sed
564 1654 814 1711 nobilior
852 1654 1136 1722 scientia;
1168 1654 1380 1709 litteris
1411 1672 1525 1710 non
1559 1654 1747 1710 solum
1785 1653 1998 1709 Latinis
2029 1658 2085 1707 et

427 1744 753 1811 Grecis,sed
784 1744 959 1798 etiam
989 1743 1228 1798 Hebreis
1262 1743 1621 1811 imbutus,et
1650 1743 1803 1814 quod
1840 1742 2080 1797 unicum

425 1837 484 1890 et
532 1832 831 1905 singulare
874 1831 934 1886 in
986 1847 1051 1886 eo
1101 1832 1231 1898 fuit,
1266 1832 1521 1904 optimus
1569 1832 1749 1902 hujus
1798 1831 2081 1902 temporis

430 1920 830 1976 musicus.Hic
853 1920 1142 1991 imprimis
1164 1920 1472 1974 historiam
1486 1920 1671 1975 sancti
1689 1919 1905 1975 Nicolai
1928 1919 2087 1989 fecit,

432 2012 492 2064 et
520 2024 622 2080 per
652 2008 760 2064 hoc
789 2007 1181 2080 episcopalem
1214 2008 1559 2080 dignitatem
1606 2008 1946 2079 promeruit.
1977 2010 2086 2063 Ac-

431 2105 595 2169 cepto
626 2102 821 2153 autem
855 2096 1214 2168 episcopatu,
1248 2114 1481 2153 summo
1513 2098 1706 2152 studio
1738 2114 2088 2168 summaque

434 2184 735 2241 devotione
786 2185 1065 2240 historica
1096 2187 1167 2240 de
1204 2192 1405 2241 sancto
1455 2184 1796 2240 Willibaldo
1828 2186 2090 2241 carmina

432 2274 760 2345 conposuit,
792 2278 1095 2346 totamque
1123 2274 1379 2329 scientia}
1412 2292 1533 2330 suae
1562 2275 1679 2329 vim
1710 2274 1769 2329 in
1802 2275 1895 2329 his
1927 2275 2091 2330 deco-

430 2363 631 2418 randis
679 2366 856 2433 atque
890 2362 1239 2419 mirabiliter
1265 2363 1565 2419 variandis
1618 2363 1908 2418 excitavit.
1944 2362 2088 2417 Hinc

394 2470 399 2475 '
428 2455 521 2507 est
547 2449 889 2520 enim,quod
922 2450 1280 2521 quibusdam
1313 2451 1703 2521 responsoriis
1724 2450 2090 2522 longissimis

429 2536 490 2592 in
521 2536 635 2592 ﬁne
664 2538 898 2593 notulas
953 2538 1246 2609 apposuit,
1285 2539 1626 2609 eisdemque
1657 2539 1875 2593 notulis
1907 2539 2091 2594 versi-

434 2624 597 2681 culos
628 2624 814 2681 instar
842 2626 1283 2699 sequentiarum
1317 2627 1824 2698 subjunxit.Quod
1855 2627 2090 2699 quidem

437 2714 497 2769 in
526 2712 718 2783 tertio,
753 2719 910 2771 sexto
941 2719 999 2771 et
1028 2732 1181 2771 nono
1215 2716 1432 2787 fecit,et
1464 2716 1632 2772 tertio
1665 2733 1884 2787 paucos
1912 2717 2092 2772 versi-

439 2801 625 2875 culds,
658 2807 819 2860 sexto
850 2803 1068 2875 plures,
1102 2821 1255 2860 nono
1287 2806 1447 2860 dedit
1488 2804 1795 2877 plurimos.
1829 2806 1935 2860 Sed
1966 2805 2094 2861 vide

435 2891 740 2948 ordineml
768 2892 968 2948 Tercio
1000 2892 1314 2949 minimum
1346 2894 1538 2959 iter,id
1561 2899 1649 2950 est
1679 2894 1912 2949 initium
1936 2911 2096 2966 pere-

435 2980 786 3053 grinationis
837 2981 1123 3049 attribuit,
1155 2982 1377 3039 scilicet
1404 2982 1501 3038 ubi
1552 2982 1622 3038 de
1654 2983 1842 3054 patria
1881 2983 2092 3052 exivit,

437 3074 599 3125 sexto
649 3070 862 3141 majus,
899 3087 1013 3141 quo
1066 3072 1284 3127 Ioniam
1333 3072 1527 3139 venit;
1563 3088 1713 3127 nono
1745 3072 2092 3141 maximum,

2182 502 2414 552 nostros
2446 513 2595 568 saepe
2619 496 2812 551 audivi
2842 495 3520 567 dicere,appropinquante
3537 507 3722 571 quotan-

2182 586 2275 641 nis
2308 585 2614 641 festivitate
2644 585 2827 641 sancti
2845 584 3169 639 Willibaldi
3197 589 3351 640 tanta
3370 586 3631 646 multitudo
3654 600 3725 646 ea;

2182 692 2406 740 corum,
2441 675 2806 741 claudorum,
2857 690 3219 739 mancorum,
3248 675 3653 734 demoniacorum
3690 686 3728 736 et

2183 762 2499 817 multifaria
2516 763 2799 817 debilium
2823 762 3193 829 conﬂuxit,ut
3211 763 3452 834 porticus
3470 765 3555 821 illa
3572 784 3727 839 magna

2184 853 2255 907 ad
2289 853 2569 907 Sanctum
2592 852 2910 906 Martinum
2942 868 3308 922 nequaquam
3335 868 3425 908 eos
3444 869 3614 925 capere
3637 874 3729 928 pos-

2186 944 2624 1012 set,tantusque
2656 940 2873 996 stridor
2900 941 2972 996 ab
3002 941 3087 995 eis
3118 940 3177 994 in
3205 939 3392 1012 vigilia
3418 943 3577 997 sancti
3602 945 3729 1015 ﬁeret,

2186 1033 2251 1084 ut
2280 1045 2583 1100 vesperam
2602 1029 2765 1083 illam
2788 1029 3280 1100 jocundissimam
3302 1030 3541 1085 nonnihil
3560 1032 3734 1104 impedi-

2189 1122 2357 1184 rent;
2388 1121 2789 1173 verumtamen
2842 1122 3156 1189 antequam
3188 1117 3361 1173 missa
3395 1117 3448 1173 in
3473 1119 3553 1174 die
3593 1127 3734 1176 sancto

2189 1206 2355 1260 ﬁnita
2405 1205 2630 1275 fuisset,
2665 1207 2845 1261 Ierme
2889 1222 3094 1262 omnes
3144 1205 3325 1261 sanati
3358 1210 3458 1262 Deo
3497 1212 3735 1280 sanctoque

2192 1294 2529 1350 Willibaldo
2550 1295 2776 1350 debitas
2793 1296 3013 1366 gratias
3046 1295 3407 1350 referrent.Et
3420 1295 3538 1350 hinc
3554 1298 3733 1352 eundem

2190 1384 2529 1456 episcopum
2582 1383 2964 1455 antiphonam
2992 1383 3154 1438 illam
3199 1382 3392 1440 Surdas
3432 1391 3739 1451 (taceamne:

2189 1488 2408 1528 mancos
2437 1471 2641 1527 fecisse
2670 1476 2728 1527 et
2757 1472 2933 1544 priori
2966 1471 3319 1545 praemisisse
3342 1474 3592 1528 Miracutis
3610 1476 3738 1544 signo-

2191 1578 2426 1632 rumque
2455 1561 2633 1617 variis
2661 1561 2958 1616 virtutibus
2982 1566 3374 1633 prwpotentem
3399 1561 3633 1633 effecerat.

2267 1650 2647 1722 14.Diligebat
2675 1653 2869 1705 autem
2907 1650 3061 1705 idem
3092 1651 3394 1723 episcopus
3424 1655 3740 1723 praepotentem

2197 1740 2495 1812 quandam
2527 1738 2826 1794 dominam
2858 1738 2961 1792 Pia
2989 1743 3410 1811 vocatam,quaa
3439 1755 3611 1794 omnes
3634 1737 3743 1794 illius

2196 1827 2476 1898 temporis
2507 1827 2756 1884 feminas
2781 1826 3166 1882 artificiorum
3198 1827 3500 1883 subtilitate
3524 1828 3745 1898 incompa-

2198 1916 2457 1972 rabiliter
2500 1915 2714 1971 dicitur
2763 1932 3093 1987 superasse.
3150 1918 3275 1972 Haec
3321 1916 3506 1972 multis
3549 1920 3595 1971 et
3634 1916 3746 1969 miris

2199 2005 2506 2061 ornatibus
2537 2004 2842 2060 ecclesiam
2877 2009 3141 2060 nostram
3175 2006 3471 2076 decoravit,
3495 2022 3592 2060 non
3616 2004 3746 2059 solum

2199 2111 2301 2166 per
2322 2095 2692 2165 semetipsain
2712 2095 3005 2166 operando
3024 2111 3129 2150 seu
3147 2095 3613 2164 tradendo,verurn
3627 2093 3747 2148 etiam

2198 2182 2345 2237 alias
2377 2181 2594 2237 multas
2615 2182 2801 2237 multa
2831 2182 3214 2238 artiﬁciorum
3247 2199 3452 2255 genera
3468 2180 3749 2238 docendo.Ad

2202 2272 2475 2327 ultimum
2507 2272 2756 2343 perfecte
2788 2288 3065 2327 conversa
3097 2272 3169 2326 ad
3202 2272 3520 2337 Dominum,
3546 2271 3596 2325 in
3622 2269 3749 2341 proxi-

2201 2378 2297 2415 mo
2316 2360 2640 2416 construxit
2658 2360 3079 2416 monasterium
3100 2360 3580 2417 sanctimonialum
3600 2364 3752 2429 Bergen

2199 2453 2464 2504 vocatum
2522 2450 2656 2520 (26),
2685 2451 2841 2520 quod
2895 2448 3211 2522 regalibus,
3258 2454 3320 2504 ut
3360 2454 3476 2505 erat
3518 2447 3750 2510 ditissima,

2203 2537 2530 2592 redditibus
2553 2535 2970 2609 locupletatum
3000 2540 3057 2592 et
3072 2536 3236 2592 omni
3263 2539 3680 2592 ornamentorum
3696 2548 3757 2604 ge-

2203 2642 2339 2681 nere
2370 2625 2753 2681 multifariam
2786 2627 3420 2693 decoratum,Romanaa
3449 2623 3755 2691 ecclesiespe

2204 2713 2428 2769 cialiter
2456 2715 2720 2770 tradidit.
2752 2714 2937 2779 Quam
2966 2715 3343 2772 traditionem
3387 2714 3643 2771 Johannes
3662 2714 3756 2765 tunc

2205 2801 2561 2874 apostolicus
2584 2802 2886 2876 privilegio
2918 2804 3213 2875 suo,quod
3241 2803 3510 2875 hodieque
3528 2799 3752 2856 nobiscum

2204 2891 2767 2959 est,conﬁrmavit,et
2783 2908 2988 2948 omnes
3010 2892 3202 2948 eidem
3225 2890 3555 2948 monasterio
3568 2887 3752 2958 aliquam

2206 2979 2560 3050 injustitium
2591 2980 2869 3037 facientes
2898 2980 3243 3037 terribiliter
3270 2978 3718 3038 anathematizant.

2278 3070 2363 3123 15.
2415 3068 2698 3124 Defuncto
2748 3070 2945 3141 itaque
3008 3069 3330 3141 Reginoldo
3376 3069 3613 3141 episcopo
3662 3061 3761 3131 (989)

436 3174 553 3230 quo
585 3156 1034 3213 Ierosolimitani
1058 3158 1288 3215 itineris
1318 3158 1662 3231 Qualitatem
1697 3160 1754 3214 in
1787 3161 2091 3216 versiculis
2122 3147 2164 3213 C
2202 3157 3313 3231 successitMegingaudus,antecessori
3334 3176 3435 3215 suo
3451 3163 3556 3213 tam
3573 3152 3759 3209 moribus

434 3245 576 3302 noni
598 3245 953 3318 responsorii
981 3251 1226 3303 conatus
1257 3252 1346 3302 est
1368 3247 1863 3319 exprimere.Nam
1888 3265 2094 3320 quem-

432 3334 756 3391 admodum
809 3334 1223 3391 sanctissimus
1274 3336 1460 3391 viator
1490 3342 1689 3392 noster
1737 3338 1806 3392 de
1838 3336 2003 3393 Italia
2034 3338 2093 3392 in

432 3422 721 3493 Greciam,
744 3422 814 3478 de
844 3424 1049 3479 Grecia
1081 3423 1137 3478 in
1170 3424 1779 3496 Judeam,iterumque
1811 3425 1881 3479 de
1910 3426 2094 3480 Judea

433 3510 495 3566 in
545 3511 838 3578 Greciam,
875 3511 946 3566 de
976 3510 1181 3567 Grecia
1211 3511 1271 3566 in
1322 3512 1571 3578 Italiam,
1605 3518 1661 3567 et
1692 3512 1825 3568 inde
1878 3513 1991 3569 huc
2019 3516 2091 3569 ad

432 3617 541 3656 nos
572 3616 759 3671 usque
781 3598 981 3655 salvus
1014 3600 1304 3671 pervenit:
1323 3600 1403 3655 ita
1428 3600 1874 3657 sollertissimus
1899 3607 2095 3658 noster

436 3688 701 3744 musicus
733 3689 920 3760 primo
955 3688 1213 3753 Latinos,
1248 3690 1380 3745 dein
1413 3688 1788 3758 Grecos,mox
1814 3692 2089 3759 Hebreos,

433 3775 766 3850 iterumque
797 3777 1109 3845 Grecos,ad
1141 3777 1395 3833 ultimun
1429 3778 1661 3834 Latinos
1692 3779 1826 3835 fecit
1844 3781 2095 3836 versicu-

436 3865 544 3921 los.
580 3866 734 3922 Fecit
762 3865 939 3922 etiam
992 3866 1360 3938 perpulcram
1394 3867 1464 3922 de
1495 3872 1693 3923 sancto
1728 3869 2092 3925 Wunebaldo

433 3953 765 4021 historiam,
798 3958 855 4009 et
879 3956 949 4010 de
981 3960 1183 4011 sancto
1215 3955 1407 4010 Blasio
1439 3956 1841 4012 novissimam.

509 4043 596 4097 13.
628 4046 770 4097 Cum
829 4049 1025 4098 autem
1087 4044 1509 4099 monasterium
1566 4044 1681 4115 (25)
1735 4044 2093 4117 amplificare

437 4129 1180 4202 cogitaret,consiliumque
1212 4131 1600 4202 prenominati
1632 4134 1817 4188 sancti
1841 4134 2093 4191 Odalrici

437 4216 699 4289 episcopi
750 4233 928 4289 super
958 4217 1068 4273 hac
1112 4234 1172 4274 re
1204 4235 1307 4290 per
1336 4219 1591 4292 legatum
1636 4220 1976 4293 inquireret,
2009 4224 2095 4279 vir

443 4309 686 4361 sanctus
709 4305 1049 4378 hujusmodi
1077 4323 1421 4380 responsum
1442 4309 1800 4375 remisit,nec
1821 4328 1968 4382 opus
1991 4330 2094 4368 nec

441 4395 662 4450 bonum
682 4394 795 4450 sibi
813 4394 921 4450 hoc
939 4395 1116 4451 videri
1138 4422 1151 4465 ;
1169 4396 1315 4452 satis
1342 4414 1615 4469 magnam
1635 4415 1763 4455 esse
1788 4399 2091 4456 ecclesiam

2204 3264 2380 3318 quam
2412 3246 2657 3302 scientia
2698 3247 3160 3304 dissimillimus.
3197 3248 3297 3306 Ille
3325 3247 3528 3321 quippe
3553 3241 3758 3316 adprime,

2201 3335 2296 3391 hic
2323 3352 2455 3391 vero
2507 3336 2875 3393 mediocriter
2921 3341 3047 3393 erat
3094 3338 3422 3406 litteratus;
3452 3336 3541 3391 ille
3582 3330 3701 3387 mitis
3721 3330 3757 3381 et

2203 3424 2514 3495 benignus,
2548 3425 2643 3481 hic
2674 3442 2909 3482 severus
2959 3430 3017 3480 et
3045 3426 3402 3494 iracundus;
3434 3426 3487 3481 in
3513 3422 3597 3478 illo
3622 3417 3757 3493 periu-

2202 3514 2365 3584 gium
2380 3514 2695 3580 miseris,in
2716 3514 2826 3570 isto
2849 3515 3185 3572 communis
3207 3522 3328 3572 erat
3350 3512 3606 3587 pernicies
3628 3505 3754 3563 malis.

2203 3607 2281 3658 De
2308 3604 2415 3658 isto
2446 3602 2716 3674 episcopo
2748 3609 2869 3658 tam
2887 3604 3073 3659 multa
3089 3609 3332 3677 tamque
3350 3604 3490 3659 mira
3508 3599 3754 3659 narrantur,

2205 3696 2267 3747 ut
2298 3691 2506 3748 melius
2536 3696 2692 3748 esset
2720 3692 2959 3748 omnino
2980 3693 3227 3750 reticere
3246 3694 3318 3750 de
3348 3710 3411 3749 eo
3442 3706 3594 3764 quam
3614 3696 3753 3759 parum

2202 3781 2423 3853 aliquid
2468 3782 2678 3847 dicere,
2712 3782 2823 3837 nisi
2856 3782 3089 3848 scirem,
3124 3784 3282 3854 quod
3334 3783 3439 3837 hoc
3467 3783 3555 3836 aut
3596 3770 3753 3830 invidie

2202 3871 2579 3942 deputaretur
2609 3874 2710 3926 aut
2738 3870 3212 3927 inscitiae.Dicam
3244 3888 3378 3943 ergo
3409 3870 3489 3926 vel
3516 3873 3755 3940 paucam

2202 3958 2598 4030 predictorum
2649 3976 2902 4032 arguar;
2940 3960 3191 4017 reticebo
3242 3966 3433 4016 autem
3476 3955 3645 4020 multa,
3667 3960 3756 4004 ιιθδ

2203 4046 2498 4118 proposito
2527 4045 2762 4119 longius
2794 4046 3104 4118 impediar.

2275 4135 2554 4203 16.1{ujus
2585 4135 2839 4207 episcopi
2878 4135 3237 4193 mentionem
3268 4136 3442 4192 etiam
3472 4134 3521 4188 in
3550 4119 3756 4200 superiori

2200 4222 2395 4277 libello
2448 4222 2574 4291 feci,
2622 4240 2755 4278 cum
2800 4224 2870 4279 de
2916 4223 3178 4280 Vastolfo
3222 4222 3541 4289 Haserensi,
3582 4208 3755 4273 narravi.

2203 4328 2373 4383 quem
2410 4312 2464 4366 in
2518 4312 2960 4369 confirmatione
2990 4313 3284 4369 Ezzolfum
3325 4311 3499 4385 jussit
3524 4296 3753 4364 nominari.

2206 4402 2332 4471 Ipse
2380 4400 2765 4457 libentissime
2813 4402 3208 4473 manducavit,
3244 4403 3483 4473 ideoque
3533 4406 3699 4452 nomen
3734 4400 3756 4438 8

446 4483 792 4557 quantitate,
828 4485 1142 4580 maximam
1174 4502 1307 4542 vero
1338 4487 1684 4556 sanctitate;
1720 4504 1908 4560 neque
1937 4490 2093 4545 enim
2127 4516 2171 4580 Ι)
2196 4489 2422 4559 jejunio
2454 4490 2695 4544 ductum
2718 4490 2827 4545 sibi
2861 4490 3421 4562 displicuit.Solebat
3438 4492 3606 4580 autem
3623 4474 3753 4580 futilis"

439 4589 504 4630 se
538 4589 799 4645 unquam
832 4572 891 4629 in
926 4572 1104 4630 ullam
1138 4574 1384 4643 venisse,
1418 4574 1476 4629 in
1511 4592 1626 4646 qua
1656 4576 1869 4634 melius
1898 4584 2097 4650 posset
2127 4571 2166 4580 ”
2205 4577 2353 4632 sime
2420 4582 2851 4634 antecessorum
2928 4595 3170 4635 suorum
3230 4595 3390 4635 more
3438 4578 3479 4612 ”
3527 4571 3751 4630 celebrare-

437 4662 748 4719 orare.Hoc
778 4678 1058 4734 responso
1083 4663 1387 4735 paululum
1411 4669 1711 4721 revocatus
1741 4667 1812 4721 ab
1840 4667 2091 4739 incepto,
2200 4666 2307 4730 Qui
2339 4683 2471 4721 cum
2501 4666 2755 4722 venisset
2782 4666 2940 4737 illuc,
2966 4667 3291 4739 fratresque
3321 4683 3449 4722 eum
3480 4675 3614 4719 more
3637 4652 3752 4739 50W

437 4755 571 4823 post
619 4756 812 4807 tamen
856 4753 1139 4808 satisfecit
1167 4770 1274 4810 suo
1322 4754 1629 4810 desiderio.
1663 4738 2091 4812 Occidentalem
2202 4755 2499 4828 suscipere
2543 4755 2772 4823 vellent,
2806 4760 3036 4812 cantato
3082 4756 3240 4812 brevi
3272 4754 3488 4828 psalmo
3532 4745 3683 4806 innuit
3702 4738 3758 4795 eis

439 4855 695 4910 namque
728 4840 930 4912 templi
965 4846 1210 4913 partem,
1245 4842 1408 4914 prius
1441 4844 1646 4899 ceteris
1684 4846 1873 4900 tribus
1900 4863 2093 4917 mqua-
2205 4862 2274 4899 ne
2305 4844 2559 4915 amplius
2584 4844 2722 4916 quid
2754 4846 3425 4916 cantarent;sedensque
3452 4842 3514 4898 ad
3545 4844 3756 4923 meum}?

439 4928 577 4992 lem,
609 4929 737 4999 ejus
789 4929 973 5002 partis
1021 4928 1325 5001 ampliavit
1370 4932 1717 5002 adjectione,
1763 4950 1889 5005 quae
1938 4951 2094 4989 nunc
2203 4938 2307 4987 aut
2336 4951 2541 5004 aprum
2577 4950 2855 5005 magnum
2883 4933 3119 4989 auttale
3150 4933 3367 5006 aliquid
3391 4918 3759 4988 fratribusmisii

437 5033 642 5073 versus
681 5034 955 5075 occasum
988 5022 1078 5073 est
1123 5017 1403 5074 hodierna
1434 5022 1580 5075 sacri
1615 5022 1792 5077 fontis
1822 5022 2090 5078 statione.

441 5104 519 5161 Ex
538 5123 605 5163 eo
623 5109 883 5179 tempore
914 5105 1198 5179 paulatim
1223 5108 1533 5164 cessabant
1550 5109 1718 5182 signa
1734 5115 1789 5166 et
1806 5110 2091 5183 prodigia,

2204 5021 2422 5090 dicens,
2458 5021 2556 5076 Fer
2602 5021 2700 5076 hoc
2730 5022 2847 5077 illis
2888 5022 2987 5077 Dei
3032 5024 3220 5090 servis,
3248 5022 3346 5095 qui
3393 5036 3470 5074 me
3508 5028 3654 5086 nuper
3685 5017 3758 5061 ιαιπ

2201 5110 2386 5166 devote
2419 5118 2468 5165 et
2496 5113 2695 5182 optime
2720 5115 3095 5183 susceperunt.

1796 5253 2041 5309 VARI/E
2081 5251 2489 5309 LECTIONES.

508 5365 552 5400 θ’
581 5362 764 5419 deem
788 5364 1001 5437 aliquid
1030 5374 1275 5439 apparet,
1310 5367 1393 5423 uti
1422 5366 1667 5424 missam
1697 5368 1800 5435 ibi,
1831 5370 1914 5425 vel
1938 5370 2124 5425 simile
2152 5368 2305 5441 quid.

2026 5493 2260 5551 NOTAE.

508 5584 621 5655 (25)
654 5583 964 5655 Templum
996 5587 1347 5656 cathedrale,
1378 5590 1482 5645 das
1513 5590 1790 5646 Miinster.

2269 5592 2380 5663 (26)
2409 5591 2563 5645 Inter
2593 5590 2894 5647 Eichstadt
2923 5594 2979 5646 et
3012 5588 3304 5661 Neuburg,
3337 5588 3453 5645 ord.
3481 5585 3531 5640 S.
3555 5571 3715 5638 Bened.
