3998 6146
191 394 344 458 1017

986 401 1422 466 ANONYMUS
1475 401 1580 464 DV;
1623 400 2023 465 EPISCOPIS
2068 400 2810 470 EIGHSTETENSIBUS.

3444 396 3601 462 1018

186 535 386 596 teram,
435 531 632 594 tecum,
664 531 762 603 qni
798 532 1069 603 ejusmodi
1094 549 1169 606 es,
1200 537 1314 591 sine
1365 536 1628 591 dilatione
1671 536 1834 608 perﬁ-
1864 535 1920 602 Α
1951 552 2066 590 non
2089 535 2260 606 juxta
2287 535 2505 591 Senum
2536 553 2637 592 seu
2681 536 2740 591 in
2771 536 2816 572 ⁸⁸
2845 533 3033 592 Gallia
3063 535 3271 590 doctus
3301 537 3443 603 erat,
3473 537 3598 590 tam

184 621 340 676 ciam
357 621 386 673 ?
417 619 572 687 Cave,
596 637 664 676 ne
687 638 932 693 unquam
963 625 1071 678 tale
1095 625 1227 694 quid
1255 625 1480 680 audiam
1506 641 1575 680 ex
1605 627 1729 687 τε..ςὶ
1755 626 1842 680 vel

184 711 558 780 episcopatum
587 711 671 765 vel
696 712 940 781 gratiam
969 728 1147 768 meam
1178 715 1308 768 velis
1335 716 1592 770 retinere.
1615 713 1840 779 Quibus

183 799 744 870 auditis,episcopus
774 800 1012 870 quidem
1043 802 1373 870 obmutuit;
1407 802 1599 859 clerus
1629 819 1760 858 vero
1781 806 1840 857 et

181 887 400 942 militia
431 887 490 942 in
522 889 982 945 contradictione
1034 892 1430 962 perstiterunt,
1465 892 1607 947 adeo
1636 896 1703 946 ut
1732 892 1837 946 ab-

179 976 546 1032 hominabile
573 978 981 1033 concambium
1013 984 1278 1051 potenter
1307 981 1498 1052 potius
1529 997 1706 1052 quam
1736 997 1839 1035 vo-

180 1064 441 1121 luntarie
472 1067 550 1120 sit
580 1067 973 1123 factum.Hino
1004 1070 1272 1140 est,quod
1307 1087 1462 1129 unus
1494 1071 1564 1125 de
1595 1069 1837 1126 seniori-
1871 1141 1878 1147 _

179 1155 296 1210 bus
330 1156 902 1227 Babenbergensium
938 1159 1183 1213 fratrum
1216 1159 1275 1214 in
1305 1159 1579 1214 extremis
1611 1159 1839 1230 positus

180 1243 292 1299 hoc
311 1244 482 1316 quasi
502 1244 830 1316 legitimum
851 1248 1274 1319 sempiternum
1296 1249 1508 1304 futuris
1526 1249 1840 1304 mandasse

177 1333 370 1388 fertur
415 1335 915 1406 generationibus,
947 1341 1014 1391 ut
1042 1337 1379 1408 Eystetense
1430 1337 1838 1394 concambium

177 1439 490 1494 nunquam
523 1423 749 1479 destrui
781 1429 1138 1494 paterentur,
1172 1426 1678 1500 Wirzeburgensis
1707 1443 1839 1482 vero

177 1511 567 1568 mutationem
617 1530 732 1568 non
782 1513 1036 1569 multum
1086 1516 1418 1580 abnuerint,
1473 1517 1570 1571 sed
1619 1517 1665 1550 ³ο
1710 1516 1841 1587 ipsa

173 1601 531 1672 episcopalis
579 1603 748 1658 sedes
778 1602 837 1656 in
886 1603 989 1658 illa
1037 1603 1250 1660 diocesi
1283 1621 1392 1660 sua
1446 1621 1560 1660 non
1610 1605 1836 1660 fuisset.

173 1689 425 1761 Propter
474 1691 588 1762 (33)
638 1690 745 1746 hoc
801 1690 1158 1748 inlaudabile
1215 1693 1624 1749 concambium
1681 1692 1836 1748 idem

171 1778 495 1851 cpiscopus
545 1779 676 1835 fecit
704 1784 762 1836 et
793 1779 951 1836 aliud
996 1779 1252 1836 ecclesia
1303 1786 1516 1837 nostris
1550 1798 1662 1837 non
1712 1797 1838 1836 me-

169 1867 375 1922 diocre
423 1869 770 1939 dampnum.
821 1869 966 1925 Nam
1013 1869 1152 1940 quia
1220 1871 1624 1926 venationibus
1684 1868 1840 1925 ultra

168 1957 420 2012 modum
454 1957 690 2014 deditus
705 1957 1112 2029 erat,regalem
1132 1958 1432 2014 curiamin
1455 1959 1620 2015 Retia
1642 1959 1841 2042 sitam,

173 2045 572 2117 Nordelingen
607 2047 716 2118 (34)
738 2046 976 2115 dictam,
1005 2047 1416 2119 Ratisponensi
1448 2047 1720 2120 episcopo
1742 2065 1845 2120 pro

169 2135 488 2190 venatione
503 2136 758 2206 quadam
779 2136 1089 2192 Stederach
1108 2142 1310 2192 vocata
1332 2153 1510 2208 prope
1526 2137 1843 2209 Ungariam

169 2224 289 2278 sita
341 2222 664 2295 delegavit;
699 2225 769 2279 de
799 2241 918 2296 qua
944 2226 1252 2281 venatione
1302 2241 1507 2280 omnes
1539 2230 1671 2297 post
1705 2242 1840 2281 eum

169 2313 440 2385 episCOpi
472 2329 544 2368 ne
566 2313 741 2368 unius
765 2313 1002 2385 quidem
1028 2313 1183 2369 oboli
1205 2313 1458 2386 pretium
1486 2314 1842 2381 habuerunt,

240 2403 336 2456 26.
389 2401 496 2457 Hic
557 2419 672 2457 uno
721 2403 1026 2458 dumtaxat
1090 2402 1277 2458 lustro
1331 2409 1565 2475 peracto
1632 2404 1840 2475 (1019),

164 2490 480 2545 Walthero
529 2491 793 2561 ejusdem
825 2494 865 2528 δι
916 2491 1268 2547 conditionis
1318 2491 1592 2564 episcopo
1644 2491 1837 2548 locum

163 2579 358 2646 dedit,
395 2578 495 2651 qui
527 2584 584 2634 et
631 2579 756 2651 ipse
788 2585 919 2649 post
948 2580 1096 2635 duos
1128 2597 1314 2636 annos
1362 2581 1564 2636 eadem
1599 2581 1693 2636 die
1723 2598 1840 2653 qua

163 2669 1302 2734 antecessorsuusdefunctus,Ravenna
1315 2671 1458 2726 urbe
1469 2669 1836 2743 sepulturam

165 2758 407 2829 accepit
438 2759 641 2829 (1021).

240 2847 451 2902 27.His
482 2851 597 2902 tam
630 2847 744 2902 cito
776 2846 1245 2917 sublatis,denuo
1274 2847 1566 2904 nobilitati
1594 2850 1639 2885 3'
1659 2849 1838 2906 cessit

165 2953 318 2991 cura
351 2935 1033 3005 pastoralis.Heribertus
1055 2952 1339 3008 namque,
1357 2937 1571 2992 nobilis
1603 2955 1831 3010 genere,

165 3024 434 3080 nobilior
462 3025 840 3091 moribus,vir
859 3025 1154 3097 eleganter
1172 3025 1649 3096 literatus,sancti
1676 3026 1834 3083 illius

163 3113 468 3169 Heriberti
525 3113 890 3169 Coloniensis
961 3113 1383 3185 archiepiscopi
1440 3121 1723 3187 cognatus
1778 3121 1835 3171 et

165 3203 534 3274 equivocus,
565 3202 764 3258 divina
793 3203 1018 3259 favente
1051 3203 1241 3275 gratia
1269 3203 1456 3260 factus
1487 3209 1574 3260 est
1603 3204 1829 3276 episco-

1951 623 2173 680 nullius
2203 626 2274 680 ab
2303 625 2571 697 episcopo
2605 625 2841 681 habitus
2871 629 3061 692 est,ut
3090 624 3284 696 ipsum
3315 623 3523 694 ejicere
3543 625 3600 679 et

1951 712 2131 769 alium
2166 715 2518 770 substituere
2549 716 2848 787 cogitaret.
2885 716 3092 770 Verum
3122 714 3218 769 ille
3251 719 3312 768 ut
3349 728 3598 784 granum

1952 804 2191 875 synapis
2221 807 2483 876 tempore
2508 804 2951 875 tranquillitatis
2982 803 3434 873 latuit,tempore
3463 817 3599 856 vero

1952 892 2321 948 contritionis
2347 892 2488 963 quid
2535 892 2696 948 intus
2727 899 2956 964 saperet
2983 892 3292 946 efﬁcaciter
3321 890 3598 946 ostendit.

1953 981 2306 1036 Adveniente
2330 982 2486 1036 enim
2516 984 2559 1017 ³⁷
2578 981 2894 1054 aliquando
2914 981 3136 1035 famoso
3154 978 3252 1034 illo
3266 979 3598 1034 Wirzebur-

1950 1070 2220 1142 gensium
2236 1071 2516 1142 magistro
2529 1070 2954 1136 Pernolfo,cum
2981 1069 3292 1140 episcopus
3312 1072 3430 1122 tam
3457 1083 3592 1122 eum

1953 1162 2150 1228 utpote
2198 1160 2641 1229 compatriotam
2675 1159 2984 1224 honorare,
3017 1173 3189 1226 quam
3237 1161 3502 1212 nostrum
3535 1159 3601 1210 ut

1949 1245 2203 1302 invisum
2235 1248 2404 1303 vellet
2453 1249 2831 1314 confundere,
2882 1248 3134 1320 quadam
3167 1247 3260 1302 die
3289 1247 3360 1301 ad
3412 1245 3599 1301 scolas

1948 1335 2124 1404 venit,
2157 1341 2217 1392 et
2244 1341 2479 1409 accepto
2530 1337 2856 1392 aritmetico
2886 1337 3034 1392 libro
3067 1336 3353 1408 hospitem
3408 1333 3599 1407 magi-

1948 1430 2136 1480 strum
2172 1425 2361 1497 legere
2385 1432 2442 1481 et
2471 1430 2832 1492 nostrum,ut
2851 1424 3390 1497 inferioremjussit
3419 1428 3602 1479 atten-

1949 1514 2103 1568 dere.
2140 1515 2223 1569 Ad
2275 1515 2380 1570 hec
2411 1518 2609 1570 noster
2638 1515 2930 1587 intrepida
2957 1530 3094 1569 voce
3142 1512 3443 1584 respondit
3476 1529 3488 1567 :
3522 1511 3602 1566 Me

1947 1606 2129 1674 potius
2166 1610 2377 1675 oportet
2405 1606 2494 1659 hic
2525 1605 2725 1675 tegere,
2756 1608 2807 1659 et
2837 1605 3003 1659 illum
3031 1603 3309 1658 auditoris
3352 1603 3600 1673 ofﬁcium

1948 1692 2164 1761 habere,
2194 1708 2293 1747 nec
2318 1695 2434 1747 nisi
2477 1692 2886 1748 rationabiliter
2914 1691 3226 1747 emendanti
3261 1691 3463 1746 cedere.
3498 1691 3599 1747 His

1947 1780 2118 1836 dictis
2150 1781 2368 1853 recepit
2395 1780 2706 1850 librum,et
2731 1779 3331 1852 inreprehensibiliter
3360 1778 3602 1851 perlegit

1948 1868 2153 1925 folium
2188 1886 2390 1926 unum.
2426 1871 2548 1935 Quo
2581 1871 2779 1924 audito
2811 1869 3174 1925 adventicius
3215 1867 3600 1938 philosophus

1955 1957 2100 2013 dixit
2130 1959 2200 2013 ad
2232 1957 2572 2030 episcopum
2600 1973 2612 2012 :
2642 1958 2887 2026 Domine,
2914 1972 3014 2027 per
3040 1956 3201 2026 ﬁdem
3230 1972 3397 2025 quam
3426 1957 3530 2011 Deo
3549 1959 3602 2011 et

1955 2047 2104 2102 vobis
2145 2048 2324 2113 debeo,
2361 2050 2464 2102 iste
2493 2048 2640 2102 locus
2692 2047 2791 2102 hoc
2806 2047 3104 2118 superstite
3151 2045 3380 2099 meliore
3418 2043 3462 2078 ³⁸
3491 2058 3601 2098 non

1953 2136 2162 2205 indiget
2187 2146 2239 2192 et
2257 2138 2302 2172 3°
2319 2137 2566 2192 doctiore
2592 2137 2858 2206 magistro
2877 2153 2897 2197 ;
2910 2139 2963 2190 et
2989 2138 3038 2188 si
3065 2150 3168 2206 ego
3189 2133 3602 2189 conclaustralis

1953 2225 2068 2295 ejus
2097 2242 2285 2294 essem,
2316 2226 2477 2280 vellet
2507 2225 2674 2280 nollet
2723 2224 2949 2280 cottidie
2979 2225 3262 2278 lectionem
3291 2223 3410 2289 eius
3437 2220 3597 2275 audi-

1950 2315 2220 2378 rem.Qua
2240 2314 2528 2369 sententia
2547 2330 2662 2368 non
2689 2312 2874 2384 magis
2894 2311 3059 2366 illum
3084 2326 3263 2382 quam
3287 2325 3348 2364 se
3371 2308 3599 2380 sapien-

1948 2407 2066 2458 tem
2095 2420 2222 2459 esse
2272 2403 2638 2459 monstravit.
2687 2401 2807 2457 Nisi
2841 2400 2997 2456 enim
3043 2400 3278 2472 sapiens
3306 2402 3363 2453 et
3408 2398 3596 2453 bonus

1948 2492 2309 2559 esset,alium
2340 2507 2504 2564 aeque
2532 2491 2853 2562 sapientem
2886 2505 3074 2560 neque
3102 2492 3221 2542 tam
3250 2485 3421 2558 plane
3438 2485 3599 2541 dino-

1946 2597 2125 2649 scere,
2155 2597 2341 2653 neque
2368 2585 2491 2636 tam
2524 2580 2774 2650 benigne
2804 2578 3042 2632 laudare
3075 2580 3290 2648 posset.
3318 2575 3433 2630 Hac
3463 2589 3596 2644 ergo

1947 2670 2281 2726 laudatione
2303 2669 2387 2725 sic
2406 2670 2679 2741 episcopo
2704 2665 3081 2724 scolasticum
3109 2662 3594 2732 reconciliavit,ut

1945 2759 2017 2814 ad
2048 2759 2176 2814 vitze
2207 2773 2394 2830 usque
2422 2757 2738 2813 terminum
2770 2773 2884 2810 non
2915 2757 3089 2811 modo
3120 2753 3299 2809 alium
3334 2768 3449 2808 non
3489 2767 3594 2807 su-

1944 2848 2298 2916 bordinaret,
2329 2863 2532 2902 verum
2563 2846 2741 2900 etiam
2771 2845 2927 2900 istud
2962 2841 3341 2916 magisteriali
3373 2840 3594 2896 honore

1941 2952 2224 3007 perquam
2256 2936 2501 3007 dignum
2535 2935 2788 2990 duceret.

2012 3026 2102 3081 29.
2137 3026 2257 3081 Sub
2305 3024 2414 3080 hoc
2444 3024 2717 3096 episcOpo
2766 3022 3038 3094 primitus
3077 3021 3231 3092 apud
3282 3035 3389 3076 nos
3419 3019 3594 3091 ccepit

1942 3118 2201 3168 veterum
2233 3114 2608 3169 aediﬁciorum
2636 3113 2879 3183 dejectio
2897 3117 2954 3167 et
2971 3125 3250 3167 novorum
3267 3107 3591 3165 aedificatio.

1941 3204 2348 3257 Antecessores
2370 3203 2497 3272 ejus
2517 3200 2655 3256 imis
2685 3206 2741 3256 et
2759 3199 3152 3256 mediocribus
3173 3198 3434 3254 aedificiis
3455 3213 3593 3252 con-

165 3308 310 3364 pus.
345 3288 450 3346 Hic
476 3290 770 3363 Herbipoli
798 3291 844 3326 33
873 3291 1152 3358 nutritus,
1183 3293 1445 3361 edoctus,
1479 3294 1712 3365 egregia
1741 3293 1829 3349 di-
1863 3277 1906 3343 C
1945 3289 2757 3361 tentierant,magnamquein
2778 3286 3595 3343 biisbabundantiambabere

163 3379 380 3436 ctandi
428 3380 541 3450 (35)
590 3379 899 3436 dulcedine
926 3379 988 3435 in
1038 3383 1270 3436 tantum
1321 3381 1552 3453 enituit,
1585 3386 1652 3437 ut
1697 3386 1838 3437 tunc

161 3468 461 3540 temporis
493 3468 600 3524 hac
631 3469 692 3522 in
725 3473 846 3524 arte
876 3468 1023 3524 nulli
1057 3471 1354 3525 secundus
1385 3471 1689 3526 fuerit.Hic
1715 3471 1841 3542 Spi-

160 3559 292 3612 ritu
326 3561 531 3612 sancto
563 3557 817 3625 efﬂatus,
853 3574 952 3612 sex
978 3574 1186 3630 ymnos
1218 3558 1647 3630 pulcherrimos
1677 3577 1840 3618 com-

158 3647 399 3719 posuit,
439 3663 620 3701 unum
655 3647 725 3701 de
756 3651 959 3702 sancta
990 3663 1162 3702 cruce
1196 3664 1209 3702 :
1244 3648 1408 3704 Salve
1434 3665 1576 3704 crux
1602 3655 1840 3718 sancta,-

159 3737 432 3791 alterum
465 3736 537 3790 de
568 3740 772 3791 sancto
803 3734 1142 3791 Willibaldo
1176 3753 1188 3791 :
1224 3737 1842 3819 Mare,fons,hostium;

156 3826 421 3883 tertium
474 3825 546 3879 de
575 3828 778 3880 sancta
821 3824 1138 3898 Walpurga
1170 3844 1183 3881 :
1218 3827 1326 3882 Ave
1370 3830 1470 3898 ﬂos
1518 3830 1800 3899 virginum
1817 3846 1839 3891 ,ο

157 3919 458 3988 quartum
514 3915 584 3968 de
631 3914 820 3969 sancti
867 3915 1150 3986 Stephani
1182 3917 1229 3951 3‘
1276 3916 1611 3973 inventione
1649 3936 1663 3974 :
1696 3923 1840 3974 Deus

152 4007 411 4062 deorum
463 4004 730 4068 Domine;
779 4003 1049 4074 quintum
1102 4005 1171 4060 de
1224 4011 1427 4062 sancto
1477 4006 1787 4063 Laurentio
1818 4025 1838 4061 .-

157 4091 520 4151 Conscendat
546 4109 715 4164 usque
743 4092 982 4164 sydera;
1014 4098 1242 4148 sextum
1276 4096 1345 4150 de
1375 4096 1653 4151 omnibus
1695 4114 1836 4152 san-

155 4185 280 4239 ctis
321 4200 334 4237 :
372 4182 568 4236 Omnes
611 4185 837 4252 superni
866 4182 1104 4237 ordines.
1139 4183 1218 4238 De
1257 4189 1459 4239 sancta
1496 4185 1674 4240 Maria
1708 4202 1838 4240 vero

152 4273 311 4328 fecit
340 4269 604 4342 quinque
651 4270 893 4326 intimas
929 4272 1239 4339 orationes,
1273 4289 1522 4342 quarum
1570 4275 1834 4330 omnium

153 4376 493 4416 commune
523 4359 756 4414 initium
788 4365 877 4415 est
901 4378 913 4415 :
942 4361 1049 4415 Ave
1077 4362 1250 4416 Maria
1279 4364 1460 4431 gratia
1485 4362 1837 4431 plena.Fecit

151 4452 353 4505 etiam
388 4449 539 4504 duas
569 4449 676 4504 has
698 4449 959 4504 initiates
979 4449 1024 4484 ⁸⁸
1046 4449 1475 4504 modulationes
1501 4467 1514 4504 :
1538 4450 1833 4521 Advertite,

152 4554 366 4594 omnes
392 4538 628 4609 populi;
659 4542 717 4592 et
749 4555 762 4593 :
801 4541 1136 4607 Peccatores,
1185 4539 1513 4608 peccatrices
1550 4540 1836 4610 quandam

1946 3379 2234 3436 volebant.
2260 3379 2376 3434 Iste
2405 3394 2538 3434 vero
2569 3377 2877 3449 episcopus
2907 3380 2964 3431 et
2992 3391 3196 3431 omnes
3227 3389 3595 3430 successores

1949 3469 2076 3540 ejus
2108 3473 2210 3523 aut
2235 3483 2412 3523 novas
2443 3465 2716 3522 ecclesias
2748 3469 2850 3520 aut
2880 3481 3025 3520 nova
3055 3463 3265 3536 palatia
3289 3467 3389 3517 aut
3417 3461 3591 3516 etiam

1950 3557 2188 3614 castella
2217 3556 2601 3621 asdiﬁcabant,
2621 3559 2679 3610 et
2705 3555 2811 3610 hec
2834 3553 3056 3626 jugiter
3081 3552 3391 3624 operando,
3413 3567 3593 3622 popu«

1949 3646 2073 3701 lum
2093 3647 2204 3702 sibi
2227 3645 2578 3702 serviturum
2601 3643 2809 3700 ultima
2829 3647 3169 3715 paupertate
3189 3640 3593 3696 attenuabant.

1948 3735 2094 3791 Nam
2117 3735 2451 3791 universum
2478 3749 2640 3806 pzene
2659 3737 2892 3804 tempus
2917 3729 3596 3799 etercorationis,aratio-

1950 3825 2043 3880 nis
2062 3825 2358 3896 totiusque
2371 3822 2891 3895 agriculturaedum
2907 3818 3596 3891 solislapidibuscompo-

1948 3913 2157 3969 nendis
2185 3913 2402 3984 iugiter
2427 3909 2872 3982 impenditur,et
2898 3914 3096 3964 tamen
3126 3906 3390 3962 debitum
3419 3905 3596 3962 servi-

1946 4002 2096 4058 tium
2127 4018 2363 4058 summa
2390 4000 2693 4056 severitate
2723 3998 2990 4070 exigitur,
3005 3997 3164 4069 prior
3193 3993 3596 4051 habundantia

1947 4092 2018 4146 ad
2065 4091 2346 4162 inopiam,
2379 4093 2434 4144 et
2482 4104 2718 4143 summa
2749 4086 2949 4142 laetitia
2987 4101 3113 4156 quae
3139 4084 3250 4140 sub
3300 4083 3592 4155 prioribus

1946 4179 2236 4251 episcOpis
2265 4182 2409 4243 erat,
2433 4179 2502 4232 ad
2536 4177 2852 4232 maximam
2886 4177 3118 4232 redacta
3147 4179 3236 4230 est
3262 4172 3590 4228 tristiciam.

1944 4269 2107 4332 Quod
2138 4269 2209 4323 de
2258 4267 2428 4322 nobis
2459 4268 2503 4302 ⁴⁰
2531 4267 2682 4334 dico,
2716 4265 2861 4321 satis
2893 4271 3097 4321 notum
3143 4263 3246 4319 tibi
3278 4263 3422 4328 scio,
3455 4261 3593 4334 quia

1944 4356 2710 4427 Wirzeburgensibus,inter
2730 4372 2878 4426 quos
2899 4351 3590 4424 habitas,quodammodo

1945 4445 2212 4501 naturale
2223 4449 2312 4500 est
2325 4445 2622 4498 destruere
2639 4442 3168 4513 etmdiﬁcare,quad
3179 4445 3303 4496 rata
3325 4439 3592 4494 rotundis

1945 4540 2171 4590 mutare
2200 4535 2461 4603 (36).Hoc
2483 4533 2766 4604 opus,hoc
2797 4532 3060 4586 studium
3092 4546 3223 4585 cum
3254 4529 3350 4583 his
3375 4527 3592 4599 episco-

151 4628 270 4684 Hic
305 4628 382 4680 70
418 4625 729 4681 canonicos
765 4625 1149 4681 Eihstetensis
1180 4625 1646 4698 congregationis
1677 4627 1833 4683 inve-
1867 4643 1912 4706 Ι)
1945 4625 2035 4697 pis
2065 4623 2244 4690 venit,
2279 4623 2495 4696 quibus
2543 4626 2667 4676 erat
2696 4625 2752 4675 et
2779 4624 2869 4675 est
2918 4615 3354 4673 hereditarium.
3389 4615 3468 4670 De
3498 4612 3591 4668 his

152 4716 277 4786 nit,
317 4715 423 4770 sed
456 4715 658 4784 ejectis
690 4730 808 4769 una
837 4714 930 4768 die
957 4715 1030 4767 20
1061 4713 1360 4778 fratribus,
1394 4715 1463 4770 ad
1493 4716 1564 4768 50
1594 4717 1834 4787 redegit.

149 4806 337 4870 Quos
367 4807 570 4858 tamen
603 4819 828 4869 omnes,
860 4802 1184 4874 parrocbiis
1216 4803 1390 4871 datis,
1425 4804 1569 4859 satis
1601 4805 1838 4861 devotos

148 4891 407 4948 habuit.

232 4983 337 5036 28.
371 4981 494 5036 Sub
527 4980 640 5034 hoc
688 4980 961 5051 episcopo
991 4982 1464 5036 Gunderammus
1512 4982 1838 5038 Eihsteten-

145 5071 335 5127 sium
367 5069 662 5125 scolarum
683 5068 968 5140 magister
996 5069 1325 5141 fuerat;qui
1357 5072 1634 5142 quoniam
1656 5071 1837 5142 domi,

1945 4712 2112 4857 alliga:
2139 4800 2323 4873 Igitur
2352 4803 2550 4854 noster
2582 4797 2698 4862 ille,
2735 4795 2946 4850 dirutis
2998 4793 3258 4865 antiquis
3288 4797 3344 4862 et
3366 4791 3591 4847 invete-

1947 4892 2091 4946 ratis
2120 4895 2380 4945 veterum
2412 4887 2814 4959 episcoporum
2841 4883 3276 4950 aediﬁciis,nova
3306 4881 3592 4949 subvexit,

1947 4995 2128 5051 eaque
2159 4978 2221 5033 in
2254 4977 2495 5033 australi
2528 4973 2865 5030 monasterii
2895 4973 3094 5044 latere,
3109 4972 3207 5028 ubi
3240 4972 3405 5044 prius
3435 4970 3593 5026 clau-

1947 5073 2134 5125 strum
2189 5071 2457 5123 nostrum
2489 5069 2631 5132 erat,
2685 5063 2974 5136 apposuit.
3010 5061 3359 5119 Hodiernam
3407 5059 3596 5116 sancti

1541 5213 1782 5270 VARUE
1823 5210 2228 5268 LECTIONES.

231 5330 290 5364 ³ο
321 5327 618 5395 tegendum
646 5327 864 5398 videtur
894 5345 910 5380 :
943 5327 993 5382 si
1024 5326 1154 5398 ipsa
1180 5343 1230 5383 e.
1262 5344 1309 5382 s.
1344 5327 1403 5382 in
1435 5328 1472 5383 i.
1506 5329 1564 5382 (ἰ.
1598 5329 1712 5383 sita
1760 5343 1896 5382 non.
1930 5327 1969 5380 ἶ.
2003 5327 2066 5381 Ρ.
2098 5397 2105 5398 ί
2146 5325 2189 5360 ³¹
2214 5324 2351 5398 ejus
2379 5323 2498 5398 cod.
2573 5323 2624 5398 εξξ
2652 5321 2955 5398 nobilitate
2981 5320 3098 5398 cod.
3173 5318 3591 5398 3’__herwipoli_s

137 5401 291 5458 cod.
370 5400 420 5433 ³⁸
452 5403 654 5454 sancto
711 5397 1006 5469 Stephano
1050 5397 1178 5454 cod.
1255 5399 1300 5433 ³⁵

137 5476 198 5509 ³9
232 5473 396 5528 deest
425 5470 543 5525 cod.
622 5470 667 5504 ‘°
694 5478 882 5524 utrum
911 5471 1013 5535 ita,
1044 5487 1117 5525 an
1145 5469 1328 5540 vobis,
1361 5473 1648 5526 incertum.

1355 5415 1460 5455 vox
1518 5401 1730 5454 incerta
1784 5416 1847 5453 in
1899 5399 2016 5454 cod.
2092 5397 2137 5431 ⁸⁸
2191 5391 2334 5451 deest
2389 5393 2503 5448 cod.
2580 5394 2623 5428 ³⁷
2655 5410 2790 5448 nam
2845 5392 2959 5448 cod.
3037 5393 3081 5426 ³⁸
3121 5391 3418 5448 meliorem
3473 5391 3589 5449 cod.

1762 5567 1998 5624 NOTZE.

237 5668 370 5737 (33)
404 5667 466 5721 Id
499 5671 588 5737 est
613 5668 836 5737 prater.

241 5669 348 5736 (33
404 5669 466 5721 Id
499 5671 588 5722 est
613 5669 836 5737 prater.

241 5669 370 5813 (34;
404 5736 756 5811 Nordlingen
788 5735 1007 5794 civitas.

2017 5665 2128 5734 (35)
2161 5664 2222 5719 Id
2253 5666 2342 5718 est
2371 5661 2608 5734 dichten.

2019 5701 2129 5810 i533
2161 5701 2636 5806 ἓᾉῖἔέἒῖὲῗὶῖῖ,
2672 5733 2792 5787 100.
