3996 6148
166 362 321 429 1021

968 374 1407 439 ANONYMUS
1451 376 1552 439 DE
1597 373 1997 440 EPISCOPIS
2040 372 2786 440 EICHSTETENSIBUS.

3418 379 3446 438 Ι
3456 374 3574 436 022

168 499 469 558 abbatiam
501 502 546 539 δ’
573 504 685 577 (42)
737 508 1055 580 Eystetensi
1102 508 1459 581 episcOpatui
1499 508 1816 566 attribuere
1844 511 1899 577 Α
1927 508 2177 581 episcooi
2210 508 2441 564 duobus
2487 507 2730 564 insimul
2769 504 3359 581 Wirzeburgensibus
3398 508 3572 564 datus

168 591 509 661 destinavit,
536 609 604 649 ea
642 594 863 651 scilicet
884 596 1028 669 lege,
1062 602 1127 652 ut
1164 614 1403 670 corpore
1422 599 1609 654 sancti
1632 599 1818 655 Willi-

167 679 331 736 baldi
363 679 503 737 illuc
550 688 852 755 translato,
910 686 1258 758 episcopalis
1307 688 1475 743 sedes
1518 689 1577 743 in
1610 690 1815 745 eodem

167 771 628 827 constitueretur
656 772 799 829 loco.
823 775 985 841 Quod
1009 776 1146 846 quia
1177 776 1549 833 sanctissimo
1576 782 1817 850 patrono

165 864 393 925 nostro,
425 860 581 916 hunc
603 862 794 917 locum
819 864 1151 935 specialiter
1171 867 1413 934 amanti,
1436 884 1546 921 non
1576 866 1815 939 placuit,

165 950 242 1005 ad
277 950 547 1005 effectum
589 967 961 1023 nequaquam
1013 955 1312 1025 pervenire
1356 956 1563 1028 potuit.
1618 957 1728 1012 Sed
1761 961 1819 1011 et

163 1037 666 1111 Nuenburgenses
733 1042 1215 1099 sanctimoniales
1267 1044 1649 1116 prOpitiatrici
1700 1062 1818 1101 sua)

164 1132 387 1183 sanctas
410 1127 602 1183 Marias
633 1131 1135 1187 constantissimis
1159 1132 1429 1205 precibus
1458 1151 1645 1206 usque
1676 1135 1819 1192 adeo

164 1216 492 1272 incubuere
518 1218 700 1273 donec
722 1219 994 1275 effectum
1014 1221 1312 1293 petitionis
1330 1222 1651 1278 obtinuere.
1673 1223 1819 1280 Nam

165 1306 317 1361 dum
348 1306 656 1379 episcOpus
672 1309 919 1365 eandem
949 1310 1243 1367 abbatiam
1256 1312 1381 1383 jam
1404 1327 1531 1367 sese
1551 1312 1611 1367 in
1635 1312 1822 1367 mani-

165 1394 287 1450 bus
319 1394 530 1451 habere
560 1400 814 1467 putaret,
847 1401 903 1452 et
932 1398 1111 1469 hujus
1138 1399 1218 1455 rei
1250 1400 1441 1471 gratia
1478 1402 1550 1456 ad
1596 1400 1821 1456 curiam

166 1482 520 1539 latissimus
531 1485 770 1551 veniret,
792 1492 1024 1557 repente
1041 1487 1195 1560 regis
1207 1491 1443 1546 animus
1456 1489 1820 1560 immutatur,

167 1577 231 1629 et
259 1576 383 1628 tam
406 1572 645 1629 diutina:
668 1575 921 1646 presulis
943 1578 1327 1649 expectationi
1352 1579 1583 1651 penitus
1607 1596 1821 1635 renun-

167 1662 383 1718 ciatur.
409 1663 531 1727 Quo
556 1662 651 1719 ille
672 1665 873 1721 audito
895 1666 1148 1738 graviter
1168 1668 1365 1723 animo
1388 1672 1820 1738 consternatus,

165 1751 233 1806 in
263 1756 500 1808 tantum
525 1769 673 1825 aegre
694 1752 849 1819 tulit,
875 1760 938 1809 ut
954 1759 1009 1810 et
1030 1754 1317 1828 laorymas
1342 1773 1457 1812 non
1478 1757 1823 1825 contineret,

164 1845 231 1896 et
260 1841 457 1913 palam
476 1846 747 1898 sanctum
767 1842 1173 1899 Willibaldum
1198 1850 1447 1917 rogaret,
1467 1862 1539 1901 ne
1561 1862 1820 1919 unquam

163 1930 343 1986 vivus
371 1929 557 1987 Eistat
600 1931 832 1989 rediret.
882 1932 1043 1996 Quod
1075 1938 1150 2004 et,
1204 1934 1346 2006 proh
1379 1934 1568 1990 dolor!
1606 1935 1825 1991 factum

164 2024 291 2087 est;
332 2037 467 2075 nam
489 2020 551 2075 in
579 2021 875 2077 redeundo
896 2022 1301 2093 aagritudinem
1332 2023 1558 2092 incidit,
1581 2029 1638 2079 et
1670 2028 1829 2079 ante-

167 2124 357 2182 quam
389 2108 569 2165 Eistat
596 2109 923 2182 perveniret
953 2111 1106 2167 inter
1131 2112 1255 2167 vias
1297 2113 1610 2168 defunctus
1642 2114 1825 2185 (1042,

168 2199 291 2254 Jul.
341 2199 518 2267 xxiv),
578 2214 611 2252 a
662 2198 1019 2269 Frisingensi
1076 2199 1346 2272 episcOpo
1399 2200 1691 2273 Egilberto
1732 2202 1829 2257 illo

176 2284 466 2350 mirabili,
498 2302 673 2357 quem
704 2286 764 2340 in
796 2286 913 2342 vita
944 2287 1261 2359 plurimum
1294 2288 1493 2356 coluit,
1512 2291 1829 2346 accuratis-

173 2374 334 2429 sime
364 2374 628 2446 sepultus
657 2380 765 2430 est.
799 2375 861 2430 In
892 2380 1123 2432 tantum
1155 2394 1287 2432 vero
1330 2378 1536 2434 fratres
1566 2380 1636 2434 de
1667 2379 1828 2434 obitu

172 2468 307 2518 tam
339 2462 743 2535 benignissimi
792 2465 973 2536 patris
1023 2464 1284 2522 doluisse
1343 2466 1629 2531 feruntur,
1664 2472 1730 2521 ut
1758 2467 1830 2522 ad

175 2551 487 2607 tumulum
519 2552 647 2623 ejus
677 2569 780 2624 per
799 2552 952 2610 vices
981 2571 1169 2626 usque
1192 2556 1263 2610 ad
1288 2554 1653 2611 tricesimum
1676 2556 1831 2611 diem

175 2645 595 2713 pernoctanter
614 2641 944 2715 vigilarent,
978 2647 1035 2698 et
1080 2643 1263 2699 nimio
1322 2661 1518 2700 amore
1544 2645 1829 2717 percussi,

172 2747 289 2805 pro
311 2735 512 2786 sancto
534 2746 666 2785 eum
687 2732 866 2788 ferme
895 2732 1194 2787 haberent.
1226 2733 1406 2803 Cujus
1428 2733 1694 2805 sepulcro
1719 2732 1832 2788 tale

172 2820 518 2891 appositum
552 2824 639 2875 est
667 2819 1029 2893 epitaphium
1061 2822 1134 2877 ab
1156 2822 1386 2894 egregio
1418 2821 1514 2877 illo
1543 2823 1831 2878 versifica-

169 2915 305 2964 tore
361 2908 767 2965 Willerammo
824 2910 1053 2977 abbate,
1120 2912 1554 2983 consanguineo
1609 2912 1831 2967 scilicet

170 3014 311 3063 suo,
347 2998 735 3070 compositum
757 3016 770 3053 :

165 3088 416 3138 EcceDei
437 3100 624 3137 servus
656 3087 852 3151 praesul
875 3088 1031 3152 jaceo
1059 3087 1146 3138 hic
1167 3088 1493 3149 Heribertus,
1522 3092 1572 3138 et
1608 3088 1826 3154 reliqua.

247 3168 342 3223 33.
378 3168 520 3223 Huic
547 3168 819 3240 episcopo
878 3168 1051 3225 frater
1105 3185 1251 3225 suus
1299 3169 1708 3225 Gocemannus
1766 3170 1825 3225 in

1925 602 2013 653 est
2043 597 2340 667 fratribus,
2376 596 2753 652 Gebehardus
2776 598 3218 670 Ratisponensis
3240 597 3571 669 episcopus,

1926 686 2080 758 regis
2111 691 2374 757 patruus,
2408 686 2705 758 postulare
2733 687 2927 758 cmpit,
2965 691 3028 742 ut
3060 704 3177 742 sua:
3209 688 3574 759 cognationis

1926 775 2115 848 gratia
2143 775 2410 830 Chunoni
2451 775 2912 848 archipreposito
2946 792 3053 830 suo
3103 776 3358 831 daretur.
3392 775 3574 845 Cujus

1928 864 2191 937 petitioni
2225 865 2818 937 benignusaugustus
2848 865 2907 919 in
2937 868 3169 920 tantum
3192 865 3578 936 acquievit,ut

1927 954 2083 1009 idem
2117 954 2447 1026 prepositus
2500 955 2571 1009 de
2632 954 2968 1026 episcOpatu
3026 957 3148 1008 tam
3206 958 3402 1009 certus
3450 970 3579 1009 esse

1929 1042 2124 1108 vellet,
2151 1046 2212 1097 ut
2244 1042 2420 1098 etiam
2468 1043 2837 1114 quorundam
2882 1040 3225 1097 clericorum
3270 1041 3575 1096 servitium

1930 1132 2098 1202 quasi
2114 1132 2239 1201 jam
2264 1131 2527 1186 debitum
2551 1149 2666 1187 non
2692 1133 3006 1187 recusaret.
3039 1133 3345 1201 Comperto
3382 1134 3576 1184 autem

1928 1219 2247 1291 imperator
2270 1221 2426 1292 quod
2458 1220 2779 1293 presbyteri
2811 1220 2969 1275 filius
2999 1224 3153 1276 esset
3184 1235 3316 1274 cum
3341 1218 3578 1291 penitus

1932 1308 2042 1364 sibi
2073 1309 2476 1381 episcopatum
2522 1310 2660 1366 dare
2708 1308 3015 1377 noluisset,
3063 1312 3309 1380 patruus
3358 1309 3487 1379 ejus
3520 1308 3579 1362 in

1930 1400 2163 1452 tantum
2206 1398 2378 1469 cmpit
2418 1397 2740 1469 indignari,
2800 1402 2864 1452 ut
2910 1396 3149 1464 diceret,
3198 1414 3315 1453 non
3347 1400 3584 1468 propter

1933 1485 2270 1556 praedictam
2304 1487 2757 1554 excusationem,
2792 1486 2890 1542 sed
2953 1486 3141 1559 magis
3199 1490 3433 1558 propter
3489 1484 3581 1540 sui

1934 1573 2369 1646 despectionem
2396 1575 2505 1630 hoc
2536 1576 2646 1631 sibi
2674 1574 2968 1648 denegari.
3003 1578 3187 1639 Quam
3220 1573 3412 1647 patrui
3446 1592 3578 1629 sus-

1934 1662 2225 1733 picionem
2257 1679 2391 1718 cum
2441 1680 2620 1719 caesar
2668 1665 2975 1719 excludere
3026 1663 3225 1718 vellet:
3277 1665 3339 1721 Ut
3389 1664 3581 1718 sciatis

1932 1750 2143 1823 inquit,
2171 1768 2257 1807 me
2284 1752 2429 1807 nihil
2448 1769 2587 1825 erga
2614 1768 2705 1807 vos
2732 1754 2852 1807 nisi
2881 1751 3022 1823 quod
3054 1754 3253 1806 bonum
3275 1758 3354 1807 est
3372 1753 3582 1815 moliri,

1934 1841 2122 1912 oﬁ‘erte
2148 1841 2289 1895 mihi
2319 1857 2691 1914 quemcunque
2714 1842 2972 1897 idoneum
2999 1857 3069 1896 ea:
3104 1841 3456 1907 vestralibus,
3488 1841 3587 1895 hoc

1938 1938 2152 1985 tantum
2180 1933 2416 2001 excepto,
2449 1935 2502 1986 et
2530 1931 2871 1986 voluntatem
2900 1934 3133 1986 vestram
3156 1930 3387 1986 libenter
3410 1930 3587 1984 adim-

1932 2019 2109 2090 plebo.
2142 2020 2226 2074 Ad
2260 2019 2380 2074 haec
2405 2019 2502 2075 ille
2531 2036 2665 2075 cum
2702 2020 2932 2075 debitas
2961 2018 3176 2091 egisset
3207 2019 3443 2092 gratias,
3477 2020 3584 2074 Ha-

1941 2108 2051 2175 beo,
2083 2107 2293 2179 inquit,
2326 2108 2416 2163 hic
2450 2125 2662 2164 mecum
2694 2111 2974 2181 juniorem
3001 2108 3272 2180 quendam
3299 2113 3587 2180 cognatum

1937 2213 2139 2263 meum,
2172 2200 2264 2252 cui
2291 2198 2342 2253 si
2365 2200 2667 2269 praefatum
2696 2200 3061 2269 episcopatum
3108 2198 3396 2261 dederitis,
3426 2197 3582 2252 devo-

1938 2286 2212 2342 tissimum
2237 2303 2325 2342 me
2351 2302 2562 2357 semper
2592 2287 2653 2341 in
2681 2287 2934 2341 omnibus
2956 2286 3248 2341 habebitis.
3283 2286 3434 2340 Tum
3458 2284 3582 2339 ille:

1939 2376 2136 2441 Facite,
2167 2374 2373 2447 inquit,
2405 2376 2563 2429 illum
2592 2374 2662 2428 ad
2691 2390 2789 2430 nos
2810 2376 3017 2429 venire.
3050 2375 3229 2438 Quem
3262 2374 3582 2428 adductum

1940 2480 2120 2519 caasar
2165 2463 2435 2531 intuitus,
2473 2462 2654 2528 Valde,
2680 2463 2894 2534 inquit,
2925 2465 3110 2518 minor
3154 2470 3236 2518 est
3262 2467 3312 2518 et
3342 2461 3411 2517 ad
3439 2462 3583 2517 hanc

1939 2552 2267 2621 dignitatem
2296 2553 2394 2606 vix
2429 2552 2655 2607 idoneus
2683 2552 2815 2607 satis
2846 2551 3067 2606 Deinde
3096 2550 3378 2607 consultis
3411 2567 3586 2621 super

1941 2640 2049 2696 hac
2079 2658 2140 2696 re
2182 2640 2580 2696 assidentibus
2630 2641 2940 2712 episcopis,
2993 2644 3049 2695 et
3079 2639 3323 2696 diversis
3354 2639 3584 2695 diversa

1940 2729 2448 2801 respondentibus,
2481 2733 2723 2784 sanctus
2762 2729 2949 2785 Bardo
2980 2728 3361 2801 Moguntinus
3387 2729 3585 2784 archi-

1939 2819 2247 2891 episcopus
2266 2819 2478 2874 subtus
2495 2818 2790 2874 cucullam
2810 2834 2978 2873 suam
2993 2822 3057 2873 ut
3070 2817 3294 2873 solebat
3306 2817 3585 2873 collectus

1938 2912 1996 2963 et
2025 2908 2257 2971 tacitus,
2278 2924 2411 2962 cum
2434 2912 2491 2962 et
2520 2908 2644 2979 ipse
2667 2908 2737 2962 ad
2762 2908 3233 2980 respondendum
3259 2911 3580 2978 rogaretur,

1940 3000 2253 3068 postquam
2286 2996 2500 3069 saepius
2531 3013 2665 3052 eum
2698 2996 2951 3052 intuitus
2982 3002 3090 3067 est,
3125 2996 3382 3052 demisso
3413 2995 3577 3052 vultu

1936 3085 2173 3140 tandem
2207 3087 2279 3140 ad
2313 3085 2725 3157 imperatorem
2758 3086 2869 3141 ait:
2918 3088 3165 3158 Domine,
3199 3086 3331 3142 bene
3358 3088 3584 3157 potestis

1937 3173 2078 3229 hanc
2106 3174 2214 3228 sibi
2241 3174 2374 3228 dare
2394 3176 2736 3245 potestatem,
2771 3175 2902 3244 quia
2932 3164 3229 3246 aliquando
3249 3174 3451 3230 dabitis
3471 3176 3582 3230 sibi

168 3257 520 3329 episcopatu
550 3256 857 3326 successit,
887 3257 988 3313 sed
1020 3256 1256 3314 nonnisi
1274 3258 1504 3314 duobus
1526 3259 1832 3315 mensibus
1864 3247 1906 3312 C
1936 3262 2221 3333 majorem.
2240 3262 2403 3326 Quod
2427 3279 2525 3317 rex
2545 3262 2863 3317 admodum
2888 3262 3156 3317 miratus.
3178 3261 3346 3332 Quid,
3368 3261 3585 3333 inquit,

174 3348 485 3415 superstes
516 3344 644 3400 fuit.
683 3344 1116 3402 Verumtamem
1178 3345 1307 3401 licet
1367 3347 1526 3402 brevi
1569 3351 1831 3418 tempore

179 3431 485 3501 prefuerit,
510 3432 778 3488 nonnihil
810 3433 1189 3491 memorabile
1218 3434 1277 3489 in
1299 3434 1504 3491 diebus
1526 3436 1651 3491 suis
1672 3436 1826 3491 iecit.

170 3521 473 3593 Adjuncto
496 3537 751 3594 namque
767 3522 1037 3578 Brunone
1048 3522 1523 3596 Wirzeburgensi
1537 3523 1827 3597 episcopo,

171 3610 590 3682 supradictum
649 3616 862 3666 sanctae
921 3611 1255 3685 Walpurgaa
1316 3612 1736 3669 monasterium
1770 3614 1829 3669 in

171 3700 332 3755 festo
382 3700 568 3755 sancti
620 3699 964 3768 Burcbardi,
999 3704 1063 3755 ut
1094 3705 1149 3756 et
1188 3702 1382 3772 ipsum
1417 3701 1513 3758 hic
1542 3702 1829 3758 celebrem

170 3788 452 3853 facerest,
486 3788 811 3856 dedicavit;
844 3793 901 3843 et
930 3788 1139 3844 deinde
1170 3794 1303 3860 post
1333 3794 1450 3845 tres
1476 3790 1598 3846 dies
1622 3791 1826 3846 defun—

169 3876 507 3947 ctus(1042,
540 3877 651 3932 Oct.
682 3878 840 3949 xvu),
874 3894 906 3932 a
938 3878 1174 3949 prmiato
1204 3878 1676 3951 Wirzeburgensi
1708 3881 1830 3953 epi-

168 3981 357 4037 scopo
375 3966 543 4035 juxta
570 3966 808 4022 fratrem
840 3982 1015 4022 suum
1048 3966 1368 4024 honorifice
1420 3968 1689 4041 sepultus
1718 3975 1825 4025 est.

247 4055 339 4110 34.
363 4057 610 4111 Secutus
640 4058 731 4110 est
755 4054 1138 4112 Gebehardus
1196 4056 1532 4129 episcOpus,
1582 4058 1681 4130 qui
1715 4058 1828 4113 uti-

168 4160 317 4201 nam
341 4148 446 4199 aut
465 4160 766 4215 nunquam
799 4143 1012 4216 praesul
1032 4144 1212 4211 ﬁeret,
1241 4149 1342 4200 aut
1364 4146 1551 4202 factus
1572 4151 1693 4201 tam
1716 4146 1828 4203 cito

168 4233 520 4291 subtractus
541 4249 656 4290 non
678 4234 862 4289 esset!
893 4232 1282 4289 Tolerabilius
1326 4235 1479 4289 enim
1509 4241 1682 4304 esset,
1714 4236 1829 4292 tale

170 4323 401 4379 bonum
432 4322 674 4377 omnino
706 4322 966 4378 nescisse
994 4338 1173 4394 quam
1231 4323 1531 4394 cognitum
1563 4328 1681 4379 tam
1714 4324 1827 4379 cito

170 4409 473 4467 amisisse.
506 4410 611 4465 Hic
658 4414 818 4483 patre
874 4410 1194 4483 Hartwigo,
1248 4416 1434 4467 matre
1471 4428 1606 4467 vero
1640 4412 1831 4468 Beliza

172 4505 380 4570 natus,
402 4500 612 4556 Suevia
632 4498 917 4557 oriundus
949 4499 1137 4556 extitit
1165 4500 1299 4571 (43),
1330 4504 1386 4556 et
1434 4502 1609 4557 etiam
1664 4518 1829 4575 rega-

1935 3358 2093 3421 pater
2139 3350 2339 3405 dixisti
2384 3348 2449 3406 de
2493 3352 2685 3421 futura
2731 3349 2951 3405 datione
2998 3349 3229 3420 majoris
3278 3348 3592 3419 potestatis?

1938 3440 2009 3493 At
2040 3437 2136 3493 ille
2166 3439 2494 3493 subridens.
2528 3440 2596 3493 Et
2627 3442 2763 3507 tam,
2797 3437 3010 3509 inquit,
3043 3438 3105 3492 in
3132 3436 3359 3492 dicendo
3390 3436 3433 3469 ‘3
3459 3452 3472 3502 ;
3505 3452 3589 3491 ve-

1939 3531 2257 3582 rumtamen
2287 3532 2347 3583 ut
2373 3527 2512 3595 dixi,
2539 3528 2669 3582 bene
2684 3529 2906 3599 potestis
2926 3528 3072 3581 hunc
3092 3525 3203 3581 sibi
3222 3526 3589 3597 episcOpatum

1940 3616 2157 3687 largiri.
2191 3616 2313 3680 Quo
2344 3632 2442 3671 rex
2473 3616 2673 3672 audito
2705 3632 2944 3671 securus
2988 3616 3115 3687 jam
3164 3614 3311 3669 tanti
3365 3612 3471 3668 viri
3501 3618 3587 3667 te-

1940 3704 2235 3772 stimonio,
2256 3704 2496 3759 anulum
2530 3704 2640 3759 sibi
2660 3720 2790 3759 mox
2812 3702 2974 3758 dedit
2998 3719 3130 3757 cum
3151 3701 3359 3758 baculo
3376 3702 3582 3773 (1042).

1939 3794 2102 3857 Quod
2134 3810 2267 3847 cum
2309 3798 2473 3865 pater
2517 3794 2645 3865 ejus
2691 3793 3031 3864 Hartwigus
3057 3791 3338 3857 audisset,
3374 3807 3585 3863 magno

1939 3887 2003 3936 ut
2059 3881 2253 3937 decuit
2280 3882 2494 3954 gaudio
2527 3881 2807 3954 repletus,
2859 3880 3191 3936 sciscitatur
3220 3880 3419 3935 statim
3452 3880 3587 3951 quis

1938 3974 2092 4026 esset
2121 3970 2300 4042 hujus
2331 3971 2608 4042 episcopii
2639 3972 2683 4005 “
2712 3974 3017 4041 patronus.
3049 3969 3149 4024 Cui
3183 3984 3316 4024 cum
3347 3973 3589 4024 sanctus

1936 4059 2302 4117 Willibaldas
2334 4060 2755 4127 nominaretur,
2788 4064 2988 4131 Papa!
3018 4058 3231 4129 inquit,
3274 4058 3585 4129 sompnium

1935 4166 2117 4205 meum
2146 4165 2235 4203 me
2274 4149 2492 4220 fefellit.
2545 4148 2693 4204 Olim
2754 4148 2969 4219 quippe
2990 4146 3381 4218 sompniabat,
3429 4146 3587 4217 quod

1937 4237 2048 4293 iste
2079 4237 2235 4292 ﬁlius
2265 4254 2408 4293 suus
2431 4237 2617 4293 sancti
2640 4237 2794 4293 Petri
2817 4240 3017 4309 pastor
3045 4250 3173 4291 esse
3194 4236 3448 4290 deberet.
3471 4235 3580 4291 Sed

1939 4325 2200 4380 nondum
2232 4325 2389 4381 venit
2418 4325 2561 4380 hora
2586 4326 2735 4395 ejus.

2008 4414 2096 4468 35.
2132 4418 2269 4469 Post
2297 4413 2401 4468 hec
2433 4413 2787 4468 sublimatus
2812 4412 3130 4484 pontificali
3180 4411 3365 4466 infula
3392 4411 3580 4466 domi-

1940 4519 2051 4557 nus
2084 4506 2280 4557 noster
2319 4500 2718 4567 Gebehardus,
2770 4500 2905 4555 licet
2950 4501 3153 4569 junior
3208 4504 3362 4554 esset
3392 4502 3580 4563 aetate,

172 4589 319 4660 lem,
347 4592 413 4643 ut
463 4588 588 4661 ipse
616 4588 925 4645 Heinricus
955 4588 1274 4661 imperator
1303 4589 1830 4661 fatebatur,prosa-
1860 4613 1907 4677 D
1939 4589 2086 4645 nihil
2119 4595 2313 4644 tamen
2350 4588 2569 4660 puerile
2612 4587 2795 4677 gessit
2822 4589 2880 4642 in
2911 4603 3100 4677 opere,
3130 4588 3229 4677 sed
3261 4586 3343 4640 ita
3369 4586 3441 4640 de
3471 4586 3582 4639 vir-

172 4678 339 4751 piam
356 4694 426 4733 ex
457 4682 618 4749 parte
647 4677 863 4750 attigit.
896 4680 1079 4742 Quam
1106 4683 1303 4734 tamen
1333 4679 1829 4751 arrogantiam,ut
1860 4674 1896 4677 _
1936 4684 2059 4733 tute
2091 4679 2149 4733 in
2180 4678 2453 4733 virtutem
2484 4676 2753 4732 certatim
2787 4676 3070 4745 ascendit,
3101 4679 3166 4730 ut
3195 4674 3350 4730 inter
3379 4690 3583 4729 omnes

170 4773 306 4823 erat
336 4766 753 4833 facetissimus,
784 4767 1044 4822 suaviter
1072 4766 1169 4822 ille
1219 4767 1568 4838 declinabat,
1601 4769 1822 4837 dicens,

169 4872 237 4913 se
270 4855 514 4927 quidem
544 4854 719 4912 claris
750 4859 842 4911 sat
861 4859 1055 4911 ortum
1082 4856 1444 4927 parentibus,
1478 4857 1578 4912 sed
1610 4873 1827 4929 nequa-

166 4960 357 5016 quam
389 4944 461 4999 ad
492 4944 646 5000 hanc
700 4943 1048 5016 dignitatem
1080 4944 1525 5015 pertinentibus.
1564 4946 1663 5000 Hic
1691 4962 1823 5001 vero

165 5034 281 5091 hac
310 5034 639 5101 occasione,
673 5032 854 5089 immo
887 5036 953 5087 ut
992 5031 1187 5088 verius
1236 5032 1449 5102 dicam,
1482 5033 1681 5090 divina
1720 5036 1825 5091 hac

162 5122 541 5179 ordinatione
570 5121 763 5178 factus
791 5124 882 5177 est
910 5122 1242 5194 episcopus.
1264 5122 1577 5195 Postquam
1599 5124 1821 5196 episco-

162 5216 343 5285 patus
387 5214 589 5268 noster
644 5211 719 5267 ad
778 5208 1118 5282 petitionem
1176 5211 1486 5268 memorati
1532 5212 1824 5269 Brunonis

1934 4767 2096 4839 regni
2129 4765 2421 4839 principes
2467 4765 2669 4837 paucis
2716 4764 2974 4830 inferior,
3004 4763 3207 4819 multis
3264 4778 3396 4818 vero
3427 4767 3583 4818 esset

1933 4856 2218 4929 superior.
2254 4855 2515 4926 Denique
2552 4853 2704 4908 inter
2731 4856 2966 4909 caeteras
2995 4853 3241 4908 virtutes
3269 4850 3581 4925 specialem

1933 4944 2084 5001 hanc
2114 4945 2339 5011 habuit,
2373 4944 2527 5015 quod
2562 4942 2619 4997 in
2639 4941 2974 4998 exercendis
3004 4946 3124 4997 tam
3156 4940 3370 4997 divinis
3400 4958 3577 5013 quam

1932 5034 2211 5090 humanis
2233 5032 2477 5104 judiciis
2507 5032 2638 5088 talis
2661 5030 2918 5087 scientia
2939 5034 3230 5103 tantaeque
3258 5029 3579 5087 velocitatis

1932 5123 2218 5191 extitit,ut
2241 5124 2369 5194 jam
2402 5120 2700 5177 neminem
2729 5120 3063 5177 mortalium
3083 5120 3193 5176 hac
3221 5119 3278 5175 in
3312 5136 3372 5175 re
3402 5136 3575 5191 supe-

1933 5213 2151 5279 riorem
2178 5210 2469 5269 habuerit.
2497 5210 2708 5267 Paucis
2759 5210 2958 5282 itaque
2994 5208 3167 5266 annis
3192 5208 3577 5282 interpositis,

1533 5345 1705 5402 VARI

236 5436 283 5470 ⁸³
311 5434 455 5491 hanc
483 5450 668 5493 vocem
694 5434 867 5509 eodem,
885 5435 1090 5509 omittit
1108 5451 1131 5499 ;
1148 5435 1407 5509 Δ,ςιιρριευί
1433 5451 1503 5491 ea:
1530 5347 1823 5509 excerpfiri

2310 5451 2331 5497 ;
2371 5436 2441 5505 cf.
2495 5435 2682 5490 statim
2708 5433 3011 5504 sequentia.
3088 5431 3133 5466 ‘3
3163 5432 3241 5487 ita
3287 5429 3497 5495 codex;
3525 5447 3581 5489 se

165 5508 321 5564 locus
344 5514 424 5565 est
450 5513 755 5578 corruptus.
831 5507 876 5542 “
904 5506 1161 5580 episcOpi
1187 5506 1306 5563 cod.

1758 5594 1989 5654 ΝΟΤιΕ.

249 5696 359 5768 (42)
390 5694 686 5766 Neuburg.

2009 5694 2120 5767 (45)
2150 5697 2352 5753 Comes
2382 5695 2453 5752 de
2482 5692 2645 5752 Calw
2676 5693 2750 5750 ad
2781 5690 3025 5750 ﬂuvium
3055 5691 3297 5766 Nagold.
