3996 6148
490 348 643 418 1023

1580 352 1975 419 APPENDIX
2017 358 2120 419 AD
2166 354 2793 425 GUNDECHARUM.

3646 362 3750 429 lim

487 494 795 565 adoptatus
822 508 855 547 a
875 499 1085 548 caesare
1116 496 1205 549 est
1234 493 1294 550 in
1317 494 1881 553 administrationem
1908 498 2127 570 publici
2157 492 2210 559 Α
2241 490 2455 549 missas
2472 496 2665 565 ageret
2686 489 3081 565 interrogavit.
3104 488 3206 547 ΟιΙὶ
3226 489 3447 549 cumille
3460 497 3754 567 respondisset

490 582 809 654 regiminis.
830 583 887 637 In
921 599 1034 653 quo
1054 587 1185 638 actu
1210 588 1328 640 tam
1350 585 1661 658 multiplici
1682 586 1851 643 laude
1874 588 2132 661 resplen-

488 671 633 740 duit,
666 675 749 737 ut,
785 672 936 742 quod
964 673 1332 729 rarissimum
1360 680 1466 743 est,
1502 676 1783 732 invidiam
1807 678 2019 733 virtute
2041 696 2136 735 su-

496 759 735 831 peravit.
760 760 924 817 Unde
956 761 1171 817 factum
1203 768 1313 828 est,
1338 769 1401 818 ut
1432 764 1705 821 exulante
1728 766 1797 821 ad
1817 767 2133 838 Ungariam

496 848 775 905 Chunone
810 851 976 917 duce,
992 851 1406 921 ipseducatum
1428 855 1791 922 Bajoaricum
1812 858 1881 910 ad
1900 863 2134 927 tempus

489 938 811 1009 susciperet
844 941 1186 1009 regendum.
1212 943 1435 1005 Quibus
1466 945 1674 999 diebus
1696 944 1845 999 inter
1876 945 1987 999 alia
2017 945 2135 1016 glo-

488 1027 642 1081 riose
665 1032 829 1097 gesta
860 1028 1219 1095 Schirenses,
1245 1030 1565 1088 latrociniis
1590 1039 1651 1087 ut
1680 1034 1967 1105 hodieque
1997 1040 2137 1089 sunt

492 1116 977 1183 deditissimos,in
992 1122 1219 1174 tantum
1233 1121 1570 1187 devastavit,
1587 1123 1911 1177 combussit
1926 1141 1990 1177 ac
2005 1140 2136 1178 con-

489 1204 743 1269 trivit,ut
760 1206 936 1275 hujus
955 1207 1416 1264 aiﬂictionistam
1434 1228 1640 1281 perpes
1658 1212 1941 1266 memoria
1957 1229 2134 1281 quam

491 1292 855 1364 querimonia
885 1312 1061 1365 penes
1091 1299 1324 1352 eosdem
1358 1299 1450 1353 sit.
1490 1300 1563 1354 Eo
1594 1304 1853 1371 tempore
1885 1317 2017 1356 cum
2045 1318 2135 1356 se-

493 1382 723 1435 cundus
752 1399 785 1436 a
815 1399 946 1454 rege
976 1389 1150 1453 esset,
1184 1402 1400 1457 rexque
1438 1404 1570 1441 eum
1622 1388 1745 1443 solo
1797 1389 1959 1460 regni
1991 1386 2136 1443 solio

492 1468 859 1540 praecederet,
894 1488 1072 1525 caesar
1101 1473 1224 1543 ipse
1256 1474 1472 1545 aliique
1507 1474 1674 1531 multi
1706 1476 1985 1531 veraciter
2014 1492 2134 1530 cre-

492 1556 709 1625 didere,
742 1559 1108 1629 prophetiam
1134 1562 1294 1617 illam
1319 1564 1503 1619 sancti
1526 1566 1808 1620 Bardonis
1830 1567 1900 1620 de
1919 1565 2139 1635 majore

493 1650 783 1717 potestate
804 1648 1053 1719 jamjam
1084 1649 1328 1723 impleta
1374 1670 1520 1709 esse.
1574 1655 1683 1709 Sed
1718 1671 1907 1726 neque
1946 1653 2139 1709 adhuc

490 1734 647 1789 venit
677 1735 841 1807 hora,
875 1754 993 1809 qua
1020 1737 1319 1810 implenda
1347 1745 1470 1796 erat
1493 1740 1615 1797 huic
1645 1743 1951 1798 sententia.

2244 583 2399 653 quod
2434 584 2571 653 jure
2595 583 2701 639 hoc
2746 599 2848 653 pro
2878 580 3195 637 interfectis
3224 580 3341 637 suis
3367 583 3561 651 faceret,
3587 588 3755 657 angelus

2244 670 2314 726 ad
2348 671 2477 733 hoc.
2510 672 2654 738 Noti,
2701 671 2914 741 inquit,
2963 687 3061 741 pro
3106 670 3360 739 defunctis
3396 675 3597 737 cantare,
3634 679 3757 745 potius

2248 782 2275 810 «
2307 760 2495 815 Sancti
2519 762 2619 825 tui,
2650 762 2895 824 Domine,
2932 781 2959 808 ››
2992 761 3121 830 quia
3142 760 3365 828 pretiosa
3394 762 3458 814 est
3485 762 3537 815 in
3559 774 3759 833 conspectu

2247 851 2468 904 Domini
2495 866 2640 904 mors
2687 852 3000 903 sanctorum
3036 850 3094 913 in
3125 849 3220 902 illo
3256 850 3416 917 pretio
3441 855 3757 919 peremptorum.

2245 939 2430 1003 Quam
2456 940 2698 993 missam
2732 944 2933 1009 postea
2951 936 3204 991 cantavit
3233 954 3328 1007 pro
3356 936 3461 992 illis
3484 939 3542 992 ad
3566 940 3664 993 vita
3686 958 3761 995 sua

2246 1043 2432 1098 usque
2461 1028 2800 1082 terminum.
2847 1026 3356 1099 Appropinquante
3384 1031 3554 1081 autem
3581 1033 3761 1097 tempore

2244 1117 2561 1171 vocationis
2592 1117 2742 1187 ejus,
2773 1115 2918 1170 vidit
2948 1116 3004 1170 in
3037 1114 3256 1170 visione
3277 1116 3527 1184 juvenem
3553 1116 3762 1185 quondam

2246 1204 2552 1276 papalibus
2582 1205 2841 1260 vestibus
2872 1204 3145 1258 indutum
3166 1202 3421 1258 accedere
3437 1202 3498 1256 ad
3526 1218 3593 1272 se,
3609 1208 3694 1257 tres
3707 1220 3762 1257 cs-

2244 1293 2385 1349 lices
2408 1294 2465 1348 in
2500 1293 2772 1349 manibus
2795 1298 3045 1365 portare.
3065 1293 3246 1361 Cujus
3266 1291 3497 1363 sompnii
3517 1291 3765 1362 interprets-

2247 1383 2465 1437 tionem
2491 1400 2623 1437 mox
2643 1382 3080 1453 expergefactus
3103 1382 3189 1437 sic
3208 1380 3458 1452 exposuit
3475 1379 3581 1435 suis
3598 1380 3766 1434 familia.

2256 1471 2734 1543 ribuszjuniorem
2758 1472 3075 1542 quemdam
3092 1473 3223 1541 post
3236 1485 3294 1525 se
3315 1485 3504 1541 papam
3528 1468 3769 1523 futurumet

2248 1558 2479 1614 nonnisi
2514 1564 2631 1614 tres
2660 1576 2847 1614 annos
2888 1558 3202 1613 victurum.
3253 1556 3413 1612 Aliud
3458 1572 3649 1628 quoque
3682 1556 3771 1611 vidit

2249 1647 2585 1718 sompnium
2617 1648 2687 1703 de
2716 1647 3118 1719 Hilteprando,
3144 1652 3284 1702 tunc
3311 1645 3563 1717 temporis
3587 1646 3772 1700 Romane

2248 1736 2505 1793 ecclesia:
2526 1736 3050 1792 archisubdiacono
3070 1754 3084 1803 ;
3108 1735 3328 1792 scilicet
3346 1750 3563 1807 cappam
3581 1749 3705 1787 suam
3718 1749 3771 1785 lt-

563 1824 652 1877 36.
687 1823 809 1879 Illis
833 1825 1038 1881 diebus
1069 1832 1308 1883 sanctus
1332 1845 1481 1899 papa
1502 1829 1612 1885 Leo
1640 1830 1962 1884 Romanam
1996 1828 2141 1884 rexit
2169 1859 2216 1923 Β
2250 1827 2469 1923 ἀρτθρῐ
2497 1826 2767 1923 flammas
2797 1842 2866 1880 ex
2886 1841 2957 1923 se
2978 1840 3394 1923 usquequaque
3410 1819 3773 1923 spargere-Quod

494 1910 798 1967 ecclesiam
829 1913 1011 1983 (1049,
1046 1915 1291 1986 quijam
1314 1918 1608 1973 secundus
1628 1918 2001 1989 imperatoria
2031 1917 2142 1972 ele-

497 1999 685 2056 ctione
729 2001 1059 2072 apostolices
1107 2004 1231 2059 sedi
1276 2006 1513 2077 prefuit.
1566 2006 1865 2077 Siquidem
1915 2008 2143 2078 primus

496 2086 850 2160 Suidegcrus
898 2091 1395 2165 Babenbergensis
1444 2095 1753 2166 episcopus
1783 2095 2005 2161 extitit;
2042 2094 2142 2167 qui

496 2177 845 2233 venerabilis
879 2183 1060 2250 pater,
1096 2187 1158 2236 ut
1188 2183 1579 2253 praemisimus
1602 2185 1658 2238 in
1692 2184 1886 2239 libello
1906 2185 2143 2255 Agnetis

496 2266 573 2320 im
587 2266 887 2338 peratricis
906 2270 1281 2342 (44),propter
1301 2272 1449 2328 hanc
1472 2272 1878 2329 necessitatem
1909 2273 1978 2327 ad
2005 2289 2141 2344 apo-

497 2354 715 2411 stolicae
748 2357 903 2412 sedis
931 2364 1275 2430 assumptus
1307 2367 1395 2415 est
1441 2362 1947 2433 gubernationem.
1996 2362 2142 2415 Cum

498 2444 743 2515 antiqua
775 2446 1171 2502 Romanorum
1204 2449 1445 2504 avaritia
1474 2449 1628 2505 inter
1657 2449 1770 2506 alia
1799 2450 1973 2505 etiam
2005 2466 2143 2520 apo-

497 2532 766 2586 stolicam
819 2534 1019 2589 sedem
1066 2536 1325 2592 venalem
1359 2538 1591 2603 faceret,
1646 2544 1703 2593 et
1750 2539 1921 2594 modo
1965 2538 2143 2605 hunc,

500 2622 672 2676 modo
691 2621 882 2688 illum,
906 2639 1059 2679 nunc
1080 2624 1261 2679 alium
1286 2642 1461 2696 super
1483 2626 1662 2681 alium
1691 2627 2140 2682 constituerent:

497 2710 787 2780 gloriosus
843 2710 1159 2783 imperator
1201 2714 1611 2787 indignitatem
1646 2717 1725 2772 rei
1776 2734 1891 2771 non
1933 2721 2142 2782 terens,

499 2814 634 2855 cum
668 2816 881 2873 magno
910 2803 1162 2858 exercitu
1189 2804 1431 2860 Romam
1452 2805 1627 2871 venit,
1662 2810 1718 2861 et
1748 2805 1951 2861 habita
1977 2820 2145 2877 gene-

500 2887 606 2942 rali
638 2890 859 2961 synodo
882 2892 1063 2961 (1046,
1086 2894 1208 2947 Dec.
1234 2894 1347 2964 24),
1372 2895 1519 2950 duos
1540 2894 1892 2950 simoniacos
1913 2911 2028 2949 uno
2050 2894 2143 2948 die

500 2978 733 3047 abjecit,
766 2983 821 3032 et
842 2979 1078 3035 tertium
1101 2981 1448 3038 catholicum
1472 2983 1797 3054 apostolica:
1820 2984 1942 3039 sedi
1965 2983 2147 3054 impo-

501 3064 639 3129 suit,
671 3066 1013 3137 praadictum
1036 3069 1260 3125 scilicet
1288 3070 1674 3143 Suidegerum
1698 3072 2143 3144 Babenhergen-

501 3168 623 3208 sem
647 3154 1009 3227 episcopum,
1031 3157 1385 3214 Clementem
1411 3160 1470 3215 in
1492 3166 1706 3233 papatu
1729 3165 2017 3217 vocatum.
2034 3160 2141 3231 Qui

499 3242 718 3299 eisdem
744 3244 1326 3319 Babenbergensibus
1348 3248 1458 3304 hoc
1480 3228 1851 3321 privilegium
1882 3228 2143 3314 dedit,ut
2171 3228 2215 3295 (ἶ
2254 3228 2320 3303 ex
2342 3249 2634 3305 industria
2652 3228 3787 3322 flagitiis—plurimisinfamarentetabhomi-

498 3331 558 3385 in
589 3335 842 3389 summis
871 3334 1289 3391 festivitatibus
1312 3344 1437 3393 tum
1472 3338 1724 3395 ministri
1756 3339 1976 3405 altaris,
2012 3344 2140 3394 tum

497 3420 671 3476 etiam
704 3424 891 3477 caateri
925 3424 1182 3479 seniores
1210 3426 1415 3482 mitras
1445 3427 1698 3483 habeant
1728 3429 1785 3482 in
1828 3428 2139 3499 capitibus.

570 3510 660 3564 37.
682 3510 801 3567 Hoc
824 3529 979 3583 papa
1008 3513 1256 3570 feliciter
1283 3517 1557 3572 defuncto
1588 3521 1643 3572 et
1672 3517 2057 3588 Bahenbergse
2080 3517 2140 3571 in

498 3600 674 3655 choro
705 3600 901 3656 Sancti
936 3602 1083 3658 Petri
1128 3604 1410 3675 singulari
1444 3605 1690 3661 fratrum
1718 3606 2021 3661 devotione
2053 3623 2141 3662 se-

500 3686 683 3758 pulto,
699 3690 982 3745 successit
1001 3690 1209 3747 beatus
1224 3692 1318 3747 hic
1336 3693 1404 3747 de
1423 3710 1537 3765 quo
1559 3694 1815 3750 diximus
1837 3695 2141 3763 Leo(1049,

496 3776 649 3831 Febr.
673 3778 781 3845 12).
802 3778 909 3844 Qui
931 3784 1051 3834 tam
1067 3779 1366 3837 immensa:
1380 3780 1700 3847 clementiae
1722 3782 1908 3837 fuitut
1928 3784 2144 3854 capita-

498 3864 643 3920 lium
676 3866 986 3924 criminum
1022 3871 1136 3926 reis
1186 3871 1419 3927 nonnisi
1451 3876 1566 3927 tres
1597 3877 1791 3927 sextae
1823 3873 1997 3927 ferias
2041 3888 2143 3943 pro

499 3955 840 4025 paenitentia
880 3958 1228 4031 injungeret,
1261 3966 1318 4016 et
1348 3966 1540 4016 cetera
1569 3960 2022 4016 misericorditer
2049 3961 2145 4015 in-

503 4042 786 4115 dulgeret.
807 4047 967 4110 Quod
992 4063 1124 4102 cum
1141 4049 1458 4105 familiares
1478 4050 1605 4119 ejus
1628 4054 1914 4116 notarent,
1934 4049 2144 4104 etsim-

502 4130 772 4201 pliciores
801 4151 1069 4206 quosque
1098 4137 1169 4192 ad
1202 4138 1539 4193 audendum
1572 4138 2146 4208 perpetrandumque

502 4221 730 4275 facinus
752 4221 1101 4293 impunitate
1119 4224 1345 4279 incitari
1365 4226 2144 4291 dicerent,clementissimus

499 4326 653 4381 papa
672 4311 929 4366 suaviter
950 4314 1272 4385 respondit,
1297 4318 1353 4369 et
1375 4319 1494 4370 tam
1525 4331 1660 4371 vera
1689 4331 1865 4386 quam
1890 4314 2143 4386 simplici

500 4401 792 4458 sententia
822 4408 1260 4459 murmurantes
1288 4404 1665 4475 compescuit.
1690 4404 1783 4458 Ait
1811 4404 1969 4459 enim
1989 4421 2003 4460 :
2026 4406 2144 4460 Non

496 4490 786 4562 displiceat
824 4492 991 4559 vobis,
1023 4494 1245 4562 fratres,
1275 4496 1327 4549 si
1365 4509 1468 4564 ego
1495 4497 1745 4564 peccator
1771 4494 2142 4564 peccatoribus

2256 1912 2589 1986 prophetica
2624 1913 2855 1970 solvens
2887 1914 2998 1969 ait:
3034 1914 3093 1969 Si
3122 1930 3384 1984 unquam,
3428 1912 3553 1983 quod
3597 1907 3775 1974 absit,ad

2251 2002 2424 2058 sedem
2457 2004 2815 2074 apostolicam
2842 2004 3172 2070 ascenderis,
3198 2007 3363 2058 totum
3382 2000 3614 2055 mundum
3629 2006 3775 2067 pertur-

2255 2091 2423 2146 babis.
2459 2091 2593 2155 Qua:
2627 2092 2933 2163 prophetia
2963 2108 3136 2162 quam
3171 2108 3304 2146 vera
3348 2090 3523 2156 fuerit,
3551 2089 3655 2161 plus
3676 2100 3778 2156 aequo

2244 2180 2372 2251 jam
2404 2180 2548 2253 proh
2570 2180 2736 2237 dolor
2755 2181 2767 2236 l
2789 2187 2845 2237 et
2866 2182 3014 2237 bono
3032 2181 3091 2235 in
3116 2180 3333 2236 nostris
3356 2177 3710 2235 calamitatibus
3724 2188 3781 2244 ap-

2254 2269 2464 2342 paruit.

2322 2360 2410 2413 38.
2446 2364 2631 2415 Leone
2661 2376 2796 2432 ergo
2851 2376 3003 2431 papa
3054 2376 3170 2414 non
3227 2357 3552 2429 simpliciter
3598 2354 3781 2408 defuncto

2254 2447 2435 2518 (1054.
2468 2451 2599 2520 Apr.
2664 2449 2770 2519 19),
2832 2450 2930 2505 sed
2964 2465 3097 2503 vere
3149 2449 3211 2503 in
3271 2463 3501 2503 numero
3544 2448 3782 2499 sanctorum

2254 2541 2614 2609 computato,
2651 2537 2929 2608 primates
2978 2538 3374 2593 Romanorum
3423 2534 3706 2603 Mogontiam
3728 2543 3781 2580 ve-

2254 2626 2444 2691 niunt,
2462 2642 2669 2697 papam
2702 2626 2814 2681 sibi
2846 2626 2918 2681 ab
2948 2626 3301 2699 imperatore
3322 2626 3628 2696 deposcunt,
3652 2618 3785 2687 etpost

2253 2712 2489 2785 longam
2509 2714 2988 2771 deliberationem
3010 2714 3242 2771 nullum
3265 2714 3374 2770 nisi
3396 2718 3626 2767 nostrum
3641 2708 3785 2778 episco-

2256 2819 2396 2875 pum
2444 2804 2849 2859 Gebebardum
2900 2806 3165 2877 accipere
3197 2806 3497 2861 voluerunt
3534 2800 3690 2869 (Nov).
3720 2791 3784 2857 Qui

2256 2893 2395 2948 totis
2422 2894 2646 2948 viribus
2673 2893 2927 2960 renisus,
2947 2900 3168 2965 quanto
3202 2893 3334 2967 plus
3363 2891 3591 2947 oblatam
3615 2883 3785 2956 dignita-

2252 2986 2371 3037 tem
2422 2986 2729 3048 recusavit,
2762 2987 2922 3038 tanto
2974 2983 3374 3038 Romanorum
3420 2977 3711 3036 desiderium
3743 2969 3785 3026 ad

2255 3070 2641 3142 cptinendum
2664 3088 2797 3128 eum
2828 3072 3177 3144 provocavit.
3210 3070 3464 3143 Denique
3489 3059 3787 3140 postquamle-

2255 3165 2419 3230 gatos
2441 3177 2579 3215 suos
2602 3160 2774 3229 clam,
2799 3166 2863 3215 ut
2885 3166 3147 3232 putatur,
3175 3162 3420 3217 Romam
3439 3157 3599 3224 misit,
3619 3152 3785 3225 quicum

2256 3337 2511 3393 nabilem
2540 3338 2822 3394 Romanis
2849 3356 3083 3411 quoquo
3096 3340 3275 3396 modo
3298 3338 3537 3395 facerent
3559 3328 3787 3421 --sedfrtl-

2256 3431 2400 3489 stra,
2431 3459 2499 3467 -—
2533 3432 2843 3499 postquam
2876 3428 3051 3483 etiam
3074 3445 3182 3500 per
3211 3427 3495 3483 doctiores
3521 3432 3739 3495 quosque.
3753 3427 3785 3463 ιο

2256 3515 2472 3586 quibus
2502 3521 2558 3571 et
2589 3521 2784 3571 noster
2817 3517 3116 3588 magister,
3141 3517 3257 3573 sibi
3281 3514 3522 3573 faventia
3539 3516 3786 3583 quaequaes

2253 3620 2477 3659 nonum
2530 3604 2763 3677 collegit
2791 3605 3047 3677 capitula
3065 3637 3135 3646 ——
3159 3606 3265 3662 sed
3296 3609 3351 3661 et
3372 3604 3474 3660 hoc
3500 3602 3703 3658 frustra;
3724 3604 3785 3643 πα

2253 3701 2334 3748 est
2360 3696 2529 3761 enim,
2560 3698 2624 3748 ut
2652 3693 2954 3766 Scriptura
2983 3694 3144 3760 dicit,
3197 3696 3474 3767 sapientia
3509 3705 3604 3745 non
3625 3691 3685 3742 est
3702 3694 3785 3753 prl-

2252 3782 2457 3850 dentia,
2492 3799 2601 3838 non
2627 3785 2705 3839 est
2734 3782 3032 3839 consilium
3060 3788 3256 3839 contra
3306 3784 3579 3839 Dominum
3597 3794 3613 3867 ς
3637 3776 3787 3867 fit?

2253 3870 2386 3925 dem
2414 3872 2743 3943 Ratisponai
2765 3871 3019 3928 collectis
3051 3872 3347 3929 universis
3368 3870 3519 3943 regni
3538 3858 3787 3940 primatibus

2255 3959 2436 4031 (10⁵5·
2468 3961 2672 4030 Μανία),
2705 3962 2863 4017 omni
2912 3961 3396 4033 tergiversatione
3439 3956 3677 4029 deposita,
3698 3960 3788 4001 cun.

2254 4052 2405 4103 ctam
2436 4049 2891 4105 controversiam
2916 4050 3074 4106 brevi
3106 4051 3348 4121 quidem
3373 4049 3467 4106 sed
3488 4039 3683 4103 notabili
3703 4048 3787 4090 eon-

2255 4138 2571 4192 summavit
2602 4138 2908 4193 sententia.
2931 4140 3034 4208 En,
3066 4139 3268 4212 inquit
3296 4141 3367 4194 ad
3397 4127 3790 4212 meream

2253 4228 2409 4282 Petro
2439 4235 2610 4282 totum
2636 4243 2745 4298 me,
2776 4227 2877 4283 hoc
2903 4230 2981 4283 est
3007 4210 3240 4298 corpore
3276 4233 3333 4284 et
3357 4229 3553 4291 anima,
3578 4210 3790 4276 castrain:

2250 4324 2301 4371 et
2330 4317 2453 4371 licet
2469 4318 2642 4371 tantae
2657 4318 2968 4372 sanctitatis
2985 4316 3108 4372 sede
3116 4334 3208 4374 me
3229 4315 3649 4390 indignissimum
3666 4304 3788 4361 κέων

2250 4408 2441 4461 vestris
2487 4411 2675 4461 tamen
2711 4406 3049 4476 jussionibus
3096 4407 3431 4478 obtempero,
3470 4419 3531 4458 ea
3553 4396 3788 4490 scilicet“:

2249 4498 2443 4560 ctione,
2476 4500 2537 4549 ut
2564 4502 2616 4550 et
2644 4510 2736 4550 vos
2763 4499 2949 4551 sancto
3002 4500 3165 4552 Petro
3218 4494 3459 4553 reddatis
3495 4506 3598 4565 quae
3617 4485 3789 4551 suijw

494 4580 855 4637 condescme
876 4600 898 4645 ,·
930 4585 1097 4639 immo
1135 4583 1429 4654 displiceat
1456 4586 1656 4654 potius.
1688 4584 1829 4654 quod
1854 4591 2141 4655 peccantes
2172 4599 2219 4664 D
2248 4586 2395 4638 sunt.
2434 4584 2546 4639 llac
2573 4585 2887 4655 sponsione
2907 4602 2941 4640 a
2970 4586 3396 4656 benignissimo
3424 4578 3785 4664 imperalom_‘"‘

492 4672 718 4740 gravius
748 4672 1000 4741 equidem
1022 4688 1190 4742 quam
1211 4674 1325 4738 ille,
1349 4676 1445 4743 qui
1462 4679 1745 4743 peccatum
1764 4688 1873 4728 non
1892 4672 2029 4744 fecit
2045 4688 2142 4728 nec

495 4760 749 4815 inventus
778 4768 861 4814 est
889 4760 1045 4815 dolus
1074 4764 1136 4815 in
1165 4777 1257 4817 ore
1285 4762 1424 4832 ejus,
1441 4763 1635 4833 punio.
1677 4764 1962 4832 Nusquam
1990 4764 2144 4816 enim

494 4850 811 4918 repperietis
839 4851 899 4902 in
927 4853 1034 4904 toto
1062 4850 1363 4920 evangelio,
1386 4850 1527 4921 quod
1548 4852 1812 4906 Dominus
1839 4853 2039 4905 Noster
2056 4852 2143 4906 Je-

492 4950 587 4989 sus
614 4938 856 5007 aliquem
885 4938 1113 5008 iejuniis
1134 4938 1216 4992 vet
1244 4939 1560 4995 verberibus
1588 4938 1999 5008 afﬂixerit.Sed
2024 4956 2140 5010 pas-

492 5026 696 5080 nitenti
714 5045 733 5079 :
760 5047 788 5075 «
807 5026 973 5093 Vade,
1006 5027 1105 5095 ait,
1137 5028 1197 5080 in
1210 5043 1361 5097 pace,
1385 5036 1435 5083 et
1455 5029 1694 5098 amplius
1714 5029 1831 5083 noti
1845 5044 2087 5099 peccare.
2108 5049 2151 5089 ››,

496 5113 595 5169 Hic
623 5120 829 5170 contra
859 5116 1228 5171 Normannos
1270 5133 1374 5187 pro
1409 5132 1547 5187 pare
1591 5116 1987 5173 ecclesiastica
2017 5117 2137 5172 bel-

492 5201 614 5256 lum
646 5204 928 5276 suscepit,
951 5210 1008 5258 et
1029 5204 1349 5260 maximum
1372 5207 1699 5277 sumpartis
1720 5206 2137 5262 detrimentum

493 5290 758 5347 incurrit.
815 5294 977 5349 Unde
1020 5292 1408 5349 insolabiliter
1456 5296 1855 5361 contristatus,
1902 5295 2137 5350 cottidie

494 5377 736 5433 missam
771 5383 1024 5438 cantavit
1042 5400 1142 5453 pro
1163 5382 1598 5439 interfectorum
1620 5385 1948 5440 animabus.
1973 5384 2135 5449 Quod

493 5483 624 5522 cum
661 5468 757 5524 diu
782 5471 1034 5539 fecisset,
1050 5472 1285 5527 tandem
1309 5471 1553 5544 angelus
1577 5472 1805 5528 Domini
1838 5489 1939 5544 per
1961 5473 2133 5529 visio-

492 5574 628 5613 nem
661 5557 772 5612 sibi
816 5561 1025 5627 astitit,
1078 5565 1135 5615 et
1171 5578 1275 5616 cur
1317 5562 1664 5618 cottidianae
1714 5580 1814 5633 pro
1845 5563 2135 5617 defunctis

564 5684 640 5759 (4)
670 5680 867 5741 Prima
893 5698 1027 5753 pars
1058 5683 1167 5739 fuit
1196 5685 1374 5757 hujus
1407 5688 1616 5760 operis,
1643 5688 1769 5758 jam
1812 5687 2129 5758 deperdita.

2251 4678 2468 4744 scepta,
2502 4673 2745 4728 Romam
2778 4672 3044 4729 hilariter
3072 4674 3252 4743 venit,
3285 4670 3555 4745 singulari
3581 4657 3788 4745 devotione

2250 4743 2561 4833 susceptus
2583 4767 2693 4832 est,
2707 4762 2767 4817 in
2789 4764 3230 4819 consecratione
3240 4743 3439 4819 Victor
3455 4743 3790 4840 appellatus?Si

2250 4851 2401 4922 (Apr.
2428 4852 2536 4923 13),
2564 4850 2754 4908 tribus
2775 4852 2947 4908 annis
2970 4852 3356 4925 apostolicam
3377 4850 3561 4908 sedem
3580 4837 3789 4925 gloriosi?

2250 4918 2396 4995 sime
2427 4918 2594 5005 rasit,
2628 4945 2921 5013 tantaeque
2951 4918 3104 4998 inter
3123 4946 3351 4999 ceteras
3371 4940 3593 4995 virtutes
3618 4918 3789 4985 liberali

2248 5028 2388 5085 tatis
2416 5028 2627 5099 extitit,
2678 5034 2746 5086 ut
2791 5030 3037 5087 Romani
3072 5047 3190 5086 non
3224 5029 3416 5087 solum
3447 5020 3789 5114 viventi

2248 5117 2423 5173 etiam
2458 5123 2690 5175 mortuo
2712 5118 3039 5192 singularia
3056 5119 3305 5176 laudum
3328 5114 3579 5192 preconia
3590 5103 3787 5166 ειη-ἰδοῦ·

2248 5210 2377 5262 rent
2408 5210 2467 5262 et
2489 5206 2772 5263 memoria
2791 5208 2842 5278 ej
2852 5224 2920 5264 us
2940 5206 3186 5264 celebris
3202 5207 3501 5266 habeatur.
3514 5193 3789 5283 Interim“.on

2244 5294 2556 5350 immemor
2574 5296 2724 5367 pacti
2748 5296 2861 5362 sui,
2886 5300 3012 5351 tum
3036 5296 3440 5352 consentiente
3457 5297 3569 5346 tum
3588 5284 3720 5341 etiam
3735 5286 3787 5326 ιιι·

2244 5385 2360 5439 vito
2391 5384 2760 5456 imperatore,
2795 5385 3011 5440 multos
3043 5389 3249 5441 sancto
3283 5384 3444 5440 Petro
3492 5370 3786 5456 episcopatui.

2247 5472 2434 5529 multa
2464 5452 2636 5529 etiam
2672 5473 2910 5529 castella
2958 5474 3179 5546 injuste
3240 5472 3431 5530 ablata
3452 5470 3595 5541 justo
3620 5452 3786 5554 ωξθρξξν

2246 5567 2684 5634 Romanamque
2698 5562 3001 5619 ecclesiam
3016 5542 3220 5619 multis
3233 5560 3540 5619 honoribus
3550 5542 3790 5621 ampliaut,
