3998 6146
202 288 348 349 1029

200 514 282 565 est
308 509 645 582 Meginhero
696 511 993 568 abbatiam
1043 518 1298 586 regente,
1335 515 1489 586 quod
1539 531 1607 570 ex
1651 513 1839 585 ipsius

198 599 488 654 Lamberti
516 599 854 656 testimonio
893 606 1256 674 compertum
1290 603 1575 659 habemus
1606 602 1702 675 (4).
1747 603 1838 657 Bi-

192 687 480 744 bliotheca
510 690 686 744 etiam
717 691 986 760 ejusdem
1018 691 1504 760 instructissima,
1534 692 1840 747 Lamberto

191 782 418 848 patens,
452 777 634 834 libros
665 778 828 834 bonae
881 785 1027 835 notae
1075 782 1468 854 cognoscendi
1503 786 1559 836 et
1605 781 1665 835 in
1699 796 1842 835 usus

192 883 330 922 suos
349 867 724 922 convertendi
747 867 923 923 dabat
943 870 1329 926 occasionem.
1353 870 1503 925 Sane
1523 869 1840 926 dolendum

191 960 298 1025 est,
334 973 407 1010 ne
437 955 684 1011 minima
713 956 947 1028 quidem
971 958 1099 1029 ejus
1128 959 1372 1032 vestigia
1390 959 1608 1014 nostris
1624 963 1844 1030 tempo-

190 1046 360 1100 ribus
388 1061 519 1100 esse
565 1045 810 1118 reliqua,
843 1046 944 1102 sed
976 1064 1180 1103 omnes
1231 1049 1361 1118 ejus
1406 1048 1714 1104 thesauros
1744 1051 1846 1102 aut

191 1133 434 1206 periisse
463 1138 564 1189 aut
593 1134 706 1190 alio
751 1134 1066 1193 translatos
1096 1141 1154 1193 et
1183 1137 1239 1192 in
1284 1137 1545 1193 diversas
1576 1135 1845 1209 regiones

190 1239 322 1279 esse
352 1223 689 1296 dissipatos.

259 1314 432 1369 Anno
463 1313 602 1368 1058
649 1313 1014 1383 Lambertus,
1049 1316 1176 1387 jam
1226 1314 1485 1386 adultus,
1517 1319 1592 1385 et,
1626 1315 1675 1370 si
1724 1309 1846 1369 Fri-

190 1401 341 1457 schii
374 1402 454 1474 (5)
484 1402 746 1473 conjecta
757 1420 829 1457 rea
852 1402 996 1458 ﬁdes
1019 1408 1128 1471 est,
1152 1403 1309 1460 intra
1337 1420 1522 1460 annos
1547 1404 1685 1459 1034
1709 1403 1846 1458 1038

190 1495 392 1559 natus,
427 1492 674 1548 accessit
703 1492 773 1548 ad
829 1493 1252 1549 monasterium
1302 1492 1730 1558 Hersfeldense,
1763 1491 1844 1548 al-

187 1581 380 1637 lectus
412 1581 569 1636 fama
603 1586 660 1635 et
707 1581 989 1653 religione
1021 1582 1341 1655 Meginheri
1393 1582 1642 1651 abbatis,
1677 1583 1847 1652 cujus

187 1685 392 1725 amore
412 1673 714 1742 tantopere
745 1674 950 1742 captus
981 1675 1091 1740 est,
1115 1674 1178 1725 ut
1201 1671 1430 1742 quoties
1461 1671 1520 1725 in
1549 1686 1846 1725 commen-

185 1759 358 1815 tariis
390 1759 514 1815 suis
545 1774 738 1814 sermo
770 1758 829 1813 in
861 1774 994 1814 eum
1029 1757 1252 1827 incidit,
1277 1758 1466 1829 gratia
1496 1763 1688 1813 mente
1717 1759 1847 1828 ejus

187 1848 410 1906 recolat
451 1848 818 1916 memoriam,
844 1847 1035 1904 virum
1065 1863 1200 1903 eum
1233 1847 1534 1918 appellans
1555 1869 1582 1896 ‹‹
1608 1862 1847 1919 magna-

185 1955 322 1994 rum
346 1937 405 1992 in
431 1937 658 1993 Christo
689 1936 972 1992 virtutum
1002 1940 1059 1993 et
1087 1952 1218 1993 vere
1246 1936 1487 1991 unicum
1510 1953 1628 1991 suae
1659 1935 1846 1991 aetatis

187 2027 250 2081 in
285 2025 628 2082 Teutonicis
650 2025 987 2096 regionibus
1006 2030 1162 2080 recte
1189 2031 1246 2080 et
1276 2024 1596 2081 monastice
1617 2024 1846 2080 vivendi

189 2114 515 2186 exemplar.
538 2137 558 2163 »
582 2146 648 2155 -
665 2114 743 2170 Eo
766 2114 893 2185 ipso
909 2114 1082 2169 etiam
1108 2131 1258 2169 anno
1278 2113 1577 2184 injejunio
1608 2119 1847 2168 autum-

190 2204 313 2260 nali
345 2221 452 2275 per
482 2202 877 2275 Liutpoldum,
913 2202 1419 2274 Moguntinensem
1456 2202 1847 2274 archiepisco-

193 2311 363 2367 pum,
395 2309 561 2350 sacro
594 2291 916 2364 presbyteri
950 2308 1192 2347 munere
1234 2291 1578 2347 solemniter
1611 2290 1849 2345 Aschaf-

193 2382 449 2454 naburgi
481 2387 572 2439 est
615 2382 907 2437 initiatus.
941 2383 1064 2447 Quo
1115 2380 1266 2436 facto
1298 2384 1355 2437 et
1403 2381 1485 2436 rei
1517 2378 1845 2447 familiaris,

192 2490 378 2545 quam
402 2473 646 2528 fortasse
667 2487 783 2526 non
809 2475 1046 2526 tenuem
1071 2471 1173 2526 sed
1203 2471 1347 2526 satis
1368 2469 1625 2542 amplam
1661 2468 1845 2524 admi-

191 2561 511 2631 nistrabat,
539 2576 697 2628 cura,
729 2576 803 2616 ne
833 2559 893 2614 in
941 2560 1034 2615 via
1087 2563 1566 2632 praegravaretur,
1599 2558 1846 2627 abjecta,

192 2651 402 2708 statim
429 2648 914 2722 Hierosolymam,
942 2665 1058 2720 quo
1081 2650 1208 2720 jam
1231 2653 1356 2702 tum
1390 2663 1640 2719 magnus
1668 2645 1852 2702 homi-

193 2757 341 2796 num
377 2755 659 2795 numerus
689 2754 758 2793 ex
779 2737 1092 2793 Germania
1125 2735 1375 2808 aliisque
1407 2736 1645 2808 EurOpaa
1677 2735 1850 2791 terris

195 2830 443 2885 tendere
473 2825 774 2899 religionis
796 2829 974 2882 eausa
1004 2824 1250 2894 solebat,
1273 2825 1566 2896 profectus
1590 2830 1696 2889 est,
1730 2823 1850 2879 zelo

195 2919 324 2986 Dei,
350 2917 512 2973 sicut
531 2916 657 2988 ipse
678 2915 838 2982 dicit,
875 2938 902 2965 «
933 2915 1032 2970 sed
1056 2914 1283 2969 utinam
1306 2914 1631 2970 secundum
1663 2913 1851 2969 scien-

197 3011 346 3064 tiam
371 3008 470 3079 (6).
500 3028 528 3055 »
550 3008 672 3069 Quo
694 3004 751 3059 in
784 3004 1006 3071 itinere,
1033 3003 1188 3075 quod
1221 3001 1553 3074 Meginhero
1584 3003 1766 3058 inscio
1798 3006 1856 3058 et

202 3097 391 3154 invito
421 3097 777 3166 susceperat,
795 3092 956 3148 nulla
986 3092 1172 3163 magis
1195 3091 1590 3147 sollicitudine
1609 3093 1856 3163 angeba-

1687 288 2102 354 PliOlEMlA.

199 424 470 491 quentata
496 424 554 476 et
567 421 640 476 ad
663 437 965 479 summum
986 425 1353 496 perfectionis
1374 425 1622 498 gradum
1646 428 1840 480 evecta
1869 427 1922 493 Α
1951 424 2218 492 thardus,
2273 426 2378 492 vir,
2431 428 2734 486 Lamberto
2793 435 3027 488 auctore
3084 434 3180 504 (7).

3446 306 3600 367 1030

3247 457 3267 483 (Ι
3322 452 3381 491 1n
3414 453 3595 493 8801‘18

1951 514 2270 586 Scripturis
2302 516 2569 587 apprime
2615 519 2880 576 eruditus
2910 525 2968 576 et
2997 521 3080 577 sic
3111 523 3183 577 ad
3233 522 3592 596 loquendum

1945 603 2341 674 expeditus,ut
2363 621 2532 661 nemo
2557 606 2657 662 illa
2676 613 2844 664 astate
2872 611 3113 665 verbum
3140 611 3238 666 Dei
3267 613 3589 684 copiosius,

1953 707 2122 746 nemo
2155 693 2450 758 subtilius,
2484 710 2654 751 nemo
2684 696 3005 768 elegantius
3037 704 3328 767 tractaret,
3361 701 3506 758 alias
3537 703 3595 758 in

1952 779 2358 836 observatione
2379 788 2595 838 sancta:
2627 784 2838 856 regulaa
2857 786 3183 857 paululum,
3201 805 3378 859 quam
3403 807 3596 847 mores

1953 873 2010 923 et
2059 873 2326 942 tempora
2372 875 2723 942 expeterent,
2775 874 3076 930 remissior
3119 881 3261 932 erat.
3299 899 3326 927 »
3356 880 3441 934 Ab
3489 880 3596 936 hoc

1954 957 2163 1012 abbate
2193 959 2461 1030 quaedam
2495 962 2728 1032 negotia
2758 961 2814 1015 in
2848 963 2982 1018 aliis
3013 963 3158 1020 locis
3187 965 3382 1022 divino
3413 968 3600 1024 cultui

1955 1047 2198 1101 sacratis
2222 1049 2552 1119 peragenda
2574 1054 2777 1105 nostro
2801 1053 3118 1108 commissa
3148 1060 3304 1121 sunt,
3335 1057 3437 1128 qui
3462 1074 3598 1114 cum

1955 1150 2108 1189 anno
2133 1136 2264 1190 1071
2296 1136 2354 1191 in
2379 1139 2734 1193 monasterio
2763 1139 2937 1211 paulo
2961 1145 3094 1196 ante
3117 1143 3187 1197 ab
3212 1149 3457 1200 Annone
3490 1147 3598 1201 Cos

1955 1221 2204 1278 loniensi
2232 1223 2688 1298 archiepiscopo,
2723 1226 3016 1299 rigidioris
3038 1229 3360 1303 disciplinae
3414 1238 3604 1304 patro-

1957 1328 2052 1378 no,
2083 1328 2254 1368 omne
2286 1314 2548 1370 studium
2582 1317 2654 1370 ad
2686 1333 2836 1382 eam,
2869 1333 2999 1388 quae
3046 1318 3154 1374 hoc
3185 1324 3444 1393 tempore
3483 1322 3600 1378 col-

1957 1399 2073 1455 labi
2101 1402 2292 1473 caepit,
2328 1405 2756 1460 emendandam
2788 1410 2845 1461 et
2872 1406 3130 1477 pristinae
3177 1409 3600 1466 restituendam

1956 1488 2276 1562 integritati
2306 1492 2658 1560 conferente,
2690 1494 2929 1549 fundata
2959 1495 3378 1569 Sigebergense
3409 1503 3466 1553 et
3484 1498 3606 1554 Sal-

1958 1577 2234 1649 feldense,
2265 1579 2573 1652 delegavit,
2600 1589 2662 1638 ut
2691 1599 2905 1638 novum
2928 1584 3056 1639 vitae
3087 1586 3424 1643 monastica
3447 1589 3603 1643 ordi-

1957 1684 2091 1722 nem
2122 1669 2182 1723 in
2215 1668 2286 1723 iis
2317 1669 2654 1725 institutum
2686 1677 3059 1744 cognosceret
3079 1678 3137 1730 et
3165 1677 3237 1730 de
3265 1692 3332 1732 eo
3363 1677 3433 1732 ad
3461 1694 3602 1734 suos

1959 1757 2214 1811 referret.
2249 1757 2370 1820 Quo
2404 1775 2642 1814 munere
2672 1759 2753 1814 ita
2782 1761 3020 1816 functus
3050 1767 3158 1829 est,
3192 1769 3256 1818 ut
3286 1764 3478 1820 virum
3509 1785 3603 1822 sa-

1957 1843 2209 1916 pientem
2232 1847 2414 1916 decet,
2432 1863 2546 1901 non
2569 1848 3115 1920 admirantem,quzs
3139 1850 3348 1923 vulgus
3369 1857 3605 1926 stupere

1956 1932 2123 2003 solet,
2157 1950 2260 1988 nec
2292 1951 2439 1990 nova
2471 1939 2706 2007 propter
2736 1937 3051 1992 novitatem
3083 1939 3524 2012 despicientem,
3549 1949 3608 1999 at

1955 2022 2100 2077 illud
2133 2027 2330 2078 tamen
2360 2023 2487 2078 vitae
2519 2040 2725 2096 genus,
2750 2025 2843 2080 cui
2876 2026 3074 2082 nescio
3105 2027 3243 2098 quid
3277 2031 3606 2087 sanctitatis

1958 2111 2150 2166 inesse
2196 2112 2655 2179 arbitrabantur,
2689 2114 2935 2170 minime
2988 2116 3355 2187 probantem.
3390 2119 3602 2190 Majas,

1957 2217 2136 2271 quam
2166 2200 2258 2254 cui
2307 2202 2654 2256 sustinendo
2688 2220 2856 2274 pares
2903 2209 3102 2262 essent
3130 2206 3280 2261 vires
3313 2207 3608 2278 humanas,

1957 2305 2106 2344 onus
2139 2288 2245 2343 sibi
2281 2289 2632 2360 imposuisse
2654 2293 3015 2362 censetisth
3050 2295 3390 2362 monachos,
3418 2314 3608 2370 neque

1958 2393 2107 2445 esse,
2141 2378 2318 2449 quod,
2351 2376 2440 2433 sui
2475 2379 2795 2435 dummodo
2826 2385 3061 2437 tenaces
3106 2385 3387 2456 propositi
3418 2390 3476 2440 et
3505 2404 3607 2458 pa-

1959 2471 2138 2521 ternae
2166 2465 2398 2522 virtutis
2423 2467 2670 2523 studiosi
2695 2484 2824 2523 esse
2855 2469 3086 2537 vellent,
3113 2472 3242 2527 vitae
3276 2489 3543 2530 normam
3575 2493 3610 2531 a

1961 2555 2271 2610 Benedicto
2301 2561 2598 2628 acceptam
2627 2556 3029 2613 immutarent.

2031 2645 2255 2710 Quibus
2285 2648 2481 2700 tamen
2525 2645 2774 2718 negotiis
2827 2645 3080 2719 bellique
3110 2648 3263 2705 circa
3311 2657 3607 2708 monaste-

1960 2733 2114 2788 rium
2147 2733 2547 2790 Hersfeldense
2587 2735 2874 2791 saevientis
2923 2737 3172 2809 strepitu
3201 2738 3306 2805 vir,
3340 2739 3608 2798 liberales

1961 2830 2114 2877 artes
2147 2839 2353 2878 amans
2383 2838 2704 2894 carumque
2733 2825 2928 2880 studio
2959 2825 3305 2898 innutritus,
3342 2846 3457 2884 non
3490 2831 3602 2885 im-

1963 2911 2145 2982 pediri
2176 2928 2237 2966 se
2269 2928 2478 2983 passus
2509 2916 2618 2978 est,
2642 2912 2958 2984 quominus
2985 2915 3102 2970 otio
3134 2916 3206 2972 ab
3240 2917 3354 2972 illis
3387 2917 3498 2974 sibi
3521 2936 3609 2974 re-

1963 3000 2098 3056 licto
2127 3001 2197 3055 ad
2228 2999 2409 3056 libros
2444 3003 2878 3073 componendos
2909 3009 3190 3060 uteretur.

2035 3089 2169 3160 [Res
2191 3089 2346 3143 enim
2374 3090 2885 3162 gravissimas,quaa
2907 3097 3048 3148 tunc
3067 3111 3166 3165 per
3179 3099 3358 3152 totam
3379 3101 3611 3156 Germa-

204 3193 322 3257 tur,
358 3200 541 3258 quam
574 3183 728 3255 quod
751 3181 982 3238 abbatis
1013 3181 1277 3236 animum
1301 3179 1408 3235 hac
1429 3181 1500 3235 de
1527 3197 1704 3235 causa
1725 3178 1859 3236 alie-
1888 3167 1931 3233 C
1971 3178 2129 3233 niam
2161 3179 2533 3250 gerebantur,
2569 3181 2888 3249 praesertim
2919 3198 3052 3237 vero
3069 3186 3327 3240 Saxonis:
3362 3188 3613 3245 Thurin-

210 3282 422 3332 natum
456 3292 487 3329 a
519 3289 581 3329 se
609 3271 841 3342 sibique
871 3271 1165 3324 infensum
1199 3269 1482 3340 putabat;
1515 3268 1614 3340 qui
1649 3269 1699 3324 si
1729 3273 1863 3324 ante

211 3365 472 3422 reditum
503 3378 678 3419 suum
709 3359 970 3430 obiisset,
1005 3375 1194 3430 neque
1222 3358 1281 3413 in
1327 3358 1456 3428 ejus
1485 3363 1862 3430 conspectum

220 3451 514 3510 redeundi
542 3455 600 3508 et
623 3449 806 3522 culpis
831 3449 1062 3505 veniam
1095 3447 1326 3519 petendi
1360 3447 1472 3502 sibi
1495 3447 1688 3502 oblata
1711 3452 1866 3502 esset

217 3542 498 3607 facultas,
531 3539 728 3611 magni
759 3536 1024 3593 criminis
1076 3552 1242 3591 reum
1274 3552 1335 3591 se
1379 3536 1670 3591 censebat.
1701 3537 1864 3600 Quod

217 3650 358 3690 eum
391 3631 466 3688 ad
493 3630 604 3685 iter
622 3629 702 3683 ita
729 3627 1171 3683 accelerandum
1203 3623 1461 3695 impulit,
1481 3625 1679 3696 ut,qui
1709 3626 1865 3681 diem

217 3721 481 3778 natalem
515 3699 748 3774 Domini
775 3734 826 3772 a.
862 3717 998 3770 1058
1031 3715 1300 3770 Marowae
1334 3714 1390 3767 in
1426 3714 1676 3769 conﬁnio
1706 3719 1866 3769 Hun-

215 3813 522 3886 gariorum
554 3813 611 3864 et
642 3805 1042 3878 Bulgariorum
1070 3802 1403 3873 celebravit,
1425 3819 1575 3858 anno
1606 3803 1867 3874 proximo

215 3900 381 3968 1059,
415 3916 488 3956 xv
533 3896 657 3952 Kal.
709 3895 938 3951 Octobr.
973 3894 1052 3962 (d.
1110 3893 1173 3946 17
1221 3891 1572 3964 Septembr.)
1603 3893 1661 3947 in
1710 3891 1868 3948 illius

213 3988 510 4046 antistitis
529 3984 895 4058 amplexibus
916 3983 1158 4038 haereret
1175 3997 1188 4043 ;
1213 3998 1390 4053 quam
1410 3980 1742 4037 felicitatem
1757 3982 1867 4037 sibi

1971 3267 2195 3338 giaeque
2263 3267 2408 3321 ﬁnes
2466 3268 2785 3339 agitabant,
2866 3269 3266 3339 Lambertum,
3344 3279 3614 3347 quamvis

1975 3378 2002 3407 ‹‹
2032 3355 2276 3411 scientia
2305 3371 2367 3410 se
2398 3355 2468 3409 ad
2493 3354 2599 3410 has
2631 3355 3044 3412 describendas
3067 3359 3263 3416 minus
3286 3363 3558 3420 idoneum
3583 3389 3611 3416 »

1972 3448 2302 3516 putaret,ut
2332 3460 2458 3514 quis
2491 3443 2771 3499 memoria
2790 3445 2968 3517 digna
2997 3449 3481 3508 essentoblivioni
3503 3455 3616 3510 eri-

1972 3538 2132 3605 peret
2185 3532 2595 3588 accendebant.
2649 3532 2714 3588 Et
2762 3535 3019 3605 primum
3069 3538 3326 3595 carmine
3384 3541 3618 3600 heroico

1977 3627 2160 3677 metro
2191 3621 2408 3693 scripto
2439 3621 2494 3675 id
2525 3621 2753 3677 efﬁcere
2795 3628 3039 3679 conatus
3070 3631 3178 3698 est,
3210 3627 3412 3684 eodem
3445 3634 3618 3689 modo

1979 3727 2092 3781 quo
2115 3709 2420 3781 plerosque
2446 3709 2621 3764 medii
2645 3710 2747 3764 aevi
2773 3713 3085 3783 scriptores
3111 3713 3171 3769 in
3194 3719 3459 3774 versibus
3481 3737 3620 3777 con-

1980 3801 2262 3872 ponendis
2294 3799 2621 3854 studiorum
2667 3799 3001 3856 tirocinium
3035 3805 3303 3874 posuisse
3329 3806 3618 3866 videmus.

1977 3890 2138 3955 Quod
2191 3906 2359 3960 opus,
2393 3889 2502 3943 etsi
2554 3894 2775 3954 auctor,
2809 3895 2874 3945 ut
2918 3891 3105 3962 ipsius
3135 3894 3324 3951 verbis
3374 3903 3526 3968 utar,
3559 3898 3620 3954 in

1975 3979 2242 4035 versibus
2270 3977 2526 4050 plurima
2556 3977 2704 4033 falsa
2733 3996 2834 4050 pro
2863 3979 3012 4036 veris
3042 3982 3351 4055 scripsisse
3381 4003 3622 4044 accusa-

215 4078 509 4135 divinitus
525 4075 804 4131 tributam
826 4071 1040 4138 verbis,
1057 4070 1378 4127 constantis
1400 4075 1459 4126 et
1482 4070 1718 4127 sincerae
1734 4088 1872 4143 erga
1979 4073 2138 4124 retur
2166 4068 2264 4139 (8),
2287 4066 2658 4138 deperditum
2689 4084 2836 4136 esse,
2854 4086 2968 4124 non
3001 4087 3320 4142 possumus
3351 4075 3493 4148 quin
3525 4077 3626 4132 do-

214 4168 393 4224 illum
424 4163 760 4221 reverentia)
810 4160 1211 4230 actissimique
1238 4176 1350 4228 quo
1381 4159 1534 4215 inter
1581 4177 1642 4215 se
1667 4161 1874 4232 junge-

215 4259 445 4314 bantur
493 4252 763 4309 amicitiae
811 4250 1032 4306 vinculi
1081 4249 1351 4316 testibus,
1404 4249 1698 4320 praedicat.
1759 4249 1871 4305 Sed

215 4349 354 4420 ejus
384 4341 678 4401 consortio
707 4347 764 4397 et
793 4339 1063 4397 convictu
1114 4339 1214 4393 diu
1246 4338 1358 4393 frui
1393 4355 1505 4393 non
1538 4337 1739 4406 licuit;
1772 4339 1872 4394 ab-

214 4439 330 4493 bas
358 4433 517 4492 enim
550 4432 753 4487 eodem
788 4446 940 4485 anno
973 4432 1030 4483 et
1077 4443 1277 4482 mense
1305 4427 1386 4497 (d.
1419 4427 1491 4480 26
1521 4426 1872 4500 Septembr.)

213 4529 291 4584 ad
324 4539 577 4596 superos
605 4521 770 4577 abiit.

288 4611 703 4686 Meginherum
733 4610 792 4666 in
824 4610 1059 4665 abbatia
1089 4607 1344 4680 regenda
1371 4611 1608 4663 secutus
1637 4610 1728 4663 est
1756 4606 1872 4663 Ru-

1979 4157 2250 4226 leamus.)

2050 4251 2258 4302 Postea
2286 4247 2624 4303 monasterii
2665 4248 2756 4304 sui
2786 4248 3090 4306 historiam
3123 4253 3493 4312 scribendam
3524 4271 3628 4330 ag-

1983 4353 2220 4408 gressus
2268 4339 2378 4402 est,
2414 4338 2567 4408 quod
2616 4354 2685 4392 ex
2730 4338 3146 4396 ﬂorentissimo
3187 4346 3343 4397 statu
3386 4345 3513 4414 jam
3554 4345 3628 4401 ad

1984 4424 2290 4497 penuriam
2323 4424 2438 4480 fere
2486 4425 2785 4479 redactum
2837 4426 2946 4481 fuit
2973 4427 3071 4499 (9),
3104 4434 3162 4484 et
3206 4447 3272 4486 eo
3304 4433 3630 4501 praesertim

1902 4538 1949 4602 D
1980 4519 2244 4585 tempore
2272 4513 2382 4602 sub
2428 4512 2738 4602 abbatibus
2786 4517 3044 4571 strenuis
3073 4521 3130 4571 et
3159 4518 3378 4587 probis,
3413 4519 3464 4574 si
3514 4536 3630 4576 non

1982 4602 2242 4677 pristinae
2291 4600 2591 4673 dignitatis
2643 4603 3048 4673 recuperandae
3097 4606 3289 4659 studio
3321 4606 3628 4677 flagrabat,

1812 4706 2042 4762 ΝΟΤίΕ.

287 4803 370 4877 (4)
398 4799 551 4877 Hist.
602 4798 788 4877 Hersf:
810 4795 1129 4877 _Cf;_Paul_i
1167 4794 1372 4877 [λέπιεῇ
1411 4794 1586 4877 verba
1614 4794 1676 4877 in
1705 4795 1878 4877 Chro-

211 4866 364 4934 nico'
386 4872 661 4931 Citizensi
713 4872 851 4942 (vid.
884 4868 1117 4942 Pistorii
1167 4868 1269 4942 SS.
1296 4866 1387 4922 ed.
1437 4866 1628 4922 Struv.
1662 4871 1705 4942 t.
1741 4867 1784 4934 Ι,
1817 4885 1873 4938 p.

209 4946 413 5017 1129),
449 4945 696 5017 fortasse
714 4938 795 5017 ea
829 4941 1044 5017 eadem
1093 4938 1389 5017 repetita;
1417 4941 1740 5017 Lampertus
1767 4954 1878 5017 ._m0-

208 5009 436 5077 nachiis
470 5019 522 5070 et
544 5016 748 5070 nobilis
776 5009 1173 5069 historicus....’
1193 5010 1391 5065 scribit
1430 5012 1489 5064 in
1518 5009 1638 5066 hinc
1669 5009 1829 5065 verba
1858 5027 1876 5064 :

212 5117 241 5145 ς(
282 5088 445 5165 Quid
475 5087 654 5165 dicam
697 5086 781 5165 de_
808 5082 1238 5165 ludo-schotqri?
1265 5081 1515 5165 adeo
1562 5083 1710 5137 circa
1738 5081 1880 5165 illad

213 5153 442 5234 (eripies
471 5158 715 5215 studium
742 5155 1031 5234 ﬂagrabat,
1063 5159 1230 5234 ater
1260 5153 1394 5234 aliis
1414 5154 1581 5234 etiam
1609 5157 1883 5234 monaste-

214 5224 344 5291 riis'
365 5245 715 5306 quoscunque
742 5224 935 5306 festive
961 5228 1074 5298 spei
1104 5224 1680 5306 tii'gnculoadisceedi
1716 5241 1880 5306 causa

217 5309 322 5364 illo
374 5295 827 5366 transmitterem,
860 5304 913 5354 et
959 5295 1135 5354 mater
1176 5295 1462 5350 Ilerveldia
1505 5296 1707 5365 ubique
1753 5295 1878 5351 odo-

216 5395 348 5434 rem
395 5375 614 5430 notitiae
659 5388 781 5428 sua:
821 5369 1153 5442 diffunderet
1197 5367 1486 5442 nobilitate
1533 5367 1778 5442 ﬁliorum
1820 5368 1882 5421 in

222 5450 442 5505 laribus
470 5444 828 5518 ρΙιίζοδορΙιίεε
874 5437 908 5497 ά
937 5450 1152 5518 tenero,
1190 5447 1249 5494 ut
1275 5439 1682 5518 uiuida-ungue
1703 5437 1883 5518 obser-

221 5507 486 5578 υαιονιιτή
516 5507 952 5590 (obversatam?!
976 5514 1019 5584 -’)
1053 5535 1080 5561 ν)
1113 5509 1404 5590 Εκειηριθ-
1423 5507 1668 5590 α¹ῗ⁰ν9π¹
1703 5508 1882 5590 bilius

225 5580 574 5649 monasterii
597 5588 876 5642 abbatum
908 5580 1212 5640 doctorum
1235 5580 1531 5637 et’litteris
1561 5580 1880 5635 faventium

227 5663 496 5748 praebent
523 5657 810 5719 Rommel.
842 5657 990 5714 Hist.
1016 5655 1185 5713 Hass.
1219 5658 1260 5710 t.
1291 5653 1334 5729 Ι,
1367 5655 1632 5734 annotat,
1665 5651 1788 5725 104,
1819 5667 1879 5728 p.

1987 4794 2110 4856 116,
2141 4796 2197 4847 et
2227 4788 2444 4845 Piderit
2473 4788 2622 4842 Hist.
2656 4787 2965 4855 Hersfeld.,

2056 4863 2132 4933 (5)
2165 4863 2223 4917 P.
2257 4863 2310 4928 3,
2345 4860 2851 4933 commentationis

2057 4931 2134 5006 (6)
2165 4934 2387 4998 Quibus
2417 4932 2609 5007 verbis
2644 4931 2832 4987 Flacio
2879 4931 3105 5007 Illyrico
3134 4935 3256 5007 (qui
3288 4933 3348 4989 in
3381 4934 3634 5007 Catalogo

1987 5009 2207 5063 testium
2248 5005 2500 5077 veritatis
2533 5005 2620 5077 ed.
2650 5020 2718 5058 ex
2757 5005 3149 5077 typographia
3177 5005 3330 5060 ‘Ant.
3366 5005 3632 5062 Candidi.

1993 5079 2170 5150 Ludg.
2205 5078 2374 5150 1597,
2397 5076 2446 5140 4,
2484 5093 2539 5150 i._
2561 5075 2626 5140 ll,
2659 5092 2715 5146 p.
2749 5075 2854 5150 395
2878 5075 3050 5150 Asiqu,
3083 5083 3140 5150 et
3185 5077 3459 5150 editionis
3505 5094 3636 5150 qua:

1989 5168 2056 5207 ex
2086 5147 2319 5204 ofﬁcina
2347 5149 2471 5220 Joa.
2507 5147 2672 5201 Stoer
2700 5148 2830 5220 etI.
2866 5147 3086 5204 Chouet
3119 5149 3253 5203 1608
3287 5147 3382 5204 fol.
3420 5147 3638 5220 prodiit

1990 5241 2046 5294 p.
2088 5219 2409 5294 1331-1336,
2442 5219 2514 5272 de
2543 5234 2608 5272 eo
2629 5219 2779 5294 agit)
2814 5219 3061 5274 istarum
3094 5219 3634 5292 peregrinationum

1989 5290 2249 5348 studium
2282 5291 2559 5344 damnare
2589 5290 2843 5344 videtur.

2061 5365 2135 5436 (7)
2168 5371 2233 5436 4.
2266 5362 2424 5436 1059,
2458 5361 2804 5436 1073,1074.

2061 5431 2136 5505 (8)
2170 5433 2316 5488 Hist.
2363 5431 2645 5507 Hersfeld.
2702 5431 2843 5507 pr_ol.
2880 5432 3030 5488 infra
3063 5451 3118 5504 p.
3171 5435 3292 5489 137.
3328 5436 3398 5491 ad
3431 5451 3635 5507 regera

1992 5503 2382 5562 Bohemorum
2415 5505 2610 5559 datam
2635 5520 2726 5573 ap.
2762 5503 2885 5559 Pez.

2064 5577 2254 5657 (9)_C_f_.
2289 5581 2495 5657 praeter
2533 5575 2726 5657 ipsum
2776 5574 3173 5657 bambertum,
3204 5577 3511 5652 epistolam
3559 5576 3638 5657 at;

1989 5643 2501 5708 He‘rs'feldensibus
2531 5643 2674 5718 dipl.
2707 5645 2934 5720 epistol.
2967 5663 3026 5726 p.
3056 5643 3185 5711 292.

2997 4806 3052 4861 p.
3089 4790 3174 4844 10.

2933 4866 3094 4917 ostea
3122 4862 3450 4918 laudandae.
