3998 6146
490 276 635 336 1031
1434 268 1832 329 LAMBERTI
1878 264 2513 327 HERSFELDENSIS
2559 265 2946 326 ANNALES.
3661 280 3775 340 5032

486 416 640 466 certe
666 409 795 478 ejus
827 402 1167 461 memoriam
1192 405 1315 456 tum
1342 400 1554 472 gaudio
1584 404 1709 455 tum
1742 398 1939 455 dolore
1961 414 2126 454 reno-
2157 400 2202 463 A
2242 418 2270 445 «
2305 413 2585 452 numerus
2623 399 2747 467 jam
2799 401 2923 452 tum
2956 401 3280 453 excreverat
3319 414 3487 471 usque
3514 402 3574 457 ad
3600 412 3779 465 centum

485 500 676 554 vabat.
716 496 811 550 llis
850 491 1019 547 annis
1048 507 1181 545 cum
1216 489 1505 561 episcopis
1553 488 2039 543 llalberstadiensi
2073 492 2130 542 et
2239 510 2263 535 α
2303 486 2747 559 quinquaginta.
2774 487 3020 541 Tantam
3044 485 3325 559 siquidem
3342 488 3388 542 ei
3419 492 3691 549 contulerat
3710 497 3782 553 ἰω-

486 583 825 657 Moguntino
872 582 942 635 de
988 579 1232 634 decimis
1261 578 1544 651 litigabat,
1579 578 1687 633 hoc
1733 582 1993 649 tempore
2031 592 2131 631 rex
2237 596 2264 624 «
2302 576 2687 641 cunditatem,
2719 576 2820 647 qui
2852 575 3113 631 habitare
3153 576 3287 630 facit
3316 578 3547 633 sterilem
3582 582 3630 636 in
3656 584 3783 642 domo

488 674 790 731 Heinricus
820 670 875 725 id
932 668 1254 740 saepissime
1296 667 1589 736 visitabat,
1626 668 1682 722 in
1736 668 1862 737 ejus
1912 665 2129 721 ﬁnibus
2244 685 2264 714 ι
2304 668 2549 719 matrem
2598 664 2852 720 ﬁliorum
2909 663 3220 719 Ῑεθίθιηῑθω·
3270 667 3339 720 At
3383 683 3521 722 ηυΠο
3558 669 3713 727 eam“
3745 680 3787 730 et

486 768 678 819 castra
705 760 957 832 ponebat
1004 756 1204 828 ibique
1234 773 1367 812 cum
1414 755 1778 827 principibus
1828 754 2128 811 Saxonicis
2244 777 2264 803 α
2302 752 2608 819 exhausta,
2644 754 2823 808 immo
2853 769 2985 807 vero
3013 751 3141 807 ideo
3190 752 3371 808 ell‘ceta
3399 757 3525 825 quia
3549 758 3783 829 exhausta,

484 853 657 907 modo
681 848 984 913 hostiliter,
1004 846 1265 901 modoad
1285 862 1483 917 pacem
1502 845 1965 915 componendam
1992 860 2126 897 con-
2239 865 2265 892 ‹‹
2301 842 2632 912 ingemiscit
2660 851 2718 897 et
2766 841 3014 913 parturit
3043 842 3063 874 ⁴
3093 858 3280 912 usque
3328 842 3503 898 adhuc
3529 847 3672 912 (Rom.
3696 866 3784 914 vni,

485 941 769 998 veniebat.
807 938 1027 1009 Regina
1055 954 1106 990 a.
1144 936 1278 990 1074
1310 935 1370 989 in
1402 935 1528 1005 ipso
1556 933 1910 989 monasterio
1942 932 2126 987 ﬁlium
2239 954 2265 980 «
2298 932 2409 1003 22),
2433 936 2490 985 et
2512 948 2625 985 non
2647 936 2735 986 est
2764 932 2947 986 virtus
2978 930 3334 1002 parturiendi
3356 932 3374 965 ⁵
3396 939 3602 1003 propter
3618 936 3785 992 violen-

487 1029 729 1102 peperit,
749 1042 922 1099 quem
954 1026 1137 1080 abbas
1164 1023 1502 1094 Hartwigus
1533 1028 1588 1078 et
1610 1022 1709 1078 alii
1734 1022 1996 1094 plerique
2020 1021 2130 1076 fra-
2238 1044 2265 1070 ‹‹
2297 1021 2438 1075 tiam
2463 1021 2826 1091 praedonum,
2854 1020 2953 1091 qui
2976 1019 3025 1073 ei
3052 1019 3197 1074 nihil
3221 1018 3419 1090 reliqui
3442 1021 3665 1077 fecerunt
3685 1042 3783 1095 prs-

482 1123 604 1173 tres
632 1113 1059 1171 Hersfeldensis
1089 1112 1336 1167 cosnobii
1369 1112 1439 1167 de
1467 1128 1631 1166 sacro
1663 1112 1821 1166 fonte
1852 1126 2127 1182 suscepe—
2242 1133 2263 1159 a
2300 1114 2388 1165 ter
2410 1109 2658 1181 parietes
2678 1115 2736 1164 et
2758 1126 2916 1164 saxa.
2947 1130 2973 1161 α
3000 1111 3305 1173 Memento,
3325 1108 3568 1180 Domine,
3596 1111 3784 1169 ﬁliorum

487 1211 625 1261 runt
655 1206 787 1276 (10).
821 1203 953 1266 Quae
1002 1219 1094 1256 res
1141 1218 1273 1256 cum
1327 1200 1534 1255 ultima
1582 1200 1679 1268 sit,
1714 1200 1884 1269 cujus
1928 1199 1987 1253 in
2020 1198 2129 1253 hoc
2243 1221 2269 1247 «
2300 1198 2502 1267 Edom,
2528 1198 2627 1269 qui
2652 1198 2891 1252 dicunt:
2917 1196 3239 1261 Exinanite,
3272 1196 3542 1255 exinanita
3570 1205 3785 1271 usquead

485 1295 633 1350 libro
666 1292 885 1348 mentio
916 1292 1037 1361 ﬁat,
1061 1294 1117 1345 et
1148 1290 1492 1345 Lambertus
1522 1288 1647 1344 vivo
1677 1294 1919 1345 Annone
1948 1288 2129 1344 archi-
2239 1288 2750 1342 «(fundamentum
2781 1286 2841 1341 in
2872 1303 2939 1342 ea
2984 1286 3150 1358 (Psal.
3184 1302 3400 1355 cxxxvr,
3430 1288 3503 1357 7).
3535 1310 3559 1337 ››
3586 1289 3656 1344 0b
3678 1294 3787 1361 quod

484 1383 775 1457 episcopo,
808 1380 908 1453 qui
958 1398 1011 1437 a.
1056 1380 1192 1433 1075
1222 1378 1386 1445 obiit,
1417 1395 1480 1434 se
1512 1378 1819 1450 scripsisse
1862 1384 2127 1448 testetur,
2244 1400 2265 1425 ι
2300 1376 2659 1448 suggestioni
2680 1393 2903 1446 eorum,
2927 1392 3114 1447 pravas
3140 1376 3787 1449 conspirationi,reipubli-

482 1491 615 1529 eum
647 1488 800 1527 anno
832 1470 968 1525 1074
998 1469 1107 1525 hoc
1138 1485 1285 1539 opus
1316 1468 1717 1539 composuisse
1750 1468 2027 1539 putarim.
2055 1474 2130 1525 De
2240 1487 2268 1514 «
2303 1482 2379 1521 cas
2412 1471 2587 1536 atque
2636 1464 3042 1521 ecclesiasticis
3093 1464 3218 1535 paci
3271 1465 3561 1529 contraire,
3587 1467 3792 1522 assentiri

484 1564 654 1633 cujus
685 1560 927 1616 consilio
956 1558 1152 1630 ipsum
1185 1558 1495 1613 audiamus
1529 1575 1541 1612 :
2246 1575 2267 1602 ι
2304 1554 2694 1627 periculosum
2745 1554 3038 1609 ducimus.
3074 1554 3385 1609 Maximam
3432 1559 3605 1610 autem
3630 1555 3791 1611 violen-

486 1671 681 1740 lncz'pz'l
713 1668 984 1740 Prologus
1024 1667 1087 1740 iri
1116 1663 1370 1740 libellum
1412 1664 1476 1740 de
1505 1665 1852 1740 institutione
1882 1666 2127 1719 Ilersvel-
2241 1666 2267 1691 “
2302 1644 2441 1740 tia")
2477 1642 2734 1740 Ραξνίῐῐξυτ
2762 1641 2850 1740 αἱ).
2873 1640 2986 1707 δίεν
3011 1642 3108 1712 qni
3142 1642 3473 1740 ἀθίθῐιέοξθε
3500 1645 3794 1740 θεεθῄἀεδυεξ·

1033 1736 1219 1791 densis
1246 1737 1492 1791 ecclesia:
1524 1738 1563 1788 ί.
2158 1769 2207 1834 Β
2238 1755 2267 1782 ‹‹
2302 1736 2431 1789 rant
2450 1730 2703 1787 ecclesia:
2727 1736 2958 1801 nostras,
2983 1746 3233 1800 quorum
3261 1731 3505 1787 ofﬁcium
3530 1736 3637 1787 erat
3652 1749 3705 1787 ex
3725 1734 3793 1787 ad-

560 1852 579 1878 α
614 1828 795 1883 Jhesu
844 1824 1194 1889 dormiente,
1225 1825 1391 1878 navis
1440 1822 1800 1894 periclitatur
1846 1823 2123 1878 ecclesias.
2158 1819 2206 1834 ³¹
2244 1843 2263 1872 ι
2297 1837 2461 1876 verso
2492 1820 2844 1875 adscendere
2860 1824 2918 1874 et
2950 1836 3183 1875 murum
3209 1836 3315 1891 pro
3341 1819 3793 1892 domolsrahelop-

481 1941 509 1968 ‹‹
542 1918 814 1987 Pugnant
842 1914 995 1969 inter
1027 1930 1088 1967 se
1116 1912 1267 1967 venti
1300 1912 1358 1965 in
1393 1912 1539 1967 mari
1572 1928 1803 1983 magno,
1837 1916 1894 1967 et
1924 1911 2124 1968 nullus
2235 1933 2263 1959 ‹‹
2299 1926 2529 1981 ponere,
2547 1908 2667 1979 qui,
2692 1913 2756 1963 ut
2777 1908 3112 1964 sufﬁcerent
3135 1924 3238 1979 pro
3258 1908 3459 1964 castris
3474 1908 3795 1963 Doministare

480 2027 511 2057 ‹‹
544 2004 741 2060 Daniel
774 2004 932 2074 (Dan.
966 2002 1065 2071 v11)
1111 2002 1401 2056 invenitur
1448 2001 1545 2071 qui
1580 2006 1704 2056 oret
1750 2018 1853 2072 pro
1888 2001 2121 2072 populo.
2237 2022 2264 2048 ‹‹
2300 2004 2354 2053 et
2386 1996 2647 2068 prailiare
2695 1996 2846 2051 bella
2896 1996 3145 2063 Domini,
3178 1996 3432 2052 ecclesize
3480 2002 3605 2051 sunt
3643 1996 3794 2067 opibus

481 2116 508 2142 ‹‹
542 2094 728 2148 Immo
762 2108 875 2146 non
911 2089 1177 2162 praevalet
1209 2088 1427 2153 Daniel,
1456 2088 1563 2142 nisi
1596 2090 1874 2144 adversus
1908 2088 2124 2159 princi-
2242 2111 2261 2135 ι
2298 2085 2652 2159 locupletati.
2686 2086 2797 2139 Sed
2848 2085 3087 2140 avaritia
3115 2102 3251 2139 cum
3286 2085 3502 2140 inferno
3546 2100 3795 2155 numquam

478 2204 507 2233 «
539 2198 670 2254 pem
706 2182 1012 2235 Persarum
1047 2178 1317 2249 precibus
1337 2179 1464 2248 ejus
1496 2179 1861 2233 resistentem
1884 2178 2126 2232 archan-
2235 2200 2262 2225 α
2298 2175 2473 2231 dicit:
2507 2174 2735 2230 Sufﬁcit
2784 2176 2966 2244 (Prov.
3014 2191 3143 2240 xxx,
3180 2175 3297 2244 15).
3330 2174 3543 2230 Etenim
3588 2173 3794 2244 acceptis,

484 2290 512 2325 ι
538 2271 704 2343 gelus
736 2267 1029 2341 prelietur
1050 2266 1301 2323 Gabriel.
1326 2267 1471 2322 Vere
1502 2266 1740 2336 etenim,
1762 2283 1893 2322 vere
1913 2268 2123 2323 domus
2236 2290 2261 2316 «
2297 2283 2422 2337 quae
2447 2265 2582 2335 jure
2611 2262 2727 2319 illis
2756 2264 3120 2318 advocatum
3164 2268 3521 2337 competunt,
3550 2262 3797 2328 beneﬁciis,

477 2384 505 2411 ‹‹
540 2342 717 2415 Israel
762 2359 977 2413 domus
1024 2361 1114 2411 est
1156 2356 1549 2427 exasperatrix
1594 2356 1807 2425 (Ezech.
1844 2372 1905 2421 ιι,
1937 2358 2015 2422 8),
2070 2360 2128 2411 et
2234 2377 2261 2404 ‹‹
2298 2371 2413 2409 una
2442 2353 2785 2424 etiam,qua:
2814 2351 2872 2406 in
2906 2356 3137 2408 nostros
3156 2342 3309 2409 usus
3335 2352 3447 2409 illis
3468 2350 3798 2425 patrocinanti-

478 2472 507 2499 «
540 2448 820 2521 iniquitas
851 2448 975 2515 ejus
1000 2461 1213 2517 magna
1232 2450 1321 2500 est
1354 2445 1550 2500 nimis.
1585 2446 1805 2500 Idcirco
1828 2444 1987 2499 dedit
2017 2446 2122 2500 Do-
2235 2468 2262 2494 «
2296 2444 2406 2499 bus
2438 2442 2825 2509 debebantur,
2858 2441 3156 2497 vindicant
3206 2441 3485 2498 instinctu
3516 2440 3741 2507 avaritiae,
3763 2444 3800 2493 et

478 2561 507 2586 ‹‹
541 2538 737 2591 minus
770 2539 1114 2604 potestatem
1148 2534 1413 2588 mucroni
1446 2550 1573 2602 suo,
1600 2539 1663 2588 ut
1692 2534 1864 2588 vaiat
1890 2535 1960 2589 ad
1994 2535 2125 2589 dex-
2237 2557 2263 2583 ‹‹
2296 2534 2573 2587 devorant
2605 2530 2827 2601 plebem
2862 2535 3044 2594 tuam,
3079 2531 3348 2598 Domine,
3374 2530 3518 2586 sicut
3542 2546 3704 2586 escam
3728 2544 3799 2598 pa-

482 2648 509 2676 ‹‹
540 2630 692 2679 trum
716 2623 834 2679 sive
859 2622 931 2677 ad
955 2622 1275 2691 sinistram,
1303 2638 1677 2692 quocumque
1700 2622 1864 2676 faciei
1887 2624 2013 2692 ejus
2035 2628 2125 2678 est
2238 2644 2263 2670 ‹‹
2298 2621 2391 2675 nis
2423 2621 2597 2691 (Psal.
2641 2636 2764 2681 xm,
2790 2619 2864 2689 4),
2899 2617 3043 2672 nihil
3074 2624 3319 2689 agentes
3349 2619 3419 2674 de
3449 2623 3629 2673 nostra
3644 2614 3797 2673 salute.

478 2713 854 2785 «appetitus.
916 2711 1276 2782 Quapropter
1322 2710 1668 2781 ingemiscat
1724 2710 2005 2777 Ezechiel,
2067 2717 2125 2767 et
2234 2733 2261 2759 ‹‹
2292 2726 2358 2764 eo
2391 2709 2543 2780 quod
2579 2713 2791 2763 nostra:
2841 2707 3223 2778 professionis
3254 2725 3370 2763 non
3417 2707 3491 2763 sit
3519 2705 3707 2777 injuria:
3729 2703 3799 2757 ob-

477 2801 888 2873 «ingemiscat
941 2800 998 2853 in
1050 2799 1397 2854 contritione
1443 2800 1463 2832 ²
1515 2798 1851 2854 lumborum
1904 2801 2117 2870 (Ezech.
2236 2819 2263 2848 (ί
2293 2798 2448 2852 viam
2496 2797 2594 2851 ire.
2650 2796 2753 2851 Sed
2798 2797 2939 2850 mihi
2985 2795 3309 2867 vindictam,
3340 2802 3390 2853 et
3433 2813 3525 2867 ego
3568 2794 3801 2851 retribuam

477 2913 506 2941 «
537 2908 649 2956 xxx,
682 2890 820 2959 4-6),
855 2892 918 2943 ut
948 2904 1062 2943 non
1097 2886 1271 2941 faciat
1299 2885 1581 2941 Dominus
1613 2888 2119 2944 consumationem
2232 2910 2257 2937 ‹‹
2294 2887 2472 2957 (Hebr.
2502 2904 2555 2952 x,
2582 2886 2696 2955 30),
2730 2884 2871 2939 dicit
2904 2885 3211 2952 Dominus,
3238 2890 3330 2941 est
3370 2904 3382 2941 :
3425 2887 3526 2953 Qui
3550 2885 3695 2953 tangit
3720 2896 3796 2941 vos.

483 3001 507 3031 α
538 2978 733 3034 Israel.
763 2977 1113 3033 Dicatetiam
1129 2977 1198 3030 ad
1216 2975 1527 3030 Dominum
1544 2975 2119 3049 angelus,quiloqui-
2234 2998 2261 3025 ‹‹
2293 2978 2471 3047 tangit
2495 2974 2771 3047 pupillam
2801 2974 2947 3029 oculi
2975 2990 3151 3029 meam
3187 2975 3376 3044 (Zach.
3416 2992 3475 3045 ιι,
3504 2976 3575 3045 8).
3598 3004 3655 3011 —
3679 2971 3800 3027 Nunc

480 3089 508 3117 ‹‹
541 3065 2119 3137 turinZachariazbomineDeusexercitum,usquequolu
2231 3089 2255 3113 ‹‹
2284 3066 2408 3135 jam
2442 3069 2672 3134 tempus
2694 3062 2933 3135 ﬂagitat,
2960 3062 3099 3134 quid
3124 3063 3237 3119 hoc
3259 3063 3373 3119 sibi
3394 3063 3524 3119 velit
3544 3060 3797 3121 exordium,

476 3180 503 3206 ‹‹
535 3172 643 3210 non
690 3154 1033 3209 misereberis
1078 3153 1453 3207 Iherusalem?
1483 3153 1662 3223 (Zach.
1699 3170 1737 3219 ι,
1772 3156 1882 3225 12.)
1932 3161 1996 3209 ut
2044 3156 2115 3211 ab
2149 3138 2190 3203 C
2228 3176 2255 3204 ‹‹
2290 3152 2798 3224 exponi.Scribere
2818 3151 3078 3223 disposui
3102 3169 3221 3207 non
3246 3149 3797 3209 ostentandisedexer-

476 3266 503 3294 ‹‹
537 3242 763 3316 angelo,
796 3243 894 3313 qui
942 3246 1057 3296 stat
1096 3241 1246 3295 inter
1296 3240 1547 3305 mirteta,
1582 3247 1873 3295 mereatur
1918 3243 2119 3298 audire
2233 3264 2259 3293 ‹‹
2290 3242 2455 3298 cendi
2488 3258 2666 3296 causa
2712 3240 2952 3312 ingenii,
2986 3257 3089 3295 nec
3119 3241 3378 3296 scientiae
3428 3258 3549 3313 quae
3575 3238 3709 3293 inﬂat
3731 3232 3799 3288 sed

480 3356 506 3382 ‹‹
538 3334 713 3387 verba
736 3334 905 3397 bona,
929 3331 1105 3385 verba
1125 3328 1512 3385 consolatoria
1542 3330 1818 3399 (Zach.1x,
1842 3332 1949 3397 13).
1980 3332 2119 3397 Quis
2230 3354 2257 3382 ‹‹
2292 3330 2552 3386 caritatis
2584 3328 2773 3401 gratia
2807 3346 2932 3400 quas
2965 3329 3221 3384 mdiﬁcat
3251 3330 3297 3401 (1
3318 3330 3439 3385 Cor.
3461 3345 3573 3393 vm,
3605 3328 3665 3397 1),
3691 3338 3799 3394 ψιε-

474 3445 500 3470 ‹‹
536 3421 695 3475 dabit
727 3420 899 3492 capiti
935 3437 1062 3475 meo
1086 3435 1301 3491 aquam
1335 3424 1391 3474 et
1420 3418 1605 3474 oculis
1634 3421 1778 3475 meis
1801 3420 2018 3475 fontem
2044 3421 2121 3476 la-
2230 3444 2257 3469 «
2289 3436 2541 3490 cumque
2572 3420 2643 3473 ad
2674 3418 2938 3473 animum
2971 3426 3286 3474 recurrunt
3338 3435 3554 3485 eorum,
3582 3432 3689 3487 quae
3709 3411 3803 3468 olim

480 3531 507 3563 α
535 3509 850 3565 crimarum
882 3510 1015 3579 (Jer.
1043 3526 1119 3573 ιχ,
1144 3509 1218 3577 1),
1252 3513 1336 3573 ut,
1359 3508 1467 3563 etsi
1500 3508 1708 3564 deflere
1742 3526 1856 3564 non
1889 3510 2119 3565 sufﬁcio
2237 3532 2262 3561 α
2295 3526 2386 3564 mc
2418 3508 2664 3580 contigit
2694 3524 2872 3579 super
2896 3513 3049 3563 statu
3086 3509 3432 3565 monasterii
3481 3508 3641 3563 nostri
3669 3501 3733 3557 vel
3756 3499 3803 3552 le-

477 3620 505 3649 «
538 3597 691 3653 mala
721 3615 848 3669 quas
897 3598 1047 3652 ﬁunt
1094 3597 1152 3650 in
1184 3595 1449 3661 ecclesia,
1484 3596 1715 3669 lugeam
1768 3598 1975 3653 saltem
2026 3599 2119 3655 die
2230 3622 2257 3650 ‹‹
2290 3599 2446 3670 gisse
2473 3597 2560 3652 vel
2608 3614 2638 3651 a
2682 3596 3115 3668 probatissimis
3166 3597 3311 3654 viris
3357 3598 3602 3662 audisse,
3628 3602 3805 3665 quaeque

475 3708 503 3736 ‹‹
534 3692 823 3758 noctuque
856 3686 1033 3742 ﬁliam
1066 3684 1361 3740 Babilonis
1393 3684 1690 3751 miseram,
1727 3692 1973 3742 matrem
2003 3689 2120 3743 sci-
2230 3712 2256 3737 «
2289 3687 2463 3741 etiam
2497 3688 2621 3758 ipse.
2652 3690 2923 3756 expertus
2941 3702 3096 3753 sum,
3121 3688 3340 3743 sedens
3362 3703 3490 3741 cum
3520 3680 3807 3739 lberemiael

472 3799 498 3825 ι(
534 3775 877 3831 licetmeam
900 3773 1500 3841 Herveldiam,multis
1525 3775 1777 3830 miseriis
1803 3779 1859 3830 et
1880 3777 2119 3832 calami-
2235 3800 2256 3826 «ι
2295 3777 2437 3831 ﬁens
2487 3792 2691 3830 casum
2743 3778 2819 3840 et,
2869 3780 2933 3829 ut
2979 3774 3059 3829 ita
3091 3775 3312 3843 dicam,
3349 3775 3622 3832 excidium
3666 3765 3805 3842 patrie

471 3888 498 3914 ‹‹
532 3864 751 3919 tatibus
769 3863 949 3919 ﬁliam
983 3861 1345 3919 confusionis
1376 3863 1587 3918 factam
1610 3863 1637 3917 ‘I
1668 3864 1847 3932 Cujus
1866 3865 2006 3919 dum
2032 3882 2120 3920 re-
2230 3888 2257 3917 ‹‹
2294 3882 2453 3920 meae.
2487 3866 2572 3919 Ad
2607 3863 2765 3935 quod
2805 3864 3067 3919 studium
3101 3882 3196 3920 me
3227 3866 3628 3921 dormitantem
3653 3862 3804 3914 vestra.

475 3975 501 4003 α
532 3955 845 4008 cordamur
867 3951 1985 4024 pulchritudinis,quasisuperﬁumina
2008 3955 2119 4009 Ba-
2232 3977 2258 4004 ‹‹
2293 3954 2341 4009 si
2394 3953 2616 4023 recolit,
2686 3962 2957 4023 paternas
3007 3954 3120 4024 (11)
3179 3970 3577 4025 saepenumero
3622 3947 3805 4006 excitare

475 4064 495 4093 ι
532 4041 745 4097 hilonis
777 4042 1050 4097 sedemus
1080 4044 1137 4094 et
1168 4040 1396 4104 flemus,
1430 4040 1607 4110 quod,
1634 4045 1697 4094 ut
1720 4056 1919 4097 verum
1941 4044 2118 4098 fatea-
2230 4067 2257 4095 ‹‹
2292 4044 2554 4111 curavit;
2595 4043 2696 4097 sed
2746 4042 3019 4097 timidum
3053 4058 3146 4098 me
3195 4043 3501 4115 ﬁliumque
3546 4032 3805 4095 difﬁdentia

474 4150 502 4179 ‹‹
533 4146 685 4196 mur,
706 4132 944 4200 peccata
972 4132 1171 4182 nostra
1192 4132 1248 4182 et
1278 4127 1617 4196 iniquitates
1641 4133 1870 4200 patrum
1898 4136 2121 4187 nostro-
2229 4155 2257 4182 «
2294 4133 2531 4187 tandem
2550 4130 2621 4185 ad
2640 4130 2977 4186 audendum
2998 4131 3260 4202 perpulit
3287 4129 3702 4203 lastacujusdsm
3717 4117 3809 4177 Ful-

470 4240 498 4267 α
534 4232 664 4271 rum
689 4220 818 4288 post
836 4219 1061 4271 tantam
1081 4215 1581 4287 pulchritudinem
1603 4217 1625 4251 ³
1646 4218 2046 4275 confusionem
2068 4220 2120 4276 ei
2230 4245 2259 4273 «
2291 4221 2493 4276 densis
2524 4219 2756 4275 abbatis
2786 4218 3030 4275 historia
3077 4220 3380 4277 subtiliter
3404 4217 3672 4276 memoria
3696 4225 3806 4267 com-

471 4326 500 4357 «
535 4304 823 4360 modernis
870 4305 1204 4377 pepererint
1253 4304 1551 4360 foeditatis.
1588 4307 1864 4380 Denique,
1899 4313 1962 4363 ut
1991 4313 2123 4381 post
2230 4334 2258 4361 «
2293 4310 2978 4380 mendata;quamquam
3008 4324 3112 4363 nec
3134 4324 3204 4364 ea
3230 4310 3507 4366 facundia
3528 4294 3806 4365 ncceamihi

470 4417 499 4445 ‹‹
535 4394 820 4461 dicemus,
851 4393 997 4449 haut
1026 4392 1263 4450 difﬁcile
1295 4398 1384 4449 est
1412 4394 1595 4462 dictu,
1645 4402 1932 4466 quantum
1958 4398 2119 4454 brevi
2233 4422 2260 4449 ‹‹
2292 4398 2459 4471 copia
2488 4401 2782 4469 suppetat,
2806 4402 2925 4452 tam
2957 4396 3256 4453 subtiliter
3277 4397 3583 4455 enarrandi
3602 4410 3696 4462 res,
3714 4402 3809 4471 parj

470 4506 499 4536 κ
534 4483 854 4574 adoleverit
877 4483 1124 4574 diviciis,
1146 4483 1572 4574 magnitudine,
1591 4484 1795 4557 gloria,
1820 4503 1951 4543 cum
1975 4505 2121 4560 pris-
2150 4509 2199 4574 D
2230 4511 2257 4537 ‹‹
2295 4468 2398 4543 tim
2422 4468 2711 4543 oblivione
2737 4487 2948 4557 partim
2972 4490 3308 4557 temporum
3333 4486 3646 4559 prolixitatc
3664 4468 3810 4574 ρφεξιί

469 4597 498 4625 ‹‹
534 4574 701 4646 cipue
732 4572 945 4628 studiis
968 4572 1121 4628 beati
1142 4571 1293 4628 Lulli
1326 4572 1816 4646 Magontiacensis
1836 4576 2122 4648 archiepi-
2150 4567 2192 4574 ”
2234 4600 2261 4628 α
2296 4594 2330 4632 a
2360 4575 2642 4632 memoria
2672 4574 2977 4647 relegatas,
3004 4579 3061 4631 et
3083 4575 3211 4631 ideo
3246 4578 3473 4648 absque
3502 4567 3810 4642 ambiguillile

471 4687 499 4716 «
533 4662 714 4735 scopi,
749 4662 846 4734 qui
880 4662 929 4717 ei
972 4662 1323 4717 aediﬁcandas
1376 4678 1617 4718 manum
1665 4664 1959 4736 injecerat,
1994 4670 2118 4722 tum
2232 4688 2261 4715 «
2296 4666 2493 4719 minus
2525 4663 2888 4719 auctoritatis
2919 4662 3242 4720 habituras.
3276 4666 3364 4720 Ad
3418 4666 3525 4719 hoc
3553 4677 3635 4717 me
3658 4666 3809 4711 accen'

366 4756 381 4767 ‘
471 4776 499 4804 ‹‹
531 4752 725 4807 favore
756 4766 821 4805 ac
849 4750 1196 4807 liberalitate
1228 4750 1513 4807 nobilium
1547 4752 1803 4811 virorum
1835 4759 2011 4826 atque
2032 4756 2119 4811 fe-
2230 4777 2258 4802 α
2292 4754 2441 4810 dunt
2473 4754 2666 4809 studia
2708 4770 2902 4809 rerum
2952 4754 3235 4809 moderno
3270 4760 3531 4827 tempore
3560 4755 3811 4823 gestarum.

472 4864 499 4892 α
536 4839 851 4905 minarum,
875 4842 1004 4893 tum
1037 4838 1359 4909 frequentia
1394 4839 1815 4895 monachorum
1847 4842 2119 4897 nobiliter
2228 4868 2255 4895 ‹‹
2293 4859 2649 4916 quamquam
2675 4842 2853 4898 sciam
2880 4858 2973 4898 me
3002 4843 3073 4898 ad
3107 4842 3213 4898 has
3239 4842 3642 4899 describendas
3667 4832 3810 4890 minus

473 4949 503 4981 ‹‹
534 4927 750 4983 ibidem
782 4927 842 4982 in
888 4926 1099 4983 castris
1142 4927 1375 4983 Domini
1424 4928 1830 4999 militantium,
1864 4946 2115 5002 quorum
2230 4958 2258 4986 ι(
2294 4934 2591 4989 idoneum.
2612 4932 2766 4997 Quas
2795 4936 2992 4987 tamen
3025 4932 3343 5006 plerasque
3363 4950 3469 5007 pro
3496 4929 3684 5004 opibus
3700 4922 3811 4991 i080-

1825 5126 2067 5192 VARI/‘1']
2104 5132 2518 5193 LECTIONES.

465 5252 810 5381 rielngiecquo
841 5255 1111 5325 excerpta
1142 5250 1395 5324 quedam
1425 5250 1531 5309 hec
1561 5256 1700 5312 sunt
1728 5256 1851 5315 add.
1883 5275 1932 5317 c.
2010 5260 2032 5294 '
2056 5277 2089 5317 e
2116 5276 2259 5318 corr.
2291 5278 2337 5317 c.
2416 5261 2437 5294 ³
2468 5257 2699 5332 pulerit.
2732 5275 2778 5314 c.
2812 5256 2927 5315 hoc.
2970 5257 3101 5316 loco.
3177 5260 3200 5293 ‘
3231 5258 3484 5332 perturit
3510 5273 3556 5313 c.
3624 5250 3643 5288 ‘
3668 5246 3812 5324 perm“

2050 5480 2282 5544 NOTAE.

540 5604 655 5687 (10)
686 5607 841 5660 Ann.
876 5622 929 5663 a.
961 5602 1116 5665 1074.
2295 5613 2408 5688 (11)
2438 5611 2725 5671 Abbatem
2759 5609 2978 5687 alloqui
3008 5612 3258 5673 videtur.
