3998 6146
188 353 332 419 1049

1663 353 2052 419 PROOEMIA
2067 400 2082 417 .

3424 353 3582 418 1050

188 504 279 546 ser
297 486 429 560 (65),
454 485 759 560 quia,1512
773 487 970 546 Vitam
991 488 1174 545 sancti
1191 487 1483 544 Bennonis
1505 486 1820 544 Misnensis
1849 490 1905 554 Α
1931 505 2062 545 rum
2095 488 2360 546 codicum
2392 489 2506 546 fide
2532 489 2896 547 emendanda
2928 490 3115 546 erant.

192 575 439 650 episcOpi
471 575 653 632 edidit
683 577 816 648 (66).

2009 578 2084 646 1')
2115 579 2300 634 Codex
2329 578 2386 632 in
2419 578 2647 635 archivo
2677 579 2999 636 Desdrendi
3046 596 3080 635 a
3107 577 3191 636 Cl.
3223 577 3429 634 Hessio
3457 575 3577 649 pri-

252 666 457 722 Paucis
479 667 650 720 annis
674 665 1006 738 postprima
1024 665 1197 721 editio
1216 665 1583 738 prodiit,quaa
1604 663 1826 737 ingenti
1935 683 2098 721 mum
2130 665 2421 733 evolutus,
2451 683 2625 739 quem
2647 668 2817 725 annis
2841 669 3142 724 1550-1660
3174 685 3350 724 manu
3380 682 3579 722 exara-

187 755 388 829 plausu
412 754 885 827 recepta,viribus
907 754 1149 810 eruditis
1171 754 1631 826 pretiosissimas
1661 754 1824 810 visus
1935 758 2063 810 tum
2095 771 2222 811 esse
2254 755 2547 828 opinatur,
2579 773 2648 813 ex
2672 757 2925 813 editione
2964 757 3225 830 principe
3255 755 3582 828 descriptus

186 851 268 902 est
294 844 611 900 thesaurus
643 845 774 916 (67),
798 844 879 898 ita
907 848 970 898 ut
1001 843 1275 916 deinceps
1297 843 1508 898 horum
1541 859 1828 898 annorum
1939 859 2068 898 esse
2091 845 2341 913 videtur,
2376 845 2591 918 quippe
2623 846 2723 918 qui
2767 847 2826 902 in
2858 845 3152 918 plerisque
3182 862 3314 900 cum
3345 862 3414 901 ea
3442 861 3585 901 con-

191 933 497 988 Historiam
529 933 834 988 Lamberto
857 932 1110 988 maxime
1140 936 1374 988 auctore
1404 947 1606 987 omnes
1638 948 1834 987 narra-

188 1026 340 1089 rent;
365 1022 708 1093 quiutinam
731 1021 905 1076 etiam
929 1021 1598 1092 azquumejusjudicium
1618 1019 1832 1076 imitati

185 1116 355 1183 atque
385 1109 639 1166 azmulati
669 1114 865 1166 essent
887 1111 898 1164 l

251 1199 537 1254 Societate
569 1198 898 1269 aperiendis
940 1197 1203 1254 fontibus
1234 1214 1429 1252 rerum
1461 1198 1834 1254 Germanica-

184 1304 309 1344 rum
345 1287 520 1342 medii
553 1287 656 1341 mvi
707 1287 1024 1342 constituta
1070 1292 1128 1342 et
1176 1287 1377 1342 statim
1427 1288 1496 1342 de
1529 1287 1838 1359 praecipuis

186 1376 571 1449 scriptoribus
605 1393 839 1432 summa
869 1393 1009 1432 cura
1041 1375 1464 1449 diligentiaque
1495 1376 1839 1432 exhibendis

187 1466 496 1538 cogitante,
521 1466 608 1521 Cl.
645 1465 709 1520 L.
744 1466 806 1520 F.
856 1465 1055 1532 Hesse,
1106 1465 1194 1520 vir
1226 1466 1294 1521 de
1336 1466 1592 1521 Historia
1622 1465 1838 1520 Turin-

178 1553 314 1626 rgica
345 1553 784 1622 meritissimus,
819 1555 1218 1624 Lambertum,
1244 1555 1508 1610 omnium
1538 1555 1712 1610 medii
1737 1554 1837 1608 aevi

184 1641 599 1698 historicorum
629 1660 777 1716 pene
807 1644 1393 1715 prastantissimum,
1427 1644 1717 1699 edendum
1741 1659 1840 1698 su-

185 1731 392 1802 scepit,
427 1735 486 1787 et
515 1733 687 1787 annis
716 1732 1097 1803 sequentibus
1128 1749 1261 1787 cum
1294 1732 1523 1787 codices
1554 1749 1587 1786 a
1618 1731 1842 1787 Pertzio

187 1826 240 1876 et
268 1820 591 1876 Bochmero
626 1821 871 1877 feliciter
898 1825 1155 1893 repertos
1185 1805 1316 1876 cum
1351 1821 1524 1876 editis
1546 1837 1844 1892 compara-

187 1909 265 1964 vit
293 1925 618 1981 eorumque
647 1911 764 1965 ﬁde
792 1914 1018 1966 textum
1053 1910 1365 1977 recensuit,
1407 1914 1532 1965 tum
1564 1909 1758 1965 verbis
1789 1916 1846 1965 et

191 1997 367 2054 rebus
397 1996 756 2070 explicandis
783 1998 1077 2071 egregiam
1103 2014 1339 2070 operam
1363 1996 1610 2063 navavit,
1647 2000 1704 2051 et
1723 2000 1848 2051 stu-

196 2086 431 2142 diorum
455 2103 556 2159 per
575 2086 778 2158 viginti
807 2092 864 2142 et
885 2085 1136 2158 amplius
1165 2102 1352 2143 annos
1373 2085 1844 2142 continuatorum

197 2177 422 2232 fructus
453 2175 511 2230 in
543 2176 653 2230 hoc
687 2175 812 2232 loco
844 2191 1118 2248 reponere
1144 2173 1344 2230 voluit.

263 2265 541 2320 Subsidia
567 2281 701 2320 vero
731 2265 852 2320 haec
883 2265 996 2336 ipsi
1028 2265 1099 2320 ad
1134 2281 1346 2320 manus
1378 2263 1650 2319 fuerunt:

265 2357 320 2423 1)
338 2355 530 2410 Codex
543 2353 1072 2427 Augustinensium
1090 2352 1688 2425 Witembergensium
1713 2353 1845 2424 (68),

192 2459 366 2516 quem
401 2443 491 2498 vir
518 2459 790 2498 summus
821 2447 879 2497 et
909 2443 980 2498 de
1010 2442 1276 2497 omnium
1309 2442 1689 2497 scientiarum
1715 2459 1846 2514 pro-

188 2536 357 2588 vectu
389 2531 611 2603 optime
642 2531 886 2586 meritus
919 2529 1220 2602 Philippus
1250 2529 1659 2586 Melanchthon
1688 2531 1851 2586 Sece-

192 2621 278 2675 rio
312 2620 766 2674 describendum
790 2618 1090 2674 mandavit
1113 2622 1287 2690 atque
1308 2618 1586 2690 Chaspari
1608 2618 1851 2674 Churre-

190 2724 253 2768 ro
283 2708 444 2780 typis
465 2707 757 2762 edendum
798 2707 1148 2763 transmisit.
1179 2707 1286 2772 Qui
1310 2709 1584 2778 cumjam
1602 2707 1849 2763 inveniri

190 2813 307 2852 non
341 2796 612 2868 potuerit,
674 2796 796 2851 sive
853 2796 1192 2868 deperditus
1225 2795 1301 2851 sit
1330 2795 1448 2851 sive
1481 2796 1539 2850 in
1590 2796 1848 2868 quodam

191 2884 412 2958 angulo
437 2886 614 2939 lateat
637 2884 772 2956 (69),
794 2884 972 2940 editio
999 2886 1294 2957 princeps,
1319 2903 1497 2957 quam
1523 2886 1850 2942 Churrerus

192 2991 243 3028 a.
280 2974 444 3040 1525,
480 2973 801 3045 Tubinguaa
849 2974 1002 3044 apud
1051 2973 1427 3030 Huldericum
1470 2975 1850 3030 Morhardum

190 3063 475 3136 vulgavit,
507 3062 841 3118 adhibenda
870 3067 1016 3118 erat.
1051 3062 1359 3136 Exemplar
1387 3063 1542 3119 enim
1575 3063 1716 3118 illud
1748 3080 1851 3135 ge-

1939 931 2132 988 veniat
2161 949 2349 1004 neque
2378 933 2574 989 locum
2606 951 2657 988 a.
2693 935 2852 1002 1075,
2885 934 3112 1006 expleat
3140 934 3274 1005 (71).

2018 1023 2041 1076 1
2074 1026 2135 1091 α)
2165 1024 2381 1077 Auctor
2411 1022 2554 1078 Vita:
2583 1029 2639 1078 S.
2669 1023 2935 1079 Annonis
2964 1024 3075 1094 (72)
3107 1028 3182 1078 et.

2017 1113 2042 1165 1
2081 1112 2130 1181 b)
2162 1111 2470 1168 Annalists
2498 1113 2645 1168 Saxo
2665 1113 2779 1185 (73)
2811 1111 3084 1184 antiquos
3113 1115 3168 1166 et
3192 1109 3424 1182 optima
3457 1109 3595 1165 ﬁdei
3659 1124 3662 1127 '

1945 1200 2178 1255 codices
2209 1205 2342 1255 ante
2373 1200 2572 1257 oculos
2603 1201 2939 1257 habuerunt
2973 1201 3107 1272 (74).

2019 1287 2248 1360 Reliqui
2262 1305 2394 1344 vero
2414 1289 2569 1354 libri,
2593 1295 2882 1361 quotquot
2898 1291 3186 1355 novimus,
3201 1288 3516 1343 manarunt
3531 1301 3599 1340 ex

2017 1380 2074 1448 2)
2107 1380 2314 1435 Codice
2367 1380 2708 1437 monasterii
2752 1381 2810 1436 S.
2870 1380 3018 1436 Petri
3052 1376 3464 1442 Erfordiensis,
3497 1375 3599 1447 qui

1949 1472 2103 1524 certe
2134 1468 2342 1524 saeculo
2375 1487 2455 1524 xu
2485 1469 2599 1525 inc.
2635 1469 2887 1542 scriptus
2913 1469 3092 1524 fuisse
3121 1468 3368 1532 videtur,
3401 1466 3599 1536 itaque

1949 1573 2130 1628 pr0pe
2161 1557 2231 1611 ad
2267 1557 2558 1612 Lamberti
2590 1563 2854 1630 tempora
2901 1556 3146 1614 accessit
3183 1560 3239 1611 et
3267 1557 3395 1626 ejus
3425 1553 3602 1608 verba

1951 1651 2218 1701 accurate
2239 1646 2382 1702 satis
2407 1652 2582 1717 atque
2610 1646 2860 1702 ﬁdeliter
2884 1663 3147 1702 servasse
3167 1644 3464 1716 putandus
3489 1645 3599 1709 est,

1951 1732 2236 1788 nonnulla
2265 1751 2397 1789 vero
2421 1735 2631 1804 abjecit
2652 1753 2779 1806 quae
2810 1751 2903 1790 res
2924 1734 3326 1790 Erfordienses
3348 1734 3603 1804 postero-

1952 1839 2083 1878 rum
2109 1823 2402 1877 memoriae
2427 1824 2741 1894 traderent,
2765 1841 2799 1877 a
2819 1823 3074 1895 genuino
3097 1823 3406 1877 Lamberto
3423 1835 3606 1875 secer-

1956 1911 2167 1966 nenda.
2203 1911 2394 1966 Codex
2423 1911 2568 1982 ipse,
2601 1926 2775 1983 quem
2817 1912 2876 1966 in
2906 1910 3196 1982 Turingiaa
3237 1905 3606 1964 bibliothecis

1955 2001 2177 2057 frustra
2211 2000 2476 2072 quaesivi,
2513 1999 2852 2073 deperditus
2887 2016 3016 2056 esse
3062 1999 3331 2066 videtur;
3381 2012 3451 2052 ex
3478 1995 3605 2066 ipso

1953 2107 2087 2146 vero
2119 2089 2359 2146 derivati
2393 2095 2552 2146 sunt.

2025 2180 2060 2232 2
2091 2177 2146 2248 a)
2175 2177 2367 2234 Codex
2387 2177 2689 2233 Gothanus
2711 2176 3064 2244 Ekkehardi,
3088 2177 3238 2231 mbr.
3264 2192 3312 2230 s.
3339 2191 3442 2240 x11,
3465 2171 3604 2228 olim

1957 2268 2014 2323 S.
2046 2266 2200 2322 Petri
2234 2266 2643 2334 Erfordiensis,
2675 2268 2746 2322 de
2776 2283 2892 2338 quo
2917 2266 3044 2321 vide
3093 2264 3246 2319 Mon.
3281 2263 3380 2319 SS.
3414 2263 3512 2330 III,
3547 2278 3604 2334 p.

1957 2358 2021 2411 21
2055 2362 2291 2412 Proaem.
2324 2356 2395 2410 ad
2444 2355 2798 2410 Lambcrlum
2844 2353 3468 2426 Aschafnaburgensem,
3501 2355 3608 2406 Pa-

1956 2446 2204 2514 trotogiw
2235 2449 2368 2501 tom.
2403 2443 2684 2514 CXXXIX)
2717 2445 2850 2516 (75).
2885 2443 3022 2498 Post
3059 2458 3281 2498 annum
3313 2441 3451 2495 1049
3477 2453 3610 2495 vero

1959 2549 2146 2604 pauca
2176 2537 2409 2588 tantum
2443 2532 2617 2587 verba
2649 2548 2716 2586 ex
2749 2531 3056 2586 Lamberto
3087 2528 3394 2600 exscripsit
3422 2528 3557 2599 (76).

2028 2623 2062 2676 2
2079 2622 2131 2693 b)
2153 2621 2342 2677 Codex
2354 2619 2585 2676 comitis
2607 2621 2678 2675 de
2691 2619 3096 2676 Scehoenborn
3110 2618 3169 2673 in
3187 2634 3318 2674 arce
3339 2615 3610 2690 Gaybach

1968 2713 2323 2780 asservatus,
2347 2709 2496 2766 mbr.
2530 2725 2662 2764 s.xn
2683 2707 2824 2762 olim
2858 2730 2886 2758 ‹‹
2910 2708 2970 2763 S.
2995 2707 3146 2763 Petri
3166 2706 3227 2762 in
3251 2705 3535 2761 Erfesfurt
3558 2725 3611 2772 »,

1959 2797 2216 2855 Annales
2247 2798 2524 2868 continet,
2571 2815 2624 2853 a.
2673 2801 2742 2851 V.
2776 2795 2861 2852 Cl.
2920 2795 3238 2852 Bochmero
3269 2794 3610 2865 exscriptos,

1961 2889 2063 2962 qui
2095 2904 2283 2959 usque
2314 2887 2385 2943 ad
2415 2904 2467 2943 a.
2495 2887 2632 2941 1077
2653 2902 2722 2942 ex
2752 2886 3060 2942 Lamberto
3081 2883 3277 2941 hausti
3302 2899 3453 2955 sepe
3483 2883 3613 2953 ipsa

1959 2976 2120 3032 illius
2155 2977 2328 3032 verba
2359 2976 2628 3047 retinent,
2662 2976 2908 3047 ideoque
2939 2975 3032 3030 his
3062 2973 3445 3030 emendandis
3467 2974 3614 3026 mul-

1960 3071 2088 3120 tum
2116 3063 2463 3120 inserviunt.
2495 3065 2753 3120 Annales
2782 3081 2900 3120 una
2932 3080 3109 3120 manu
3151 3077 3339 3134 usque
3369 3061 3440 3117 ad
3471 3077 3524 3116 a.
3559 3076 3610 3115 c.

191 3151 992 3208 nuinumLambertitextum
1014 3152 1304 3207 continuit
1322 3153 1584 3224 satisque
1603 3153 1852 3208 ﬁdeliter
1898 3223 1905 3224 ί
1965 3155 2102 3209 1150
2134 3152 2374 3218 exarati,
2406 3158 2610 3224 postea
2639 3154 2711 3208 ab
2744 3151 2874 3208 aliis
2894 3169 3082 3224 usque
3114 3152 3186 3207 ad
3218 3168 3274 3207 a.
3315 3151 3453 3205 1463
3483 3165 3615 3204 con-

191 3257 541 3313 expressum
568 3257 696 3296 esse
734 3240 984 3311 videtur,
1017 3241 1100 3296 ita
1131 3245 1197 3296 ut
1240 3223 1585 3311 plerumque
1615 3240 1848 3296 nonnisi
1881 3223 1923 3289 C
1961 3242 2197 3312 tinuati,
2246 3241 2306 3296 in
2363 3223 2478 3298 alio
2533 3223 3044 3298 Monumentorum
3099 3239 3396 3296 volumine
3437 3238 3612 3293 eden-

191 3331 414 3393 leviora
447 3330 660 3384 menda
689 3346 930 3401 aspersa
958 3333 1131 3401 atque
1167 3329 1305 3384 hinc
1335 3329 1470 3384 inde
1499 3329 1850 3385 vocabulum

191 3420 308 3488 (79)
341 3417 627 3474 omissum
659 3417 748 3473 vel
775 3417 1043 3473 additum
1075 3417 1515 3490 deprehendas;
1549 3435 1678 3489 quae
1711 3417 1852 3473 alio-

192 3547 350 3596 Ann.
387 3559 420 3597 a
455 3542 588 3596 1063
619 3546 858 3613 sumpta
905 3546 1077 3613 sunt,
1095 3545 1153 3595 et
1198 3541 1354 3595 hunc
1403 3542 1527 3613 ipse
1558 3545 1851 3597 auctorem

190 3613 402 3668 laudat
431 3613 471 3666 f.
506 3614 606 3668 18-1
640 3613 738 3668 ubi
760 3611 841 3668 'de
871 3611 1203 3684 Meginhere
1234 3611 1630 3667 Bersfeldensi
1663 3613 1852 3683 inqui-

191 3689 293 3739 tur
317 3700 331 3738 :
368 3687 420 3739 Is
449 3693 510 3739 ut
539 3689 856 3756 Lampertus
884 3686 941 3739 in
971 3683 1071 3756 sua
1098 3683 1366 3756 Chronica
1386 3687 1633 3753 testatur,
1670 3690 1778 3756 etc.

269 3755 386 3826 (65)
420 3756 617 3825 Ipsum
668 3755 835 3810 affert
890 3772 940 3810 c.
974 3755 1044 3810 39
1101 3756 1216 3826 (ap.
1269 3755 1642 3810 Menkenium
1695 3755 1850 3826 Il,p.

195 3827 403 3898 1869);
439 3828 611 3898 Hujus
653 3836 838 3882 autem
885 3827 1209 3881 vastationis
1237 3828 1495 3898 meminit
1530 3828 1857 3897 Lampertus

192 3896 586 3953 Henveldcnsis
617 3899 933 3964 monachus,
983 3898 1185 3953 nobilis
1218 3896 1855 3969 _historiaramscriptor

195 3970 337 4033 Qua:
367 3969 543 4024 verba
571 3985 705 4024 cum
736 3969 974 4033 legisset
1005 3967 1328 4024 monachus
1355 3967 1854 4024 Hamerslebensis

193 4057 393 4112 supra,
431 4040 726 4108 laudatus,
769 4040 1090 4112 Chronicoa
1111 4040 1456 4105 Ekkehardi,
1481 4041 1651 4111 cujus
1676 4041 1855 4112 epito-

193 4110 1281 4193 men.fecithLa‘mbe‘rto.tribuendum
1317 4127 1463 4193 esse
1493 4110 1735 4183 putavit,
1771 4111 1855 4166 ita

192 4183 478 4255 inquiens
507 4183 570 4253 (f.
615 4183 706 4247 30,
748 4183 832 4236 Cf.
869 4182 1129 4237 Leibnitz
1152 4181 1195 4250 Ι,
1230 4198 1286 4252 p.
1317 4183 1446 4306 7002
1473 4181 1659 4237 {Puto
1690 4187 1852 4265 Lam-

193 4255 639 4334 bertusvocatar
667 4254 1189 4334 auctor-monachus.
1223 4253 1411 4334 Ilersfe
1433 4252 1618 4334 densis
1646 4254 1855 4334 nobilis

192 4326 707 4396 historiographus;
740 4327 818 4379 sic
848 4325 1009 4379 illum
1037 4325 1288 4396 nominat
1331 4325 1635 4378 Icronimus
1667 4326 1855 4379 Emser

193 4400 257 4450 in
296 4399 433 4468 Vitia,
450 4395 727 4468 Bennonis
756 4397 1013 4468 episcopi.
1049 4395 1110 4449 Si
1137 4400 1326 4468 tamen
1355 4397 1427 4468 sit
1459 4396 1581 4468 iste.

267 4467 385 4537 (66)
418 4467 520 4521 His
553 4466 745 4522 nescio
776 4464 845 4521 an
880 4465 1254 4537 annumerari
1290 4465 1495 4537 debeat
1521 4464 1854 4535 Stephanus

192 4536 546 4610 Leopolder,
580 4538 680 4609 qui
713 4555 764 4592 a.
795 4539 932 4592 1502
964 4539 1102 4592 1532
1131 4536 1480 4610 in‘cmno‘bio
1510 4537 1852 4610 Wessofonf

190 4591 345 4666 {and
368 4591 909 4665 vixit’et‘lseutnero
944 4591 1093 4663 teste
1121 4606 1295 4676 (Hist.
1333 4608 1582 4663 Wessot‘.
1615 4624 1671 4678 p.
1705 4607 1856 4678 339.)
1886 4591 1934 4655 D

195 4702 224 4734 ι
255 4680 534 4737 Chronici
554 4679 984 4736 Hersfeldensis
1005 4678 1419 4750 compendium
1445 4695 1515 4733 ex
1545 4678 1855 4734 Lamberto

189 4751 728 4825 schal‘naburgensi
746 4750 1078 4825 excerpsit»
1094 4791 1116 4825 ,_
1131 4766 1267 4825 cum
1275 4751 1402 4820 jam
1424 4750 1678 4825 editione
1700 4750 1854 4821 prin-

190 4824 325 4896 cipe
382 4822 472 4877 uti
525 4821 1326 4895 p6tuerit.—Staindelium,
1388 4821 1490 4892 qui
1525 4821 1652 4891 jam
1683 4824 1854 4876 antea

190 4894 524 4951 Chronicon
585 4911 866 4951 magnum
922 4893 1264 4949 Bavaricum
1317 4891 1672 4951 compilavit,
1736 4907 1852 4946 non

193 4907 524 4951 unromcon
585 4911 681 4949 ma
765 4911 866 4949 um
923 4907 1264 4949 navaricum
1317 4907 1672 4964 compuavn,
1736 4907 1852 4946 non

193 4966 534 5035 Lamberto,
567 4971 632 5021 ut
662 4911 914 5022 (igi'elius
946 4963 1314 5036 putavit,gsed
1336 4963 1671 5036 Annalibus
1694 4961 1852 5016 Alta-

192 5036 489 5093 hensibus
515 5034 689 5093 usum
712 5053 860 5103 esse,
883 5034 1255 5092 Giesebrecht
1275 5034 1418 5089 satis
1437 5034 1702 5106 probavit
1718 5051 1773 5104 p.
1796 5036 1850 5088 7.

193 5140 263 5148 —
298 5109 531 5165 Stenzel
563 5109 741 5163 etiam
798 5113 949 5163 Ann.
1009 5107 1388 5162 Novesienscs
1445 5121 1512 5160 ex
1544 5106 1854 5161 Lamberto

194 5196 249 5235 a.
286 5181 430 5235 1074
458 5179 782 5252 descriptos
836 5195 964 5252 esse
994 5177 1491 5252 adnotavit,_qu_os
1523 5176 1732 5252 saeculo
1763 5193 1856 5230 xVI

195 5254 481 5307 exeuntes
514 5247 870 5322 compositos
901 5250 996 5305 hic
1036 5266 1167 5322 non,
1198 5247 1517 5322 attulerim,
1550 5265 1684 5302 cum
1715 5251 1858 5322 tunc

194 5321 488 5404 tamporis
497 5324 622 5394 jam
644 5317 882 5394 plurimi
903 5322 1126 5377 editum
1146 5319 1438 5375 Lamberti
1461 5323 1680 5375 textum
1699 5317 1860 5375 adhi-

193 5395 497 5451 buissent.

265 5467 409 5537 (67),
448 5465 530 5521 Cf.
567 5462 925 5537 testimonia
976 5479 1010 5518 a
1036 5460 1270 5537 _Yossi_o
1316 5459 1557 5537 collecta
1608 5460 1678 5515 de
1710 5458 1856 5514 Hist.

183 5532 323 5594 Lat.
359 5532 435 5604 ΙΙ,
467 5551 518 5590 c.
554 5535 642 5602 47,
679 5532 896 5605 quibus
928 5532 1099 5588 multi
1132 5533 1264 5605 addi
1295 5534 1551 5605 possent.

235 5679 249 5690 ι
271 5609 392 5678 (68)
420 5601 872 5690 E‘rroredecepti
906 5605 1104 5676 plures
1134 5601 1394 5659 codicem
1425 5601 1858 5673 Tubingensem

185 5679 500 5822 diligi?
522 5748 606 5806 CI.
640 5749 1025 5807 Forstemann
1048 5745 1194 5804 mihi
1217 5745 1434 5816 retulit,
1457 5743 1681 5802 codices
1703 5743 1861 5801 illius

1961 3336 2057 3387 tur
2093 3333 2229 3387 (77).

2036 3349 2057 3386 r
2114 3333 2183 3385 77
2217 3371 2229 3384 .

2036 3332 2298 3494 Prioxime
2329 3419 2401 3474 ad
2433 3417 2690 3475 codicem
2721 3422 2757 3474 2
2788 3418 3057 3474 accedere
3086 3415 3316 3472 videtur

1964 3542 2300 3599 monasterii
2316 3541 2528 3614 partim
2546 3541 2604 3596 in
2619 3541 3031 3614 bibliothecam
3054 3538 3614 3614 Wittenbergensem

1962 3615 2212 3682 venisse,
2246 3609 2463 3685 partim
2495 3617 2698 3686 postea
2718 3613 2778 3669 in
2810 3619 3112 3670 Ienensem
3137 3609 3614 3681 transmigrasse.

1962 3687 2027 3742 In
2062 3691 2269 3742 neutra
2297 3687 2422 3756 jam
2452 3686 2756 3757 reperitur.

2036 3759 2146 3829 (70)
2181 3750 2467 3828 Inpriore
2515 3750 2766 3829 tantum,
2803 3755 2936 3810 libri
2978 3759 3164 3829 parte_
3199 3750 3617 3829 plurappissa

1964 3822 2138 3895 sunt,
2164 3833 2228 3883 ut
2256 3822 2308 3883 aI.
2339 3829 2466 3898 723,
2497 3827 2647 3899 732).
2677 3828 2804 3894 733,
2852 3829 2959 3882 786
2979 3822 3102 3894 (cui
3131 3822 3318 3899 κίε),
3350 3823 3479 3890 787,
3509 3822 3615 3877 813

1965 3903 2032 3968 :c.
2067 3900 2133 3954 H.
2167 3900 2262 3968 ε).
2299 3898 2368 3953 de
2401 3916 2451 3953 a.
2484 3898 2612 3964 718,
2644 3900 2771 3965 742,
2803 3900 2908 3953 777
2937 3914 2991 3952 ν.
3026 3915 3086 3952 n.
3117 3898 3210 3950 76.

2036 3971 2148 4041 (71)
2181 3965 2393 4025 Eodem
2453 3970 2858 4025 continentur:
2920 3968 3282 4041 1°A0rigenes
3319 3965 3617 4041 §axonicae

1970 4038 2278 4114 Vuolgangi
2310 4041 2494 4114 Crusii
2523 4041 2824 4114 (717(pag.)
2849 4059 2875 4114 ;i
2896 4044 2953 4095 2°
2981 4039 3284 4114 Chronicon
3308 4038 3613 4114 _Veterocel-

1964 4108 2123 4168 tense
2145 4129 2177 4168 e
2206 4108 2453 4167 Conradi
2484 4108 2816 4184 presbiter
2852 4108 3270 4184 Lauterbergii
3284 4108 3613 4184 Annalibus

1963 4188 2020 4238 et
2053 4183 2454 4255 manuscripto
2485 4179 2816 4255 exemplari
2870 4179 3223 4255 castigatum
3255 4179 3348 4255 (22
3375 4179 3611 4255 pagg):

1962 4255 2021 4308 3°
2097 4255 2336 4309 Annales
2358 4251 2685 4310 _Misnenscs'
2729 4255 2951 4310 auctori
3006 4251 3211 4309 incerti
3277 4253 3331 4323 (9
3376 4251 3611 4324 pagg.);

1964 4325 2022 4398 11°
2051 4327 2355 4381 Chronicon
2377 4327 2682 4398 Pirnensesi
2697 4327 2751 4396 (6
2781 4329 2980 4398 pagg.)
3003 4351 3016 4392 ;
3039 4327 3099 4380 5°
3120 4325 3425 4398 Chronjcon
3453 4327 3616 4398 Dres-

1963 4395 2130 4450 dense
2161 4398 2216 4466 (3
2245 4397 2442 4468 pagg.)
2468 4399 2556 4450 llas
2588 4393 2806 4468 quinpe
2849 4393 2982 4451 libri
3032 4401 3226 4467 partes
3271 4393 3616 4468 Germanice

1965 4465 2304 4540 conscriptae
2326 4465 2472 4540 sunt
2496 4484 2523 4540 ;Δ
2540 4465 2939 4540 6ο“οὴνὸηὶεοη
2960 4465 3315 4536 Fribergense
3348 4465 3614 4540 Latinum

1964 4544 2016 4612 (β
2045 4534 2215 4612 pagg:
2248 4543 2266 4603 )
2295 4541 2390 4602 ;7°
2420 4537 2745 4612 civitatum,
2772 4539 2995 4612 arcium
3029 4553 3095 4612 ac
3121 4534 3614 4612 monasteriorum

1968 4603 2360 4673 fundationes,
2416 4624 2484 4662 ex
2531 4603 2818 4665 innmeris
2867 4607 3284 4662 Chronicorum
3311 4603 3614 4659 codicibus

1966 4684 2250 4760 congestae
2283 4694 2386 4750 per
2419 4679 2601 4804 ναοέῖ.
2632 4681 2851 4762 Iustum
2873 4677 3354 4766 Germanice,h‘(79
3375 4673 3571 4746 pagg.)
3599 4691 3612 4741 ;

1959 4749 2211 4821 denique
2240 4752 2301 4821 8°,
2328 4750 2526 4805 Hervel
2565 4767 2715 4805 ensis
2743 4751 2912 4806 abbas
2933 4751 3008 4804 De
3037 4749 3197 4804 rebus
3219 4753 3619 4804 Germanorum

1959 4820 2312 4900 (249293589
2322 4862 2333 4874 '

2050 4888 2142 4961 72)
2174 4888 2443 4963 Codicem
2475 4891 2776 4963 egregium
2808 4889 3141 4963 Hallensem
3167 4888 3576 4963 adhibuimus.

2052 4958 2144 5034 73)
2177 4961 2280 5034 Usi
2311 4958 2673 5034 sumus'cod.
2708 4962 3073 5033 autographo
3095 4958 3612 5034 Sangermanensi.

2034 5031 2149 5102 (74)
2177 5031 2605 5112 Aliiplerique,
2639 5050 2786 5112 quos
2819 5031 3128 5112 Lamberto
3163 5031 3272 5112 usu
3305 5047 3433 5112 esse
3465 5031 3614 5112 dixi-

1964 5121 2269 5179 mus,_no_n
2302 5104 2385 5158 ita
2414 5120 2549 5158 eum
2581 5104 3040 5179 exscripserunt,
3065 5109 3130 5160 ut
3158 5106 3230 5160 ad
3261 5104 3615 5160 verbaresti-

1966 5176 2186 5230 tuenda
2217 5175 2412 5246 facere,
2430 5181 2688 5246 possent.

2057 5246 2147 5318 75)
2179 5246 2254 5302 cf.
2285 5245 2518 5301 Archiv.
2551 5248 2673 5313 VII,
2699 5250 2807 5304 505
2837 5251 2894 5302 et
2937 5264 3065 5318 quae
3096 5250 3299 5317 postea
3326 5245 3615 5302 dicentur.

2057 5318 2149 5386 76)
2204 5318 2336 5370 1041
2385 5319 2478 5372 cui
2505 5318 2787 5390 Suitgerus
2825 5321 3115 5390 successit;
3150 5319 3281 5372 1051
3317 5318 3620 5387 imperator

1967 5389 2321 5444 Pentecosten
2352 5419 2419 5428 —
2448 5406 2632 5444 mense
2659 5391 2915 5445 decedens
2939 5410 2957 5450 ;
2989 5389 3126 5443 1056
3150 5392 3424 5459 presentes
3453 5405 3619 5446 cram

1968 5490 2036 5498 —
2065 5460 2362 5528 sepulturae
2411 5463 2489 5514 est
2539 5462 2826 5516 traditum.
2882 5464 3236 5515 llcrmannus
3280 5459 3618 5516 Cotoniensit

1969 5530 2614 5605 archiepiscopusobiit;
2636 5533 2728 5586 cui
2745 5537 2900 5586 Anno
2934 5529 3295 5588 Gostariensis
3315 5529 3617 5605 prepositus

1969 5605 2229 5657 successit
2259 5620 2272 5669 ;
2305 5602 2442 5656 1069
2472 5602 2656 5656 relicto
2686 5604 3080 5670 v---,speciosus.
3315 5602 3324 5604 Ἰ
3365 5657 3372 5663 .

2042 5674 2154 5746 (77)
2186 5673 2456 5746 Magnam
2507 5689 2708 5746 eorum
2772 5680 2992 5746 partem
3038 5674 3258 5746 publici
3300 5673 3452 5740 juris
3481 5670 3614 5729 fecit

2042 5691 2154 5744 (ιι)
2186 5691 2456 5746 magnam
2507 5691 2708 5728 eorum
2772 5691 2992 5744 partem
3030 5691 3258 5802 publici
3300 5691 3366 5740 ,ιιι

1971 5745 2316 5803 Wurdwein
2342 5749 2504 5801 Nova
2531 5745 2695 5822 subs,
2725 5745 2968 5820 diplom.
3003 5746 3024 5802 Ι
3060 5790 3073 5816 ,
3106 5746 3370 5801 238-241.
