3996 6148
361 330 507 394 1051

1495 329 1892 393 LAMBERTI
1953 326 2613 395 HERSFELDENSIS.

3537 338 3545 355 ‘
3607 326 3785 390 1052

434 467 488 538 3)
520 471 577 523 C.
611 464 976 533 Dresdensis;
1011 464 1146 521 olim
1173 463 1482 523 academize
1513 468 1858 541 Lipsiensis,
1884 487 2014 542 pos-
2042 467 2095 532 Α
2130 465 2430 521 codicibus
2462 467 2487 520 1
2515 483 2553 521 a
2575 467 2684 521 et2
2709 466 2737 520 b
2765 462 3064 532 adhibitis,
3085 461 3304 534 ubique
3353 459 3659 518 restituere
3686 478 3795 517 co-

368 558 460 610 tea
491 555 801 609 Tabulario
860 555 1017 627 regio
1075 555 1297 621 illatus,
1358 560 1598 614 nuncin
1661 559 2013 615 bibliotheca

368 643 601 714 publica
622 648 955 699 asservatus
977 650 1033 700 et
1055 646 1096 709 l,
1120 648 1190 701 50
1204 648 1489 719 signatus.
1517 649 1687 704 Liber
1711 650 1920 705 saeculo
1942 668 2011 705 xv

365 750 431 788 ex
459 732 543 785 vel
571 749 662 785 xvr
686 731 769 796 in,
795 733 851 787 in
877 732 1076 788 charta
1101 736 1330 790 duabus
1355 736 1647 804 manibus,
1674 737 1855 793 altera
1881 739 2009 793 rudi

362 826 417 876 et
452 822 651 876 minus
703 820 974 894 eleganti,
1027 823 1206 879 altera
1254 826 1557 896 comptiori
1600 833 1869 882 exaratus
1899 833 2006 883 est.

364 910 657 965 Lamberti
689 911 880 966 verbis
912 929 1097 984 pauca
1125 914 1193 968 de
1243 916 1504 969 cmnobio
1536 917 1587 969 S.
1634 916 1781 971 Petri
1814 918 2011 973 addita

363 1003 501 1054 sunt
531 1001 664 1072 (78),
700 1006 974 1072 praeterea
1023 1002 1382 1057 continuatio
1415 1004 1602 1058 brevis
1636 1022 1821 1076 usque
1850 1007 1919 1061 ad
1954 1024 2005 1061 a.

367 1088 502 1142 1154
537 1090 780 1158 abjecta,
816 1107 941 1161 ques
994 1107 1126 1146 cum
1156 1091 1480 1147 Annalibus
1527 1093 1741 1148 ibidem
1774 1094 2009 1166 scriptis

365 1177 497 1247 (2b.)
531 1179 963 1247 quamma'xime
994 1180 1278 1235 convenit.

436 1266 489 1336 4)
517 1266 576 1319 C.
611 1266 1041 1337 Gottengensis,
1066 1268 1203 1323 olim
1236 1269 1447 1337 Albini,
1474 1276 1675 1342 postea
1697 1273 1914 1327 domini
1936 1274 2009 1329 de

362 1352 565 1407 Plotho
597 1358 653 1409 et
683 1354 920 1410 Semleri
956 1356 1086 1427 (79),
1139 1357 1478 1413 chartacens
1528 1360 1582 1413 in
1635 1360 1733 1415 fol.
1776 1379 1903 1416 saec.
1938 1379 2008 1416 xv

362 1459 471 1507 ex.,
505 1443 649 1497 satis
681 1443 987 1516 diligenter
1031 1456 1088 1501 et
1121 1446 1391 1501 distincte
1440 1447 1691 1519 scriptus
1726 1450 1873 1520 (80);
1907 1450 2006 1522 qui

361 1530 578 1601 pariter
606 1537 801 1601 atque.

429 1619 486 1690 5)
518 1620 578 1674 C.
611 1619 1099 1693 Wirzburgensis,
1134 1622 1271 1677 olim
1306 1625 1547 1680 abbatiaa
1570 1627 1627 1681 S.
1660 1627 1855 1682 Jacobi
1880 1645 2004 1698 quas

361 1708 689 1763 Scottorum
724 1715 847 1764 erat
875 1710 1007 1781 (81),
1057 1711 1398 1768 chartacens
1446 1713 1505 1767 in
1539 1714 1637 1770 fol.
1673 1733 1803 1771 saec.
1836 1734 1908 1771 xv
1938 1733 2006 1772 ex

358 1796 445 1852 vel
476 1814 568 1852 xvr
596 1797 704 1866 in.,
736 1799 966 1855 duobus
1013 1800 1256 1856 calamis
1286 1802 1561 1874 scriptus,
1598 1835 1664 1845 -—
1694 1804 1902 1877 incipit
1931 1807 2002 1861 ab

360 1901 413 1939 a.
446 1886 569 1951 705,
606 1918 670 1926 —
702 1886 953 1943 maxime
1001 1888 1058 1943 in
1110 1890 1301 1959 prima
1345 1890 1477 1945 libri
1530 1897 1694 1963 parte
1734 1895 1999 1964 quaedam

362 1973 575 2044 adjecit
602 1975 735 2045 (82),
769 1981 823 2031 et
872 1978 1368 2035 continuationem
1424 1998 1655 2053 quoque
1695 1982 1855 2038 illam
1888 2000 2001 2038 non

360 2063 548 2117 solum
583 2064 820 2119 retinuit
850 2068 947 2121 sed
981 2067 1157 2122 etiam
1207 2085 1393 2141 usque
1423 2071 1493 2125 ad
1545 2088 1595 2125 a.
1631 2072 1767 2125 1182
1800 2089 2029 2143 prose-7

361 2157 531 2207 cutus
564 2157 669 2208 est.
705 2154 769 2208 In
802 2154 1127 2212 minoribus
1159 2174 1393 2230 quoque
1417 2159 1476 2213 hi
1508 2160 1735 2215 codices
1760 2161 1914 2216 inter
1942 2178 2004 2217 se

359 2242 731 2310 conveniunt,
758 2245 1024 2315 quamvis
1058 2249 1205 2301 alter
1227 2262 1294 2301 ex
1316 2247 1495 2303 sltem
1530 2250 1856 2321 descriptus
1878 2268 2005 2306 esse

359 2337 629 2404 nequeat,
664 2350 794 2388 cum
831 2334 960 2389 aliis
1010 2334 1102 2389 hic
1142 2336 1271 2391 aliis
1319 2336 1416 2391 ille
1447 2339 1677 2393 mendis
1709 2340 1785 2393 sit
1815 2340 2004 2395 defor-

360 2425 576 2476 matus.
613 2423 825 2477 Eodem
853 2424 1025 2477 modo
1056 2425 1235 2479 codex
1266 2427 1299 2479 3
1348 2442 1487 2481 suas
1517 2426 1690 2482 habet
1722 2428 2002 2484 maculas.

360 2508 576 2562 Omnes
606 2525 739 2563 vero
772 2526 884 2564 non
936 2511 1137 2580 paucis
1168 2512 1309 2567 locis
1358 2515 1559 2569 eodem
1602 2516 1772 2570 modo
1801 2533 2002 2586 pecca-

361 2599 517 2663 runt,
551 2596 725 2651 verba
754 2598 1101 2665 omiserunt,
1132 2600 1246 2654 alia
1279 2606 1760 2673 transposuerunt
1790 2609 1845 2659 et
1876 2623 2003 2660 mu-

360 2687 635 2739 taverunt
662 2686 793 2757 (83),
829 2691 893 2741 ut
922 2703 1295 2743 communem
1345 2690 1562 2745 fontem
1587 2692 1713 2762 jam
1745 2694 1816 2747 ab
1849 2695 2006 2763 ejus-

362 2772 519 2827 modi
552 2773 845 2828 erroribus
875 2773 1028 2830 haud
1063 2775 1311 2831 liberum
1338 2777 1499 2833 facile
1530 2795 1835 2850 agnoscas,
1870 2782 2005 2837 Om-

362 2877 485 2925 nes,
514 2865 712 2932 utpote
743 2863 944 2919 eodem
999 2866 1115 2920 fere
1146 2870 1405 2936 tempore
1453 2869 1694 2934 exarati,
1737 2870 1912 2925 etiam
1946 2870 2004 2925 in

361 2950 552 3005 verbis
583 2951 903 3006 scribendis
934 2953 1099 3009 valde
1130 2955 1483 3010 conveniunt
1512 2961 1568 3011 et
1600 2958 1670 3013 ab
1702 2959 2003 3030 orthogra-

362 3038 522 3110 phia,
556 3055 731 3109 quam
765 3040 975 3096 saeculo
1006 3058 1064 3097 x1
1104 3042 1165 3097 in
1212 3060 1321 3098 usu
1353 3043 1534 3100 fuisse
1583 3047 1725 3101 satis
1758 3052 2002 3116 constat,

363 3143 515 3198 saepe
546 3129 822 3197 recedunt
853 3130 983 3200 (84),
1031 3131 1115 3185 ita
1148 3135 1340 3187 tamen
1390 3137 1454 3187 ut
1486 3136 1658 3190 modo
1708 3135 1801 3190 hic
1834 3137 2005 3192 modo

2123 556 2384 609 nandum
2417 559 2538 608 erat
2563 573 2575 620 ;
2599 553 2866 625 quamvis
2888 553 2945 607 in
2970 552 3172 607 multis
3202 550 3515 617 vocabulis,
3552 550 3611 605 in
3636 550 3791 621 qui-

2121 644 2234 698 bus
2266 643 2592 698 scribendis
2622 642 2782 697 illius
2812 642 3089 712 temporis
3120 640 3431 712 scriptorcs
3462 656 3788 711 nunquam

2121 732 2237 786 fere
2271 732 2381 786 sibi
2406 732 2771 798 constabant,
2798 747 2901 784 nos
2934 729 3240 800 pristinam
3265 727 3570 783 lectionem
3603 728 3785 782 haud

2123 826 2422 876 assecutos
2456 837 2582 876 esse
2608 820 2739 891 (85),
2773 821 2917 874 bene
2945 818 3150 874 sciam.
3184 818 3295 874 Sed
3324 817 3790 873 haaclevissima

2120 914 2277 975 sunt,
2312 927 2439 981 quas
2464 910 2575 963 nisi
2600 909 2723 979 ipse
2745 907 3127 971 monuissem,
3154 905 3247 961 vix
3268 923 3421 961 unus
3448 905 3669 960 alterve
3697 911 3787 961 at,

2118 998 2421 1054 tendisset.

2189 1088 2244 1154 6)
2269 1088 2549 1143 Pistorius
2566 1088 2824 1142 codicem
2846 1086 3074 1155 habuit,
3098 1101 3272 1156 quem
3294 1084 3785 1139 vetustissimum

2120 1176 2258 1231 dicit
2290 1176 2438 1247 (86);
2473 1178 2569 1230 sed
2620 1175 2896 1231 lectiones
2934 1190 3068 1229 cum
3096 1176 3149 1239 4,
3197 1175 3234 1228 5
3263 1173 3693 1229 concordantes
3729 1174 3793 1225 et

2119 1265 2478 1320 continuatio
2509 1282 2696 1335 usque
2726 1265 2796 1319 ad
2827 1281 2877 1319 a.
2914 1265 3053 1318 1352
3082 1263 3328 1318 deducta
3357 1267 3528 1332 atque
3550 1278 3619 1315 ex
3656 1264 3791 1314 An-

2120 1354 2353 1409 nalibus
2372 1354 2733 1425 Sanpetrinis
2756 1356 3047 1424 excerpta,
3071 1368 3202 1406 eum
3227 1351 3486 1421 ejusdem
3518 1348 3795 1421 originis

2118 1449 2175 1499 et
2208 1444 2453 1498 fortasse
2484 1460 2597 1497 non
2630 1442 2871 1512 majoris
2900 1440 3085 1496 astatis
3108 1440 3289 1495 fuisse
3317 1439 3662 1495 ostendunt.

2187 1535 2243 1601 7)
2276 1533 2465 1588 Codex
2506 1530 2845 1587 Oxoniensis
2893 1529 3056 1585 Bodl.
3110 1547 3169 1583 n.
3201 1528 3342 1584 5128
3387 1528 3545 1584 Junii
3581 1543 3790 1581 manu

2117 1621 2390 1693 scriptus,
2424 1621 2654 1676 brevem
2686 1620 2820 1675 anni
2856 1620 2995 1674 1075
3026 1623 3246 1689 partem
3281 1617 3557 1685 continet,
3591 1616 3789 1685 cujus

2114 1709 2390 1766 lectiones
2417 1727 2449 1765 a
2479 1709 2733 1782 genuino
2762 1712 2919 1765 textu
2952 1710 3095 1764 satis
3116 1708 3450 1763 recedentes
3477 1705 3548 1759 V.
3575 1704 3667 1760 Cl.
3707 1711 3786 1758 Α.

2114 1799 2295 1854 Nicoli
2327 1799 2582 1855 enatavit
2608 1798 2741 1870 (87).

2186 1889 2284 1942 His
2314 1887 2596 1943 subsidiis
2645 1888 2717 1943 ad
2756 1887 2909 1942 hanc
2957 1901 3168 1942 novam
3219 1883 3507 1941 Lamberti
3550 1883 3780 1938 editio-

2114 1993 2245 2032 nem
2297 1978 2697 2032 adornandam
2728 1976 2795 2030 V.
2846 1974 2928 2032 Cl.
2984 1976 3161 2030 ﬂesse
3212 1990 3424 2045 magna
3452 1971 3784 2043 diligentia

2112 2083 2256 2122 usus
2288 2070 2395 2133 est,
2430 2071 2486 2121 et
2525 2065 2792 2136 quamvis
2842 2063 3067 2119 nullum
3116 2067 3365 2118 veterem
3414 2066 3468 2116 et
3498 2062 3783 2116 auctoris

2110 2156 2357 2226 tempori
2378 2171 2691 2226 supparem
2706 2155 2962 2209 codicem
2978 2154 3271 2224 integrum
3286 2156 3457 2222 atque
3472 2166 3627 2222 genu
3640 2151 3655 2203 i
3668 2167 3778 2205 nm

2114 2244 2186 2299 ad
2220 2260 2325 2299 nos
2347 2259 2531 2314 usque
2562 2242 2826 2315 pernisse
2848 2258 2997 2314 aegre
3018 2242 3293 2307 feramus,
3317 2244 3539 2295 textum
3566 2244 3783 2293 tamen

2117 2350 2293 2404 quam
2324 2332 2665 2387 fidelissime
2713 2348 2841 2386 esse
2888 2330 3246 2409 restitutum,
3297 2328 3379 2383 ita
3424 2334 3487 2383 ut
3530 2328 3601 2382 de
3633 2344 3785 2382 vera

2112 2421 2358 2477 lectione
2384 2436 2677 2491 nusquam
2712 2420 2827 2474 fere
2858 2419 3164 2474 dubitandi
3196 2417 3359 2473 locus
3389 2416 3483 2487 sit,
3517 2415 3783 2471 lectores

2112 2510 2363 2580 libenter
2392 2524 2770 2564 concessuros
2800 2508 3049 2562 conﬁdo.

2186 2598 2484 2653 Editiones
2535 2613 2667 2652 vero
2722 2614 2849 2668 qua:
2898 2602 3160 2651 nostram
3214 2599 3635 2667 praecesserunt
3688 2594 3781 2648 has

2115 2692 2290 2743 sunt:
2326 2686 2521 2740 Prima
2551 2686 2660 2740 sub
2704 2685 2912 2741 titulo:
2950 2687 3204 2755 Quisquis
3234 2701 3289 2740 es
3315 2685 3503 2754 gloriae
3537 2685 3785 2739 Ger-ma-

2113 2779 2257 2832 nica:
2282 2785 2333 2831 el
2365 2776 2647 2844 majorum
2688 2774 2987 2843 studiosus,
3037 2775 3133 2829 hoc
3162 2778 3319 2828 utare
3356 2788 3456 2827 ceu
3496 2774 3783 2840 magistro

2116 2865 2296 2919 libello
2329 2864 2587 2931 Tubingw
2620 2863 2758 2916 1525
2805 2861 2864 2915 in
2913 2862 2972 2914 8°
3021 2861 3133 2932 (88)
3188 2864 3425 2915 curante
3465 2859 3781 2931 Chasparo

2116 2954 2402 3008 Churrero
2432 2953 2585 3018 (80);
2618 2982 2685 2990 —-—
2716 2950 2972 3005 secunda
3014 2950 3230 3005 ibidem
3263 2966 3297 3004 a
3343 2950 3477 3003 1550
3510 2949 3628 3020 (90)
3655 2967 3672 3011 ;
3709 2980 3781 2988 —-

2115 3042 2288 3096 tertia
2316 3041 2533 3095 ibidem
2567 3057 2619 3094 a.
2647 3040 2784 3093 1533
2812 3040 2924 3110 (91)
2955 3045 3196 3095 curante
3228 3038 3543 3093 Lutovicho
3566 3039 3785 3093 Schra-

2115 3129 2273 3198 dino,
2309 3130 2408 3200 qui
2441 3145 2652 3183 nomen
2684 3127 2939 3183 auctoris
2961 3128 3174 3183 detexit
3197 3132 3253 3182 et
3272 3128 3541 3198 quaedam
3566 3144 3778 3182 emen-

363 3214 459 3271 ille
485 3215 844 3288 antiquiores
885 3219 1101 3275 formas
1150 3219 1462 3277 retinuisse
1506 3222 1791 3279 videatur.
1825 3227 2000 3296 Quas,
2035 3207 2076 3273 Ο
2116 3219 2253 3274 dare
2282 3220 2395 3290 (92)
2426 3221 2668 3272 conatus
2707 3220 2796 3272 θεῖ
2844 3218 2995 3288 (93);
3028 3248 3097 3257 ·-·
3126 3220 3339 3288 quarta
3389 3217 3448 3271 in
3494 3215 3775 3271 SChaFdii

580 3409 631 3468 a.
665 3393 790 3468 858,
826 3396 983 3468 1068.
1018 3396 1205 3451 Etiam
1238 3413 1364 3468 quia
1404 3415 1453 3452 a.
1487 3399 1613 3463 718,
1643 3401 1768 3463 742,
1801 3401 1907 3453 777
1939 3402 2010 3456 de

362 3463 817 3545 archiepiscopis
849 3466 1208 3545 Moguntinis
1230 3463 1514 3545 leguntur
1540 3476 1596 3524 et
1623 3475 1740 3525 tam
1773 3472 1853 3545 ab
1873 3472 2009 3545 aliis

362 3483 817 3545 arcniepiscopis
849 3483 1208 3591 moguntinis
1241 3483 1514 3538 leguntur
1540 3483 1596 3524 et
1623 3483 1740 3525 tam
1773 3483 1846 3525 ab
1877 3483 2009 3528 all|8

362 3534 675 3616 Annalium
707 3537 942 3616 Hersfel
980 3581 991 3603 ,
1023 3539 1452 3616 exemplaribus
1484 3557 1659 3610 quam
1682 3559 1726 3616 _a
1757 3543 1953 3616 codice
1986 3546 2009 3598 Ι

365 3606 743 3682 aliena__sunt,
774 3608 1041 3682 equidem
1071 3606 1227 3665 haud
1251 3606 1575 3682 Lamberto,
1601 3612 1700 3667 sed
1724 3614 2008 3669 monacho

365 3676 721 3732 Erfordiensi
761 3676 1088 3734 tribuerim.

436 3749 548 3819 (79)
571 3749 643 3803 cf.
675 3750 905 3823 Archiv.
928 3822 933 3823 γ
958 3751 1082 3813 VII,
1114 3752 1217 3805 456
1266 3769 1393 3823 sqq.
1429 3784 1494 3792 —-
1526 3752 1822 3809 Semlerus
1852 3754 2009 3809 hunc

366 3819 581 3896 librum
611 3837 682 3896 ex
715 3820 1067 3896 bibliotheca
1106 3822 1256 3896 Petri
1291 3819 1650 3896 d‘e'iLudwig
1681 3825 2009 3880 cancellarii

366 3891 657 3966 Ilallensis
689 3897 798 3966 a_ut_
822 3893 1232 3966 Baumgarteni
1264 3891 2010 3966 professoris'comparasse

365 3962 635 4039 v_idet_ur_;
670 3962 742 4039 cf.
768 3962 1161 4039 Baumgarten
1184 3962 1569 4039 Nachrichten
1594 3983 1700 4021 von
1732 3962 2006 4039 ei'nigenu

368 4032 816 4087 Handschriiten
851 4032 985 4088 der.‘
1025 4034 1169 4089 Bibl.
1213 4036 1315 4089 des
1374 4038 1637 4092 kanzlers
1683 4054 1792 4091 von
1827 4032 2011 4094 L'ude-

366 4104 508 4170 wig.
538 4102 697 4174 Halle
728 4105 885 4165 1749,
919 4109 971 4173 8,
1007 4122 1061 4174 p.
1096 4106 1277 4159 31-40.
1310 4106 1513 4161 Hasse.

440 4174 551 4248 (80)
582 4173 819 4229 Codices
849 4173 1235 4248 Dresdensem
1267 4180 1323 4230 et
1360 4178 1797 4248 Gottingensem
1830 4196 1863 4233 a
1891 4178 2007 4233 VV.

369 4242 474 4314 Cll.
510 4249 835 4314 nostraeque
877 4246 957 4299 rei
1008 4246 1333 4302 fautoribus
1383 4242 1631 4314 eximiis,
1686 4248 2010 4306 Falkestein

368 4313 419 4368 ei
453 4314 680 4390 Bene‘ke
712 4313 1181 4390 transmissoset
1204 4318 1334 4389 ipse
1364 4313 1652 4390 inspicere
1684 4321 1866 4390 potui.

440 4386 555 4455 (81)
585 4385 668 4462 C_f.
697 4387 959 4462 _Gerken_
991 4389 1048 4443 in
1082 4385 1305 4462 itinere
1346 4391 1423 4462 ,II.
1463 4385 1533 4462 'p.
1584 4385 1708 4445 345.
1738 4391 1838 4462 qui
1869 4392 2012 4447 satis

368 4455 668 4531 inept_e_de
697 4458 804 4513 hoc
835 4459 1031 4514 codice
1062 4461 1403 4531 disputavit.
1434 4455 1636 4517 Hssss.

437 4528 733 4603 (82)V._a.
787 4532 912 4598 623,
961 4533 1087 4592 705,
1135 4528 1258 4586 706.
1324 4534 1500 4587 Annis
1542 4534 1667 4601 718,
1727 4535 1852 4601 745,
1885 4534 2010 4603 777,

370 4598 506 4675 1068
538 4601 772 4655 easdem
806 4618 952 4672 quas
981 4603 1013 4656 3
1046 4603 1218 4658 habet
1263 4605 1611 4658 additiones.
1646 4598 1808 4675 Saepe
1838 4598 2011 4658 etiam

368 4669 741 4742 epicoporum
779 4669 840 4726 et
866 4675 1139 4729 abbalum
1177 4675 1515 4729 nominibus
1537 4669 1765 4729 sedium
1800 4676 2015 4729 indica-

367 4741 557 4815 tiones
591 4743 948 4815 adjecerunt,
983 4763 1034 4800 a.
1067 4748 1193 4810 863,
1225 4749 1349 4805 890,
1382 4748 1507 4815 892,
1538 4748 1643 4800 932
1673 4750 1781 4801 etc.

439 4812 673 4887 (amor.
719 4830 768 4866 a.
826 4816 982 4880 1069,
1035 4818 1194 4880 1061,
1253 4819 1411 4882 1072,
1466 4812 1600 4871 1074
1655 4818 1803 4887 (ter),
1856 4816 2013 4884 1075,

371 4881 506 4958 1077
536 4881 692 4958 (loci,
725 4887 1012 4955 quosjam
1044 4892 1201 4942 textu
1236 4890 1497 4943 nondum
1535 4881 1820 4958 impresso
1853 4881 2018 4942 accu-

367 4952 553 5027 ratius
575 4952 830 5011 indicare
855 4952 966 5011 non
992 4973 1256 5027 possum,
1282 4958 1448 5014 facile
1470 4960 1526 5013 in
1550 4952 1701 5014 no'tis
1727 4958 2018 5013 invenien-

367 5027 481 5077 tur.

442 5025 552 5166 (8)11)
586 5096 670 5169 Ita
703 5112 933 5169 semper
965 5098 1079 5151 fere
1117 5115 1145 5152 ε
1192 5116 1294 5169 pro
1322 5103 1343 5152 l
1387 5100 1682 5169 exhibent,
1716 5104 1771 5153 et
1801 5099 2017 5169 ubique

371 5182 487 5219 non
512 5166 699 5221 solum
724 5168 918 5233 nichil,
943 5166 1416 5235 mz'chz',m'ulctarc
1437 5174 1536 5225 sed
1559 5166 1733 5226 etiam
1757 5166 2019 5226 nunct‘z'us

371 5238 672 5314 scribunt;
707 5256 741 5309 y
774 5256 875 5314 pro
906 5243 928 5295 ἱ
957 5257 1071 5314 n_o_n
1105 5258 1254 5314 raro_
1276 5243 1562 5314 occurrit;
1606 5258 1794 5314 neque
1822 5248 2017 5297 tamen

373 5304 430 5357 in
465 5306 572 5379 hoc
602 5304 789 5379 neq'ué
840 5311 896 5365 in
949 5312 1077 5366 aliis
1136 5311 1338 5367 multis
1370 5313 1479 5366 sibi
1531 5304 1819 5368 constant.
1872 5314 2017 5370 Nam

372 5377 545 5432 modo
576 5377 857 5447 solemnia,
909 5384 1081 5437 modo
1137 5385 1463 5451 solempnia,
1507 5386 1818 5451 sollemnia,
1862 5385 2017 5439 dam-

365 5463 542 5525 paum
572 5451 937 5525 et‘damnum
985 5459 1040 5507 et
1070 5454 1184 5510 alia
1240 5454 1528 5524 ejusmodi
1573 5457 1851 5525 prrebent.
1910 5457 2016 5511 Sed

370 5519 586 5597 ubique
637 5523 752 5575 fere
770 5540 1047 5597 _unquam,
1072 5519 1303 5597 cunque,
1320 5519 1645 5597 aliquandiu
1666 5530 2013 5597 praeierunt;

369 5591 403 5644 3
433 5597 487 5669 et
518 5594 547 5643 4
580 5608 728 5669 saepe
762 5594 796 5643 h
836 5591 1120 5669 utuntur:
1156 5591 1436 5669 salhanas,
1487 5591 1791 5666 sathagjero,
1820 5591 2018 5669 peni/lc

369 5666 529 5726 coslc,
563 5660 780 5724 limbus,
824 5663 1145 5718 thabcsccre
1164 5684 1182 5725 ;
1237 5660 1432 5721 etiam
1461 5660 1901 5722 charissimu's’et
1932 5672 2015 5723 Ια-

370 5734 599 5788 σήνὶγηκ
622 5730 915 5786 interdum
938 5732 996 5786 in
1020 5734 1050 5786 4
1076 5733 1301 5806 legitur.
1332 5738 1514 5807 Magis
1536 5739 1839 5792 offendunt
1868 5755 1891 5792 δ
1914 5755 2015 5808 pro

2042 4568 2090 4631 D

2119 3413 2151 3450 τι
2181 3396 2488 3466 baptizare,
2536 3392 2955 3466 scandeligarg),
2985 3395 3041 3466 et
3090 3408 3123 3447 ι
3152 3408 3257 3463 pro
3285 3409 3321 3466 sq
3341 3393 3688 3459 (thesaurus)
3717 3413 3783 3466 av

2120 3484 2222 3538 pro
2250 3463 2285 3521 ὶι
2307 3466 2582 3538 (sangwis,
2610 3464 2763 3538 quod
2787 3464 2845 3538 in
2869 3465 2902 3518 3
2922 3463 3098 3518 etiam
3120 3465 3347 3538 sanguis
3368 3469 3588 3535 pariter
3608 3481 3681 3519 ac
3707 3465 3781 3519 li-

2155 3554 2229 3593 αα
2261 3537 2539 3591 scribitur
2567 3537 2881 3606 extingwi),
2914 3552 2952 3588 η
2977 3540 3167 3659 0111θέ
3201 3536 3467 3590 additum
3494 3540 3779 3606 pungna),
3820 3552 3823 3553 '

2166 3614 2323 3659 tteraa
2380 3609 2471 3659 bis
2550 3607 2748 3659 positas
2804 3607 3057 3659 (leaimus
3223 3608 3255 3659 4
3313 3607 3571 3659 tollerare
3626 3609 3665 3659 3
3726 3610 3779 3659 4-

2145 3610 2323 3664 itterae
2380 3609 2471 3662 bis
2550 3607 2748 3677 positas
2804 3607 3057 3677 (legimus
3133 3607 3167 3659 3
3223 3608 3255 3660 4
3313 3607 3571 3661 tollerare
3626 3609 3665 3661 3
3726 3610 3780 3670 4,

2118 3681 2385 3746 sanccz're,
2418 3676 2764 3749 dupfilicare,
2787 3676 3049 3749 auferre,
3069 3678 3377 3749 pallacium
3406 3678 3693 3749 Βῖθυν-δειλέ
3724 3680 3778 3742 4,

2118 3751 2348 3822 aliaque
2380 3748 2506 3822 quae
2538 3749 2742 3804 rudem
2775 3748 2969 3822 samuli
2999 3766 3070 3803 xv
3098 3748 3581 3822 orthographiam
3623 3750 3779 3805 refe-

2120 3820 2277 3890 runt,
2310 3820 2509 3892 qualia
2532 3824 2668 3875 sunt
2691 3820 2930 3874 nomina
2960 3820 3193 3892 propria
3214 3820 3540 3892 praesertim
3564 3821 3621 3874 in
3643 3822 3773 3875 cod.

2120 3896 2152 3948 3
2183 3891 2507 3947 deformata
2536 3892 2615 3961 (ff,
2644 3893 2854 3962 phipro
2882 3894 2945 3960 f;
2976 3891 3103 3962 tlrdt
3123 3908 3226 3961 pro
3257 3895 3276 3945 t
3306 3895 3361 3946 et
3379 3891 3494 3945 alia
3524 3892 3584 3947 in
3619 3893 3773 3946 notis

2122 3964 2336 4033 allata).
2362 3965 2391 4017 4
2417 3960 2707 4033 ριθνῐεᾳὺθ
2727 3960 2870 4017 locis
2889 3961 3076 4033 magis
3094 3960 3164 4016 ad
3190 3962 3582 4033 antiquiorem
3599 3980 3773 4033 quem

2122 4032 2388 4106 sequitur
2417 4032 2672 4088 codicem
2723 4033 2963 4098 accedit,
3004 4032 3074 4089 et
3120 4032 3258 4088 hinc
3304 4032 3441 4088 inde
3471 4032 3770 4100 etc.,’ser-

2119 4108 2290 4162 vavit.

2192 4178 2303 4247 (85)
2333 4174 2660 4247 Praesertim
2694 4191 2766 4229 an
2800 4174 3241 4247 praepositiones
3263 4176 3535 4247 sequenti
3572 4176 3777 4231 littera

2122 4245 2758 4318 assimilaveritnecne,
2793 4245 3092 4318 codicibus
3120 4263 3270 4318 saepe
3294 4245 3451 4302 inter
3471 4264 3535 4303 se
3567 4248 3778 4303 discre-

2123 4320 2436 4391 pantibus,
2459 4317 2704 4391 dubium
2737 4332 2829 4391 me
2859 4316 3064 4391 tenuit.

2195 4391 2306 4461 (86)
2335 4387 2463 4461 Yol.
2497 4389 2542 4452 Ι,
2573 4386 2818 4461 Ερὶεῐρζ.
2852 4387 3208 4461 dedicatoria
3233 4405 3289 4460 p.
3320 4388 3375 4443 2.

2194 4458 2305 4529 (87)
2335 4459 2465 4513 Vid.
2500 4458 2724 4513 Archiv.
2756 4458 2821 4523 V,
2854 4459 2981 4511 727.

2195 4529 2305 4601 (88)
2342 4532 2403 4585 In
2436 4532 2548 4584 fine
2581 4529 2827 4601 legitur:
2859 4530 3349 4601 Excursumgapud
3378 4532 3769 4587 Hulderichum

2125 4599 2451 4659 Mahardum
2480 4599 2660 4656 Mensé
2687 4602 2947 4668 Augusto.
2980 4600 3045 4654 D.
3080 4599 3245 4654 XXV.

2196 4675 2305 4743 (89)
2342 4676 2417 4727 De
2448 4674 2573 4743 ipso
2607 4672 2678 4743 cf.
2712 4671 3013 4743 Schurreri
3062 4671 3249 4743 biogr.
3308 4673 3469 4729 unde
3499 4673 3637 4729 liter
3662 4673 3769 4728 Na-

2127 4742 2426 4799 chrichten
2458 4742 2567 4798 von
2600 4742 2847 4797 chemal.
2894 4742 3142 4799 Lehrern
3174 4742 3275 4798 der
3303 4743 3473 4798 hebr.
3510 4746 3685 4809 Liter,
3715 4746 3772 4799 in

2124 4815 2450 4888 Tubingen.
2509 4813 2873 4888 Ulm._17_92,
2914 4814 3079 4888 A8,_p.
3127 4814 3196 4867 88
3241 4814 3775 4888 et___Veesenmeyer

2125 4884 2473 4957 Sammlung
2518 4901 2630 4957 von
2668 4884 2839 4957 iklein
2896 4884 3227 4957 Anfsatzen.
3286 4884 3439 4957 Ulm.
3500 4884 3773 4957 1827,‘8,

2124 4976 2178 5029 p.
2215 4960 2284 5012 67
2318 4956 2573 5029 sqq.’ubi
2604 4956 2777 5010 etiam
2801 4957 2872 5011 de
2896 4956 3200 5011 Lamberto
3223 4956 3366 5012 scite
3387 4961 3455 5012 ut
3477 4958 3631 5013 solet
3652 4956 3771 5013 fdis-

2125 4976 2178 5029 p.
2215 4974 2278 5012 01
2318 4974 2448 5081 sqiq.
2474 4974 2562 5009 un:

2125 5029 2325 5084 seruit.
2409 5043 2562 5081 esss.

2196 5100 2307 5169 (90)
2359 5099 2528 5170 Hanc
2561 5098 2924 5170 (Hamberger
2982 5098 3403 5170 (Zuverlassige
3451 5099 3767 5154 Nacbrich-

2126 5168 2222 5225 ten
2256 5170 2352 5236 III,
2388 5187 2442 5240 p.
2474 5169 2627 5241 781‘,
2674 5168 3063 5241 Birectort’p.
3113 5170 3170 5239 9)
3220 5168 3437 5241 aliique
3488 5170 3767 5233 laudant;

2127 5242 2297 5314 Ebert
2320 5238 2453 5314 vero
2485 5238 2653 5314 (Bibl.
2688 5238 3185 5314 Lexicon__l,:061_)_
3207 5238 3513 5314 angrevera
3543 5241 3764 5314 prodie-

2126 5313 2218 5379 rit,
2254 5309 2501 5367 dubitat.
2524 5311 2691 5366 Certe
2722 5326 2909 5381 neque
2933 5309 2999 5365 V.
3028 5310 3109 5366 Cl.
3140 5309 3343 5367 Hessio
3367 5309 3647 5380 innotuit,
3678 5327 3763 5367 ne-

2127 5400 2237 5456 que
2265 5383 2325 5437 in
2357 5381 2495 5456 bibl.
2529 5381 2901 5456 Gottingensi
2925 5386 3133 5456 exstat.

2196 5456 2307 5525 (91)
2340 5454 2598 5523 Tubingae
2645 5469 2715 5507 cx
2768 5454 2981 5509 sedibus
3038 5454 3400 5509 Morhardim's
3460 5454 3587 5510 Kal.
3638 5459 3759 5523 Sep-

2176 5527 2283 5580 mb.
2316 5544 2351 5580 α
2378 5526 2533 5579 1533.

2565 5598 2766 5678 tamen
2789 5612 2864 5678 se.
2881 5594 3074 5678 codice
3099 5594 3375 5678 adjutum
3408 5595 3717 5678 essedicit.

2197 5664 2305 5741 (93)
2328 5664 2675 5741 Servabatur
2695 5666 2832 5721 olim
2850 5666 3029 5739 hujus
3049 5664 3660 5741 editionisexemplum
3683 5664 3747 5717 ab

2128 5738 2415 5812 anonymo
2448 5740 2825 5796 emendatum
2855 5743 2914 5796 et
2943 5739 3097 5796 notis
3127 5738 3381 5811 copiosis
3403 5738 3745 5797 illustratum
