3998 6146
175 285 317 345 1065

1419 285 1802 346 ANNALES.
1837 316 1913 326 --
1942 286 2069 343 AN.
2121 287 2294 347 1059.

3399 294 3553 355 1066

163 417 446 490 publicam
465 415 706 489 privatis
723 433 956 489 quoque
977 416 1300 473 inimicitiis
1323 416 1686 474 infestissimi
1710 415 1794 471 illi
1826 417 1879 482 Α
1911 418 2022 482 29),
2044 421 2102 471 et
2129 433 2282 482 vere,
2316 422 2378 472 ut
2406 435 2732 489 speramus,
2758 421 2827 476 de
2852 423 2922 457 ²¹²
2951 421 3060 476 hac
3089 422 3347 478 convalle
3369 426 3440 460 “3
3470 423 3555 478 la-

161 510 334 562 erant.
361 505 476 560 Nec
508 522 691 575 mora,
716 507 854 562 dato
888 506 1177 561 militibus
1209 506 1376 578 signo
1409 508 1480 561 ad
1512 523 1794 578 pugnam,

157 594 313 666 equis
333 594 596 649 subdunt
613 593 882 660 calcaria,
900 599 956 650 et
975 595 1098 666 pari
1120 598 1366 666 utraque
1389 612 1523 667 pars
1541 595 1795 662 audatia,

155 683 388 757 paribus
416 683 566 739 odiis
597 682 655 738 in
690 688 896 739 mutua
915 683 1156 738 vulnera
1180 689 1382 739 ruunt.
1409 684 1493 740 Ibi
1523 684 1580 738 in
1609 684 1798 755 prima

153 774 332 828 fronte
383 772 537 827 Brun
565 772 630 806 ⁸9⁵
673 775 728 826 et
759 774 912 837 Otto,
945 772 1116 826 ambo
1167 771 1322 844 pleni
1374 773 1592 828 irarum
1623 774 1795 844 (143),

154 861 318 918 ambo
352 861 442 916 sui
488 860 725 933 tegendi
760 861 826 896 ‘9“
855 859 1254 924 immemores,
1281 863 1421 917 dum
1456 861 1683 917 hostem
1716 861 1792 916 fe-

151 949 347 1016 rirent,
372 954 489 1005 tam
523 950 846 1005 concitatos
877 950 936 1004 in
969 966 1097 1005 sese
1127 950 1384 1006 vicissim
1417 951 1673 1022 impetus
1704 951 1799 1006 de-

155 1040 379 1106 derunt,
414 1045 479 1094 ut
526 1043 770 1110 uterque
819 1038 1067 1094 alterum
1119 1041 1310 1112 primo
1359 1040 1600 1096 incursu
1649 1056 1798 1111 equo

151 1145 486 1195 excussum,
518 1127 674 1184 letali
705 1126 946 1184 vulnere
975 1129 1384 1184 transfoderet.
1407 1129 1656 1185 Amissis
1686 1129 1797 1184 du-

152 1217 334 1285 cibus,
372 1216 736 1288 aliquamdiu
785 1221 1096 1288 utramque
1126 1218 1310 1274 aciem
1341 1234 1555 1289 anceps
1603 1233 1801 1290 pugna

152 1307 358 1362 tenuit.
385 1306 496 1361 Sed
521 1306 891 1378 Eggeberdus
917 1307 984 1340 ¹⁹⁷
1007 1323 1369 1378 quamquam
1393 1307 1640 1376 graviter
1665 1324 1798 1363 sau-

151 1398 297 1464 cius,
320 1393 520 1452 dolore
545 1400 743 1451 tamen
775 1395 1114 1467 interempti
1147 1395 1346 1452 fratris
1375 1397 1672 1462 efferatus,
1706 1413 1801 1452 ra-

149 1486 288 1558 pido
318 1502 494 1541 cursu
528 1484 585 1540 in
618 1484 1080 1541 confertissimos
1123 1485 1321 1542 hostes
1351 1484 1706 1557 praecipitem
1740 1502 1802 1541 se

149 1575 356 1645 mittit,
399 1573 719 1630 Bernhardi
753 1573 986 1630 comitis
1030 1573 1239 1638 ﬁlium,
1276 1574 1576 1646 egregium
1609 1573 1801 1629 adole-

145 1667 411 1720 scentem
435 1665 530 1731 19⁸,
563 1663 664 1718 sed
704 1663 941 1718 vixdum
992 1661 1217 1717 militias
1267 1667 1585 1729 maturum,
1619 1663 1802 1719 inter-

1908 506 2225 560 crimarum
2250 508 2318 541 ‘3“
2355 509 2524 577 (Psal.
2559 527 2798 577 Lxxxm,
2820 512 2876 581 7)
2909 512 2978 566 ad
3009 512 3290 583 gaudium
3325 514 3558 569 transiit

1908 595 2271 667 angelorum.
2307 597 2527 652 Indicio
2568 604 2708 654 sunt
2745 602 2915 670 signa
2943 605 3000 655 et
3029 601 3315 674 prodigia,
3339 602 3553 673 quibus

1907 683 2288 754 sepulchrum
2324 685 2452 755 ejus
2485 685 2541 740 in
2565 687 2770 743 eadem
2802 688 3034 744 civitate
3056 706 3243 761 usque
3271 690 3444 746 hodie
3473 693 3556 746 di-

1905 771 2122 826 vinitus
2183 773 2532 829 illustratur.
2575 776 2784 831 Sedem
2834 777 3212 848 apostolicam
3264 779 3551 851 protinus,

1907 860 2241 917 inconsulto
2275 878 2406 934 rege
2437 869 2492 918 et
2530 865 2913 936 principibus,
2945 867 3160 923 invasit
3207 869 3552 925 Benedictus

1907 949 2148 1021 quidam
2196 951 2595 1008 [.atcranensis
2616 954 2705 1019 ηδ,
2740 955 2978 1024 adjutus
3015 956 3265 1012 factione
3308 959 3551 1029 popula-

1909 1039 2083 1110 rium,
2113 1057 2260 1110 quos
2292 1042 2539 1112 pecunia
2569 1047 2926 1114 corruperat.

1978 1128 2108 1183 Otto
2139 1129 2210 1183 de
2243 1129 2558 1186 Suinfurde
2581 1132 2649 1165 ²¹⁶
2679 1132 2796 1186 dux
2839 1133 3160 1188 Suevorum
3191 1135 3259 1169 ²¹⁷
3290 1134 3436 1189 obiit
3460 1137 3550 1190 ²¹⁸.

1908 1217 2193 1272 Ducatum
2225 1219 2352 1288 ejus
2384 1218 2704 1276 Ruodolfus
2736 1221 2808 1255 ²¹⁹
2833 1220 3110 1292 obtinuit,
3146 1227 3203 1277 et
3246 1226 3314 1278 ut
3341 1222 3463 1294 regi
3491 1223 3553 1277 in

1909 1305 2105 1362 dubiis
2133 1310 2271 1361 tunc
2318 1307 2495 1363 rebus
2525 1323 2592 1362 ex
2631 1308 2914 1364 afﬁnitate
2945 1309 3250 1365 divinctior
3297 1311 3557 1367 fidelior-

1910 1411 2023 1465 que
2052 1395 2111 1450 in
2143 1411 2264 1450 rem
2316 1395 2613 1467 publicam
2646 1396 2812 1464 foret,
2847 1414 3014 1453 soror
3058 1415 3290 1470 quoque
3320 1401 3475 1472 regis
3506 1401 3557 1456 ei

1911 1483 2263 1554 desponsata
2293 1490 2402 1551 est,
2435 1490 2635 1540 tenera
2664 1486 2855 1541 adhuc
2887 1491 3074 1555 aetate,
3109 1488 3441 1560 traditaque
3469 1494 3561 1545 est

1911 1572 2185 1645 episcopo
2215 1573 2645 1629 Constantiensi
2680 1575 3011 1644 nutrienda,
3048 1578 3188 1632 dum
3223 1577 3390 1633 thoro
3421 1595 3556 1635 con-

1903 1660 2094 1732 jugali
2128 1666 2545 1718 maturesceret
2563 1665 2650 1718 ²²⁰.

148 1754 299 1820 ﬁcit;
348 1758 571 1808 ceteros
602 1752 667 1786 ‘9’
712 1751 1074 1824 languidius,
1107 1751 1383 1822 quoniam
1434 1752 1637 1807 ducem
1672 1768 1800 1823 per-
1835 1782 1884 1847 Β
1982 1751 2265 1806 Cuono221
2300 1751 2418 1805 dux
2447 1751 2910 1819 Carenlinorum,
2944 1756 3258 1810 contractis
3306 1756 3555 1828 ingenti-

145 1843 459 1906 didissent,
491 1845 844 1912 pugnantes,
875 1840 931 1894 in
984 1840 1182 1912 fugam
1232 1840 1530 1895 convertit.
1565 1840 1659 1895 Sic
1707 1857 1799 1896 res

146 1931 388 2004 publica
437 1929 690 1985 maximo
746 1934 905 1984 metu
964 1928 1210 1984 liberata
1266 1933 1374 1996 est,
1407 1935 1464 1984 et
1520 1930 1799 1997 Saxones,

147 2021 428 2091 adempto
459 2017 790 2074 rebellionis
840 2017 1138 2089 signifero,
1171 2017 1317 2071 nihil
1369 2017 1614 2073 ulterius
1643 2019 1796 2089 quod

144 2125 323 2165 secus
351 2111 510 2164 esset
541 2111 742 2162 contra
773 2123 964 2179 regem
1001 2105 1185 2161 moliti
1216 2112 1373 2161 sunt.

215 2197 427 2252 Cuono
450 2197 537 2266 90°,
565 2201 848 2268 cognatus
878 2195 1051 2267 regis,
1075 2196 1191 2250 dux
1218 2196 1406 2250 factus
1427 2200 1515 2250 est
1540 2195 1800 2251 Carenti-

145 2303 365 2343 norum
389 2286 481 2338 ὀί.
505 2285 714 2340 Frater
756 2285 882 2355 ejus
921 2283 1246 2351 Heinricus,
1281 2283 1576 2356 palatinus
1607 2299 1803 2340 comes

146 2375 597 2442 Luthariorum,
620 2373 902 2430 instinctu
925 2373 1192 2429 demonis
1217 2374 1601 2429 monasticam
1623 2374 1798 2429 vitam

141 2465 459 2538 professus
488 2468 578 2519 est
607 2464 662 2517 in
696 2463 920 2519 Gorzia.
956 2463 1066 2518 Sed
1103 2467 1236 2535 post
1268 2479 1486 2534 paucos
1516 2463 1661 2528 dies,
1684 2462 1806 2518 vul-

140 2559 330 2627 gante
360 2570 425 2609 se
454 2551 724 2608 demonio
755 2568 870 2623 quo
919 2550 1131 2606 illusus
1182 2552 1392 2618 fuerat,
1421 2556 1632 2608 saneta":
1663 2569 1800 2608 con-

137 2642 503 2700 versationis
526 2641 813 2709 habitum,
836 2657 954 2712 quo
977 2656 1036 2696 se
1058 2640 1304 2712 angelus
1334 2641 1594 2697 satbanae
1624 2641 1684 2696 in
1707 2658 1806 2696 an-

138 2733 353 2806 gelum
375 2731 524 2788 lucis
545 2730 1061 2802 transﬁguraverat
1081 2730 1171 2795 ’02,
1192 2730 1422 2799 abjecit,
1449 2745 1804 2801 uxoremque

138 2838 319 2878 suam
375 2824 433 2875 et
478 2818 901 2892 possessiones,
936 2818 1196 2874 desertor
1223 2818 1321 2874 Dei
1371 2823 1429 2874 et
1475 2820 1801 2890 transfuga,

139 2909 394 2982 recepit.

855 2995 1110 3051 MLVIIl.

220 3088 354 3143 Rex
374 3085 734 3141 nativitatem
759 3083 986 3139 Domini
1011 3084 1381 3156 Mersinburg
1403 3085 1470 3119 ²⁰³
1485 3085 1636 3155 (144)
1659 3085 1804 3140 cele-

1914 1839 2021 1894 bus
2051 1839 2252 1910 copiis,
2289 1840 2357 1894 ad
2405 1841 2811 1911 occupandum
2843 1843 3119 1897 ducatum
3151 1859 3349 1912 suum,
3383 1860 3556 1916 quem

1909 1933 2072 1984 tanto
2102 1933 2366 1999 tempore
2413 1933 2570 1983 metu
2619 1928 2952 1984 rebellionis
3001 1948 3115 1986 non
3164 1931 3443 1988 inviseret
3464 1935 3556 2004 2”,

1912 2017 2163 2090 primam
2198 2017 2612 2088 profectionem
2645 2020 2913 2089 parabat;
2950 2020 3050 2074 sed
3086 2024 3273 2075 morte
3305 2038 3559 2092 praeven-

1912 2111 2027 2175 tus,
2061 2110 2314 2177 emptum
2345 2105 2455 2160 iter
2482 2107 2554 2140 "3
2586 2123 2701 2161 non
2731 2106 2996 2178 explevit.

1984 2194 2100 2265 Ego
2132 2195 2197 2248 N.
2228 2195 2295 2226 ²²³
2327 2194 2629 2265 presbyter
2659 2196 2966 2250 ordinatus
2995 2213 3128 2251 sum
3159 2198 3561 2271 Ascafnaburg

1913 2283 1971 2337 in
2023 2283 2251 2352 jejunio
2310 2283 2635 2337 autumnali
2682 2299 2715 2337 a
2763 2284 3041 2355 Liupoldo
3100 2286 3557 2360 archiepiscopo,

1914 2372 2229 2442 statimque
2288 2371 2812 2442 peregrinationem
2875 2373 3445 2431 Hierosolimitanam
3491 2377 3561 2411 ’95

1914 2477 2227 2533 aggressus
2259 2477 2391 2515 sum
2434 2459 2554 2515 zelo
2604 2460 2735 2528 Dei;
2787 2462 2888 2517 sed
2949 2462 3174 2518 utinam
3234 2466 3560 2520 secundum

1914 2549 2218 2605 scientiam
2255 2551 2425 2621 (146).

1985 2639 2280 2695 Ecberdus
2301 2640 2388 2703 ηδ,
2421 2638 2518 2709 qui
2571 2641 2628 2692 et
2677 2639 3066 2710 Eppo,abbas
3116 2640 3425 2697 Fuldensis
3471 2643 3558 2696 15.

1915 2727 2202 2784 Kalendas
2233 2728 2538 2783 Decembr.
2573 2727 2741 2794 obiit;
2787 2727 2881 2782 cui
2920 2727 3265 2802 Sigefridus,
3296 2731 3558 2800 ejusdem

1915 2815 2157 2874 coenobii
2194 2815 2538 2883 monachus,
2573 2816 2875 2871 successit.

2639 2905 2838 2959 MLlX.

1986 2995 2356 3050 Nativitatem
2410 2993 2642 3050 Domini
2677 2994 2734 3048 in
2769 2994 3001 3050 civitate
3053 2996 3354 3053 Marouwa
3374 2999 3439 3032 ²²⁷
3471 3014 3560 3054 ce-

1917 3084 2157 3153 lebravi,
2199 3084 2256 3138 in
2298 3083 2548 3138 confinio
2597 3082 2710 3137 sita
2759 3082 3144 3155 Ungariorum
3176 3090 3232 3141 et
3263 3086 3561 3158 Bulgario-

142 3175 372 3244 bravit,
393 3175 713 3245 aderatque
744 3173 823 3228 ibi
845 3174 912 3210 ποι
944 3173 1095 3228 inter
1133 3172 1280 3228 alios
1320 3146 1807 3244 regni‘principes
1838 3146 1880 3212 Ο
1921 3190 2051 3228 rum
2084 3146 2251 3244 (147).

143 3265 342 3322 etiam
373 3262 708 3318 Hildibrant
735 3263 802 3296 ²⁰⁵
836 3263 1016 3318 abbas
1063 3263 1133 3316 de
1181 3262 1390 3317 Sancto
1439 3263 1809 3334 Paulo(1|45),

142 3353 444 3410 mandata
486 3351 754 3406 deferens
783 3351 856 3406 ab
888 3351 954 3385 ²⁰⁶
986 3351 1123 3406 sede
1173 3349 1511 3422 apostolica,
1544 3351 1630 3405 vir
1658 3355 1714 3406 et
1744 3352 1809 3385 9°?

139 3441 501 3514 eloquentia
527 3444 584 3494 et
606 3456 905 3496 sacrarum
934 3438 1262 3494 litterarum
1293 3439 1617 3494 eruditione
1646 3438 1812 3494 valde

141 3529 551 3588 admirandus
573 3529 661 3583 903.

226 3619 353 3690 Ego
387 3617 454 3675 N.
482 3618 552 3652 ²⁰⁹
580 3616 876 3688 vulgatam
909 3619 1031 3671 toto
1062 3618 1200 3671 orbe
1229 3616 1459 3671 abbatis
1491 3616 1812 3689 Meginheri

140 3709 444 3783 placitam
476 3707 592 3762 Deo
623 3706 1122 3762 conversationem
1169 3705 1499 3769 aemulatus,
1533 3705 1611 3760 rei
1645 3706 1812 3761 fami-

137 3797 324 3854 liaris
375 3811 598 3862 curam,
640 3811 709 3850 ne
767 3795 826 3850 in
884 3795 978 3850 via
1036 3793 1137 3849 Dei
1194 3810 1572 3866 przsgavarer,
1606 3794 1812 3866 abjeci,

141 3891 554 3956 sanctamque
581 3888 802 3940 vestem
843 3884 916 3939 ab
960 3883 1088 3954 ejus
1121 3883 1514 3938 sanctissimis
1545 3883 1816 3939 manibus

143 3975 375 4032 Idibus
405 3972 628 4042 Marcii,
658 3972 803 4028 heu!
838 3971 1090 4027 nimium
1123 3972 1314 4044 impar
1351 3971 1452 4026 tali
1485 3978 1814 4040 armaturae,

144 4060 428 4134 suscepi.

235 4151 355 4207 Pize
390 4149 684 4205 memoriis
713 4149 1046 4220 Stephanus
1067 4149 1138 4184 ²¹⁰
1169 4165 1338 4220 papa,
1365 4150 1464 4220 qui
1496 4154 1551 4205 et
1582 4151 1822 4207 Frideri-

146 4258 297 4309 cus,
323 4255 459 4293 cum
492 4237 550 4292 in
584 4237 816 4293 civitate
847 4236 1137 4292 Florentia
1160 4238 1227 4271 ²¹¹
1260 4242 1605 4303 moraretur,
1635 4240 1685 4292 4.
1721 4240 1823 4295 Ka-

146 4329 382 4387 lendas
406 4326 622 4398 Aprilis
644 4330 868 4382 naturaa
893 4325 1120 4380 mortali
1148 4325 1411 4380 debitum
1444 4326 1614 4381 solvit
1645 4327 1820 4397 (Mart.

1995 3261 2237 3317 Romani
2262 3259 2408 3331 (148)
2443 3259 2735 3330 principes
2779 3262 3234 3317 satisfactionem
3267 3264 3334 3317 ad
3371 3279 3564 3334 regem

1923 3342 2165 3404 mittunt
2209 3365 2270 3403 se
2319 3346 2540 3403 scilicet
2591 3348 2790 3414 fidem,
2823 3365 2998 3418 quam
3054 3339 3202 3420 patri
3259 3350 3565 3418 dixissent,

1922 3438 2061 3508 ﬁlio,
2095 3437 2281 3506 quoad
2330 3441 2590 3508 possent,
2626 3440 2981 3505 servaturos,
3007 3454 3191 3510 eoque
3240 3438 3436 3494 animo
3467 3456 3562 3495 va-

1922 3527 2074 3582 canti
2108 3530 2379 3581 Romana
2402 3525 2659 3580 ecclesia:
2681 3525 3016 3596 pontificem
3041 3543 3227 3598 usque
3249 3529 3319 3582 ad
3346 3528 3402 3582 id
3422 3533 3566 3582 tem-

1924 3634 2034 3689 pus
2051 3631 2164 3670 non
2188 3615 2567 3684 subrogasso;
2588 3614 2716 3683 ejds
2739 3615 2926 3686 magis
2943 3631 3121 3687 super
3143 3616 3246 3673 hoc
3263 3621 3564 3689 expectare

1923 3704 2301 3770 sententiam;
2353 3707 2639 3773 orantque
2692 3703 2914 3769 sedulo,
2945 3709 3007 3759 ut
3038 3721 3213 3775 quem
3264 3706 3388 3776 ipse
3425 3704 3563 3762 velit

1922 3791 2310 3858 transmittat;
2343 3789 2487 3844 nihil
2518 3790 2645 3860 ejus
2690 3791 3039 3848 ordinationi
3071 3793 3322 3863 obstare,
3345 3794 3395 3849 si
3428 3794 3561 3866 quis

1926 3900 2041 3938 non
2075 3898 2177 3953 per
2205 3878 2506 3951 legittimm
2538 3877 2838 3934 electionis
2860 3880 2924 3914 ²²⁸
2948 3881 3188 3953 ostium,
3212 3883 3313 3938 sed
3333 3881 3568 3938 aliunde

1928 3970 2288 4027 ascendisset
2316 3969 2376 4022 in
2407 3966 2554 4022 ovile
2585 3967 2777 4023 ovium
2801 3971 2978 4037 (Joan.
3013 3988 3069 4036 x,
3099 3971 3172 4042 1).
3201 3972 3336 4042 Rex,
3371 3972 3574 4027 habita

1929 4076 2063 4116 cum
2097 4057 2452 4131 primoribus
2483 4057 2916 4125 deliberatione,
2944 4058 3309 4116 Gerhardum
3339 4060 3572 4116 Floren-

1930 4149 2117 4205 tinum
2152 4146 2514 4218 episcopum,
2538 4145 2596 4200 iu
2628 4163 2801 4217 quem
2835 4151 2892 4202 ct
2921 4148 3318 4204 Romanorum
3353 4155 3410 4206 et
3436 4151 3579 4206 Teu-

1931 4238 2258 4294 tonicorum
2284 4236 2352 4269 πθ
2375 4234 2570 4289 studia
2600 4241 3039 4307 consenserant,
3061 4239 3398 4309 pontificem
3429 4239 3579 4295 desi-

1934 4335 2090 4398 gnat,
2126 4326 2488 4394 Romamque
2531 4339 2633 4393 per
2664 4323 3028 4380 Gotefridum
3061 4327 3128 4360 πο
3179 4327 3580 4384 marchionem

1531 4423 1774 4479 VARI/E
1815 4421 2227 4482 LECTlONES.

244 4515 316 4552 1⁸⁵
348 4517 544 4569 Bruno
575 4514 627 4569 3.
709 4514 774 4586 1θὲ
806 4514 1081 4584 tangendi
1135 4529 1422 4568 memores
1451 4513 1504 4567 3.
1589 4515 1651 4586 ‘9?
1672 4517 1762 4586 ,Eg

155 4589 226 4642 d.
267 4603 325 4658 ρ.
359 4589 698 4658 pugnantes
753 4584 837 4658 in,
872 4586 910 4639 f.
952 4601 1007 4658 rc,
1057 4587 1114 4658 in
1172 4602 1348 4658 marg.

155 4656 382 4713 rat’3f
431 4657 505 4692 ’03
529 4659 609 4712 ita
644 4658 693 4710 1.
727 4657 780 4711 3.
815 4657 866 4710 4.
947 4656 1014 4690 ²⁰⁵
1043 4656 1187 4711 deest
1217 4657 1269 4711 4.

157 4731 245 4764 ²⁰⁹
277 4729 628 4801 Lampertus
660 4729 709 4781 4.
743 4730 797 4782 5.
877 4728 948 4762 ²¹⁰
979 4727 1273 4782 Steil‘anus
1303 4727 1353 4779 4.

159 4817 313 4854 rum
351 4801 428 4854 1‘.
506 4801 576 4834 ²¹⁵
608 4799 961 4854 latranensis
981 4801 1035 4853 4.
1112 4800 1181 4833 ²¹⁶
1206 4798 1346 4854 Suui

159 4817 313 4856 rum
351 4817 428 4854 1‘.

157 4874 247 4945 ω
284 4870 634 4945 Budolphus
654 4872 706 4925 3.
729 4872 966 4945 saepius;
999 4869 1264 4945 rudolfus
1295 4871 1420 4923 rell.
1498 4870 1564 4904 ²²⁰
1594 4871 2086 4945 maturescere
2142 4869 2206 4945 93‘
2240 4869 2480 4945 copo}.
2533 4933 2543 4945 .

163 4944 254 5016 9?‘
285 4937 675 5016 Ego_enn,_5._
738 4937 985 5016 225'ieros
1034 4941 1084 4995 3.
1137 4943 1189 5016 4.
1239 4943 1572 5016 5.“semper_.
1650 4944 1721 5016 ηδ
1751 4945 2035 5016 Egbertus
2063 4942 2113 4994 3.
2144 4941 2198 4993 5.
2274 4937 2342 4971 ²²ῖ
2374 4937 2670 4990 Maroiuua
2701 4937 2752 4989 3.
2788 4937 3112 4992 Marouinia
3137 4939 3190 4994 5.
3270 4941 3336 4973 2’8
3363 4940 3595 4995 ordina-
3691 4937 3712 4956 ”

163 5011 364 5070 tionis
399 5014 451 5067 4.
534 5013 605 5046 ²²⁹
634 5011 1107 5068 theutonicorum
1137 5014 1190 5066 5.
1267 5012 1334 5045 ²³⁰
1363 5013 1609 5082 gothefr.
1643 5015 1694 5069 3.

1348 4656 1415 4690 ²⁰⁵
1443 4654 1785 4712 Hildebrant
1834 4660 1882 4714 1.

506 4801 576 4834 ²¹⁵
608 4799 961 4854 latranensis
981 4801 1035 4853 4.
1112 4800 1181 4833 ²¹⁶
1206 4798 1518 4854 Suuiforde
1538 4799 1589 4854 3.
1614 4800 1973 4856 Suuinfurde
2002 4799 2053 4853 4.
2078 4799 2131 4852 5.
2164 4796 2230 4830 “7
2262 4796 2626 4847 Suueuorum
2656 4793 2704 4846 4.
2732 4794 3116 4849 Suueciorum
3138 4797 3192 4849 5.

1767 4517 2042 4586 gebertus
2072 4513 2124 4566 4.
2152 4513 2210 4586 5.
2389 4507 2819 4586 adulescentem
2854 4511 2927 4586 1._
2986 4513 3372 4586 19i’geeterosl.
3409 4527 3585 4583 quam

1408 4588 1521 4654 post
1578 4584 1701 4640 add.
1728 4580 1799 4641 7i."
1863 4589 1931 4623 ’00
1961 4591 2118 4640 Cuno
2149 4583 2201 4636 3.
2282 4582 2346 4616 ²⁰¹
2383 4580 2871 4654 carentbinorum
2902 4583 2951 4636 3.

3034 4583 3101 4616 ²⁰²
3130 4584 3588 4638 transformave—

1929 4654 2287 4713 Hiltibrandt
2316 4654 2366 4706 3.
2445 4652 2512 4685 ²⁰⁶
2543 4668 2575 4705 a
2612 4651 2664 4703 3.
2744 4652 2807 4685 ²⁰⁷
2839 4651 2981 4706 (locst
3011 4654 3063 4706 3.
3141 4655 3207 4687 20⁸
3239 4670 3418 4709 amm.
3455 4656 3504 4707 1.
3535 4655 3587 4708 4.

1434 4729 1502 4762 ‘2“
1541 4727 1852 4786 florentina
1880 4731 1931 4784 4.
2011 4728 2078 4762 ²¹²
2107 4727 2251 4781 deest
2280 4725 2334 4777 5.
2411 4723 2477 4754 ἰε’
2507 4721 2877 4776 lacrimarum
2913 4723 3058 4777 valle
3088 4724 3139 4779 4.
3221 4725 3292 4760 9“
3325 4725 3590 4780 miseria-

3271 4797 3340 4831 m
3371 4796 3589 4850 abiit3.

2142 4869 2206 4901 9“
2240 4868 2399 4920 Cuno
2429 4866 2480 4917 3.
2557 4864 2625 4896 ²²²
2659 4864 2951 4919 invaserat
2977 4867 3051 4920 1'.
3075 4867 3126 4920 3.
3153 4869 3204 4920 4.
3283 4869 3349 4905 ²²³
3382 4873 3521 4922 tunc
3543 4869 3594 4922 4.

1776 5110 2002 5169 ΝΟΤίΕ.

265 5201 417 5271 (143)
448 5199 539 5254 Ita
567 5215 622 5271 a.
660 5199 798 5271 1075
830 5216 843 5254 :
878 5201 1198 5271 irarumque
1214 5201 1434 5271 plenus.

262 5270 418 5338 (144)
451 5270 750 5337 Goslarim,
783 5273 928 5326 Ann.
966 5270 1160 5325 Altali.

265 5342 419 5414 (145)
450 5342 804 5414 Monasterio
836 5343 1120 5398 Romano.
1342 5413 1355 5414 ί
1420 5413 1428 5414 7
1495 5372 1497 5374 -

264 5411 420 5481 (146)
450 5412 534 5468 Cf.
569 5430 622 5468 a.
661 5414 798 5468 1075
838 5414 907 5468 de
958 5418 1290 5468 Hermanno
1340 5411 1801 5482 Babenbergensi
1839 5428 1851 5467 :

179 5485 315 5557 zelo
349 5484 571 5557 quidem
603 5485 716 5557 Dei,
743 5485 836 5557 sed
871 5501 982 5557 non
1015 5485 1316 5557 secundum
1341 5485 1657 5557 scientiam;
1688 5483 1857 5537 Pide-

183 5555 274 5612 rit
304 5553 372 5628 in
397 5570 616 5628 comm.
649 5555 722 5610 de
753 5556 1061 5628 Lamberto
1093 5553 1411 5628 p.711,hzec
1432 5553 1859 5628 interpretatus

181 5631 312 5699 est,
338 5627 540 5700 ipsum
572 5627 634 5700 in
658 5643 852 5683 errore
876 5625 1239 5700 tuisse,‘plus
1262 5626 1399 5683 boni
1428 5625 1565 5682 inde
1594 5641 1862 5700 sperasse

189 5697 390 5779 quam
422 5697 740 5757 invenisse.

534 5825 798 5888 ΡΑτιιοι..
850 5825 1105 5891 CXLVI.

2033 5198 2188 5267 (147)
2218 5194 2428 5267 Civitas
2446 5193 2772 5267 _Marouwa
2800 5197 2889 5267 est
2919 5195 3090 5252 hodie
3119 5197 3290 5253 Nissa
3319 5197 3379 5252 in
3411 5194 3602 5252 Servis

1964 5265 2300 5325 ad'Nissam
2334 5283 2377 5321 s.
2415 5265 3014 5340 Nissavamgﬂuvium,
3048 5270 3146 5339 qui
3186 5287 3298 5324 non
3333 5268 3504 5340 longe
3535 5267 3607 5340 ab

1963 5342 2072 5397 hac
2103 5340 2248 5394 urbe
2278 5354 2406 5393 cum
2443 5341 2698 5411 Morawa
2728 5337 2902 5411 ﬂuvio
2933 5337 3225 5411 jungitur.
3260 5341 3374 5396 KR.
3407 5337 3514 5395 Sed
3547 5338 3608 5394 in

1966 5411 2198 5483 mappis
2221 5408 2623 5482 geographicis
2655 5408 2951 5464 invenitur
2971 5408 3142 5466 etiam
3178 5412 3340 5467 locus
3362 5417 3614 5469 Morawa

1968 5485 2039 5539 ad
2074 5482 2344 5538 eumdem
2376 5479 2638 5540 fluvium.
2664 5480 2720 5532 in
2753 5480 2845 5536 via
2871 5498 2904 5536 a
2928 5481 3099 5538 Nissa
3127 5483 3197 5538 ad
3229 5483 3436 5540 Albam
3465 5483 3614 5538 Grae-

1969 5523 2103 5611 Eni
2125 5531 2436 5623 (Belgrad.)
2465 5523 2638 5605 situs.’

2042 5626 2190 5700 (148)
2213 5622 2346 5700 Haec
2375 5622 2454 5700 ad_
2495 5636 2742 5700 annumﬁ
2748 5624 3125 5700 praeteritum
3176 5625 3467 5700 pertinere
3490 5624 3617 5694 jam

1972 5691 2201 5756 monuit
2231 5693 2479 5755 Stenzel.
2512 5693 2555 5762 Ι,
2585 5708 2644 5767 p.
2678 5691 2801 5764 197,
2835 5712 2892 5753 n.
2927 5696 3000 5754 cf.
3033 5691 3195 5755 Ann:
3217 5697 3406 5754 Altah.

3224 5824 3302 5885 34
