3998 6146
295 4920 347 4960 Ι

403 269 550 327 1067

1541 266 1633 323 LA
1645 264 1693 321 M
1707 264 1933 323 BER'I‘I
1983 264 2083 323 HE
2096 265 2493 324 RSFE‘LDEN
2507 265 2619 325 SIS
2635 307 2648 321 .

3644 263 3787 322 1068

400 398 769 454 transmittit.
798 398 881 451 Ita
902 394 1353 465 Benedicto,qui
1378 395 1609 464 injussu
1635 396 1788 466 regis
1811 399 1865 450 et
1888 395 2050 466 prin-
2080 403 2132 466 Α
2165 396 2273 450 sibi
2320 396 2673 451 vindicabat.
2707 395 2920 450 Contra
2970 394 3142 464 cujus
3190 392 3622 465 improbitatem
3670 411 3794 451 cum

399 488 447 543 ci
457 504 596 560 pum
620 484 1009 542 sacerdotium
1038 488 1443 554 usurpaverat,
1468 485 1777 554 reprobate
1800 485 2046 539 Gerbar-

400 578 532 644 dus,
558 574 659 646 qui
710 577 766 628 et
810 571 1108 643 Nicolaus,
1144 572 1551 643 pontificatum
1600 573 1873 627 obtinuit.
1901 573 1954 628 Is
1975 575 2042 607 23‘

398 665 601 719 eodem
633 678 783 717 anno
815 661 887 715 ab
932 661 1140 717 abbate
1182 660 1514 731 Meginhero
1546 662 1615 696 ’³2
1649 661 2049 733 interpellatus

397 754 633 823 propter
661 747 1077 805 decimationes
1110 748 1394 815 Saxoniaa,
1428 749 1651 805 litteras
1685 756 1744 805 et
1774 751 2050 805 mandata

398 838 608 895 direxit
636 838 970 893 Burchardo
996 838 1472 894 Halberstadensi
1508 840 1801 911 episcopo,
1829 857 1897 894 ne
1928 845 2047 894 sta-

398 933 555 984 tutos
588 932 817 999 patrum
839 928 1121 982 terminos
1153 929 1683 999 transgrederetur,
1709 946 1823 983 neu
1855 946 2050 984 mona-

400 1018 645 1074 sterium
668 1016 1053 1072 Herveldense
1075 1016 1388 1088 superfluis
1410 1019 1944 1074 concertationibus
1967 1018 2049 1073 in—

401 1106 716 1178 quietaret;
750 1106 797 1160 si
832 1110 1096 1177 pergeret
1140 1105 1426 1161 molestus
1457 1124 1605 1173 esse,
1632 1108 1955 1163 necessario
1987 1124 2047 1163 se

400 1194 728 1268 apostolicae
749 1194 818 1229 ³³³
850 1194 1213 1249 auctoritatis
1262 1194 1423 1266 virga
1473 1214 1720 1251 usurum
1771 1197 2048 1251 adversus

401 1286 531 1355 ejus
564 1282 1037 1348 inobedientiam,
1073 1284 1396 1353 praesertim
1442 1300 1573 1338 cum
1626 1285 2047 1340 monasterium

400 1373 545 1428 illud
578 1373 687 1428 sub
721 1372 1130 1443 jurisdictione
1162 1389 1290 1428 esse
1345 1374 1592 1428 Romani
1643 1374 1934 1445 pontificis
1968 1378 2050 1429 tot

401 1464 893 1535 praedecessorum
928 1463 1055 1532 ejus
1085 1461 1388 1534 privilegia
1422 1466 1800 1519 testarentur.
1838 1465 2047 1519 Abbati

402 1568 637 1624 quoque
665 1551 973 1623 epistolam
998 1550 1233 1622 scripsit
1251 1551 1443 1607 verbis
1467 1553 1894 1624 consolatoriis,
1920 1570 2046 1624 qum

401 1658 587 1713 usque
626 1640 685 1695 in
730 1640 1171 1713 praesentiarum
1206 1641 1263 1695 in
1297 1642 1546 1696 cartario
1596 1646 1859 1697 servatur
1909 1642 2049 1697 Her-

399 1729 692 1786 veldensis
724 1729 1063 1784 monasterii
1094 1730 1263 1798 (149).

473 1820 612 1890 Ego,
644 1821 844 1873 exacta
889 1816 1357 1887 peregrinatione
1398 1817 1927 1887 Hierosolimitana,
1962 1822 2044 1873 15.

403 1907 694 1962 Kalendas
712 1905 978 1961 Octobris
999 1906 1069 1960 ad
1095 1906 1517 1962 monasterium
1545 1924 1809 1963 reversus
1833 1914 2049 1977 sum,et

403 1996 558 2066 quod
582 1996 640 2049 in
664 1994 821 2049 omni
847 1992 945 2047 illa
970 1994 1327 2065 profectione
1351 2012 1479 2050 mea
1500 1996 1858 2068 przecipuum
1883 2015 1915 2051 a
1933 1998 2047 2052 Deo

404 2084 857 2157 postulaveram,
874 2083 1277 2154 Meginherum
1295 2083 1361 2117 ²⁸⁴
1383 2085 1652 2139 abbatem
1673 2087 2047 2157 superstitem

403 2171 925 2227 inveni.Timebam
948 2170 1472 2242 scilicet,quoniam
1503 2173 1628 2228 sine
1651 2173 2050 2229 benedictione

402 2260 565 2316 illius
586 2262 881 2330 profectus
908 2258 1175 2330 fuissem,
1198 2260 1247 2315 si
1271 2260 1528 2316 offensus
1555 2262 2051 2317 inreconciliatus-

403 2365 518 2421 que
549 2348 916 2415 decessisset,
942 2347 1139 2419 magni
1160 2347 1424 2421 criminis
1456 2367 1617 2404 reum
1650 2352 1720 2384 2³³⁵
1752 2367 1843 2405 me
1866 2352 2050 2406 teneri

405 2418 562 2511 apud
594 2444 776 2494 Deum
805 2438 894 2492 '36.
929 2418 1063 2492 Sed,
1092 2418 1423 2493 nontabfuit
1470 2438 1729 2511 propicia
1777 2440 2052 2496 divinitas

403 2528 693 2597 redeunti,
718 2543 845 2598 qua:
876 2530 1039 2581 tanto
1061 2525 1161 2581 illo
1183 2526 1387 2581 itinere
1414 2543 1565 2598 saepe
1597 2545 1785 2599 usque
1819 2530 1888 2581 ad
1922 2528 2053 2582 ulti-

404 2634 563 2675 mam
614 2616 1021 2672 necessitatem
1068 2614 1457 2687 periclitatum
1506 2615 2052 2673 misericordissime

405 2709 641 2762 texerat.
662 2704 994 2760 Incolomen
1019 2704 1203 2773 reperi
1221 2705 1319 2772 ’37;
1343 2710 1577 2775 peccato
1602 2706 1668 2738 938
1692 2704 1969 2773 indulsit;
1995 2711 2052 2761 et

407 2794 577 2867 quasi
605 2811 672 2851 ex
703 2793 903 2850 inferis
930 2793 1220 2849 redivivus
1241 2810 1618 2865 emergerem,
1644 2794 1726 2850 sic
1749 2795 1932 2850 obviis
1956 2797 2047 2857 239,

409 2890 473 2941 ut
504 2885 687 2950 aiunt,
722 2883 997 2938 manibus
1020 2884 1167 2955 (150)
1192 2900 1283 2937 me
1309 2883 1774 2955 gratulabundus
1807 2886 2046 2956 excepit.

408 2975 622 3030 Mirum
654 2977 848 3029 autem
883 2974 939 3027 in
972 2973 1231 3040 modum,
1253 2973 1495 3041 diceres,
1519 2974 1697 3029 vitam
1721 2976 1848 3045 ejus
1880 2976 2047 3031 abso-

404 3062 617 3119 lutioni
649 3078 789 3117 mea
830 3079 897 3117 ex
925 3061 1216 3117 industria
1265 3067 1551 3117 servatam
1604 3063 1814 3130 fuisse;
1846 3064 2049 3120 eodem

2082 1780 2128 1842 B

2160 502 2264 540 nec
2297 486 2555 540 forenses
2576 502 2679 539 nec
2701 483 3108 539 ecclesiasticae
3132 482 3287 555 leges
3308 483 3623 554 quicquam
3649 482 3794 540 vale-

2159 578 2305 643 rent,
2341 578 2396 628 et
2426 574 2629 638 abbas,
2653 589 2804 644 saepe
2827 571 3195 643 querimonia
3223 571 3280 627 in
3311 573 3409 643 jus
3440 572 3642 637 relata,
3679 588 3800 627 sur-

2158 663 2249 717 dis
2279 662 2672 718 tribunalibus
2713 660 2970 717 fabulam
3015 665 3314 716 narrasset
3341 661 3488 731 (152)
3526 677 3538 714 :
3572 660 3799 716 tandem

2158 750 2314 805 brevi
2365 756 2681 823 antequam
2731 750 2850 806 vita
2899 751 3218 816 excederet,
3254 748 3551 805 mandavit
3610 749 3663 805 ei
3714 766 3803 821 per

2158 840 2513 895 Fridericum
2567 840 2890 912 palatinum
2941 840 3239 907 comitem,
3272 856 3333 894 se
3383 838 3627 910 quidem
3660 842 3797 894 tam-

2159 945 2335 998 quam
2364 929 2585 984 viribus
2625 928 2907 999 imparem
2963 944 3141 983 causa
3186 929 3412 995 cadere,
3446 926 3562 982 Deo
3613 930 3799 982 tamen

2157 1017 2306 1073 vires
2337 1019 2407 1072 ad
2444 1019 2720 1072 tuendam
2760 1017 3095 1089 aequitatem
3148 1034 3261 1072 non
3311 1016 3617 1071 defuturas
3651 1032 3798 1082 esse;

2158 1107 2400 1178 proinde
2459 1107 2646 1178 parati
2708 1107 2881 1162 ambo
2940 1109 3155 1175 essent,
3192 1110 3254 1160 ut
3303 1105 3547 1160 intra"?
3594 1122 3803 1176 paucos

2159 1194 2281 1250 dies
2314 1196 2383 1249 ad
2414 1195 2671 1249 tribunal
2704 1195 3026 1267 aequissimi
3059 1194 3280 1264 judicis
3312 1194 3409 1249 Dei
3445 1210 3694 1249 causam
3728 1195 3801 1247 di-

2159 1288 2382 1350 cerent;
2426 1285 2717 1339 victurum
2773 1284 2852 1338 ibi
2902 1300 3051 1351 esse,
3088 1300 3200 1339 non
3253 1284 3352 1355 qui
3403 1282 3538 1355 plus
3589 1288 3801 1354 posset,

2160 1375 2258 1428 sed
2292 1375 2461 1445 cujus
2493 1391 2670 1429 causa
2692 1374 2913 1444 justior
2956 1377 3129 1429 esset.
3165 1373 3279 1428 Nec
3310 1372 3514 1428 fefellit
3544 1376 3803 1428 eventus.

2158 1462 2302 1516 Nam
2365 1467 2494 1534 post
2542 1462 2953 1518 dormitionem
2987 1462 3132 1533 (153)
3181 1461 3411 1517 abbatis
3464 1461 3642 1533 pauci
3695 1460 3805 1517 dies

2158 1551 2643 1619 intercesserant;
2687 1555 2743 1606 et
2790 1568 2919 1607 ecce
2949 1551 3263 1622 episcopus
3298 1550 3470 1621 (154),
3506 1565 3648 1604 cum
3684 1566 3805 1621 pm-

2158 1640 2324 1695 dicm
2358 1640 2437 1696 rei
2468 1640 2655 1712 gratia
2675 1640 2950 1696 sinodum
2982 1640 3308 1706 indixisset,
3332 1643 3387 1695 et
3419 1639 3668 1694 admoto
3692 1638 3804 1709 jam

2160 1746 2310 1800 equo
2341 1729 2481 1784 illuc
2531 1745 2838 1801 properare
2868 1728 3060 1794 vellet,
3089 1733 3323 1800 repente
3373 1728 3573 1782 divina
3625 1728 3804 1783 anim-

2159 1818 2497 1873 adversione
2529 1818 2680 1874 ictus
2711 1818 2952 1885 corruit,
2983 1821 3430 1889 reportatusque
3460 1817 3533 1871 ad
3566 1816 3802 1872 cucibn-

2158 1904 2302 1973 lum,
2328 1906 2526 1961 ascitis
2547 1906 2708 1961 ocius
2731 1906 3071 1977 presbiteris
3102 1906 3247 1974 suis,
3276 1922 3375 1976 per
3394 1905 3583 1961 Deum
3619 1905 3805 1960 obtes-

2157 1994 2392 2049 tabatur
2414 1999 2477 2049 ut
2497 1995 2914 2050 decimationes
2944 2012 3082 2051 suas
3106 1994 3479 2050 Herveldensi
3514 1998 3804 2049 monaste-

2160 2082 2243 2137 rio
2278 2083 2672 2154 restituerent,
2697 2088 2871 2154 atque
2894 2100 3129 2139 omnem
3164 2084 3219 2137 in
3255 2086 3604 2154 perpetuum
3640 2098 3809 2153 super

2162 2172 2267 2227 hac
2291 2190 2350 2227 re
2375 2172 2536 2227 litem
2570 2172 2947 2244 praeciderent
2970 2173 3060 2240 2⁸³,
3087 2173 3691 2245 scirentque,cunctis
3719 2171 3807 2244 qui

2160 2262 2361 2317 eadem
2393 2266 2779 2334 temptassent
2811 2263 2891 2317 sic
2922 2262 3233 2319 infeliciter
3261 2280 3381 2319 rem
3415 2279 3724 2319 cessuram
3756 2267 3811 2316 ut

2161 2350 2273 2406 sibi
2305 2352 2597 2422 cessisset,
2628 2352 2727 2421 qui
2762 2352 2993 2422 injustas
3024 2352 3344 2407 exactionis
3380 2356 3503 2407 tam
3537 2352 3807 2407 acerbum

2161 2440 2449 2494 vindicem
2481 2439 2675 2511 ipsum
2707 2440 3065 2511 experiretur
3094 2440 3276 2496 Deum
3300 2441 3387 2494 ενι.
3413 2444 3680 2512 Cumque
3704 2440 3810 2495 Ma-

2162 2528 2622 2599 gadaburgensis
2644 2533 2701 2583 et
2717 2528 3381 2587 Hildinesbeimensism
3403 2529 3665 2602 episc0pi
3682 2529 3809 2585 visi-

2163 2621 2351 2672 tatum
2374 2633 2507 2672 eum
2532 2617 2921 2685 advenissent,
2945 2635 3078 2673 cum
3112 2635 3325 2691 magno
3345 2618 3571 2690 ejulatu
3596 2619 3806 2674 fateba-

2163 2713 2273 2771 tur,
2300 2723 2361 2761 se
2383 2708 2553 2775 juxta
2582 2706 2921 2778 praedictum
2946 2707 3143 2762 eximii
3187 2708 3417 2763 abbatis
3448 2708 3521 2763 ad
3556 2706 3806 2763 tribunal

2161 2792 2259 2847 Dei
2276 2793 2400 2863 jam
2417 2794 2542 2862 jam
2564 2794 2750 2865 abripi
2773 2800 2829 2849 et
2850 2811 2954 2866 pro
2977 2794 3194 2850 invasis
3217 2795 3393 2850 rebus
3412 2794 3623 2851 alienis
3645 2796 3807 2851 ratio-

2161 2898 2293 2937 nem
2318 2881 2488 2953 exigi,
2505 2883 2861 2955 rogabatque
2879 2883 3108 2954 obnixe,
3125 2889 3207 2954 ut,
3226 2885 3424 2941 missis
3445 2885 3803 2941 Herveldiam

2160 2970 2414 3036 nunciis,
2437 2972 2661 3026 veniam
2704 2972 2812 3028 sibi
2854 2989 2956 3045 pro
2994 2973 3252 3029 admisso
3283 2974 3583 3045 supplices
3615 2990 3805 3046 preca-

2161 3063 2382 3115 rentur.
2417 3059 2531 3115 Nec
2563 3059 2747 3115 multo
2779 3065 2930 3133 post,
2964 3061 3218 3133 diruptis
3252 3061 3575 3117 miserabili
3606 3078 3805 3134 genere

408 3153 610 3222 diem,
636 3167 751 3222 quo
783 3168 873 3207 me
916 3152 1159 3207 crimine
1190 3151 1534 3219 absolverat,
1561 3154 1717 3208 febre
1749 3159 2051 3225 correptus
2082 3148 2124 3215 C
2165 3148 2351 3204 morbi
2399 3149 2722 3205 visceribus
2770 3151 3047 3222 expiravit
3085 3150 3223 3219 (Oct.
3259 3152 3367 3221 17).
3404 3151 3551 3207 Uoto
3572 3153 3639 3186 ²⁴⁶
3668 3168 3804 3222 quo-

407 3246 517 3309 est,
545 3245 601 3297 et
631 3240 716 3296 sic
746 3257 847 3312 per
875 3244 1002 3295 octo
1035 3241 1161 3296 dies
1191 3241 1350 3313 gravi
1382 3240 1725 3313 aegritudine
1758 3243 2052 3310 decoctus,

407 3332 461 3385 6.
494 3330 784 3386 Kalendas
815 3330 1101 3397 Octobris,
1136 3328 1380 3385 feliciter
1411 3336 1820 3386 consummato
1853 3349 2051 3403 cursu,

409 3421 630 3493 quievit
674 3419 734 3475 in
780 3419 1055 3486 Domino;
1089 3418 1177 3473 vir
1206 3434 1554 3490 magnarum
1586 3420 1645 3473 in
1676 3419 1904 3475 Christo
1937 3420 2052 3474 vir-

407 3514 628 3577 tutum,
651 3514 707 3564 et
726 3526 855 3564 vere
876 3540 945 3548 —-
968 3509 1122 3579 quod
1145 3508 1405 3563 omnium
1432 3509 1841 3563 modernorum
1876 3510 2054 3563 abba-

407 3602 535 3653 tum
557 3600 625 3633 "1
663 3616 802 3671 pace
832 3598 1075 3653 dixerim
1099 3630 1167 3637 —
1199 3596 1435 3651 unicum
1478 3614 1585 3651 sua
1622 3602 1786 3652 aetate
1818 3598 1875 3652 in
1908 3599 2053 3652 Teu-

411 3688 621 3743 tonicis
653 3687 989 3760 regionibus
1012 3689 1163 3740 recte
1190 3702 1254 3740 ac
1278 3685 1599 3739 monastice
1620 3686 1846 3741 vivendi
1868 3702 2056 3741 exem-

410 3778 539 3851 plar
560 3778 727 3846 (151).

485 3869 560 3934 Is,
586 3872 651 3922 ut
680 3865 1021 3938 praedictum
1054 3868 1161 3933 est,
1194 3880 1325 3917 cum
1359 3862 1688 3917 Burchardo
1720 3862 2054 3919 Halbersta-

411 3956 576 4012 densi
599 3955 870 4027 episcopo
889 3953 1228 4007 diuturnam
1250 3956 1502 4006 traxerat
1524 3950 1946 4022 litemtpropter
1966 3953 2057 4006 de-

412 4045 757 4099 cimationes
786 4041 1061 4107 Saxoniaz,
1091 4056 1240 4111 quas
1283 4038 1379 4094 ille
1414 4038 1787 4093 Herveldensi
1820 4056 2057 4094 monas-

411 4132 555 4187 terio
587 4133 833 4199 ereptas,
854 4144 957 4199 per
985 4128 1348 4183 occasionem
1372 4126 1722 4198 episcopalis
1752 4127 2056 4199 regiminis

2163 3255 2277 3309 que
2307 3238 2758 3310 archipresbiter
2782 3240 2930 3310 ejus,
2959 3257 3072 3311 quo
3094 3240 3191 3296 ille
3212 3240 3589 3313 potissimum
3624 3242 3805 3297 incen-

2162 3330 2285 3382 tore
2318 3327 2375 3381 in
2407 3327 2557 3382 hanc
2581 3328 2648 3361 9"
2678 3328 2956 3383 saevitiam
2976 3327 3044 3362 9“
3076 3329 3366 3384 inarserat
3395 3330 3615 3402 quique
3646 3346 3801 3385 exac-

2161 3420 2252 3471 tor
2284 3420 2454 3485 atque
2501 3415 2944 3473 administrator
2962 3418 3029 3453 ²⁴⁹
3062 3417 3238 3489 hujus
3284 3418 3594 3475 calumnia:
3640 3418 3803 3475 vehe-

2164 3504 2570 3559 mentissimus
2588 3505 2884 3573 extiterat;
2904 3507 3104 3562 eodem
3127 3523 3279 3562 anno
3296 3507 3609 3563 subitanea
3626 3512 3799 3563 morte

2164 3593 2290 3647 sine
2313 3594 2381 3627 25°
2401 3593 2922 3664 confessione,sine
2945 3612 3112 3651 sacra
3132 3597 3547 3653 communione
3568 3597 3793 3666 interiit,

2165 3700 2197 3736 a
2227 3681 2478 3747 diabolo,
2502 3686 2564 3737 ut
2588 3684 2742 3738 fama
2760 3683 3049 3754 vulgatior
3071 3685 3435 3756 loquebatur,
3459 3688 3787 3743 suﬂ'ocatus.

2166 3770 2500 3842 Meginhero
2522 3771 2716 3826 abbati
2742 3773 2777 3825 6
2808 3772 2944 3828 Idus
2974 3772 3317 3830 Novembris
3340 3776 3697 3831 substitutus
3718 3778 3793 3831 est

2166 3859 2461 3915 Ruotbard
2473 3861 2617 3915 us‘~‘51
2629 3860 3016 3927 ,Corbeiensis
3033 3863 3356 3935 disciplina:
3371 3864 3441 3899 ²⁵²
3464 3864 3788 3929 monachus,

2165 3949 2265 4020 qui
2288 3949 2343 4002 in
2370 3950 2722 4006 monasterio
2740 3951 3073 4007 Corbeiensi
3095 3952 3276 4007 abbas
3300 3955 3602 4024 quondam
3626 3954 3791 4008 fuerat

2166 4038 2488 4104 ordinatus,
2516 4040 2613 4094 sed
2648 4041 3017 4111 quorundam
3062 4041 3379 4097 criminum
3412 4047 3637 4113 postea,
3667 4040 3790 4096 falso

2166 4132 2229 4181 ut
2251 4126 2524 4198 creditur,
2549 4127 2949 4200 insimulatus,
2973 4130 3208 4186 abbatia
3234 4131 3476 4201 amissa,
3501 4128 3792 4187 nonnullos

1775 4288 2005 4345 VARI/E
2034 4287 2445 4344 LECTIONES.

481 4414 546 4450 93‘
578 4412 649 4469 ab
699 4411 819 4468 add.
853 4410 943 4467 sed
990 4410 1094 4466 del.
1128 4410 1180 4465 4.

407 4485 676 4541 abbatem
705 4485 973 4540 abbatem
1034 4485 1086 4537 3.

406 4562 736 4630 peccatum_
766 4558 816 4610 4.
894 4557 961 4589 ’39
1016 4554 1312 4630 obvi__ug-'i__42
1390 4556 1478 4630 "°_
1512 4555 1655 4630 deest
1700 4558 1752 4630 5.

1260 4410 1328 4444 2³2
1362 4409 1695 4483 Mehingero
1725 4414 1778 4467 3.
1813 4413 2053 4469 Herveld
2103 4413 2229 4468 add.
2265 4414 2315 4467 4.
2372 4413 2747 4468 llertfeldensi
2775 4415 2828 4469 5.
2907 4416 2975 4449 ²³³
3003 4414 3147 4470 deest
3177 4416 3227 4469 4.
3307 4416 3379 4450 ²³⁴
3407 4415 3600 4471 Mehin

1165 4483 1231 4516 935
1263 4499 1356 4538 me
1387 4498 1547 4538 reum
1582 4501 1631 4538 a.
1668 4486 1724 4539 d.
1751 4489 1793 4540 t.
1817 4488 1869 4539 3.
1896 4501 1975 4540 m.
2007 4489 2049 4539 t.
2079 4501 2243 4540 reum
2275 4486 2328 4538 4.
2407 4484 2474 4518 2³6
2529 4484 2832 4540 dominum
2892 4488 2940 4540 1.
3018 4488 3085 4521 ³³⁷
3140 4502 3240 4558 rep

1165 4572 1220 4609 λε
1261 4556 1312 4609 4.
1390 4556 1456 4589 ²⁴⁰
1512 4555 1655 4609 deest
1700 4558 1752 4609 5.
1834 4558 1897 4591 9“
1931 4557 2073 4610 deest
2113 4558 2163 4610 3.
2245 4557 2316 4589 2”
2350 4555 2501 4610 inter
2530 4558 2580 4610 4.
2661 4557 2729 4590 9‘3
2761 4558 3153 4610 nresciderent
3182 4559 3235 4610 3.

3607 4428 3782 4487 Serui?!

3246 4488 3365 4559 peri
3426 4488 3479 4541 1.
3530 4488 3583 4542 4.
3610 4483 3679 4542 ’5.
3731 4483 3784 4519 ³³⁸

2661 4557 2729 4590 9‘3
2761 4558 3153 4628 presciderent
3182 4557 3263 4614 3’.‘
3315 4560 3384 4592 9“
3412 4559 3712 4615 dominum
3744 4561 3776 4607 l.

406 4625 579 4685 deum
612 4628 969 4701 expireretur
997 4629 1050 4680 3.
1096 4627 1163 4660 9‘5
1196 4625 1784 4701 bildenesheimcnsis
1816 4630 1873 4701 1.
1901 4627 2398 4701 hildisheimensis
2428 4628 2485 4701 3._
2516 4625 2933 4701 bildimeshsS.
2991 4630 3057 4663 9‘6
3090 4630 3195 4684 Uto
3226 4646 3426 4685 omnes.
3489 4632 3556 4666 "7
3586 4633 3716 4686 deest
3738 4628 3776 4681 5.

406 4702 476 4736 9‘3
506 4698 858 4756 sentenciam
893 4702 965 4773 3L
981 4698 1331 4773 sententiam
1364 4704 1659 4773 exarserat
1686 4700 1907 4773 Nic._de
1955 4700 2154 4773 Sygen.
2234 4700 2302 4732 ²⁴⁹
2330 4698 2678 4773 administer
2710 4701 2757 4753 1.
2798 4699 2879 4755 5?
2910 4701 3177 4756 minister
3205 4705 3329 4759 Nic.
3364 4702 3427 4756 de
3456 4702 3587 4773 Syg.
3661 4702 3721 4735 πθ
3744 4714 3779 4752 s.

404 4788 454 4826 c.
486 4773 678 4828 desunt
708 4773 759 4826 3.
836 4773 900 4805 ²⁵¹
936 4770 1272 4825 Ruthardus
1300 4770 1352 4823 3.
1432 4770 1497 4803 ²⁵²
1528 4769 1583 4823 d.
1616 4786 1695 4825 In.
1731 4788 1787 4842 q.
1821 4770 1880 4825 in
1913 4769 2074 4827 m.'o.
2107 4771 2302 4826 desunt
2330 4771 2382 4824 5.

1991 4913 2222 4969 NOTAE.

475 5035 623 5111 (149)
654 5035 783 5111 Haec
814 5036 1060 5109 epistola
1101 5053 1215 5090 non
1265 5034 1336 5089 ad
1388 5041 1585 5111 nostra
1627 5041 1890 5111 tempora
1920 5055 2047 5110 per-
2078 5044 2125 5109 D
2161 5035 2444 5111 10.7(1,_3,
2482 5034 2565 5091 10.
2599 5038 2689 5111 ed.
2741 5036 3126 5109 Schmieder.)
3156 5038 3399 5111 interpr.
3434 5040 3509 5095 ad
3553 5039 3775 5111 Propert.

401 5108 630 5163 venisse
662 5108 906 5175 videtur,
942 5125 1074 5163 cum
1109 5123 1401 5178 nusquam
1444 5108 1572 5178 ejus
1604 5108 1820 5165 mentio
1852 5108 1975 5165 ﬁat.

456 5180 618 5260 ⁸(150)
654 5179 737 5235 Ita
766 5180 941 5235 etiam
973 5197 1024 5235 a.
1060 5180 1196 5232 1076
1231 5195 1243 5233 :
1277 5179 1467 5249 obviis,
1504 5184 1565 5234 ut
1601 5180 1712 5236 dici
1738 5182 1895 5253 solet,
1928 5199 2048 5236 ma-

650 5321 733 5375 Ct‘.
769 5321 1060 5377 Lamberti
1093 5319 1238 5375 Hist.
1264 5320 1527 5375 Hersfed.
1551 5323 1607 5376 d.
1633 5340 1812 5395 supra
1840 5342 1896 5395 p.
1925 5325 2045 5392 140,

470 5431 622 5583 £152)
654 5462 847 5517 Surdz‘s
896 5465 1027 5518 trib.
1078 5464 1152 5533 (a.
1191 5462 1327 5515 1063
1374 5467 1431 5516 et
1483 5464 1616 5517 107/.
1648 5466 1747 5519 fin.
1798 5466 2047 5532 auribus)

504 5531 655 5583 uiam
702 5547 951 5583 narrare-
1001 5534 1230 5583 Terent.
1281 5533 1483 5583 Heaut.
1530 5535 1579 5583 1-
1613 5538 1663 5583 2-
1698 5537 1792 5583 48:
1850 5539 2044 5583 Hnmt-

398 5529 655 5657 Enim/am
702 5547 953 5623 narrare,
1001 5529 1230 5625 Terent.
1280 5533 1483 5621 Heaut.
1530 5535 1580 5602 1,
1613 5538 1663 5588 2.
1698 5537 1793 5604 48;
1849 5529 2045 5619 Horat.

451 5619 506 5664 p.
542 5601 609 5664 Il,
646 5603 695 5664 1,
726 5604 857 5664 199;
891 5606 1035 5659 Stat.
1061 5606 1095 5658 '1
1112 5606 1240 5659 heb.
1265 5608 1317 5664 8,
1341 5607 1464 5660 557.
1490 5604 1571 5659 De
1605 5605 1712 5660 hoc
1745 5610 2045 5664 proverbio

451 5619 506 5679 p_.
542 5619 613 5679 ι),
646 5619 695 5666 1,
721 5619 857 5679 aut);
891 5619 1035 5679 stat.
1061 5619 1240 5679 '1:ne_n.
1265 5619 1464 5679 6,551.
1490 5619 1571 5659 ue
1605 5619 1712 5679 nec
1744 5619 2046 5679 proverblo

398 5672 517 5741 vid.
552 5672 673 5733 Liv.
708 5673 760 5747 4,
792 5676 845 5749 8,
882 5676 966 5731 10.
1000 5675 1232 5731 Ruhnk.
1276 5677 1368 5733 ad.
1399 5677 1630 5734 Terent.
1666 5672 1870 5735 Heaut.
1904 5682 1958 5755 2,
1993 5681 2045 5750 1,

2160 5110 2297 5183 4,8,
2332 5109 2397 5161 47
2435 5126 2446 5163 :
2479 5109 2643 5165 surdo
2674 5119 2914 5180 cantare,
2950 5111 3107 5183 Virg.
3140 5110 3256 5168 Ecl.
3290 5109 3374 5183 10,
3398 5112 3431 5165 8
3460 5129 3474 5169 :
3505 5109 3683 5167 surdis
3705 5125 3777 5163 au-

2159 5181 2311 5236 ribus
2347 5195 2561 5235 canere.

2228 5252 2377 5321 (153)
2409 5251 2667 5306 Obitum.

2231 5322 2541 5407 (154).Quae
2587 5322 2728 5407 b.nl‘.
2762 5325 2833 5404 de
2884 5324 3205 5407 Burchardi
3256 5325 3773 5407 obi_tu_narraqtun

2159 5398 2439 5464 suspectae
2474 5399 2611 5448 sunt
2643 5394 2796 5461 fidei,
2822 5412 2953 5449 cum
2991 5402 3186 5452 noster
3217 5397 3395 5451 nimis
3428 5397 3631 5452 favisse
3660 5394 3772 5469 Her:

2159 5465 2540 5519 sfeldensium
2576 5465 2840 5537 partibus
2885 5473 2942 5520 et
2990 5466 3111 5522 hanc
3159 5468 3290 5522 odio
3342 5467 3499 5523 illius
3546 5466 3770 5537 episcopl

2159 5482 2540 5519 sreinensmm
2576 5482 2840 5535 partibus
2885 5482 2942 5520 et
2990 5482 3111 5522 nmo
3159 5482 3290 5522 omo
3342 5482 3499 5523 unus
3546 5482 3767 5586 episcopi

2160 5535 2695 5608 permotuslitteris
2718 5538 3028 5593 mandasse
3052 5539 3333 5595 videatur.
3360 5539 3442 5595 Cf.
3470 5532 3716 5595 Leuckfel
3756 5571 3767 5588 .

2158 5607 2340 5681 antiq.
2376 5607 2742 5667 Halberstad.
2776 5626 2832 5684 p.
2868 5610 3130 5671 445-447.
