3998 6146
215 314 364 379 1077

1474 321 1857 384 ANNALES.
1892 354 1970 368 —
1996 325 2125 385 AN.
2177 324 2354 388 1063.

3463 328 3620 391 1078

209 449 390 507 eosad
419 447 784 523 sepulturam
809 451 1070 509 funebris
1091 452 1733 526 pompaultimumvale
1755 473 1859 511 au-
1885 459 1940 523 Α
2041 457 2137 513 Bel
2189 460 2357 529 (182),
2412 459 2511 532 qui
2572 475 2817 532 regnum
2866 459 3158 517 invaserat
3205 458 3614 534 Ungariorum,

209 541 438 595 dituros
486 539 633 611 (181)
679 541 924 596 efferret.
955 543 1156 614 Itaque
1183 559 1255 598 ne
1277 543 1358 598 rei
1382 548 1501 599 tam
1526 545 1738 599 atrocis
1764 561 1865 600 no-

205 629 356 685 vitas
409 633 646 700 repente
699 630 974 685 nunciata
1031 632 1150 702 regi
1205 637 1502 704 stuporem
1553 633 1858 701 incuteret,

205 719 392 774 unum
419 734 488 773 ex
518 733 764 774 numero
786 734 914 785 suo,
943 719 1117 775 citato
1140 726 1426 791 quantum
1443 725 1672 792 poterat
1687 739 1858 794 equo,

204 806 595 880 praemittunt,
629 807 730 878 qui
755 805 980 863 litteras
1002 810 1072 864 ad
1099 825 1292 881 regem
1311 815 1486 865 tantae
1505 809 1859 867 calamitatis

197 896 428 952 indices
458 895 712 968 perferat
738 895 831 964 ³⁵2,
881 901 939 952 et
987 914 1103 970 qua
1149 898 1225 967 vi,
1259 915 1375 970 qua
1406 899 1753 955 necessitate
1785 903 1854 956 ad

198 984 325 1041 haec
356 990 617 1040 extrema
647 983 997 1056 experienda
1049 987 1231 1042 coacti
1265 987 1402 1054 sint,
1452 988 1706 1044 edoceat.
1741 988 1856 1060 Ipsi

194 1073 486 1147 paulatim
511 1074 829 1146 pedestres,
853 1076 1101 1131 servatis
1136 1076 1856 1149 ordinibus,subsequun-

195 1167 314 1218 tur.
335 1163 652 1235 Postquam
676 1163 930 1219 nuncius
951 1181 1017 1220 eo
1039 1164 1298 1235 pervenit
1321 1165 1602 1237 lectaeque
1633 1167 1701 1201 ³⁸³
1717 1172 1856 1222 sunt

191 1251 425 1319 litterae,
448 1252 654 1307 horror
675 1251 916 1323 quidam
940 1253 1188 1324 perculit
1209 1271 1412 1310 omnes
1440 1255 1538 1326 qui
1557 1255 1615 1310 in
1638 1254 1853 1327 palatio

189 1344 367 1396 erant
395 1357 575 1412 super
595 1345 714 1396 tam
741 1342 968 1413 procaci
991 1342 1165 1413 facto,
1191 1343 1855 1415 mirabanturque,inter

190 1429 446 1486 eximios
483 1434 542 1485 et
573 1429 905 1502 apostolicae
953 1432 1408 1488 conversationis
1437 1433 1592 1489 viros
1621 1439 1850 1489 tantum

186 1519 406 1593 ﬂagitii
439 1519 701 1591 potuisse
750 1519 1011 1591 reperiri,
1062 1525 1125 1576 ut
1154 1521 1412 1592 privatas
1447 1522 1698 1592 injurias
1731 1526 1849 1577 tam

182 1607 454 1681 pessimo
485 1607 750 1680 exemplo
781 1608 852 1652 35‘
899 1608 1342 1678 ulciscerentur,
1379 1627 1483 1666 nec
1511 1611 1580 1645 ³⁵⁵
1610 1610 1714 1665 lilii
1750 1627 1848 1682 pa-

181 1697 318 1764 tris,
354 1697 415 1752 in
447 1713 515 1752 ea
540 1696 919 1769 potissimum
943 1698 1299 1766 calamitate,
1331 1698 1764 1764 misererentur,
1787 1700 1847 1753 in

179 1803 306 1858 qua
339 1785 541 1842 hostes
572 1801 804 1858 quoque
834 1786 902 1824 35°
932 1803 1071 1843 suos
1117 1787 1187 1842 ad
1220 1787 1655 1843 miserationem
1686 1792 1742 1842 et
1774 1788 1846 1843 ad

179 1874 473 1931 lacrimas
505 1890 814 1948 provocare
850 1874 1156 1946 potuisset.
1190 1874 1413 1931 Placuit
1441 1875 1636 1946 itaque
1658 1877 1851 1931 omni-

181 1965 328 2034 bus,
357 1964 590 2037 insigno
613 1964 721 2020 hoc
739 1964 969 2021 facinus
986 1963 1205 2036 insigni
1231 1963 1426 2037 aliquo
1447 1965 1711 2037 exemplo
1730 1965 1852 2020 vin-

180 2053 406 2109 dicari.
438 2053 588 2110 Tum
620 2070 738 2117 rex,
772 2052 1018 2109 consilio
1062 2070 1208 2110 usus
1239 2053 1606 2109 Coloniensis
1662 2054 1850 2109 archi-

179 2142 460 2216 episcopi
481 2148 536 2198 et
556 2142 969 2198 Ottonisducis
987 2143 1412 2213 Bajoariorum,
1436 2160 1686 2212 quorum
1711 2148 1850 2198 tunc

180 2231 439 2287 arbitrio
490 2247 582 2287 res
615 2230 849 2302 publica
900 2230 1447 2298 administrabatur,
1485 2231 1756 2302 pracepit
1788 2237 1853 2286 ut

182 2321 321 2392 ipse
354 2320 594 2390 bajulus
628 2318 957 2375 litterarum
980 2336 1116 2375 cum
1140 2319 1269 2376 aliis
1300 2320 1510 2386 tribus,
1537 2319 1637 2391 qui
1659 2325 1853 2375 aucto-

180 2425 289 2465 res
312 2408 624 2464 seditionis
671 2408 923 2475 fuerant,
955 2425 1058 2480 per
1104 2408 1331 2464 diversa
1387 2409 1743 2464 monasteria
1794 2408 1851 2462 in

177 2497 464 2554 custodia
511 2497 762 2553 habendi
815 2499 1220 2565 mitterentur;
1252 2497 1324 2552 ad
1367 2498 1850 2569 compescendam

176 2603 326 2643 vero
349 2591 606 2642 ceteram
632 2585 1100 2656 multitudinem,
1125 2586 1403 2658 quoniam
1424 2588 1490 2623 3"
1513 2603 1617 2642 nec
1639 2587 1852 2658 spiritu

183 2676 466 2734 lenitatis
496 2692 601 2732 nec
631 2675 794 2748 virga
838 2675 1174 2732 monasticae
1225 2675 1614 2746 corruptionis
1654 2676 1850 2731 sanari

179 2763 547 2838 potuissent,
581 2765 764 2820 abbas
797 2763 1037 2820 militari
1071 2781 1248 2820 manu
1288 2769 1568 2820 uteretur.
1601 2765 1764 2820 Tunc
1784 2766 1852 2799 ³⁸⁸

182 2854 408 2923 abbas,
441 2851 643 2909 missis
673 2852 902 2909 obviam
934 2852 1247 2920 militibus,
1270 2853 1396 2908 sine
1426 2853 1477 2908 vi
1509 2858 1566 2908 et
1595 2852 1850 2908 tumultu

174 2959 290 3000 eos
318 2943 569 2998 Fuldam
596 2942 795 2998 reduci
813 2941 1020 3012 jussit,
1053 2947 1110 2997 et
1132 2946 1292 2998 extra
1313 2941 1732 2998 monasterium
1757 2959 1853 2997 cu-

181 3031 474 3089 stodibus
505 3030 786 3087 adhibitis
838 3048 1009 3087 suum
1062 3030 1384 3104 prestolari
1417 3030 1690 3087 reditum.
1724 3030 1854 3102 Ipse

180 3136 461 3193 quoque,
495 3119 617 3192 regi
645 3119 770 3175 vale
791 3119 962 3186 facto,
996 3136 1094 3176 eos
1126 3137 1156 3175 e
1185 3119 1427 3192 vestigio
1454 3123 1545 3175 est
1574 3121 1853 3175 subsecu-

177 3214 309 3266 tus.
346 3209 438 3263 Ibi
469 3208 743 3265 collectos
768 3209 976 3265 fratres
997 3213 1052 3265 et
1082 3208 1302 3281 primos
1326 3207 1578 3263 militum
1598 3207 1673 3262 Fu
1686 3208 1843 3262 lden-
1876 3194 1918 3259 C

179 3299 355 3354 siam
387 3296 489 3352 diu
523 3313 590 3353 ea
619 3297 973 3355 consultatio
997 3297 1207 3369 tenuit,
1225 3296 1506 3353 laicorum
1539 3314 1609 3352 an
1643 3313 1852 3352 mona-

174 3387 442 3443 chorum
469 3385 696 3457 judicio
719 3386 778 3441 in
809 3403 906 3442 eos
941 3385 1329 3442 animadverti
1361 3390 1677 3457 oporteret.
1702 3385 1854 3440 Vicit

173 3493 243 3533 ea
279 3475 608 3540 sententia,
658 3492 788 3546 qua:
830 3476 899 3510 ³⁸9
929 3475 1205 3530 censebat
1260 3491 1379 3542 eos,
1433 3475 1554 3546 qui,
1609 3491 1852 3530 excusso

163 3567 330 3638 jugo
359 3563 594 3635 regulae,
627 3567 964 3636 contempto
1019 3564 1258 3634 abbate,
1291 3580 1392 3635 per
1422 3563 1850 3618 contumaciam

169 3653 415 3728 egressi
450 3657 507 3707 et
540 3654 792 3708 necdum
825 3651 886 3708 in
919 3651 1340 3728 monasterium
1392 3653 1602 3722 recepti
1635 3655 1852 3716 essent,

169 3743 482 3799 laicorum
514 3740 710 3811 potius
743 3741 868 3812 lege
901 3727 1256 3812 judicandos
1287 3742 1355 3776 ³⁶⁰
1377 3742 1517 3796 fore.
1554 3743 1636 3795 Ita
1668 3740 1850 3796 abbas

169 3831 480 3887 laicorum
505 3828 949 3899 juridictionem
998 3834 1260 3896 secutus,
1295 3829 1443 3884 duos
1475 3845 1542 3884 ex
1573 3829 1679 3895 eis,
1711 3827 1850 3884 alte-

173 3936 321 3976 rum
346 3917 776 3990 presbiteratus
794 3917 1043 3974 alterum
1062 3918 1311 3974 diaconii
1335 3918 1552 3974 honore
1569 3919 1851 3989 insignes,

167 4006 375 4082 jussit
405 4005 639 4078 publice
669 4006 848 4078 virgis
877 4023 1056 4062 caesos
1089 4010 1145 4062 et
1166 4011 1426 4063 attonsos
1449 4005 1654 4078 expelli
1679 4024 1691 4073 ;
1728 4006 1856 4061 reli-

174 4114 344 4171 quos
367 4094 575 4152 multis
599 4095 789 4168 plagis
808 4101 1150 4166 maceratos,
1167 4111 1270 4167 per
1289 4095 1479 4150 vicina
1501 4095 1856 4151 monasteria

174 4187 380 4243 alium
415 4184 530 4240 alio
575 4183 926 4240 transmisit.
979 4185 1057 4240 De
1089 4183 1340 4256 singulis
1372 4188 1568 4239 tamen
1602 4201 1718 4240 non
1751 4201 1855 4255 pro

177 4275 376 4332 modo
411 4272 619 4346 culpae,
654 4273 753 4328 sed
781 4289 884 4344 pro
908 4271 1210 4328 natalium
1229 4289 1469 4328 suorum
1493 4273 1751 4327 claritate
1768 4272 1855 4328 vel

177 4362 795 4428 obscuritate,mitius
809 4361 896 4416 vel
912 4361 1166 4417 atrocius
1183 4365 1483 4434 sumptum
1501 4361 1855 4433 supplicium

173 4459 296 4511 est.
337 4450 566 4507 Viderit
597 4450 802 4521 abbas,
847 4467 920 4506 an
951 4451 1005 4505 vi
1039 4449 1255 4506 doloris
1288 4450 1580 4522 impulsus
1605 4449 1856 4519 injurias

1973 548 2135 603 obiit.
2167 549 2328 616 Joas,
2377 549 2534 605 filius
2591 551 2740 620 ejus,
2801 553 2988 606 satius
3029 555 3242 623 putans
3300 553 3617 610 moderatis

1972 646 2181 717 opibus
2218 647 2275 701 in
2307 664 2446 718 pace
2478 648 2714 718 perfrui,
2749 665 2924 720 quam
2955 649 3460 706 1mimmoderatas
3491 668 3615 706 am-

1968 734 2183 790 biendo
2208 735 2600 792 calamitatem
2625 741 2798 808 atque
2815 737 3102 793 excidium
3128 754 3328 810 parere
3357 740 3426 774 ³⁸³
3455 741 3614 812 genti

1970 842 2109 888 suae,
2147 827 2445 881 mandavit
2465 827 2534 861 36"
2570 827 2690 898 regi
2724 827 3012 895 Heinrico,
3048 827 3095 883 si
3127 828 3236 882 sibi
3261 829 3413 899 apud
3447 829 3616 886 Salo-

1971 929 2224 982 monem,
2263 915 2446 970 ﬁlium
2478 917 2719 970 Andreae
2753 917 2929 987 regis,
2981 915 3274 972 natalibus
3303 921 3360 972 et
3390 918 3613 975 meritis

1973 1003 2098 1058 suis
2131 1004 2463 1075 condignus
2501 1004 2685 1060 honor
2735 1004 3065 1071 haberetur,
3117 1005 3419 1060 subditum
3470 1023 3531 1062 se
3561 1009 3613 1063 ei

1966 1092 2320 1163 fidelemque
2372 1093 2657 1163 futurum,
2726 1097 2782 1148 et
2832 1093 3005 1149 malle
3055 1093 3354 1148 beneficiis
3384 1111 3516 1151 cum
3547 1113 3612 1151 eo

1964 1206 2139 1260 quam
2173 1190 2373 1255 armis,
2407 1191 2519 1245 fide
2553 1207 2731 1261 quam
2763 1191 2884 1246 acie
2915 1191 3213 1247 dimicare.
3249 1191 3462 1246 Eadem
3495 1193 3611 1248 Un-

1962 1278 2106 1349 garii
2135 1295 2336 1333 omnes
2368 1280 2606 1334 assidua
2634 1279 2919 1351 legatione
2942 1279 3382 1350 pollicebantur.
3409 1282 3492 1336 Ita
3515 1299 3613 1337 rex

1962 1367 2270 1422 Heinricus
2294 1367 2612 1439 Ungariam
2645 1385 2776 1423 cum
2796 1369 3048 1424 exercitu
3082 1369 3382 1441 ingressus
3405 1371 3608 1441 (Aug.),

1961 1464 2333 1520 Salomonem
2367 1466 2424 1520 in
2452 1466 2664 1521 solium
2702 1467 2884 1538 patris
2915 1466 3192 1533 restituit,
3235 1467 3444 1538 juncta
3474 1468 3524 1522 ei
3549 1468 3607 1523 in

1959 1554 2299 1625 conjugium
2351 1572 2546 1610 sorore
2595 1573 2723 1624 sua,
2775 1555 3101 1627 ablatisque
3157 1557 3432 1612 omnibus
3480 1573 3607 1627 quae

1958 1643 2076 1714 regi
2109 1643 2451 1715 scrupulum
2475 1661 2702 1699 movere
2718 1643 2804 1699 vel
2830 1645 2991 1716 regni
3017 1649 3230 1700 statum
3262 1645 3609 1701 labefactare

1958 1735 2246 1803 poterant,
2277 1731 2334 1786 in
2369 1748 2508 1804 pace
2542 1733 2818 1788 remeavit
2847 1735 2918 1787 ad
2952 1732 3186 1788 Gallias.

2031 1883 2310 1939 Educatio
2362 1884 2514 1956 regis
2561 1888 2734 1956 atque
2783 1884 3070 1940 ordinatio
3117 1885 3381 1940 omnium
3410 1901 3605 1941 rerum

1961 1970 2328 2043 publicarum
2353 1989 2528 2044 penes
2545 1974 2849 2046 episcOpos
2865 1977 3009 2038 erat,
3023 1973 3434 2045 eminebatque
3455 1973 3607 2029 inter

1961 2077 2060 2117 eos
2118 2061 2438 2133 Mogontini
2509 2066 2566 2116 et
2615 2060 2981 2117 Coloniensis
3039 2060 3610 2133 archiepiscoporum

1961 2160 2301 2216 auctoritas.
2334 2164 2379 2214 A
2412 2160 2626 2231 quibus
2657 2176 2787 2214 cum
2823 2160 2883 2216 in
2911 2164 3135 2231 partem
3167 2159 3396 2215 consilii
3433 2159 3610 2214 Adal-

1962 2249 2163 2304 bertus
2183 2253 2351 2304 Prem
2361 2247 2515 2304 ensis
2529 2247 3004 2320 archiepiscopus
3019 2252 3360 2318 assumptus
3380 2248 3608 2314 fuisset,

1961 2341 2087 2391 tum
2115 2344 2349 2409 propter
2381 2336 2708 2392 claritatem
2731 2337 2983 2408 generis,
3009 2342 3133 2391 tum
3156 2341 3391 2407 propter
3420 2337 3610 2392 aetatis

1963 2431 2138 2498 atque
2192 2425 2729 2497 archiepiscopatus
2773 2426 3235 2497 prmrogativam,
3270 2424 3367 2479 ille
3399 2425 3611 2496 saepius

1963 2514 2368 2586 colloquendo,
2401 2513 2777 2585 obsequendo
2818 2513 2998 2568 etiam
3031 2517 3204 2582 atque
3237 2514 3609 2583 assentando,

1960 2613 2041 2668 ita
2065 2611 2175 2667 sibi
2208 2628 2401 2684 regem
2427 2610 2585 2668 brevi
2607 2610 2961 2680 devinxerat,
2983 2613 3069 2677 ut,
3099 2609 3303 2665 ceteris
3325 2611 3613 2684 episcopis

1962 2700 2497 2772 posthabitis,totus
2514 2701 2570 2754 in
2588 2716 2720 2754 eum
2741 2698 3208 2766 inclinaretur,et
3224 2698 3350 2770 ipse
3363 2700 3421 2754 in
3436 2716 3611 2773 regno

1961 2789 2258 2845 communi
2283 2805 2426 2860 pene
2445 2788 2514 2822 ³⁸⁵
2540 2786 2943 2843 menarchiam
2970 2803 3268 2858 usurpare
3298 2787 3610 2844 videretur.

1959 2887 2257 2942 Secundae
2278 2887 2346 2920 ³⁸⁸
2367 2892 2500 2957 post
2523 2901 2654 2940 eum
2680 2890 2876 2957 partes
2908 2885 3115 2957 agebat
3133 2885 3436 2940 Wernheri
3464 2887 3612 2959 (183)

1961 2974 2428 3045 comes,juvenis
2452 2978 2572 3029 tam
2597 2973 2830 3044 inpenio
2862 2989 3037 3044 quam
3069 2977 3234 3028 aetate
3266 2973 3423 3028 ferox
3445 2974 3611 3046 (184).

1961 3074 2030 3126 Hi
2055 3075 2168 3128 duo
2196 3089 2299 3144 pro
2323 3088 2454 3143 rege
2477 3070 2896 3142 imperitabant
2919 3088 2932 3138 ;
2957 3072 3027 3126 ab
3052 3071 3144 3126 his
3167 3072 3538 3142 episcopatus
3559 3075 3616 3127 et

1962 3162 2226 3228 abbatias,
2253 3162 2324 3216 ab
2345 3159 2436 3215 his
2458 3160 2736 3231 quicquid
2761 3159 3308 3226 ecclesiasticarum,
3333 3161 3613 3232 quicquid

1964 3259 2318 3316 secularium
2370 3256 2727 3327 dignitatum
2785 3259 2898 3320 est,
2951 3256 3274 3311 emebatur.
3327 3260 3440 3312 Nec
3498 3257 3614 3312 alia

1961 3348 2259 3420 cuiquam,
2291 3346 2427 3400 licet
2483 3344 2773 3400 industrio
2823 3349 2998 3415 atque
3038 3343 3271 3415 egregio
3299 3344 3443 3410 viro,
3477 3361 3612 3418 spes

1962 3435 2323 3507 adipiscendi
2356 3433 2595 3488 honoris
2628 3432 2806 3487 ullius
2839 3437 2982 3498 erat,
3014 3449 3191 3504 quam
3224 3437 3290 3487 ut
3318 3432 3426 3488 hos
3448 3433 3612 3504 prius

1964 3534 2186 3606 ingenti
2219 3532 2558 3604 profusione
2607 3530 2987 3602 pecuniarum
3036 3546 3277 3585 suarum
3329 3530 3612 3586 redemis-

1962 3628 2072 3679 set.
2108 3623 2173 3676 Et
2203 3622 2272 3675 ab
2297 3620 2586 3692 episcopis
2608 3619 2844 3691 quidem
2865 3623 2919 3673 et
2949 3619 3203 3674 ducibus
3225 3624 3386 3674 metu
3421 3620 3610 3692 magis

1963 3728 2141 3783 quam
2176 3709 2454 3781 religione
2483 3709 2904 3779 temperabant.
2927 3707 2984 3761 In
3007 3707 3245 3762 abbates
3275 3724 3428 3775 vero,
3453 3709 3608 3778 quod

1962 3809 2022 3864 hi
2055 3807 2283 3879 injuria:
2316 3805 2543 3860 obviam
2578 3806 2659 3859 ire
2712 3821 2827 3858 non
2880 3808 3166 3876 poterant,
3197 3807 3318 3859 tota
3344 3803 3612 3860 libertate

1961 3897 2408 3969 grassabantur,
2457 3893 2603 3948 illud
2661 3911 2775 3964 prae
2810 3910 2872 3948 se
2921 3893 3194 3960 ferentes,
3227 3891 3372 3947 nihil
3413 3893 3610 3948 minus

1965 4002 2158 4059 regem
2195 3985 2252 4039 in
2285 3984 2393 4039 hos
2417 3983 2570 4053 juris
2620 3997 2686 4037 ac
2729 3980 3035 4054 potestatis
3081 3981 3294 4036 habere
3343 3997 3520 4052 quam
3552 3980 3613 4036 in

1965 4083 2187 4139 villicos
2218 4099 2357 4136 suos
2383 4080 2469 4136 vel
2503 4080 2561 4134 in
2593 4079 2740 4134 alios
2789 4078 3081 4151 quoslibet
3127 4078 3338 4151 regalis
3371 4079 3495 4134 fisci
3526 4077 3612 4134 di-

1965 4175 2357 4246 spensatores.
2386 4169 2455 4224 Et
2486 4170 2674 4240 primo
2709 4167 2947 4239 quidem
2981 4167 3198 4238 praedia
3230 4166 3614 4223 monasterio-

1966 4279 2096 4316 rum
2129 4258 2455 4315 fautoribus
2485 4257 2632 4322 suis,
2666 4261 2840 4328 prout
2869 4256 3105 4310 libitum
3138 4259 3282 4325 erat,
3307 4255 3617 4311 distribue-

1966 4351 2191 4414 bant,et
2203 4348 2359 4419 quod
2382 4344 2605 4416 reliquu
2618 4363 2671 4399 m
2696 4349 2818 4400 erat
2834 4346 3036 4399 crebra
3049 4343 3332 4416 regalium
3347 4344 3615 4399 servitio-

1967 4455 2094 4493 rum
2120 4435 2415 4492 exactione
2433 4449 2619 4504 usque
2641 4432 2710 4487 ad
2736 4433 2887 4487 feces
2909 4431 3150 4486 ultimas
3171 4430 3612 4486 exhauriebant.

174 4559 335 4600 suas
371 4540 638 4596 acerbius
662 4557 840 4611 quam
866 4539 1060 4596 decuit
1079 4539 1451 4607 vindicando,
1475 4539 1716 4594 modum
1743 4539 1850 4593 for-
1885 4561 1932 4624 D
1969 4537 2107 4590 Dein
2137 4535 2202 4568 ³⁵⁷
2236 4530 2670 4588 convalescente
2701 4529 2957 4598 audatia,
3011 4529 3070 4582 in
3103 4530 3229 4599 ipsa
3260 4527 3615 4582 monasteria

171 4639 236 4690 te
269 4629 618 4688 excesserit.
655 4629 715 4685 Id
747 4633 977 4685 constat
998 4629 1257 4685 inustam
1288 4645 1416 4684 esse
1443 4645 1510 4683 ea
1538 4631 1854 4698 tempesta-

179 4725 246 4779 te
289 4718 594 4776 maculam
630 4717 906 4773 Fuldensi
936 4717 1311 4785 monasterio,
1361 4734 1484 4789 qua
1532 4716 1707 4788 longa
1736 4716 1855 4770 for-

174 4812 350 4868 sitan
386 4806 829 4864 succedentium
861 4810 1192 4879 temporum
1216 4805 1363 4862 serie
1395 4805 1553 4862 ablui
1578 4809 1635 4861 et
1667 4809 1856 4861 exter-

171 4901 239 4974 gi
274 4900 350 4935 3“
384 4913 503 4954 non
536 4897 742 4969 possit.

1965 4623 2252 4694 impetum
2281 4620 2590 4686 faciebant,
2619 4622 2794 4688 atque
2813 4633 2882 4672 ea
2903 4617 3053 4670 inter
3074 4631 3135 4670 se
3166 4624 3462 4686 Iamquam
3484 4631 3614 4686 pro-

1964 4713 2186 4768 vincias
2217 4708 2641 4782 partiebantur,
2684 4721 2816 4775 rege
2867 4704 2936 4758 ad
2992 4703 3189 4758 omnia
3236 4720 3364 4775 qua:
3403 4704 3614 4774 jussus

1966 4802 2176 4858 fuisset
2209 4796 2415 4872 puerili
2432 4795 2706 4850 facilitate
2721 4798 3031 4849 annuente.
3051 4797 3253 4864 Itaque
3282 4792 3612 4849 Premensis

1967 4889 2444 4962 archiepiscopus
2494 4884 2642 4940 duas
2689 4887 2939 4954 occupat
2987 4882 3252 4938 abbatias
3281 4882 3397 4953 (an.
3431 4881 3613 4953 1066),

1560 5009 1799 5066 VARI/1'3
1837 5005 2251 5066 LECTIONES.

257 5101 336 5138 3"
370 5099 661 5172 perferret
685 5111 832 5172 corr,
865 5097 1204 5172 perferatu3.
1256 5098 1482 5172 fmgque
1511 5098 1663 5172 deest
1695 5099 1746 5154 4.
1801 5099 1868 5132 ³⁵³
1900 5099 1984 5172 ita
2014 5097 2063 5151 1.
2097 5096 2233 5172 Nic._
2253 5093 2322 5148 de
2351 5090 2549 5172 Sygen.
2569 5086 2906 5172 pessimum
2929 5083 3450 5172 exem'plymﬁtiiar’nr
3469 5082 3618 5172 dixit

171 5169 390 5230 nouer—
411 5188 469 5226 a.
503 5173 529 5226 1
571 5171 662 5225 73.
699 5169 860 5224 1076.

894 5186 954 5241 p.
988 5167 1218 5240 publico
1249 5170 1301 5224 3.
1332 5162 1469 5226 4C5.
1551 5171 1619 5204 ³⁵⁵
1651 5186 1754 5225 nec
1793 5199 1862 5210 -—
1896 5163 2536 5241 misererenturdcsunt

2699 5159 2766 5193 356
2797 5158 3057 5230 quinque
3079 5155 3210 5211 1.15.
3245 5156 3360 5210 Nic.
3389 5155 3456 5230 de
3486 5155 3615 5230 Sygg

175 5227 480 5317 7375—7vquam
511 5243 563 5298 4.
649 5241 715 5284 ⁸⁸⁸
766 5227 914 5296 Item
960 5227 1012 5294 4ἶ
1071 5241 1140 5274 ³⁵³
1167 5257 1287 5312 qua
1329 5242 1382 5296 Δ.
1469 5241 1542 5275 ³ε⁰
1590 5241 1972 5296 vindicandos
2013 5241 2068 5292 3.
2144 5238 2210 5271 ³⁶¹
2247 5232 2525 5305 extingwi
2559 5233 2610 5286 4.
2672 5227 2886 5302 362quia
2913 5227 2977 5283 5ῖ
3045 5229 3114 5264 ³⁵³
3147 5242 3383 5298 parcere
3412 5227 3468 5280 1‘
3530 5227 3622 5262 ⁷³⁸⁸

177 5310 554 5373 mandatum
583 5314 638 5366 5.
715 5313 783 5348 ³⁸⁵
813 5311 960 5368 deest
983 5312 1038 5367 3.
1111 5310 1515 5368 '“Secundus
1545 5314 1597 5368 3.
1684 5313 1749 5346 ³⁵⁷
1782 5311 2001 5366 Deinde
2032 5311 2081 5363 4.
2113 5310 2148 5362 5
2168 5310 2194 5360 '1’

1793 5415 2025 5472 NOTIE.

273 5509 430 5580 (181)
469 5507 736 5580 Ultimum
762 5505 884 5580 vale
913 5505 1066 5576 aud.,
1096 5506 1259 5563 Ovid.
1294 5506 1429 5563 Met.
1462 5523 1518 5573 x,
1551 5507 1644 5560 52.

279 5576 433 5652 (282)
464 5579 549 5652 (If.
585 5581 737 5634 Ann.
768 5576 962 5652 Altha.
995 5595 1053 5652 p_.
1089 5580 1210 5652 103.

280 5647 434 5726 (183)
467 5651 552 5708 Cf.
583 5651 805 5710 Wenck
834 5647 1173 5708 Hist.Hess.
1200 5651 1297 5720 III,
1321 5668 1376 5723 p.
1407 5649 1497 5704 27.
1527 5665 1657 5721 sqq.
1691 5647 1866 5704 Rom-

1972 5501 2085 5557 mel
2121 5505 2163 5568 I,
2197 5517 2253 5572 p.
2290 5499 2411 5553 159.

2047 5563 2217 5645 (18ἆ)ἶ
2254 5575 2338 5645 Ita
2371 5567 2561 5622 Livius
2604 5581 2682 5633 v1,
2714 5565 2804 5645 23ξ
2857 5564 2928 5645 de
2956 5564 3138 5645 _Lucio
3182 5564 3352 5622 Furio
3384 5563 3614 5619 tribuno

1979 5638 2233 5701 militum
2259 5659 2272 5698 :
2303 5644 2456 5714 feror
2485 5654 2651 5712 quum
2677 5641 2836 5693 atate
2865 5640 2917 5694 et
2944 5638 3186 5708 ingenio.
