3998 6146
116 283 280 344 1089

1377 288 1769 349 ANNALES.
1803 317 1879 333 -—
1906 289 2036 348 AN.
2089 292 2266 354 1069.

3369 306 3527 368 1090

110 415 483 472 Coloniensis
514 417 934 492 archiepiscopi
965 420 1225 492 suscepit
1253 420 1449 476 Cuono
1481 420 1758 492 praeposi-
1788 420 1845 488 Α
1875 420 2061 477 ullum
2086 423 2339 480 dabatur
2355 442 2724 500 responsum.
2747 430 3004 487 Tandem
3028 434 3278 492 ell‘ractis
3301 438 3524 494 foribus

111 509 212 560 tus
235 505 308 539 ⁸⁷⁸
351 504 732 562 Coloniensis.
767 507 1029 564 Graviter
1071 513 1127 564 et
1155 508 1395 581 indigne
1426 508 1604 564 nimis
1633 507 1768 564 tulit

109 598 235 648 tam
262 591 457 650 clerus
479 610 654 666 quam
681 595 933 668 populus
952 597 1356 663 Treverorum,
1391 597 1545 669 quod
1570 596 1681 667 ipsi
1707 596 1766 650 in

111 680 462 738 electionem
478 684 544 718 ‘76
565 684 808 739 admissi
831 685 1198 757 consultique
1220 702 1334 742 non
1353 689 1569 751 essent,
1593 700 1768 756 seque

113 771 382 827 vicissim
407 771 817 844 hortabantur,
852 778 915 829 ut
945 773 1236 848 insignem
1278 775 1428 830 hanc
1475 778 1769 829 contume-

114 859 260 915 liam
283 861 502 934 insigni
535 861 731 934 aliquo
760 863 1023 935 exemplo
1053 864 1333 920 eluerent.
1367 865 1506 919 Erat
1533 868 1674 918 tunc
1705 864 1769 897 ‘77

115 949 410 1022 temporis
440 952 628 1022 major
671 952 880 1007 domus
913 953 1061 1024 (206)
1087 952 1342 1008 ecclesiae
1391 954 1768 1008 Treverorum

116 1039 449 1095 Dietericus
478 1039 547 1074 "'3
578 1056 792 1112 comes,
826 1042 1164 1098 adolescens
1193 1046 1314 1098 tam
1367 1046 1578 1098 natura
1616 1042 1773 1096 ferox

117 1145 304 1201 quam
331 1132 517 1184 aetate.
532 1130 586 1184 Is
600 1129 713 1196 die,
728 1147 843 1202 quo
860 1129 1165 1204 episcopus
1179 1132 1382 1187 urbem
1397 1131 1773 1204 ingressurus

116 1219 498 1290 sperabatur,
551 1235 685 1274 cum
732 1219 1068 1293 ingentibus
1120 1220 1302 1292 copiis
1351 1220 1400 1276 ei
1442 1219 1672 1276 obviam
1707 1219 1774 1254 ‘79

114 1307 428 1381 processit,
449 1312 624 1380 atque
644 1307 702 1363 in
726 1308 852 1380 ipso
874 1307 1022 1364 lucis
1035 1309 1399 1381 crepusculo,
1424 1309 1771 1381 priusquam

115 1396 382 1468 hospitio
413 1398 879 1469 progrederetur,
912 1415 1090 1470 super
1116 1415 1251 1453 eum
1274 1398 1526 1469 irruens,
1558 1413 1775 1470 paucos

115 1485 397 1542 resistere
427 1489 780 1558 temptantes
820 1487 1053 1555 occidit,
1104 1491 1324 1543 ceteros
1373 1487 1611 1560 in0pino
1663 1491 1772 1543 ter-

115 1589 252 1631 rore
285 1574 586 1647 perculsos
608 1575 776 1631 facile
791 1575 942 1632 fudit
972 1576 1329 1648 fugavitque,
1354 1591 1514 1649 opes,
1539 1593 1686 1649 quas
1708 1577 1776 1611 ssc

117 1663 528 1737 amplissimas
541 1664 1423 1738 advexerat,diripuit‘81,ipsum
1437 1665 1774 1738 episcopum

118 1757 368 1824 captum
396 1753 797 1824 traditumque
819 1753 876 1808 in
900 1770 1112 1809 manus
1145 1754 1508 1820 carnificum,
1531 1755 1602 1809 de
1634 1770 1776 1826 rupe

117 1840 425 1896 altissima
443 1841 795 1914 pracipitari
826 1845 882 1898 et
929 1842 1013 1898 sic
1044 1841 1298 1898 interfici
1323 1843 1522 1914 jussit.
1555 1841 1778 1914 Corpus

118 1931 255 2002 ejus
285 1946 322 1985 a
342 1928 633 2003 religiosis
653 1931 792 1986 viris
815 1931 1123 1987 collectum
1147 1936 1322 2004 atque
1343 1932 1403 1986 in
1427 1930 1778 1986 monasterio

118 2018 422 2075 Doleiensi
451 2021 598 2091 (207)
619 2019 916 2092 sepultum
948 2025 1067 2088 est;
1103 2020 1203 2075 ubi
1232 2036 1420 2091 usque
1443 2019 1504 2073 in
1528 2035 1780 2091 praesens

119 2113 372 2180 tempus
400 2108 654 2181 magnis,
686 2113 751 2164 ut
779 2109 985 2179 fertur,
1007 2107 1308 2164 miraculis
1330 2108 1608 2164 divinitus
1631 2123 1780 2179 saape

119 2196 486 2252 illustratur.
535 2197 831 2253 Successit
869 2197 918 2253 ei
953 2198 1013 2252 in
1056 2197 1457 2270 episcopatum
1507 2193 1655 2250 Uoto
1688 2197 1780 2264 ‘39,

119 2286 524 2342 concordante
552 2285 611 2340 in
666 2283 1007 2342 electionem
1064 2286 1193 2357 ejus
1242 2290 1361 2341 tam
1419 2284 1571 2340 clero
1603 2300 1780 2356 quam

116 2374 370 2448 populo.

189 2466 264 2521 In
286 2463 452 2520 festis
470 2462 844 2536 paschalibus
861 2480 965 2537 per
981 2464 1425 2537 quatuordecim
1445 2463 1561 2520 fere
1582 2468 1782 2519 noctes

118 2553 448 2612 continuas
503 2557 727 2609 cometa
757 2553 826 2588 ⁴⁸³
873 2553 1211 2626 apparebat.
1262 2554 1383 2618 Quo
1426 2553 1486 2608 in
1525 2557 1785 2625 tempore

120 2650 299 2701 atrox
327 2647 389 2699 et
415 2641 772 2698 lacrimabile
816 2641 995 2698 nimis
1048 2641 1314 2714 praelium
1347 2642 1415 2676 ‘8‘
1447 2643 1664 2697 factum
1697 2646 1787 2697 est

123 2736 181 2790 in
217 2731 499 2806 partibus
547 2731 878 2803 aquilonis;
912 2731 969 2787 in
1020 2748 1135 2804 quo
1175 2748 1274 2786 rex
1324 2730 1786 2803 Anglisaxonum

121 2829 253 2880 tres
277 2836 448 2892 reges
474 2835 606 2876 cum
630 2819 858 2876 infinito
891 2836 1094 2877 eorum
1115 2821 1182 2855 “5
1211 2819 1464 2876 exercitu
1497 2835 1686 2891 usque
1716 2819 1790 2874 ad

122 2911 575 2968 internitionem
609 2909 840 2966 delevit.

199 3000 334 3056 Rex
381 2997 690 3054 Friteslare
736 2998 803 3033 ⁸³⁸
847 2997 1087 3055 veniens
1135 2999 1328 3070 (Mati),
1383 2997 1791 3070 gravissimam

131 3087 553 3164 aegritudinem
579 3087 803 3155 incidit,
827 3087 909 3143 ita
939 3091 1004 3142 ut
1033 3105 1066 3142 a
1096 3088 1339 3144 medicis
1364 3088 1791 3159 desperaretur,

1878 506 2294 581 irrumpentes,
2341 511 2688 571 invenerunt
2743 534 2876 572 eum
2936 519 3132 576 fractis
3178 525 3523 597 cervicibus,

1878 597 2068 654 colore
2097 605 2265 665 tetro,
2321 604 2673 676 exanimem,
2735 607 2880 678 ipsis
2929 608 3220 668 thesauris
3279 615 3347 649 ‘39
3401 615 3527 670 suis

1879 686 2271 744 miserabilem
2293 691 2430 746 “oin
2447 694 2684 748 modum
2701 695 3096 754 incubantem.
3113 701 3522 775 Episcopatum

1879 792 1982 847 pro
2039 794 2104 831 eo
2163 779 2422 850 suscepit
2495 781 2713 850 Benno,
2774 786 3058 856 praedictae
3136 790 3525 849 Goslariensis

1880 864 2132 921 ecclesiae
2163 869 2498 924 canonicus.

2568 960 2838 1018 MLXVIl.

1953 1043 2084 1099 Otto
2118 1045 2379 1103 marchio
2424 1047 2860 1122 Thuringorum
2920 1052 3082 1118 obiit,
3137 1057 3530 1126 gaudentibus

1881 1133 2199 1189 admodum
2231 1135 2290 1190 in
2317 1141 2501 1192 morte
2528 1138 2657 1209 ejus
2691 1141 2966 1196 omnibus
3000 1141 3319 1216 Thuringis
3342 1145 3430 1215 ‘9‘,
3461 1163 3528 1202 eo

1882 1224 2035 1294 quod
2062 1223 2184 1295 ipse
2215 1225 2442 1296 primus
2471 1243 2539 1281 ex
2581 1228 2946 1300 principibus
2977 1231 3436 1305 Thuringorum,
3471 1239 3538 1289 ut

1882 1311 2228 1383 praedictum
2270 1317 2356 1369 est
2385 1315 2582 1387 (207'),
2652 1317 2912 1373 decimas
2967 1335 3036 1373 ex
3079 1321 3202 1376 suis
3258 1321 3317 1377 in
3376 1323 3534 1379 Thu-

1883 1399 2074 1472 ringia
2097 1403 2567 1472 possessionibus
2603 1404 2738 1460 dare
2769 1408 3185 1475 consensisset,
3209 1415 3265 1465 et
3293 1427 3396 1482 per
3421 1412 3535 1468 hoc

1883 1488 2276 1546 calamitatem
2312 1492 2626 1548 maximam
2658 1495 2818 1565 genti
2850 1513 2967 1551 suae
2997 1497 3286 1554 invexisse
3305 1500 3532 1556 videre-

1883 1580 1999 1632 tur.
2034 1577 2331 1634 Marcham
2366 1581 2434 1614 ωε
2476 1582 2604 1651 ejus
2654 1583 2958 1654 Egberlus,
3019 1587 3300 1658 patruelis
3353 1590 3528 1662 regis,

1885 1667 2162 1738 suscepit.

1956 1755 2285 1812 Einhardus
2315 1756 2607 1829 Spirensis
2638 1759 2948 1833 episcopus
2970 1762 3117 1818 obiit
3143 1782 3156 1832 ;
3181 1765 3272 1819 cui
3305 1765 3535 1821 Heinri-

1887 1861 1990 1900 cus
2049 1845 2352 1915 successit,
2415 1847 2804 1904 Goslariensis
2881 1851 3134 1908 ecclesiae
3195 1856 3532 1922 canonicus,

1886 1938 2060 1989 tanta:
2088 1934 2155 1968 ‘93
2186 1934 2457 2007 dignitati
2478 1936 2571 1991 vix
2601 1938 2743 1992 dum
2781 1955 2884 2010 per
2903 1945 3131 1996 aetatem
3161 1948 3449 2010 maturus,
3483 1948 3542 1998 et

1890 2039 2003 2078 non
2036 2027 2154 2077 tam
2180 2022 2460 2078 electione
2492 2025 2822 2096 principum
2853 2027 2921 2081 ad
2953 2028 3105 2083 banc
3137 2035 3442 2101 provectus
3470 2032 3542 2072 ‘9‘

1891 2127 2063 2182 quam
2099 2109 2463 2182 indulgentia
2487 2112 2663 2184 regis,
2697 2114 2792 2167 cui
2827 2115 2883 2168 in
2919 2117 3126 2187 puerili
3157 2122 3325 2174 aetate
3349 2119 3539 2175 fuerat

1891 2197 2349 2254 familiarissime
2407 2205 2760 2258 assentatus.
2821 2204 3017 2260 Benno
3069 2207 3538 2279 Osenburgensis

1890 2287 2200 2360 episcopus
2258 2288 2402 2343 obiit
2456 2289 2614 2358 (Nov.
2646 2290 2784 2361 23.);
2818 2292 2910 2345 cui
2971 2291 3122 2349 alius
3179 2295 3372 2350 Benno
3403 2313 3538 2352 suc-

1892 2377 2089 2433 cessit.

1965 2465 2084 2521 Rex
2112 2465 2170 2520 in
2203 2465 2505 2521 nativitate
2553 2467 2736 2522 sancti
2785 2468 3020 2524 Martini
3072 2472 3393 2528 Goslariam
3438 2491 3541 2530 ve-

1894 2553 2061 2610 niens
2112 2554 2261 2626 (Nov.
2297 2555 2431 2625 11.),
2474 2555 2726 2627 graviter
2777 2557 3063 2613 inﬁrmari
3112 2561 3306 2631 coepit,
3368 2566 3542 2633 atque

1894 2643 2096 2700 eadem
2128 2642 2446 2698 valitudine
2492 2659 2595 2715 per
2641 2643 2856 2700 multos
2906 2646 3032 2702 dies
3063 2646 3359 2717 laborans,
3395 2651 3544 2707 lecto

1898 2731 2234 2788 recubabat.

2582 2820 2860 2877 MLXVIII

1972 2911 2090 2965 Rex
2110 2908 2472 2965 nativitatem
2504 2909 2736 2965 Domini
2759 2910 3054 2979 Goslariaa,
3081 2913 3330 2969 necdum
3353 2916 3544 2988 sospi-

1902 3003 2019 3054 tate
2050 2999 2120 3052 ad
2155 2996 2392 3068 plenum
2426 3003 2786 3070 recuperata,
2821 2999 3173 3069 celebravit;
3225 3019 3258 3057 a
3287 3019 3402 3074 quo
3434 3005 3546 3078 Eg-

1904 3089 2103 3143 bertus
2127 3087 2193 3120 “’5
2219 3085 2500 3153 marchio,
2533 3087 2750 3144 exactis
2781 3089 2988 3144 diebus
3010 3090 3192 3159 festis,
3225 3092 3548 3165 digressus,

133 3159 529 3252 et'principes
561 3176 631 3232 de
661 3177 822 3249 regni
853 3176 1222 3233 successione
1265 3176 1510 3232 consilia
1539 3175 1796 3231 conferre
1826 3159 1868 3225 Ο
1905 3193 2041 3232 cum
2073 3192 2134 3231 se
2163 3175 2222 3229 in
2277 3191 2383 3229 sua
2419 3175 2756 3246 recepisset,
2815 3178 3045 3234 modica
3096 3180 3252 3235 febre
3283 3159 3553 3251 pulsatus

132 3267 483 3340 cmpissent.
515 3266 562 3319 A
583 3281 698 3337 qua
717 3265 1057 3321 inﬁrmitate
1085 3265 1322 3319 vixdum
1349 3263 1515 3336 plene
1535 3280 1800 3336 resump-

132 3357 208 3412 tis
225 3355 488 3424 viribus,
507 3357 878 3425 pentecosten
897 3353 1211 3408 Herveldiae
1228 3352 1539 3408 celebravit
1555 3353 1701 3423 (Jun.
1721 3354 1794 3424 4).

131 3446 253 3502 Nec
289 3443 486 3498 multo
517 3448 647 3515 post
677 3442 912 3515 nuptias
948 3442 1006 3497 in
1037 3442 1307 3497 Triburia
1327 3443 1482 3514 regio
1514 3446 1797 3513 apparatu

131 3532 484 3600 celebravit,
517 3532 576 3586 in
607 3532 1024 3604 conjunctione
1051 3530 1272 3586 Berthae
1303 3530 1370 3564 ‘87
1400 3529 1632 3603 reginas,
1668 3529 1798 3585 filiae

130 3621 380 3680 Ottonis
415 3620 772 3676 marchionis
804 3619 1103 3677 Italorum.

201 3709 592 3782 Reginherus
615 3709 926 3766 Misnensis
939 3709 1248 3782 episcopus
1270 3707 1433 3776 obiit;
1449 3708 1540 3764 cui
1563 3707 1800 3764 Craft‘”

131 3799 503 3875 praepositus
531 3797 920 3854 Goslariensis
952 3799 1256 3854 successit.
1289 3797 1397 3853 Sed
1423 3797 1473 3853 is
1503 3798 1643 3852 dum
1676 3815 1802 3852 sus-

133 3896 316 3964 cepto
349 3887 690 3960 episcopatu
724 3887 1051 3942 Goslariam
1068 3886 1344 3954 venisset,
1377 3891 1508 3958 post
1535 3886 1800 3942 refectio-

135 3996 273 4036 nem
318 3977 377 4031 in
427 3975 786 4041 cubiculum,
836 3976 936 4030 ubi
986 3975 1294 4031 thesauros
1343 3991 1506 4043 suos,
1551 3991 1801 4047 quorum

132 4067 375 4124 nimius
402 4069 630 4120 amator
661 4070 805 4132 erat,
841 4064 1001 4119 nullo
1036 4065 1268 4121 conscio
1290 4065 1601 4133 infoderat,
1634 4065 1802 4136 quasi

133 4155 462 4228 paululum
485 4153 850 4225 requiescere
870 4153 1090 4221 volens,
1115 4169 1241 4209 sese
1262 4152 1519 4209 inclusit.
1540 4153 1803 4225 Cumque

127 4246 257 4314 jam
294 4242 397 4298 die
425 4246 698 4314 vergente
727 4241 787 4296 in
811 4257 1112 4313 vesperam
1153 4246 1363 4313 przster
1391 4243 1631 4297 modum
1665 4259 1804 4298 con-

135 4331 647 4402 suetudinemque
679 4347 847 4386 suam
880 4346 1086 4386 somno
1139 4330 1445 4402 indulgere
1492 4330 1804 4401 videretur,

136 4437 265 4478 rem
293 4419 602 4475 insolitam
626 4419 909 4475 mirantes
934 4418 1303 4487 cubicularii,
1327 4417 1561 4490 pulsare
1585 4418 1803 4474 ostium

1905 3265 2225 3320 terminum
2245 3263 2374 3318 vitae
2399 3263 2637 3334 accepit.
2673 3263 2782 3318 Sed
2811 3266 3110 3321 marcham
3133 3267 3326 3323 adhuc
3355 3270 3552 3324 vivens

1906 3351 2390 3422 adquisieratﬁlio
2405 3351 2868 3419 suo,tenerrimas
2880 3353 3064 3408 aetatis
3086 3353 3548 3430 infantulo(208),

1907 3457 2081 3512 quem
2114 3440 2164 3495 ei
2191 3439 2366 3494 vidua
2390 3439 2536 3510 (209)
2567 3439 2737 3493 ducis
2773 3440 2838 3474 ⁴⁹⁶
2870 3438 3096 3495 Ottonis
3127 3442 3199 3496 de
3229 3441 3553 3498 Swinefurt

1908 3533 2208 3603 pepererat
2227 3529 2330 3596 ‘97;
2360 3528 2453 3582 cui
2482 3531 2676 3582 tamen
2709 3528 2832 3598 ipse
2881 3529 3083 3600 paucis
3133 3529 3340 3586 diebus
3381 3536 3549 3587 ante-

1909 3636 2085 3691 quam
2117 3618 2228 3673 vita
2257 3617 2556 3673 excederet
2572 3617 2877 3688 repudium
2901 3618 3154 3674 scribere
3175 3619 3551 3691 cogitaverat,

1908 3714 1966 3763 et
1993 3712 2197 3763 contra
2251 3705 2409 3777 leges
2467 3723 2533 3761 ac
2581 3707 2648 3749 ‘98
2693 3710 2916 3761 statuta
2971 3723 3260 3762 canonum
3317 3708 3553 3764 viduam

1910 3796 2141 3853 Ottonis
2189 3794 2546 3850 marchionis
2596 3794 2970 3851 matrimonio
3021 3796 3131 3851 sibi
3174 3799 3420 3868 jungere
3468 3800 3560 3870 “’9,

1911 3887 2063 3958 quod
2093 3885 2210 3940 haec
2232 3884 2420 3939 forma
2440 3883 2758 3956 elegantior
2786 3889 2843 3938 et
2872 3885 3125 3942 efferatis
3149 3887 3410 3943 moribus
3434 3887 3564 3944 suis

1912 3973 2256 4047 oportunior
2284 3972 2612 4039 videretur;
2647 3972 2749 4026 sed
2784 3988 2942 4028 mors
2973 3979 3258 4045 Oportune
3285 3976 3354 4010 ⁶⁰⁰
3383 3975 3562 4032 inter-

1911 4063 2150 4121 veniens
2181 4061 2432 4117 nefarios
2455 4065 2699 4116 conatus
2728 4062 2793 4096 ⁵⁰¹
2828 4063 2958 4132 ejus
2988 4063 3316 4136 intercepit.

1985 4153 2284 4223 Ravenger
2310 4150 2644 4222 patriarcha
2695 4150 3085 4222 Aquileiensis
3115 4152 3184 4186 ⁸0³
3225 4154 3409 4224 obiit;
3465 4154 3560 4209 cui

1912 4241 2268 4313 Sigebardus
2297 4238 2680 4295 cancellarius
2734 4240 3056 4309 successit;
3109 4259 3213 4314 pro
3271 4259 3387 4316 quo
3418 4243 3560 4299 Bibe

1914 4329 2296 4385 concellarius
2328 4333 2418 4384 est
2447 4329 2856 4385 substitutus‘.

2609 4417 2858 4472 MLXIX.

137 4515 477 4584 coeperunt.
511 4508 619 4564 Sed
654 4523 760 4574 nec
789 4507 1165 4580 pulsantibus
1197 4523 1302 4564 nec
1347 4506 1805 4563 vociferantibus
1833 4521 1882 4588 D
1988 4508 2106 4563 Rex
2137 4505 2504 4561 nativitatem
2536 4505 2769 4560 Domini
2806 4505 3078 4561 Goslariae
3109 4507 3260 4578 (210)
3307 4508 3564 4564 celebra-

205 4655 258 4725 ')
294 4648 563 4707 Ecclesia
591 4649 778 4706 sancti
809 4649 960 4706 Petri
992 4649 1051 4705 in
1082 4649 1276 4707 Monte
1323 4650 1406 4722 (in
1433 4665 1513 4706 In.
1548 4667 1595 4706 s.
1629 4667 1686 4722 p.
1721 4651 1773 4706 4.
1805 4652 1888 4722 5.)
1917 4653 2123 4706 exusta
2151 4651 2240 4703 est
2280 4663 2418 4702 xvm
2450 4646 2738 4702 Kalendas
2767 4646 3122 4702 Decembris.
3154 4649 3288 4704 add.
3320 4650 3372 4705 3.
3422 4649 3475 4703 4.
3507 4649 3562 4703 5.

211 4865 288 4901 ὀτι
323 4863 488 4918 Cuno
539 4863 658 4918 Col.
707 4881 762 4935 p.
797 4864 850 4918 3.
928 4865 1075 4935 ηδε.
1127 4864 1257 4935 ejus
1308 4864 1359 4917 1.
1434 4773 1773 4920 mihi???

1904 4773 2205 4832 lTlONES.

1904 4862 2278 4922 ‘Diedericus
2329 4861 2392 4935 1._
2431 4859 2482 4913 4.
2515 4860 2576 4935 5,
2647 4861 2792 4935 “to.
2845 4860 2895 4935 ei
2944 4862 2998 4916 3.
3041 4863 3144 4935 Ϋ¹ι¹¹⁰
3173 4878 3352 4935 quam
3411 4861 3464 4935 3.
3506 4862 3560 4935 4.

137 4937 194 4989 5.
280 4937 367 5018 δεί
397 4934 730 5018 adduxerat
785 4934 1048 5018 d'inrupuit
1104 4934 1170 5018 4.
1360 4935 1694 5018 itan4.m“3
1962 4935 2173 5018 3.
2211 4934 2390 5012 premi

140 5024 295 5064 corr.
340 5005 661 5062 friteslaree
682 5007 734 5060 4.
812 5007 879 5041 ⁴⁸⁷
910 5003 988 5062 ita
1021 5009 1072 5061 1.
1127 5005 1328 5062 berthe
1368 5006 1496 5060 rell.
1572 5005 1639 5040 ⁴⁸⁸
1670 5007 1960 5063 crabt1b.
2039 5006 2106 5040 ⁴⁸⁹
2135 5003 2427 5059 thesauris
2473 5003 2526 5056 3.

2211 4931 2502 5004 premium
2557 4934 2611 4984 2.
2702 4932 2769 4965 ⁴⁸⁵
2818 4933 2973 4988 deest
3031 4934 3083 4987 3.
3160 4931 3227 4973 ηδ
3259 4932 3564 4989 friteslarie

2577 5007 2638 5056 ut
2684 5017 2897 5073 semper
2925 5005 2978 5060 4.
3055 5004 3124 5038 ⁴⁹⁰
3153 5004 3566 5061 miserabiliter

137 5079 203 5134 in
236 5096 332 5135 m.
367 5078 806 5134 incumbentem
837 5080 890 5133 4.
967 5078 1032 5111 ‘9‘
1057 5077 1274 5149 turing.
1309 5078 1380 5149 4.
1439 5077 1510 5149 ‘9‘?
1533 5078 1856 5134 marchiam
1881 5081 1960 5133 1".
1985 5075 2247 5132 marchia
2278 5077 2327 5130 1.
2359 5145 2378 5149 Δ
2404 5073 2626 5149 mante
2649 5073 2704 5127 5.
2783 5075 2850 5112 ‘9‘
2871 5076 3164 5149 profectus
3187 5079 3236 5130 1.
3261 5077 3314 5131 4.
3391 5077 3459 5110 ‘9‘
3481 5093 3568 5149 ec-

139 5149 462 5221 bertus__3.
501 5149 797 5221 Α⁴⁹⁶Αάεεδι
841 5151 895 5204 4.
970 5149 1035 5184 ⁴⁹⁷
1075 5144 1314 5221 peperat
1359 5148 1412 5203 4.
1489 5148 1558 5184 ‘9’
1585 5153 1641 5204 et
1695 5152 1748 5204 3.
1825 5149 1895 5184 "9
1942 5151 2296 5220 conjungere
2353 5145 2406 5199 3.
2484 5144 2926 5217 “inoportuna
2984 5147 3037 5201 3.
3114 5147 3179 5182 ⁶⁰¹
3213 5150 3454 5204 conatos
3511 5148 3565 5202 4.

141 5222 218 5257 ⁵³⁵⁸
249 5217 678 5294 aquilegiensis
705 5222 760 5276 3.

1750 5306 1980 5364 NOTAE.

220 5396 387 5471 (π)
414 5398 766 5471 advocatus,
796 5400 1085 5471 sti/‘tsvogt.

223 5469 632 5543 (201)_Tboley
661 5469 901 5527 ditionis
932 5469 1314 5526 Trevirensis.

250 5540 413 5610 207*)
446 5557 498 5597 a.
532 5540 690 5614 1062,
723 5559 781 5615 p.
816 5544 938 5599 163.

224 5542 386 5692 {208)
415 5610 500 5672 cr.
533 5613 591 5673 F.
624 5617 692 5672 A.
733 5615 802 5675 G.
834 5614 938 5673 We

251 5608 500 5688 208)'C.f.
533 5613 591 5673 F.
624 5608 692 5672 Α.
723 5608 802 5675 'G.
834 5614 1060 5673 Wenck
1088 5613 1160 5673 de
1196 5610 1443 5671 Henrico
1475 5608 1518 5668 Ι.
1551 5609 1721 5671 Misn.
1757 5615 1814 5669 et

1922 5394 2320 5539 ἒυὲὲὲηατοὶι.
2354 5399 2670 5451 comment.
2703 5395 2773 5466 ΙΙ,
2804 5411 2856 5464 p.
2894 5397 2959 5450 19
2994 5411 3124 5468 sqq.
3155 5401 3214 5454 et
3238 5396 3485 5456 Stenzel.
3520 5397 3568 5471 Ι,

2014 5538 2140 5610 209)
2173 5535 2433 5610 immula
2452 5537 2542 5593 vel
2577 5537 2978 5610 Irmingardis,
3007 5542 3158 5598 Ann.
3194 5542 3253 5601 S.

2014 5539 2120 5591 209
2173 5539 2423 5592 Immula
2452 5539 2542 5593 vel
2577 5539 2753 5592 Irmin
2800 5539 2909 5592 ard'

1993 5539 2141 5687 £2103
2174 5609 2509 5686 Moguntiaa,
2534 5610 2687 5667 Ann.
2716 5552 2909 5672 Aftah.
