3998 6146
176 294 329 355 1093

1435 293 1818 354 ANNALES.
1853 329 1929 338 —
1962 268 2090 356 AN.
2140 300 2317 360 1069.

3427 312 3580 372 1094

167 427 357 483 devoti
390 425 710 499 ﬁdelesque
737 431 951 495 essent,
987 428 1043 481 in
1094 427 1431 498 episcopum
1465 431 1660 482 tamen
1693 427 1813 482 Mo-
1844 429 1898 494 Α
1926 439 2073 495 esse,
2099 446 2276 500 quam
2305 431 2616 501 moliatur;
2643 434 2692 490 si
2720 436 2914 492 minus
2939 437 3216 495 humanis
3243 439 3511 514 legibusv
3527 441 3578 499 el

166 516 474 589 gontinum
499 515 743 572 hostilia
766 515 1040 589 pleraque
1060 517 1241 571 fecere
1259 517 1353 581 ⁸³1,
1375 515 1603 587 probris
1623 520 1677 570 et
1693 533 1825 571 con-

165 604 332 659 viciis
364 604 424 658 in
460 604 666 660 faciem
691 604 998 672 lacessere,
1023 603 1239 659 milites
1262 606 1410 676 ejus,
1435 605 1574 660 dum
1597 605 1821 676 przedas

169 697 430 766 agerent,
462 693 614 748 facto
645 709 820 766 grege
850 693 1063 766 saepius
1093 694 1413 760 incursare,
1440 693 1702 764 rapinam
1726 709 1820 747 ex-

168 789 387 848 cutere,
403 782 663 853 fundere,
683 784 903 854 fugare,
925 782 1239 838 nonnullos
1258 783 1508 854 denique
1523 781 1821 837 ministros

167 873 319 944 ejus,
345 887 453 928 nec
473 871 581 927 hos
605 872 882 927 mediocri
907 872 1141 927 fortuna
1164 872 1252 926 vel
1278 871 1486 926 humili
1509 871 1634 926 loco
1654 875 1820 925 natos

167 962 258 1030 ιε’,
296 961 437 1015 dum
469 961 541 1016 ab
573 960 829 1016 exercitu
852 961 1006 1032 regis
1037 960 1210 1032 paulo
1238 961 1472 1032 longius
1499 961 1819 1031 przedatum

167 1050 530 1111 abissentsia,
550 1049 1002 1120 comprehensos
1020 1050 1453 1122 suspenderunt
1468 1049 1557 1103 ‘2‘.
1575 1049 1820 1104 Jussum

167 1144 366 1195 tamen
390 1139 476 1194 eis
498 1143 586 1194 est
609 1139 679 1194 ab
703 1155 837 1211 rege
863 1137 1028 1194 facile
1059 1145 1110 1193 et
1155 1139 1557 1210 contemptim,
1582 1143 1647 1193 ut
1668 1137 1820 1192 deci-

167 1243 295 1283 mas
326 1227 553 1293 darent,
587 1243 701 1282 non
733 1242 847 1297 quo
879 1226 1287 1282 recusantibus
1336 1228 1454 1282 vim
1491 1228 1638 1281 ferre
1663 1227 1731 1266 595
1760 1226 1818 1278 in

164 1317 364 1372 animo
386 1321 559 1382 esset,
584 1316 685 1372 sed
733 1332 826 1382 ne,
858 1332 973 1371 non
1023 1316 1246 1371 reddito
1278 1316 1588 1389 promisso,
1623 1314 1817 1370 archi-

165 1405 510 1477 episc0pum
541 1405 876 1460 offenderet.
912 1404 1013 1460 Dei
1045 1406 1114 1439 59°
1167 1405 1426 1460 marchio
1454 1405 1819 1476 aliquamdiu

163 1494 406 1550 habitus
424 1493 481 1548 in
501 1493 786 1560 custodia,
806 1493 1064 1559 tandem,
1085 1494 1360 1566 adempta
1376 1493 1820 1564 possessionum

163 1589 223 1639 et
242 1582 541 1639 redituum
564 1598 678 1638 non
703 1581 934 1638 modica
955 1586 1137 1654 parte,
1179 1581 1461 1638 dimissus
1501 1587 1607 1638 est.
1641 1583 1819 1639 Filius

166 1673 296 1741 ejus
321 1671 459 1727 Dedi
474 1670 675 1742 junior
694 1674 920 1743 patrem
938 1687 1003 1726 ea
1021 1675 1368 1742 tempestate
1383 1671 1652 1727 infestius
1668 1689 1821 1728 acer.

164 1759 422 1832 biusque
443 1775 620 1831 quam
639 1758 1114 1860 aliusquisquam
1137 1759 1456 1815 insectatus
1470 1764 1577 1815 est.
1593 1759 1676 1816 Ob
1691 1777 1816 1815 eam
1851 1796 1896 1860 Β

164 1865 313 1917 rem,
349 1853 546 1905 exacto
576 1847 748 1914 bello,
789 1847 1011 1921 ingenti
1059 1846 1244 1919 gloria
1290 1865 1418 1904 esse
1460 1848 1632 1919 coepit
1664 1850 1817 1920 apud

166 1954 390 2011 regem,
421 1937 663 2010 egregias
697 1936 913 1992 indolis
940 1935 1302 2006 adolescens,
1334 1937 1448 1992 nisi
1480 1937 1816 1993 ambitionis

165 2027 381 2100 spiritu
413 2032 471 2081 et
499 2042 866 2098 praepropera
895 2025 1237 2080 dominandi
1269 2025 1543 2098 cupidine
1566 2043 1820 2098 praeceps

162 2120 490 2188 raperetur.
515 2116 568 2170 ls
592 2131 706 2170 non
734 2113 916 2170 multo
947 2117 1098 2186 post,
1124 2131 1259 2169 cum
1285 2120 1452 2170 nocte
1470 2116 1720 2187 quadam
1746 2117 1816 2170 ad

164 2204 577 2261 necessitatem
610 2208 829 2258 naturae
863 2205 1223 2270 secessisset,
1246 2204 1510 2275 apposito
1535 2204 1818 2259 extrinse-

164 2311 269 2350 cus
301 2294 369 2328 ⁵³⁷
401 2293 761 2362 insidiatore,
796 2292 1103 2348 confossus
1135 2293 1192 2346 in
1235 2292 1476 2365 inguine
1506 2297 1562 2348 et
1591 2293 1819 2348 occisus

163 2388 275 2439 est.
307 2381 413 2447 Qui
439 2381 597 2437 necis
619 2381 747 2452 ejus
770 2386 974 2437 auctor
995 2381 1189 2449 fuerit,
1233 2398 1350 2436 non
1392 2382 1536 2437 satis
1570 2385 1818 2450 constat,

165 2487 533 2542 quamquam
565 2470 696 2527 dolo
727 2487 984 2526 novercas
1017 2470 1386 2526 interfectum
1420 2470 1573 2543 vulgi
1599 2487 1819 2526 sermo-

162 2560 346 2617 nibus
380 2559 599 2632 passim
643 2560 980 2630 jactaretur.
1035 2558 1184 2614 Illud
1235 2559 1381 2615 haut
1433 2560 1609 2614 dubie
1638 2555 1822 2631 liquet

161 2648 530 2706 monasteria
561 2653 616 2704 et
647 2648 943 2716 ecclesias,
977 2648 1261 2704 moriente
1279 2666 1367 2715 eo,
1392 2665 1605 2721 magna
1629 2648 1821 2703 formi-

162 2739 307 2794 dine
328 2741 674 2794 exoneratas
693 2753 842 2802 esse,
865 2754 996 2793 cum
1022 2737 1317 2792 mentibus
1335 2737 1598 2792 omnium
1623 2739 1822 2793 certis—

162 2825 878 2899 simaopinioinsedisset,
902 2843 1034 2881 eum
1067 2827 1466 2898 augendarum
1501 2844 1678 2899 opum
1695 2831 1817 2882 stu-

159 2917 264 2973 dio
298 2933 416 2971 non
452 2917 581 2985 Deo,
616 2933 729 2971 non
760 2916 828 2954 ⁵2⁸
861 2915 1171 2971 11οωὶῃὶ⁸²⁹
1193 2916 1576 2988 parciturum,
1602 2916 1701 2988 qui
1723 2933 1821 2988 pa-

155 3006 235 3062 tri
267 3005 507 3078 proprio
537 3021 652 3061 non
681 3003 1053 3077 pepercisset.

231 3094 738 3165 Imminentejam
772 3094 885 3159 die,
917 3093 1017 3165 qui
1041 3093 1361 3149 scindendo
1402 3094 1469 3127 53°
1500 3093 1652 3165 regis
1683 3110 1816 3148 con-

144 3184 328 3257 jugio
352 3183 544 3239 dictus
565 3184 773 3247 fuerat,
803 3200 900 3238 rex
924 3182 1281 3255 Mogontiam
1326 3183 1588 3238 concitus
1609 3199 1810 3255 pr0pe~
1847 3168 1890 3233 C

151 3276 358 3331 rabat.
385 3274 453 3328 Et
473 3289 603 3329 ecce
620 3272 772 3328 inter
785 3273 1044 3327 eundum
1067 3273 1369 3343 comperit,
1389 3271 1647 3343 legatum
1663 3272 1820 3328 sedis

149 3361 503 3437 apostolicae
518 3377 691 3417 suum
709 3361 1016 3433 Mogontiae
1033 3361 1347 3416 adventum
1363 3360 1704 3432 praestolari,
1721 3361 1820 3431 qui

149 3451 488 3508 discidium
513 3450 636 3506 fieri
664 3449 966 3522 prohibeat
986 3449 1051 3483 ⁵³1
1095 3453 1150 3504 et
1188 3448 1459 3520 episcopo
1487 3448 1822 3521 Mogontino

147 3538 509 3614 apostolicae
542 3537 1066 3594 animadversionis
1112 3538 1462 3593 sententiam
1500 3538 1821 3603 minitetur,

149 3630 332 3704 quod
360 3633 484 3683 tam
518 3627 751 3682 nefaria
783 3626 1170 3700 separationis
1203 3643 1264 3682 se
1283 3632 1578 3683 auctorem
1603 3628 1826 3699 promi-

147 3719 336 3777 serit.
369 3720 790 3773 Consternatus
837 3715 991 3788 ilico,
1035 3716 1187 3788 quod
1222 3731 1344 3771 rem
1377 3715 1476 3771 diu
1499 3720 1826 3788 exoptatam

152 3806 535 3882 perdidisset
564 3823 594 3861 e
625 3805 921 3871 manibus,
954 3821 1057 3877 per
1086 3805 1194 3859 iter
1240 3805 1310 3839 539
1356 3821 1472 3876 quo
1502 3811 1737 3861 venerat
1767 3806 1826 3860 in

153 3895 497 3956 Saxoniam
531 3895 719 3951 redire
740 3893 987 3949 volebat.
1013 3893 1122 3948 Vix
1143 3898 1200 3948 et
1221 3910 1371 3966 aegre
1391 3899 1588 3950 tamen
1611 3895 1826 3951 amico-

151 4005 302 4043 rum
330 3984 595 4040 consiliis
617 3987 950 4056 superatus,
975 3999 1045 4037 ne
1077 3982 1371 4054 principes
1395 3983 1557 4054 regni
1585 3983 1826 4040 frustra-

149 4083 360 4143 retur,
376 4090 527 4144 quos
541 4089 774 4128 summa
787 4071 1112 4142 frequentia
1125 4071 1234 4127 sibi
1251 4071 1557 4143 Mogontiaz
1570 4089 1832 4128 occurre-

151 4160 965 4236 rejussissetFranconofurt
994 4160 1062 4195 533
1083 4160 1248 4227 abiit,
1274 4160 1471 4232 ibique
1502 4178 1601 4217 eos
1636 4163 1735 4234 qui
1762 4163 1831 4197 ⁵³⁵

155 4250 494 4326 Mogontia:
534 4253 918 4306 convenerant
931 4253 1149 4304 statuto
1163 4248 1254 4304 die
1266 4250 1469 4305 adesse
1476 4251 1685 4321 jussit(
1694 4250 1830 4320 Oet.)

159 4346 297 4410 Quo
315 4341 466 4395 dum
495 4339 826 4410 frequentes
844 4337 1368 4408 venissent,Petrus
1384 4338 1831 4395 Damianus—is

155 4430 413 4505 legatus
445 4432 568 4483 erat
596 4428 752 4484 sedis
783 4426 1133 4498 apostolicae,
1166 4426 1251 4481 vir
1297 4430 1461 4482 astate
1492 4431 1547 4482 et
1577 4427 1704 4481 vitae
1737 4427 1830 4482 in-

161 4517 460 4577 nocentia
475 4517 791 4572 admodum
815 4515 1164 4571 reverendus
1181 4547 1236 4554 —
1267 4515 1545 4570 mandata
1565 4515 1834 4587 exposuit
1863 4536 1910 4600 D

163 4606 438 4667 Romani
471 4604 799 4678 pontificis:
854 4603 1170 4676 pessimam
1221 4620 1342 4659 rem
1393 4607 1448 4658 et
1492 4604 1563 4659 ab
1593 4604 1830 4660 nomine

167 4697 530 4763 christiano,
563 4695 779 4751 nedum
810 4695 880 4750 ab
931 4694 1087 4765 regio
1137 4693 1388 4748 multum
1420 4693 1829 4750 abhorrentem

1934 535 2224 574 canonum
2267 521 2669 579 sanctionibus
2720 529 3050 595 terreretur,
3084 536 3346 600 parceret
3370 531 3577 588 saltem

1931 607 2098 662 famae
2122 612 2178 663 et
2202 609 2619 667 existimationi
2657 616 2921 686 propriae,
2967 635 3036 673 ne
3062 619 3281 674 scilicet
3300 625 3419 676 tam
3444 621 3577 676 {cedi

1933 697 2180 768 exempli
2198 715 2504 767 venenum,
2528 702 2599 756 ab
2618 719 2748 773 rege
2769 711 3004 776 sumpto
3021 706 3203 776 initio,
3225 713 3409 764 totum
3429 727 3581 766 com-

1933 785 2250 841 macularet
2283 787 2562 858 populum
2595 790 3008 858 christianum,
3041 801 3092 849 et
3135 796 3233 866 qui
3267 797 3421 853 ultor
3451 815 3578 854 esse

1929 872 1996 906 53"
2024 874 2321 929 debuisset
2353 877 2693 946 criminum,
2727 879 2850 950 ipse
2882 887 3084 937 auctor
3115 888 3172 938 et
3204 884 3446 956 signifer
3476 887 3578 942 {ie-

1931 965 2018 1016 ret
2048 963 2113 997 ⁶³⁶
2148 964 2218 1018 ad
2270 965 2595 1036 flagitium;
2648 974 2938 1037 postremo
2988 971 3036 1024 si
3087 989 3200 1026 non
3251 973 3578 1030 ﬂecteretur

1930 1051 2213 1119 consiliis,
2249 1069 2311 1107 se
2341 1055 2666 1110 necessario
2715 1055 2829 1110 vim
2863 1057 3313 1115 ecclesiasticam
3348 1062 3576 1119 adhibi-

1931 1142 2128 1194 turum
2167 1145 2222 1195 et
2251 1158 2541 1197 canonum
2585 1142 2710 1216 lege
2757 1145 2948 1201 scolas
2994 1147 3469 1218 prohibiturum;
3505 1153 3576 1206 ad

1931 1227 2050 1282 haec
2071 1229 2156 1298 ⁵³⁷,
2187 1231 2312 1285 suis
2335 1232 2607 1287 manibus
2651 1250 2954 1304 nunquam
2997 1236 3407 1308 imperatorem
3441 1256 3576 1294 con-

1930 1319 2277 1373 secrandum
2317 1320 2452 1389 fore,
2489 1321 2588 1392 qui
2619 1327 2737 1376 tam
2769 1323 3055 1394 pestilenti
3083 1328 3370 1397 exemplo,
3397 1345 3578 1399 quan-

1929 1410 2053 1461 tum
2080 1407 2134 1461 in
2160 1424 2220 1463 se
2244 1415 2417 1476 esset,
2443 1410 2615 1465 (idem
2634 1411 3011 1468 christianum
3031 1416 3403 1486 prodidisset.
3425 1419 3575 1473 Tum

1929 1511 2062 1551 vero
2096 1496 2150 1550 in
2183 1514 2317 1551 eum
2367 1498 2543 1552 coorti
2594 1516 2798 1555 omnes
2846 1501 2946 1572 qui
2991 1503 3236 1558 aderant
3284 1505 3576 1578 principes

1930 1584 2182 1653 aiebant,
2210 1603 2375 1657 aaqua
2396 1587 2462 1620 ⁵³⁸
2497 1603 2731 1643 censere
2765 1593 3089 1646 Romanum
3128 1593 3488 1662 pontificem,
3520 1599 3578 1650 et

1930 1688 2032 1743 per
2055 1677 2233 1728 Deum
2258 1675 2559 1746 rogabant,
2583 1693 2655 1731 ne
2693 1676 2910 1734 crimen
2953 1679 3191 1735 inferret
3229 1681 3424 1753 gloriae
3455 1700 3573 1738 sua:

1929 1761 1997 1795 ⁸³9
2026 1765 2083 1816 et
2104 1762 2245 1833 regii
2271 1763 2526 1819 nominis
2549 1765 2913 1834 majestatem
2938 1771 3056 1822 tam
3079 1769 3270 1840 turpis
3295 1771 3427 1827 facti
3459 1775 3573 1827 col-

1929 1848 2161 1930 luvione
2191 1851 2257 1885 “0
2291 1851 2649 1920 macularet;
2684 1859 2960 1924 praeterea
3009 1872 3080 1910 ne
3113 1859 3454 1927 parentibus
3486 1878 3574 1916 re-

1928 1941 2074 2013 ginae
2096 1956 2337 1994 causam
2359 1941 2699 1996 defectionis
2720 1943 3013 2012 etjustam
3043 1945 3343 2000 turbanda:
3367 1947 3446 2002 rei
3467 1965 3572 2018 pu-

1928 2029 2090 2084 blicae
2114 2028 2475 2083 occasionem
2503 2029 2698 2091 daret;
2733 2030 2830 2101 qui
2865 2030 2911 2086 si
2943 2032 3046 2086 viri
3081 2039 3294 2100 essent,
3322 2051 3454 2090 cum
3480 2053 3574 2091 ar-

1930 2119 2043 2173 mis
2076 2123 2132 2172 et
2161 2117 2371 2189 opibus
2402 2117 2721 2188 plurimum
2752 2125 3007 2191 possent,
3037 2125 3259 2177 tantam
3294 2122 3422 2178 ﬁliae
3455 2142 3573 2181 suae

1932 2204 2346 2261 contumeliam
2372 2205 2568 2276 procul
2587 2206 2761 2261 dubio
2778 2208 2991 2279 insigni
3008 2208 3202 2280 aliquo
3221 2211 3470 2268 facinore
3485 2231 3577 2269 ex-

1930 2295 2140 2367 piaturi
2166 2299 2378 2350 essent.
2411 2296 2523 2349 Hac
2545 2295 2808 2351 oratione
2843 2298 2909 2331 5-“
2945 2297 3158 2353 fractus
3182 2301 3371 2371 magis
3393 2317 3572 2372 quam

1927 2383 2177 2439 inﬂexus
2203 2400 2216 2438 :
2248 2383 2309 2438 Si
2337 2383 2394 2438 id
2439 2383 2649 2454 inquit,
2695 2386 2868 2454 ﬁxum
2917 2386 3356 2460 obstinatuqu
3383 2394 3459 2445 est
3487 2406 3575 2447 vo-

1931 2474 2012 2526 bis
2045 2473 2217 2540 (216),
2246 2473 2522 2542 imperabo
2552 2475 2752 2542 egomet
2783 2473 2944 2538 mihi,
2966 2476 3268 2546 feramque,
3291 2483 3353 2531 ut
3365 2487 3570 2550 potero,

1929 2579 2090 2624 onus,
2125 2561 2265 2632 quod
2295 2560 2559 2632 deponere
2603 2577 2713 2615 non.
2764 2563 2932 2616 valeo.
2980 2562 3064 2617 Ita
3115 2564 3350 2620 etferato
3383 2566 3573 2639 magis

1928 2665 2030 2722 per
2061 2649 2319 2704 studium
2352 2649 2672 2704 concordiae
2706 2649 2856 2712 odio,
2891 2651 3096 2705 annuit
3126 2652 3382 2723 quidem,
3417 2659 3482 2709 ut
3512 2655 3572 2711 in

1929 2737 2091 2810 regni
2114 2738 2470 2793 consortium
2490 2737 2689 2809 regina
2711 2744 3097 2804 revocaretur,
3122 2740 3245 2811 ipse
3267 2745 3486 2810 tamen,
3509 2746 3574 2798 ut

1929 2843 2304 2899 congressum
2337 2828 2464 2897 ejus
2497 2833 2995 2898 conspectumque
3035 2828 3261 2896 vitaret,
3293 2830 3572 2887 adhibitis

1929 2915 2038 2971 sibi
2069 2916 2161 2970 vix
2193 2916 2258 2969 4O
2291 2915 2597 2984 militibus,
2631 2916 2689 2969 in
2721 2917 3025 2972 Saxoniam
3066 2917 3327 2984 concitus
3360 2919 3568 2976 reddit.

1927 3005 2146 3077 Regina
2177 3021 2308 3059 cum
2344 3009 2534 3060 cetera
2565 3004 2940 3060 multitudine
2969 3009 3024 3060 et
3055 3005 3218 3078 regni
3241 3007 3570 3080 insignibus

1928 3093 2211 3166 paulatim
2244 3093 2558 3148 subsecuta
2579 3097 2686 3148 est.
2711 3093 2974 3165 Cumque
2998 3095 3066 3149 ad
3091 3113 3224 3151 eum
3247 3096 3573 3153 Goslariam

1930 3183 2202 3250 venisset,
2224 3182 2317 3235 vix
2338 3179 2677 3252 compulsus
2698 3181 2794 3236 ille
2816 3199 2848 3236 a
2865 3181 3257 3239 familiaribus
3279 3185 3423 3255 suis,
3444 3190 3507 3240 ut
3525 3187 3576 3242 ei

1931 3271 2155 3327 obviam
2182 3270 2535 3342 procederet,
2561 3269 2705 3323 satis
2727 3286 3017 3340 superque
3037 3288 3138 3342 pro
3157 3273 3578 3328 consuetudine

1931 3375 2057 3415 eam
2093 3357 2338 3430 benigne
2371 3356 2664 3427 suscepit;
2711 3358 2810 3411 sed
2861 3357 3127 3427 protinus
3171 3359 3579 3430 refrigescente

1933 3463 2151 3518 amore,
2175 3448 2243 3501 ad
2269 3445 2568 3518 ingenium
2593 3462 2766 3500 suum
2792 3450 2965 3517 atque
2988 3447 3058 3501 ad
3084 3447 3398 3517 pristinum
3423 3448 3575 3520 rigo-

1934 3553 2057 3593 rem
2083 3537 2260 3591 animi
2284 3535 2456 3590 rediit
2480 3554 2492 3603 ;
2516 3538 2572 3590 et
2591 3534 2730 3606 quia
2755 3534 2999 3590 consilia
3019 3535 3318 3591 scindendi
3342 3537 3578 3610 conjugi

1935 3643 2085 3698 saepe
2116 3626 2261 3697 (217)
2285 3624 2410 3694 jam
2444 3627 2727 3695 temptata
2766 3641 2879 3678 non
2925 3630 3348 3695 processerant,
3376 3625 3583 3681 statuit

1937 3715 2229 3785 deinceps,
2254 3713 2684 3767 communicato
2708 3729 2838 3767 cum
2859 3729 2926 3766 ea
2943 3711 3130 3767 solum
3147 3714 3307 3784 regni
3322 3715 3580 3780 nomine,

1936 3805 2021 3861 sic
2050 3820 2177 3859 eam
2209 3802 2443 3868 habere,
2476 3801 2645 3872 quasi
2676 3819 2792 3856 non
2833 3801 3070 3857 haberet
3100 3803 3268 3874 (218).

2008 3892 2260 3948 Maxima
2271 3907 2336 3946 eo
2351 3908 2501 3945 anno
2514 3891 2812 3945 vinearum
2829 3891 3210 3962 omniumque
3223 3890 3581 3947 silvestrium

1939 3983 2212 4038 arborum
2245 3979 2522 4035 sterilitas
2554 3979 2680 4034 fuit.

2010 4068 2447 4142 Meginwardus
2470 4068 2652 4123 abbas
2673 4068 3266 4124 llildenesheimensis
3287 4069 3582 4126 abbatiam

1939 4159 2196 4231 suscepit
2228 4157 2600 4230 Augiensem,
2657 4158 2940 4229 patefacto
2983 4158 3042 4213 in
3091 4174 3218 4214 eam
3242 4158 3308 4193 5‘9
3341 4157 3453 4214 sibi
3482 4175 3586 4232 per

1941 4248 2187 4303 multam
2220 4246 2595 4316 largitionem
2629 4246 2810 4301 aditu.

2012 4335 2338 4391 Rumoldus
2361 4336 2820 4391 Constantiensis
2864 4336 3194 4408 episcopus,
3220 4341 3462 4392 matura:
3484 4337 3586 4392 ad-

1941 4426 2183 4481 modum
2224 4423 2524 4496 gravitatis
2567 4424 2674 4490 vir,
2719 4422 3037 4496 obiit(Nov.
3072 4425 3191 4493 2.);
3225 4425 3316 4479 cui
3347 4423 3588 4479 Carolus

1941 4515 2008 4548 ⁵⁸³
2041 4512 2339 4578 successit,
2375 4511 2960 4583 Magadaburgensis,
3001 4511 3320 4566 canonicus
3353 4512 3408 4564 Is
3440 4511 3588 4581 (219)

1941 4622 1974 4659 a
1995 4601 2218 4658 clericis
2240 4599 2788 4655 Constantiensibus
2807 4599 2994 4670 primo
3011 4599 3264 4669 benigne
3283 4601 3591 4668 susceptus

1941 4697 2028 4748 est
2044 4708 2058 4759 ;
2075 4691 2176 4746 sed
2190 4705 2465 4762 processu
2481 4689 2760 4757 temporis
2782 4689 2922 4741 dum
2942 4703 3044 4758 pro
3067 4685 3231 4740 libito
3249 4702 3389 4741 suos
3402 4684 3592 4757 magis

1541 4809 1712 4864 VARI
1720 4811 1782 4865 [Ε
1830 4805 2241 4866 LECTIONES.

244 4912 326 4948 5'21
395 4911 587 4966 facere
639 4909 724 4982 ed.
757 4908 1043 4982 Λεπτιηάα
1073 4908 1115 4978 Ῡ)

1177 4909 1339 4963 tertia
1396 4909 1522 4962 rell.
1600 4908 1669 4942 5”
1725 4913 1882 4964 ortos
1943 4909 1994 4962 1.

175 4985 335 5040 ferre
399 4983 457 5037 3.
514 4985 565 5037 et
617 4981 699 5036 ed.
755 4977 826 5036 Il.
904 4981 972 5014 52°
1033 4977 1216 5050 Dedo,
1251 4982 1303 5034 ι’
1360 4988 1410 5034 et
1468 4981 1640 5050 infra.
1718 4981 1786 5015 ⁵³⁷
1844 4977 2156 5050 extrinsico
2198 4977 2264 5050 ,4.

2071 4905 2140 4939 523
2200 4902 2482 4958 abiissent
2539 4902 2590 4955 3.
2668 4900 2739 4934 ‘2‘
2797 4900 3224 4971 suspenderent
3286 4900 3376 4971 1.”
3413 4897 3483 4932 ⁵2⁵
3533 4897 3595 4971 in

2343 4973 2412 5007 ⁸2⁸
2470 4987 2673 5027 nec—
2717 4987 2820 5026 nec
2880 4970 2930 5025 4.
3008 4972 3078 5005 ‘99
3136 4970 3477 5026 hominibus
3535 4970 3590 5023 4.

176 5055 242 5092 ⁸³0
282 5053 620 5111 scindendi.
651 5054 704 5107 3.
739 5053 791 5106 4.
824 5053 879 5106 5.
956 5051 1021 5085 ⁵³¹
1056 5049 1402 5123 prohibebat
1425 5051 1478 5105 3.
1528 5041 1624 5123 '75”
1659 5052 1736 5106 ila
1768 5053 1818 5106 3.
1854 5052 1903 5105 4.
1939 5049 2155 5123 pariter
2187 5049 2235 5100 1.
2272 5045 2448 5123 4?Acf.
2482 5045 2637 5123 infra
2680 5061 2736 5123 p.
2769 5044 3007 5123 “478,12:
3054 5044 3162 5123 ΚΛ
3191 5041 3595 5123 533_fi_‘ankone‘-

180 5127 302 5182 furt
365 5127 419 5179 4.
481 5124 880 5180 franconefurt
940 5124 987 5176 1.

180 5198 247 5234 =39
276 5198 432 5254 deest
464 5196 516 5253 4.
597 5196 666 5230 διο
697 5194 944 5250 colluvie
977 5195 1002 5249 1
1041 5235 1053 5248 .
1134 5194 1195 5230 διι
1225 5192 1448 5249 ratione
1479 5194 1531 5248 4.

1066 5112 1136 5156 ⁵³⁴
1181 5121 1324 5176 deest
1374 5123 1428 5176 5.
1505 5122 1572 5156 53"
1631 5139 1688 5176 u.
1749 5123 1878 5178 deb.
1939 5112 2123 5176 ‘crim.
2177 5135 2306 5173 esse
2353 5112 2413 5170 3.
2482 5112 2554 5153 ⁵³⁸
2595 5112 2741 5170 foret
2768 5115 2821 5169 3.
2899 5115 2966 5148 ⁸³⁷
2994 5114 3101 5168 hoc
3131 5113 3184 5166 3.
3263 5113 3332 5147 ⁵³⁸
3364 5128 3510 5182 eque
3540 5112 3594 5167 3.

1608 5194 1675 5227 δη
1705 5211 1772 5250 ea
1798 5195 1852 5248 5.

1929 5193 1997 5228 “3
2029 5189 2272 5247 Carolus
2302 5190 2354 5243 3.

1775 5309 2011 5364 NOTIE.

259 5411 412 5480 (216)
446 5411 646 5466 Fixum
692 5408 1135 5480 obstinatumque
1185 5409 1263 5462 est
1312 5406 1489 5480 nobis.
1531 5407 1624 5462 Sic
1656 5407 1840 5462 Tacit.

259 5411 412 5536 (216')
446 5411 646 5466 Fixum
692 5411 1135 5480 obstinalumque
1185 5411 1263 5462 est
1312 5411 1491 5489 vobis.
1531 5411 1542 5460 ξ

191 5485 344 5540 Anu.
412 5523 425 5547 ,
460 5484 546 5546 47,
583 5485 604 5536 1
637 5501 648 5537 :
685 5483 972 5536 Immotum
999 5481 1277 5550 ﬁxumque
1313 5478 1542 5532 Tiberio.

261 5556 392 5626 (217
445 5552 579 5608 Vid.
609 5552 854 5608 Stenzel.
890 5553 934 5617 l,
969 5568 1026 5623 p.
1057 5551 1183 5620 254,
1217 5557 1334 5604 not.
1365 5550 1454 5603 28.

262 5556 416 5703 (2183
449 5625 550 5682 His
580 5623 975 5682 contradicere
1003 5621 1294 5695 videntur,
1344 5636 1454 5695 qua

262 5626 394 5708 (218

449 5625 550 5682 His
580 5620 988 5682 contradicere
1003 5621 1294 5695 videntur,
1344 5636 1470 5695 quas
1517 5620 1588 5678 ad
1621 5635 1843 5682 annum

1957 5405 2113 5471 1071,
2151 5404 2221 5458 de
2251 5405 2386 5456 nato
2433 5417 2466 5454 a
2509 5399 2715 5471 regina
2755 5398 2940 5470 primo
2985 5397 3111 5471 Atilio
3161 5400 3451 5471 narratur.
3486 5396 3598 5454 Sed

1955 5468 2187 5532 omnem
2221 5468 3022 5545 scrupulumftollit’Stensel.
3061 5469 3129 5545 lI_,
3163 5486 3220 5542 p.
3251 5470 3321 5524 62
3347 5486 3437 5545 sq.

2026 5547 2174 5619 (119)
2205 5545 2274 5602 cf.
2313 5540 2606 5600 Berthold.
2640 5540 3070 5598 Constantiens.
3104 5540 3248 5604 hia.
