3996 6148
406 241 561 302 1107

1555 236 1956 300 LAMBERTI
2001 236 2665 301 HEBSFELDENSIS.

3586 240 3705 305 1108

480 374 668 446 (Mala)
701 374 932 429 Fratres
962 371 1033 427 de
1080 370 1425 427 monasterio
1454 370 1768 427 Stabulaus
1802 373 1869 414 “8
1900 371 2046 441 (257)
2078 374 2130 439 Α
2162 370 2595 442 Meginwardus
2626 371 2806 425 abbas
2841 367 3148 442 Augiensis
3198 367 3457 440 dignitate
3482 387 3570 426 sua
3594 373 3709 431 ultra

410 464 644 521 cottidie
676 479 847 518 aures
895 461 1086 533 regias
1134 461 1538 515 obtundebant
1580 461 1706 531 (258
1752 477 1853 531 pro
1884 475 2056 531 repe-

408 553 613 609 titione
634 550 969 607 monasterii
997 548 1501 611 Malmendrensis.
1534 550 1688 620 quod
1711 550 1905 604 abbati
1936 565 2055 603 ere-

410 645 597 714 ptum,
631 657 728 695 rex
757 638 1000 695 consilio
1050 637 1380 693 Premensis
1430 638 1706 709 episcopi,
1756 642 1819 692 ut
1848 637 2056 708 praedi-

410 734 567 785 ctum
596 733 685 784 est
713 728 881 800 (259),
922 728 1073 782 dono
1124 727 1364 781 dederat
1412 726 1737 783 Coloniensi
1770 726 2055 797 archiepi-

409 835 605 889 scopo.
626 817 891 889 Cumque
911 815 1055 870 nihil
1076 816 1144 851 ⁸⁸9
1164 814 1262 870 ille
1290 816 1582 887 precibus,
1607 815 1751 871 nihil
1778 815 2055 884 lacrimis,

409 906 557 963 nihil
588 907 716 979 ipsa
748 906 1187 977 perurgentium
1227 905 1295 945 59°
1324 904 1769 975 importunitate
1801 919 2057 958 movere-

408 1001 525 1061 tur,
558 995 700 1049 inito
732 994 995 1061 consilio,
1029 999 1107 1059 et,
1142 998 1224 1061 ut,
1260 994 1458 1061 fertur,
1485 993 1681 1047 divina
1711 992 2057 1047 revelatione

410 1086 481 1140 ad
514 1084 622 1139 hoc
654 1084 983 1139 faciendum
1033 1082 1280 1148 incitati,
1337 1098 1472 1137 ossa
1525 1081 1673 1135 beati
1704 1080 1958 1135 Remacli
1991 1081 2056 1115 δθί

410 1172 623 1237 levant,
660 1171 940 1226 Leodium
971 1171 1263 1235 deferunt,
1297 1174 1375 1234 et,
1409 1186 1543 1242 rege
1571 1171 1639 1203 ⁶⁹²
1671 1169 1881 1224 celebri
1914 1186 2056 1241 quo-

410 1260 546 1316 dam
580 1259 704 1314 loco
736 1258 1059 1315 convivium
1094 1263 1322 1329 agente,
1357 1275 1535 1329 super
1565 1274 1828 1313 mensam
1868 1258 2057 1330 ipsam

412 1352 735 1420 apponunt,
759 1348 1127 1402 obsecrantes
1153 1363 1253 1417 per
1274 1347 1479 1417 Deum,
1509 1355 1589 1411 ut,
1615 1348 1663 1401 si
1687 1348 1884 1401 minus
1911 1346 2057 1402 ﬁlio-

412 1454 566 1503 rum,
620 1436 826 1492 saltem
875 1436 1059 1506 patris
1099 1437 1166 1470 69³
1227 1437 1603 1490 misereretur
1658 1436 1727 1471 ⁸9⁸
1747 1437 1874 1506 jam
1924 1452 2055 1490 cum

411 1524 640 1580 Christo
672 1524 967 1596 regnantis
998 1528 1055 1578 et
1084 1525 1154 1577 de
1189 1524 1422 1593 injuriis
1453 1524 1576 1578 suis
1600 1524 1836 1578 cottidie
1866 1524 1937 1578 ad
1964 1524 2060 1577 tri-

412 1613 589 1669 bunal
622 1613 818 1668 aeterni
838 1611 1058 1683 judicis
1083 1612 1597 1682 proclamationem
1624 1612 1893 1668 facientis
1918 1637 1932 1678 ;
1965 1613 2057 1667 cui

412 1701 526 1757 nisi
556 1718 661 1757 sua
690 1702 1047 1768 restitueret,
1083 1699 1239 1755 ultra
1290 1700 1340 1756 ei
1372 1706 1607 1771 propter
1633 1701 1937 1771 penuriam
1967 1717 2055 1755 re-

412 1807 543 1846 rum
574 1789 971 1844 necessarium
1022 1788 1327 1843 militaturi
1377 1805 1491 1843 non
1524 1794 1737 1844 essent.
1773 1789 1889 1844 Hoc
1919 1806 2057 1860 sup-

410 1877 683 1950 plication
694 1877 742 1932 is
752 1878 1145 1949 genere,quod
1163 1877 1234 1931 ab
1247 1878 1596 1949 captandam
1610 1876 2057 1933 benivolentiam

412 1970 809 2038 comparatum
846 1966 1050 2035 fuerat,
1086 1982 1183 2021 rex
1215 1982 1383 2021 versa
1410 1966 1530 2021 vice
1580 1965 1828 2021 nimium
1857 1966 2057 2021 effera-

410 2059 527 2125 tus,
563 2054 826 2110 concitus
849 2070 931 2124 se,
962 2054 1177 2109 relictis
1211 2053 1449 2125 repulis,
1473 2055 1531 2108 in
1555 2052 1836 2125 palatium
1872 2056 2059 2125 prori-

413 2143 560 2216 puit,
584 2147 642 2198 et
664 2159 777 2215 quo
805 2141 1068 2214 exemplo
1099 2142 1158 2197 in
1190 2144 1480 2213 abbatem,
1508 2147 1628 2197 tam
1660 2143 2059 2214 audacisfacti

412 2232 794 2302 ineenterem,
826 2231 1285 2287 animadvertere
1315 2232 1569 2301 deberet,
1597 2232 1804 2303 plenus
1838 2232 2057 2288 irarum

410 2323 721 2394 cogitabat.
757 2322 865 2376 Sed
890 2337 1021 2376 ecce
1070 2338 1292 2389 mensa,
1343 2322 1435 2375 cui
1482 2322 1862 2392 superpositae
1894 2326 2061 2376 erant

410 2426 587 2465 sacrae
615 2408 874 2480 reliquiae
920 2410 1089 2480 (260),
1153 2410 1353 2463 divina.
1406 2410 1617 2464 virtute
1668 2411 1963 2465 confracta
1991 2412 2058 2446 ⁸9⁵

407 2498 647 2563 corruit,
679 2498 1068 2569 ministroque
1119 2499 1294 2571 regis,
1328 2498 1472 2553 haut
1508 2499 1743 2553 obscuri
1803 2499 2058 2555 nominis

412 2588 560 2654 viro,
612 2603 784 2643 crura
831 2588 1123 2658 pedesque
1179 2588 1488 2654 contrivit;
1549 2588 1649 2658 qui
1702 2588 1874 2659 paulo
1905 2594 2056 2659 post,

409 2679 644 2731 exorata
678 2691 781 2747 per
826 2676 1308 2731 intercessionem
1363 2677 1511 2730 beati
1561 2676 1815 2731 Remaeli
1847 2676 2059 2748 pietate

410 2764 608 2820 divina
641 2806 654 2833 ,
687 2765 767 2820 ita
798 2765 1054 2837 pristinae
1104 2766 1409 2821 restitutus
1456 2768 1545 2821 est
1582 2765 1845 2837 sospitali
1874 2766 1961 2833 595,
1996 2771 2059 2820 ut

410 2871 484 2910 ne
514 2855 581 2889 697
611 2854 849 2910 cicatrix
870 2854 1106 2925 quidem
1127 2855 1185 2908 in
1208 2860 1621 2926 argumentum
1643 2854 1896 2910 laesionis
1927 2855 2060 2910 abo-

412 2942 530 2998 litae
562 2943 1008 3014 relinqueretur.
1064 2945 1251 3015 Atque
1299 2942 1382 2998 ita
1430 2943 1701 3015 deinceps
1747 2962 1848 3015 per
1876 2949 2057 2999 totam

413 3034 642 3086 noctem
694 3036 1154 3102 sequentemque
1202 3032 1353 3085 diem
1406 3036 1572 3086 tanta
1602 3033 1755 3087 circa
1785 3038 2051 3087 sanctum

2165 476 2227 513 se
2256 460 2563 524 abdicavit,
2598 460 2855 514 offensus
2878 464 3004 513 tum
3034 457 3391 513 infestatione
3418 463 3711 529 quorundam

2165 547 2419 602 militum
2447 548 2813 619 suorum,qui
2835 564 2965 603 eum
2993 547 3263 619 gravibus
3281 549 3600 604 contumeliis
3617 553 3714 606 atie-

2166 641 2383 706 cerant,
2416 642 2542 691 tum
2573 636 3011 708 importunitate
3062 635 3234 707 regis,
3268 635 3362 706 qui
3392 636 3716 706 frequentibus

2166 742 2299 781 eum
2350 726 2555 781 edictis
2607 725 2869 797 urgebat,
2925 730 2989 779 ut
3036 724 3249 796 prmdia
3290 728 3717 798 monasterii,qua

2166 819 2285 869 tam
2318 816 2446 885 ejus
2478 831 2655 886 quam
2678 814 2936 885 priorum
2960 814 3238 869 abbatum
3259 813 3540 885 largitione
3564 816 3719 887 dilapi-

2167 903 2301 957 data
2332 902 2423 957 vix
2457 903 2582 973 jam
2624 903 2684 956 in
2734 919 2874 958 usus
2925 902 3169 956 fratrum
3220 902 3471 957 sufﬁcere
3500 908 3720 975 poterant,

2168 991 2451 1046 militibus
2485 992 2607 1046 suis
2635 993 2703 1026 59°
2734 991 2791 1045 in
2824 991 3171 1047 beneficium
3205 995 3471 1061 erogaret.
3502 992 3556 1045 In
3581 991 3721 1047 locum

2168 1082 2293 1151 ejus
2326 1097 2439 1135 non
2475 1097 2573 1151 per
2602 1080 2905 1136 electionis
2936 1079 3170 1145 ostium,
3215 1080 3313 1134 sed
3346 1096 3438 1150 per
3465 1079 3725 1135 simoniaes

2168 1169 2436 1224 hereseos
2469 1168 2830 1231 cuniculum,
2856 1169 3122 1239 protinus
3152 1169 3360 1239 irrupit
3383 1168 3663 1224 Ruobertus
3682 1171 3727 1204 πθ

2168 1259 2347 1312 abbas
2380 1258 2895 1329 Babengergensis,
2930 1260 3312 1328 cognomento
3342 1256 3727 1323 Nummularius,

2168 1347 2572 1401 annumeratis
2604 1348 2659 1401 in
2695 1348 2961 1401 aerarium
2998 1346 3151 1418 regis
3184 1344 3340 1399 mille
3370 1346 3543 1416 pondo
3566 1346 3730 1416 argenti

2172 1435 2473 1506 purissimi
2508 1436 2676 1505 (261).
2714 1436 2810 1490 Hic
2848 1434 3275 1491 sordidissimis
3307 1436 3370 1472 τοι
3403 1435 3676 1505 quaestibus
3697 1440 3733 1489 et

2170 1524 2387 1592 usuris,
2423 1540 2568 1595 quas
2616 1523 2789 1578 etiam
2836 1523 3094 1594 privatus
3135 1523 3327 1578 adhuc
3370 1524 3427 1577 in
3456 1522 3733 1577 monasterio

2168 1617 2504 1668 exercuerat
2532 1614 2620 1681 702,
2674 1612 2960 1667 infinitam
3012 1612 3122 1667 sibi
3176 1611 3480 1683 pecuniam
3521 1611 3734 1666 conﬂave-

2169 1706 2279 1771 rat,
2312 1707 2369 1756 et
2400 1705 2703 1771 propterea
2750 1704 2965 1755 mortes
3012 1699 3419 1772 episcoporum
3450 1704 3501 1754 et
3527 1701 3585 1734 ⁷⁰³
3612 1700 3735 1754 abba-

2169 1795 2296 1844 tum
2328 1790 2500 1844 anxia
2529 1790 2926 1861 expectatione
2966 1786 3091 1859 jam
3142 1790 3366 1843 dudum
3398 1790 3737 1860 suspiraverat.

2168 1878 2430 1950 Cumque
2460 1894 2559 1933 eos
2590 1879 2811 1932 diutius
2839 1878 3081 1933 vivendo
3133 1884 3272 1933 vota
3302 1895 3405 1933 sua
3433 1884 3485 1932 et
3512 1878 3735 1933 effrenata:

2169 1966 2505 2023 ambitionis
2533 1967 2840 2038 impetum,
2875 1983 2989 2037 quo
3013 1982 3271 2038 praeceps
3302 1965 3625 2038 rapiebatur.
3651 1980 3738 2019 me-

2169 2056 2283 2111 rari
2314 2056 2566 2127 graviter
2607 2060 2664 2111 et
2716 2056 3232 2127 impatientissime
3262 2056 3435 2111 ferret
3462 2072 3522 2110 eo
3551 2054 3734 2109 vesanis

2167 2146 2368 2211 evasit,
2404 2150 2468 2199 ut
2503 2150 2704 2215 praeter
2735 2143 2961 2199 occulta
2990 2145 3058 2181 ⁷0⁸
3090 2160 3358 2209 munera,
3413 2144 3605 2215 quibus
3629 2142 3739 2197 auri-

2168 2233 2527 2288 culariorum
2575 2236 2735 2288 favor
2788 2234 3162 2288 redimendus
3223 2237 3365 2299 erat,
3425 2231 3534 2304 regi
3561 2236 3735 2285 centum

2168 2323 2360 2393 pondo
2388 2323 2513 2376 auri
2546 2322 2927 2393 promitteret,
2964 2327 3045 2387 ut,
3069 2323 3253 2393 ejecto
3284 2321 3498 2376 eximite
3528 2318 3742 2374 sanctita-

2168 2411 2243 2466 tis
2274 2411 2396 2465 viro
2448 2410 2656 2465 abbate
2716 2411 3048 2476 Widerado,
3107 2410 3218 2464 sibi
3252 2410 3480 2465 abbatis
3507 2407 3742 2464 Fuldensis

2167 2500 2511 2554 traderetur.
2544 2500 2612 2553 Et
2642 2500 2914 2571 perfecto,
2949 2499 3104 2571 quod
3136 2499 3358 2554 nefarie
3386 2496 3742 2569 concupiverat,

2169 2587 2623 2659 flagitiosissima
2654 2587 3027 2654 obtinuisset,
3053 2587 3163 2642 nisi
3200 2589 3392 2658 pauci,
3416 2587 3608 2657 quibus
3635 2584 3742 2653 leges

2169 2675 2570 2732 ecclesiasticae
2593 2677 2839 2747 pecunia
2864 2676 3114 2731 cariores
3135 2681 3325 2743 erant,
3350 2676 3405 2731 in
3438 2673 3618 2729 faciem
3644 2670 3742 2742 regi,

2169 2782 2241 2820 ne
2272 2765 2328 2819 id
2362 2764 2575 2821 faceret
2605 2765 2692 2834 τοδ,
2726 2765 3108 2820 obstitissent.
3158 2769 3213 2819 Is
3247 2760 3743 2836 pseudomonachus,

2169 2854 2360 2909 dicam
2392 2854 2725 2924 expressius
2774 2854 2825 2908 vi
2874 2853 3092 2909 doloris
3144 2853 3460 2925 impulsus,
3488 2851 3535 2907 is
3562 2846 3742 2922 angelus

2168 2947 2381 2998 satanas
2414 2943 2865 3015 transfiguratus
2887 2943 2946 2996 in
2970 2942 3247 3014 angelum
3271 2941 3524 3007 lucis,ita
3543 2943 3743 2995 sanctam

2169 3035 2227 3087 et
2255 3030 2574 3101 angelicam
2597 3031 3017 3086 monachorum
3048 3032 3469 3103 professionem
3490 3025 3743 3085 infamavit,

413 3134 627 3190 corpus
653 3118 996 3173 coruscabat
1025 3118 1437 3173 miraculorum
1467 3118 1802 3187 multitudo,
1838 3125 1903 3175 ut
1933 3137 2057 3176 cor—
2090 3098 2132 3163 Ο
2171 3120 2449 3191 corrupit,
2484 3120 2725 3191 vitiavit,
2775 3126 2840 3175 ut
2882 3118 3153 3175 monachi
3207 3119 3425 3175 nostris
3454 3115 3744 3189 temporibus

412 3204 597 3278 porali
622 3206 1054 3277 quodammodo
1074 3205 1528 3278 proclamatione
1548 3207 1840 3263 videretur
1853 3209 2062 3264 beatus

411 3294 723 3351 Remaelus
744 3294 845 3364 jus
868 3312 1041 3350 suum
1065 3295 1454 3366 expostulare.
1487 3296 1765 3352 Attonitis
1787 3297 2061 3353 omnibus

411 3388 584 3440 tanta
616 3384 698 3439 rei
729 3383 1001 3452 novitate,
1036 3400 1134 3439 rex
1163 3384 1372 3440 timore
1391 3385 1904 3442 vehementissimo
1934 3402 2058 3441 eor-

412 3476 633 3544 reptus,
668 3489 739 3527 ne
792 3473 957 3541 forte,
1012 3471 1061 3527 si
1115 3477 1508 3541 cunctaretur,
1560 3474 1805 3530 caelestis
1835 3474 1895 3529 in
1927 3491 2061 3529 eum

411 3561 680 3633 protinus
726 3562 794 3596 ⁸9³
841 3560 985 3616 ultio
1035 3562 1393 3633 procederet,
1456 3580 1569 3618 non
1621 3562 1812 3619 solum
1870 3564 2064 3619 ablata

413 3648 695 3714 restituit,
729 3650 830 3705 sed
881 3650 1212 3705 recentibus
1261 3651 1439 3706 etiam
1490 3652 1658 3707 donis
1688 3670 1792 3725 pro
1826 3654 2063 3708 muniﬁ-

413 3738 605 3793 centia
635 3739 789 3809 regia
822 3738 1130 3809 magnifice
1178 3740 1516 3795 cumulavit.
1562 3741 1706 3795 Hine
1736 3742 2060 3812 digressus,

414 3831 809 3898 pentecostem
858 3826 1192 3883 Halherstat
1244 3828 1554 3884 celebravit
1601 3831 1748 3900 (Jun.
1814 3833 1921 3902 1‘2).
1978 3830 2062 3885 Ibi

415 3914 685 3970 Ottonem
719 3916 928 3970 ducem
961 3921 1297 3989 ceterosque
1346 3919 1652 3989 ingenuos,
1700 3919 1798 3990 qui
1834 3937 1967 3975 cum
1997 3937 2061 3975 eo

414 4020 578 4059 arma
607 4008 809 4058 contra
830 4020 948 4059 rem
976 4006 1272 4075 publicam
1295 4007 1622 4076 sumpsisse
1644 4009 2059 4079 arguebantur,

414 4091 475 4145 in
526 4090 892 4146 dedicionem
943 4094 1222 4165 suscepit,
1260 4095 1741 4166 principibusque
1791 4096 1952 4167 regni
2002 4097 2059 4151 in

413 4177 683 4235 custodia
711 4178 1011 4235 habendos
1035 4186 1093 4236 et
1142 4186 1360 4237 statuto
1393 4183 1485 4237 die
1531 4183 1642 4238 sibi
1673 4184 2061 4240 restituendos

414 4268 848 4323 commendavit
874 4270 1023 4339 (Jun.
1059 4271 1168 4343 14).

2170 3214 2343 3281 atque
2374 3210 2434 3265 in
2466 3209 2558 3265 his
2602 3210 2938 3282 regionibus
2989 3226 3103 3264 non
3158 3209 3490 3265 innocentia
3516 3204 3745 3261 aestimen-

2168 3304 2265 3354 tur
2292 3299 2359 3334 τοθ
2390 3303 2564 3369 atque
2596 3298 2933 3370 integritate
2975 3299 3124 3367 vita,
3158 3300 3264 3353 sed
3293 3297 3601 3370 quantitate
3621 3308 3744 3365 pecu-

2172 3388 2301 3452 niae,
2335 3403 2440 3442 nec
2470 3392 2766 3459 quaeratur
2793 3390 2853 3443 in
2886 3387 3200 3443 abbatibus
3234 3386 3527 3459 eligendis,
3558 3383 3665 3455 quis
3687 3379 3744 3432 di-

2172 3477 2345 3548 gnius
2375 3476 2440 3511 ποτ
2472 3491 2740 3547 praeesse,
2773 3477 2873 3531 sed
2920 3476 3054 3547 quis
3084 3475 3281 3531 carius
3312 3474 3588 3531 abbatiam
3616 3468 3748 3542 possit

2169 3582 2380 3622 emere.
2416 3566 2501 3620 Ita
2530 3565 2763 3637 preprio
2787 3565 2966 3637 hujus
2997 3566 3063 3601 70°
3089 3565 3329 3621 invento
3360 3581 3497 3620 novo
3518 3568 3663 3633 atque
3686 3559 3745 3611 in.

2172 3656 2360 3711 fausto
2394 3655 2572 3726 hujus
2603 3656 2669 3689 ⁷⁰⁸
2692 3654 2963 3726 aucupio,
2988 3655 3112 3710 haec
3136 3655 3194 3708 in
3220 3654 3520 3710 ecclesiam
3548 3648 3745 3706 introdu-

2172 3749 2262 3799 cta
2291 3748 2380 3799 est
2409 3744 2864 3809 eonsuetudo,ut
2886 3744 3131 3797 abbatis:
3163 3743 3400 3815 publice
3432 3739 3632 3796 venales
3658 3749 3745 3807 pro-

2171 3833 2493 3887 stituantur
2524 3832 2580 3886 in
2614 3831 2830 3903 palatio
2859 3833 2947 3899 709,
2982 3848 3087 3888 nec
3129 3834 3449 3904 quisquam
3478 3828 3604 3885 tanti
3624 3838 3748 3880 vena-

2171 3920 2254 3975 les
2287 3936 2608 3991 proponere
2630 3925 2827 3991 queat,
2856 3920 2996 3992 quin
3020 3923 3295 3992 protinus
3317 3926 3615 3991 emptorem
3640 3914 3746 3967 inve-

2171 4010 2312 4075 niat,
2348 4009 2653 4065 monachis
2683 4009 2834 4063 inter
2862 4026 2924 4065 se
2955 4026 3069 4064 non
3102 4010 3174 4064 de
3210 4008 3568 4065 observantia
3592 3999 3743 4074 regula

2170 4097 2287 4152 zelo
2314 4098 2486 4163 bono,
2512 4098 2611 4152 sed
2635 4098 2706 4153 de
2728 4098 3051 4169 quaestibus
3074 4103 3130 4154 et
3158 4100 3362 4154 usuris
3384 4097 3499 4153 zelo
3525 4096 3586 4130 ⁷¹⁰
3607 4101 3747 4147 amaro

2172 4186 2677 4241 contendentibus.
2712 4186 2819 4241 Sed
2853 4186 2973 4242 haec
3024 4191 3089 4241 ut
3117 4187 3299 4260 digne
3345 4185 3533 4243 deﬂeri
3562 4178 3746 4256 possint.

2092 4255 2137 4319 D
2172 4290 2275 4345 pro
2305 4274 2711 4347 magnitudine
2742 4292 2849 4331 sua
2878 4280 2932 4331 et
2964 4255 3212 4348 proprie
3232 4275 3524 4334 volumine
3551 4255 3599 4327 et
3622 4263 3747 4341 proli-

1775 4398 2006 4453 VARI/E
2047 4398 2460 4453 LECTIONES.

482 4488 554 4523 ⁸⁸⁸
584 4490 992 4573 protu_rbati_1.
1060 4493 1137 4573 f5”
1168 4492 1264 4573 ille
1316 4493 1493 4573 nichil
1523 4496 1613 4573 3_.__
1653 4496 1721 4573 δῗο
1750 4513 1853 4567 per
1908 4500 2217 4573 urgentum
2332 4498 2389 4573 5._
2463 4497 2528 4573 ξεί
2562 4496 2936 4573 R_e_inardi_3.
2975 4498 3080 4573 __59’
3110 4499 3232 4573 regi
3280 4500 3333 4573 4ζ
3407 4497 3551 4573 σεξλ).
3579 4487 3739 4568 tanti

414 4560 483 4598 ⁶⁰⁴
532 4560 844 4617 miseretur
903 4565 952 4619 1.
996 4564 1345 4620 misereatur
1395 4567 1469 4620 1‘.

446 4775 489 4811 ιο
520 4776 674 4832 seelo
699 4777 749 4831 1.

1547 4566 1614 4601 ⁵³⁵
1674 4557 1856 4623 fracta
1911 4557 2105 4621 4."696
2156 4567 2390 4622 sanitati
2452 4569 2505 4623 4.
2584 4569 2788 4623 697nee
2841 4570 2893 4624 4.
2969 4571 3037 4608 598
3094 4557 3250 4625 deest
3304 4570 3360 4624 3.
3434 4557 3516 4603 δεῖθ’
3551 4557 3738 4620 suum?)-

413 4631 483 4667 ⁷⁰⁰
514 4634 598 4707 ἱια-
621 4633 718 4707 {Lf
741 4634 1034 4707 Rupertus
1077 4637 1129 4690 3.
1206 4637 1272 4672 ⁷⁰¹
1331 4636 1691 4694 sordissimis
1724 4640 1774 4694 4.
1851 4640 1918 4673 ⁷⁰⁹
1948 4645 2274 4694 excreverat
2300 4640 2350 4692 4.

458 4720 529 4780 ne
585 4704 643 4780 id
704 4704 867 4780 acere
923 4708 976 4762 4.
1052 4709 1120 4742 ⁷⁰⁶
1176 4708 1526 4764 estimantur
1574 4710 1624 4764 4.
1684 4711 1737 4765 5.
1814 4710 1879 4745 ⁷0⁷
1938 4710 2153 4780 dignus
2203 4711 2259 4764 3.
2318 4712 2390 4765 1".

2429 4640 2497 4674 τ⁰³
2528 4644 2585 4695 et
2641 4657 2694 4695 a.
2751 4641 2943 4695 desunt
2990 4643 3045 4697 5.
3123 4641 3191 4683 τοι
3246 4640 3441 4696 oculta
3489 4640 3542 4693 3.
3616 4633 3665 4667 ²⁰⁵
3687 4643 3743 4708 ιβ·

2467 4712 2533 4745 ⁷0⁸
2566 4712 2910 4782 hujusmodi
2966 4713 3018 4767 3.
3097 4714 3164 4747 ποθ
3224 4712 3467 4784 pallacio
3520 4710 3567 4763 3.
3603 4712 3745 4773 ιτᾶῖρίυδ

2008 4878 2238 4935 NOTAE.

486 4969 635 5043 (257)
665 4970 1024 5043 Triumphus
1057 4973 1114 5028 S.
1148 4972 1406 5028 Remacli
1436 4974 1505 5029 de
1537 4974 2059 5032 Malmundariensi

416 5042 678 5120 ctenohio
709 5060 801 5120 ap.
850 5042 1226 5120 Chapeavill.,
1262 5047 1301 5120 I_,
1349 5062 1420 5111 c.,
1455 5045 1593 5120 t._l_l,
1626 5064 1757 5119 pag.
1787 5049 1896 5102 552
1928 5064 2057 5120 sqq.

415 5113 1058 5188 cf.__eti_am_Sten_zel,'I,
1092 5133 1149 5188 p.
1181 5117 1306 5181 224,
1347 5121 1469 5170 not.
1506 5117 1595 5172 17.

484 5184 632 5258 (258)
664 5185 754 5258 Cf.
797 5184 1056 5242 infra'h.
1093 5184 1160 5243 'a.
1194 5191 1251 5242 et
1296 5204 1347 5241 a.
1401 5188 1559 5253 1075,
1595 5191 1752 5244 1077.
1804 5190 2057 5258 Terent,

412 5252 678 5311 Eunueh.
716 5257 807 5326 III,
842 5276 895 5327 ν,
927 5260 998 5325 6;
1033 5259 1149 5315 Cic.
1185 5259 1339 5314 Orat.
1372 5275 1421 5313 c.
1455 5260 1545 5314 66.

479 5327 626 5392 (250)
659 5333 721 5381 Α.
764 5330 921 5384 1063.

660 5398 742 5453 cr.
795 5400 854 5455 e.
918 5400 1115 5457 Barth.
1166 5402 1237 5457 ad
1297 5401 1518 5457 Briton.
1565 5401 1846 5475 Philipp.,
1880 5403 1971 5473 IV,
2005 5405 2057 5473 4,

454 5509 467 5522 .
502 5486 626 5522 6'14.

410 5484 631 5610 p.65?)
680 5539 874 5595 Pondo
925 5543 961 5594 i.
1013 5559 1069 5611 p.
1119 5542 1289 5611 libra,
1345 5560 1557 5600 marca.
1606 5544 1780 5599 Libra
1829 5547 2054 5617 argenti

2171 4976 2478 5049 constabat
2499 4981 2639 5033 tunc
2660 4978 2942 5049 temporis
2964 4978 3154 5034 adhuc
3174 4980 3246 5033 20
3269 4976 3522 5033 nummis
3538 4972 3638 5049 sive
3653 4963 3747 5049 ξρξίο

2171 5048 2544 5121 disquorum
2573 5066 2726 5104 unus
2749 5037 3203 5121 aiquiparandus
3228 5051 3530 5121 minimum
3559 5037 3743 5121 dimidio

2171 5107 2393 5193 thaléro
2418 5141 2431 5187 ς
2468 5122 2621 5176 unde
2644 5107 3065 5193 patet-tantum
3090 5122 3319 5193 argenti
3343 5107 3742 5193 abbatitegveldij

2171 5186 2809 5265 tissimteacquirendaa
2840 5192 2934 5265 vix
2975 5186 3310 5265 impen'sum
3344 5186 3739 5265 fuisse._CentiLm

2170 5262 2361 5331 pondo
2392 5248 2724 5333 auri‘paulo
2764 5262 3008 5319 inferius
3040 5248 3361 5319 memorata
3390 5259 3623 5317 eamdem
3648 5248 3740 5333 ϐίη·

2169 5320 2334 5407 ὸῐυῃι
2363 5320 2700 5402 ευῐηῐῐίδιίῃς
2745 5335 2988 5406 decuplo
3039 5334 3265 5391 scilicet
3290 5334 3418 5407 plus
3462 5336 3572 5407 ere}
3595 5320 3737 5397 Pondo

2169 5404 2295 5458 auri
2329 5421 2505 5476 quam
2539 5407 2760 5478 argenti
2796 5402 2915 5461 KR:
2940 5408 3021 5463 Cf.
3049 5402 3732 5478 Westenrieder,_GlQSS§’;r

2167 5492 2289 5550 vec.
2340 5463 2782 5550 P/bnnz'g,upag.
2837 5480 2937 5533 424
2988 5496 3116 5550 sqq.
3166 5483 3225 5534 et
3277 5463 3527 5534 Klotzsch
3577 5463 3729 5525 Sacbs.

2169 5546 2698 5621 Munzgeschiehte,
2732 5546 2776 5619 Ῑ,
2811 5568 2869 5621 p.
2899 5552 2969 5605 27
2999 5546 3129 5623 sqq.
