3996 6148
189 269 347 332 1117

1467 283 1854 346 ANNALES.
1886 317 1964 330 —
1991 284 2122 347 AN.
2172 286 2348 349 1072.

3434 287 3592 352 1118

181 405 376 461 studio
405 405 736 465 divinarum
786 427 1004 481 rerum,
1058 420 1240 470 totam
1291 432 1528 487 operam
1560 417 1828 488 pecuniis
1857 422 1910 486 Α
1943 423 2092 487 rant,
2121 419 2280 476 solus
2305 437 2461 477 nunc
2479 437 2612 494 rege
2635 421 2962 490 fruebatur,
2983 426 3251 494 receptus
3268 439 3382 480 non
3409 423 3581 480 modo

184 498 241 548 et
270 496 591 565 quaestibus
621 498 1182 558 insumebant77‘.Hi
1210 522 1310 576 pro
1334 505 1585 561 abbatiis
1607 507 1827 578 etepis-

179 585 487 654 copatibus
501 602 673 644 aures
688 590 1038 662 principium
1058 593 1392 664 importune
1415 596 1825 650 obtundebant

178 676 236 728 et
265 673 339 728 ad
372 673 622 732 honores
655 677 1076 736 ecclesiasticos
1137 699 1250 737 non
1284 683 1376 738 via
1417 685 1726 751 virtutum,
1761 689 1826 739 ut

183 763 436 832 majores
472 767 657 820 nostri
702 774 1141 837 consueverant,
1193 773 1291 827 sed
1351 789 1450 843 per
1489 774 1826 830 ambitionis

179 855 540 922 praeruptum
559 861 617 908 et
636 857 785 910 male
807 864 1108 928 partarum
1133 863 1512 931 pecuniarum
1544 863 1824 933 profusio-

179 955 315 995 nem
343 942 782 1011 grassabantur.
808 945 1067 1018 Denique
1095 949 1152 1003 in
1174 951 1596 1022 coemptionem
1631 952 1823 1024 exigui

181 1027 421 1084 honoris
453 1047 657 1086 aureos
690 1040 918 1090 montes
949 1038 1184 1093 cottidie
1227 1040 1642 1110 promittebant
1673 1042 1822 1113 (275)

171 1117 583 1190 secularesque
613 1129 903 1194 emptores
936 1125 1263 1198 largitionis
1289 1147 1404 1184 suae
1431 1130 1819 1185 immoderan-

169 1204 254 1260 tia
282 1207 686 1276 excludebant,
722 1228 824 1268 nec
851 1215 1113 1270 venditor
1163 1222 1388 1272 tantum
1440 1219 1693 1274 audebat
1722 1236 1818 1274 ex-

170 1310 429 1364 poscere,
453 1303 741 1366 quantum
783 1308 1012 1373 emptor
1062 1311 1301 1375 paratus
1344 1313 1468 1362 erat
1496 1308 1813 1363 exsolvere.

170 1383 496 1439 Mirabatur
525 1389 804 1456 mundus,
825 1392 978 1446 unde
1000 1397 1199 1448 tantus
1229 1397 1609 1466 pecuniarum
1633 1402 1817 1452 scate-

167 1477 257 1527 ret
289 1472 520 1540 ﬂuvius,
557 1477 709 1532 unde
739 1477 930 1535 Cresci
954 1486 1012 1536 et
1043 1483 1271 1538 Tantali
1299 1501 1438 1556 Opes
1471 1486 1529 1540 in
1564 1486 1819 1557 privatos

167 1559 440 1618 homines
462 1570 748 1636 congestae
782 1569 1052 1640 fuissent,
1087 1577 1144 1626 et
1171 1590 1270 1628 eos
1303 1575 1675 1644 potissimum
1709 1576 1817 1630 ho-

166 1649 358 1707 mines
389 1653 485 1724 qui
520 1656 710 1711 erucis
741 1659 1085 1714 scandalum
1116 1666 1175 1716 et
1197 1667 1556 1734 paupertatis
1577 1664 1818 1719 titulum

165 1741 527 1810 praferrent,
561 1749 615 1798 et
645 1749 850 1816 praeter
865 1748 1193 1820 simplicem
1217 1751 1430 1806 victum
1456 1757 1513 1807 et
1541 1753 1816 1809 vestitum

166 1827 315 1883 nihil
351 1829 431 1884 rei
463 1830 769 1890 familiaris
800 1835 1014 1892 habere
1030 1854 1092 1893 se
1127 1840 1534 1896 mentirentur.
1568 1843 1682 1898 Ista
1719 1844 1821 1899 Do-

170 1917 375 1973 minici
412 1920 534 1992 agri
557 1922 777 1979 zizania
804 1925 1018 1994 (Matth.
1052 1944 1180 1994 xm,
1213 1930 1302 1997 30,
1338 1930 1449 1999 40),
1495 1931 1615 1986 haec
1637 1933 1817 1987 vinem

169 2005 274 2061 Dei
303 2008 471 2062 arida
500 2018 801 2068 sarmenta
829 2019 886 2069 et
915 2015 1132 2087 stipula
1164 2018 1392 2074 aeternis
1425 2019 1660 2091 ignibus
1681 2037 1821 2092 pree-

166 2100 376 2166 parata
391 2102 578 2154 totum
602 2101 750 2156 sacri
767 2103 961 2174 gregis
977 2121 1189 2176 corpus
1212 2107 1378 2178 quasi
1403 2111 1536 2164 tabo
1562 2110 1815 2181 quodam

163 2184 512 2258 infecerant,
537 2192 612 2259 et,
639 2192 964 2247 secundum
987 2194 1357 2264 Apostolum,
1381 2198 1676 2253 modicum
1706 2200 1815 2254 fer-

162 2279 434 2330 mentum
457 2282 635 2332 totam
665 2289 1003 2352 corruperat
1036 2300 1291 2339 massam
1315 2286 1363 2356 (I
1393 2286 1513 2344 Cor.
1545 2305 1598 2357 ν,
1625 2288 1701 2357 6),
1736 2290 1819 2344 ita

162 2368 231 2418 ut
262 2379 467 2420 omnes
515 2367 740 2423 similes
777 2370 1224 2438 aastimaremur,
1255 2391 1360 2429 nec
1392 2392 1520 2431 esse
1549 2377 1606 2430 in
1647 2379 1815 2433 nobis

158 2458 472 2524 putaretur
501 2456 601 2527 qui
658 2458 874 2514 faceret
932 2461 1173 2531 bonum,
1209 2479 1320 2517 non
1349 2480 1476 2519 esse
1524 2481 1711 2537 usque
1741 2468 1812 2522 ad

155 2557 352 2596 unum
384 2544 556 2614 (Psal.
605 2562 718 2611 xlv,
753 2547 827 2618 1).
883 2553 1128 2621 Propter
1171 2551 1280 2607 hoc
1323 2553 1615 2625 principes
1648 2556 1812 2627 regni

154 2629 236 2684 ad
271 2629 689 2689 instituendam
722 2636 782 2690 in
833 2636 1038 2693 Galliis
1092 2639 1272 2694 divini
1323 2642 1540 2696 servitii
1591 2643 1809 2698 scolam

153 2719 586 2791 Transalpinos
607 2724 924 2781 monachos
938 2729 1573 2794 evocabant,nostrates
1591 2740 1810 2800 autem,

151 2807 527 2880 quicumque
556 2811 615 2865 in
638 2811 871 2868 illorum
896 2816 1169 2871 instituta
1188 2816 1342 2873 ultro
1363 2821 1679 2874 concedere
1707 2838 1811 2876 no-

146 2895 438 2967 luissent,
473 2899 542 2955 de
571 2902 944 2959 monasteriis
963 2920 1094 2960 cum
1122 2905 1448 2978 ignominia
1476 2909 1807 2979 ejiciebant.

148 2986 284 3059 Ego
318 2993 534 3057 tamen,
570 2994 635 3044 ut
664 2991 924 3062 praedixi,
973 2994 1044 3048 ad
1091 3009 1189 3049 eos
1236 2997 1492 3062 veniens,
1528 3003 1583 3051 et
1614 3015 1716 3068 per
1744 3001 1808 3054 14

145 3075 520 3133 ebdomadas
564 3079 631 3114 ⁷⁷⁵
653 3081 806 3150 apud
838 3097 936 3136 eos
958 3083 1169 3153 partim
1205 3084 1261 3138 in
1293 3084 1528 3140 Salefelt
1555 3087 1641 3151 ⁷⁷⁸,
1676 3105 1805 3158 par-

1940 507 1996 561 in
2017 511 2263 578 gratiam
2288 515 2345 564 et
2369 510 2848 576 familiaritatem,
2879 512 2979 568 sed
3013 529 3158 583 pene
3179 513 3236 566 in
3263 513 3424 585 regni
3450 529 3584 568 con-

1937 597 2181 652 sortium
2205 603 2261 652 et
2286 600 2548 654 omnium
2568 617 2694 671 quae
2717 601 2949 671 publice
2967 601 3052 656 vel
3069 602 3337 672 privatim
3358 603 3584 673 agenda

1935 692 2100 740 erant
2129 688 2483 742 societatem.
2516 690 2598 743 Ita
2630 706 2821 760 regem
2852 690 3079 745 callidis
3102 691 3584 762 subreptionibus

1935 791 2109 829 suum
2142 775 2371 831 fecerat.
2419 777 2530 832 Sed
2591 779 2660 840 is,
2723 779 2924 834 morbo
2956 784 3012 834 et
3040 784 3204 834 aitate
3236 779 3579 850 exhaustus,

1935 877 2067 917 cum
2085 864 2186 918 diu
2203 866 2802 936 perexquisitissimas
2818 867 2942 922 med
2955 869 3174 921 ieorum
3187 884 3392 938 operas
3408 867 3581 923 morti

1935 951 2267 1009 obluctatus
2299 953 2524 1018 fuisset,
2562 955 2727 1025 quasi
2762 961 3031 1010 naturam
3055 962 3176 1010 arte
3196 956 3430 1010 eludere
3453 973 3582 1027 pos-

1933 1045 2040 1103 set,
2077 1042 2367 1096 mediante
2409 1043 2880 1114 quadragesima,
2936 1045 3002 1098 16
3044 1043 3331 1099 Kalendas
3362 1044 3576 1115 Aprilis

1933 1129 2108 1198 (Mart.
2145 1132 2230 1198 17)
2265 1131 2536 1186 dubitum
2571 1133 2884 1187 conditioni
2913 1133 3208 1204 persolvit,
3233 1138 3289 1188 et
3321 1131 3570 1204 pertina-

1933 1217 2098 1272 cibus
2130 1218 2279 1272 odiis
2311 1219 2637 1283 hominum,
2671 1221 2825 1291 quod
2860 1238 3182 1292 numquam
3210 1226 3473 1292 potuerat
3493 1220 3575 1275 vi-

1931 1307 2137 1372 vendo,
2161 1309 2399 1362 tandem
2433 1308 2748 1378 aliquando
2771 1310 3057 1364 satisfecit
3089 1309 3406 1364 moriendo.
3444 1310 3580 1364 Erat

1932 1394 2102 1466 plane
2133 1395 2218 1449 vir
2238 1397 2306 1450 ad
2319 1397 2591 1452 mirandae
2614 1397 3102 1466 compunctionis,
3124 1404 3180 1452 et
3205 1397 3576 1469 potissimum

1930 1483 2072 1538 dum
2107 1483 2422 1540 salutarem
2456 1486 2572 1540 Deo
2596 1486 2848 1541 hostiam
2872 1486 3378 1542 immolarettotus
3402 1487 3458 1540 in
3492 1485 3575 1541 la-

1930 1572 2144 1627 crimas
2174 1575 2467 1629 efﬂuebat.
2520 1574 2692 1646 Virgo
2724 1591 2977 1645 quoque,
3039 1579 3104 1629 ut
3153 1575 3467 1643 ferebatur,
3500 1575 3603 1630 ab

1929 1666 2093 1715 utero
2144 1662 2350 1717 matris
2399 1664 2797 1733 permanebat.
2831 1664 2939 1718 Sed
2993 1664 3099 1718 has
3127 1664 3187 1718 in
3235 1680 3302 1718 eo
3331 1664 3574 1719 virtutes

1929 1749 2177 1804 nimium
2211 1750 2269 1804 in
2319 1751 2504 1806 oculis
2561 1751 2863 1806 hominum
2901 1768 3130 1822 morum
3175 1751 3488 1807 insolentia
3518 1755 3576 1808 et

1921 1837 2217 1907 jactantiae
2251 1837 2454 1894 levitas
2477 1839 2882 1894 obfuscabant.
2915 1841 3140 1912 Corpus
3177 1841 3305 1910 ejus
3336 1857 3403 1895 ex
3434 1841 3575 1896 Gos-

1927 1925 2073 1982 laria
2098 1927 2154 1981 in
2179 1928 2376 1982 sedem
2395 1928 2766 2000 episcopatus
2788 1929 2879 1984 sui
2897 1927 3156 1984 delatum
3177 1934 3355 2000 atque
3377 1928 3574 2001 sepul-

1928 2019 2053 2069 tum
2085 2023 2192 2070 est.

2001 2109 2115 2159 Rex
2147 2105 2371 2176 palmas
2400 2105 2646 2161 Coloniae
2672 2107 2823 2178 (Apr.
2869 2108 2944 2175 1),
2974 2107 3193 2178 pascha
3223 2106 3475 2177 Trajecti
3507 2108 3576 2142 ⁷⁸0

1927 2192 2237 2249 celebravit
2257 2195 2408 2266 (Apr.
2428 2195 2503 2264 8).
2537 2194 2641 2248 Ubi
2671 2196 2811 2249 dum
2835 2195 2887 2250 ei
2910 2195 3162 2266 pOpulus
3199 2194 3576 2251 vehementer

1925 2282 2285 2354 obstreperet
2302 2300 2402 2353 pro
2425 2282 2655 2353 injuriis
2671 2288 2727 2338 et
2747 2282 3180 2338 calamitatibus
3200 2284 3417 2355 quibus
3438 2300 3571 2354 pas-

1925 2371 2037 2425 sim
2076 2388 2177 2442 per
2196 2377 2382 2426 totum
2423 2388 2668 2443 regnum
2695 2373 3034 2427 innocentes
3057 2373 3567 2443 opprimebantur,

1923 2459 2129 2530 pupilli
2161 2465 2217 2514 et
2237 2461 2420 2514 viduae
2439 2461 2890 2532 diripiebantur,
2926 2461 3279 2516 monasteria
3300 2466 3356 2516 et
3377 2461 3566 2516 eccle-

1923 2547 2022 2602 siae
2044 2551 2452 2618 vastabantur;
2471 2555 2529 2605 et
2547 2549 3028 2621 ruptisiniquitas
3053 2550 3295 2604 habenis
3317 2550 3376 2604 in
3393 2565 3568 2606 omne

1921 2637 2075 2706 quod
2105 2637 2384 2694 voluisset
2429 2638 2656 2694 facinus
2715 2639 2954 2710 impune
2999 2639 3399 2694 bachabatur:
3435 2656 3564 2711 per-

1922 2727 2365 2782 motustandem
2391 2727 2474 2782 vel
2502 2728 2631 2798 ipsa
2649 2727 2728 2782 rei
2750 2729 3063 2783 acerbitate
3081 2726 3167 2783 vel
3195 2727 3563 2799 proclaman-

1919 2814 2542 2886 tiumimportunitate,
2561 2816 2968 2872 annitentibus
2991 2816 3050 2871 in
3073 2816 3181 2871 hoc
3207 2817 3404 2888 ipsum
3428 2833 3567 2870 cun-

1919 2904 2026 2957 ctis
2058 2903 2217 2975 regni
2253 2905 2640 2975 principibus,
2662 2905 2917 2960 exoravit
2945 2904 3344 2960 Coloniensem
3380 2905 3566 2960 archi-

1919 2991 2279 3063 episcopum,
2313 2998 2375 3048 ut
2405 2999 2538 3065 post
2574 3010 2635 3049 se
2666 3011 2861 3050 rerum
2912 2993 3279 3066 publicarum
3312 2995 3568 3049 admini-

1919 3081 2262 3136 strationem
2294 3083 2636 3153 susciperet.
2672 3083 2780 3136 Diu
2815 3082 2910 3138 ille
2941 3083 3144 3138 restitit
3173 3084 3418 3154 petenti,
3443 3101 3571 3155 par-

147 3163 272 3218 tim
305 3163 363 3218 in
397 3166 678 3240 Sigeberg
707 3176 1127 3236 commoratus,
1159 3173 1543 3228 animadverti
1578 3154 1806 3232 nostras
1839 3154 1881 3222 C
1919 3168 2026 3223 tim
2059 3170 2342 3224 memoria
2371 3175 2634 3225 veterum
2661 3171 3036 3241 iniuriarum.
3062 3172 3271 3242 partim
3300 3173 3440 3243 quia
3470 3172 3570 3227 ho-

143 3269 343 3324 quam
370 3253 607 3311 illorum
659 3259 1115 3315 consuetudines
1166 3260 1376 3332 regula:
1409 3264 1593 3318 sancti
1628 3264 1808 3320 Bene-

144 3343 308 3400 dicti
339 3344 546 3403 melius
591 3363 933 3419 congruere,
983 3349 1032 3405 si
1064 3355 1182 3405 tam
1235 3359 1469 3408 tenaces
1528 3353 1811 3426 propositi

140 3433 315 3502 (276)
345 3438 582 3507 tamque
613 3436 785 3509 ridigi
835 3442 1209 3509 paternarum
1259 3447 1595 3497 nostrarum
1630 3443 1811 3498 tradi-

137 3521 389 3578 tionum
421 3525 789 3581 aemulatores
819 3526 1106 3582 vellemus
1135 3528 1403 3584 existere.

217 3611 720 3685 Archiepiscopus
783 3616 1158 3687 Mogontinus
1209 3635 1243 3672 a
1276 3617 1591 3675 festivitate
1625 3622 1812 3676 sancti

137 3699 465 3756 Michaelis
495 3719 681 3774 usque
712 3703 772 3758 in
805 3710 1180 3775 pentecosten
1209 3707 1364 3761 mala
1385 3707 1705 3765 valitudine
1736 3710 1814 3764 la-

132 3790 431 3853 borabat,
462 3791 543 3845 ita
573 3798 638 3846 ut
666 3792 842 3847 etiam
877 3793 1288 3864 desperaretur
1319 3813 1352 3850 a
1384 3797 1628 3852 medicis
1659 3798 1708 3852 ei
1741 3799 1812 3853 de

131 3879 536 3935 successione
563 3881 690 3950 ejus
723 3879 984 3952 plerique
1013 3881 1431 3939 intentissimis
1463 3886 1677 3942 studiis
1707 3904 1812 3942 sa-

130 3972 448 4041 tegerent.

217 4055 481 4112 Karolus
512 4058 598 4123 ⁷⁷⁷,
648 4075 825 4130 quem
875 4059 947 4118 ab
991 4060 1329 4132 episcopatu
1381 4061 1813 4119 Constantiensi

127 4146 456 4217 dejectum
483 4163 665 4218 supra
685 4147 966 4213 diximus,
997 4165 1301 4222 regressus
1322 4152 1394 4205 ad
1425 4151 1810 4222 Magadabur-

125 4250 401 4308 gensem
436 4234 740 4304 diocesim,
771 4238 806 4292 6
839 4237 1136 4293 Kalendas
1167 4237 1432 4293 Januarii
1467 4239 1629 4294 obiit.

855 4326 1120 4382 MLXXII.

211 4413 355 4468 Rex
399 4412 758 4468 nativitatem
807 4413 1041 4469 Domini
1088 4415 1429 4472 Wormaciaa
1479 4415 1808 4472 celebravit.

1923 3273 2017 3312 mo
2049 3263 2208 3313 totus
2241 3259 2298 3312 in
2331 3259 2516 3314 Deum
2564 3275 2888 3330 suspensus
2943 3259 3156 3314 divinis
3187 3276 3365 3330 quam
3400 3276 3568 3314 secu-

1922 3347 2144 3403 laribus
2177 3347 2426 3419 negotiis
2457 3346 2744 3418 implicari
2777 3346 3102 3402 maluisset.
3131 3348 3452 3417 Superatus
3482 3351 3570 3401 ta-

1921 3452 2055 3491 men
2089 3436 2473 3492 unanimitate
2493 3438 2557 3472 ⁷⁸⁷
2607 3436 3052 3508 postulantium,
3085 3435 3378 3507 privatum
3410 3452 3571 3501 com-

1921 3525 2161 3579 modum
2178 3525 2408 3596 publico
2432 3527 2782 3597 postposuit.
2805 3525 2953 3579 Tum
2983 3525 3050 3559 ⁷⁸³
3069 3526 3325 3595 primum
3347 3541 3439 3580 res
3466 3541 3572 3595 pu-

1922 3613 2074 3668 blica
2102 3613 2160 3668 in
2221 3614 2536 3685 pristinum
2582 3619 2800 3668 statum
2861 3613 3328 3684 dignitatemque
3382 3613 3565 3668 refor-

1923 3703 2068 3756 mari
2100 3703 2294 3774 coepit,
2318 3704 2596 3773 frenaque
2623 3703 2835 3772 injecta
2856 3708 2994 3757 sunt
3017 3701 3244 3774 vaganti
3281 3717 3467 3773 usque
3498 3701 3572 3756 ad

1923 3792 1979 3846 id
2012 3796 2248 3863 tempus
2298 3792 2544 3846 licentia:
2605 3792 2774 3862 (277).
2824 3791 2969 3846 Nam
3023 3807 3155 3845 cum
3206 3807 3304 3846 rex
3334 3806 3570 3845 omnem

1922 3896 2235 3935 causarum
2259 3881 2650 3952 cognitionem
2677 3897 2711 3933 a
2731 3895 2794 3934 se
2810 3879 2880 3934 ad
2901 3878 3405 3950 archiepiscopum
3427 3885 3576 3934 tam-

1922 3985 2097 4039 quam
2133 3970 2204 4024 ad
2236 3975 2460 4041 patrem
2480 3969 2631 4023 acm
2661 3967 2870 4023 salutis
2892 3985 3008 4022 suae
3043 3973 3296 4023 tutorem
3326 3968 3565 4039 rejicere

1922 4059 2154 4123 soleret,
2191 4058 2284 4113 ille
2315 4075 2420 4113 nec
2450 4057 2639 4130 gratia
2664 4057 3015 4128 cujusquam
3051 4073 3155 4112 nec
3182 4057 3314 4112 odio
3337 4057 3408 4112 ab
3431 4057 3567 4128 jure

1923 4149 1994 4202 ad
2028 4147 2306 4217 injuriam
2342 4163 2602 4218 unquam
2625 4145 2836 4201 abduci
2867 4150 3110 4218 poterat,
3141 4146 3241 4201 sed
3267 4145 3580 4216 judicabat

1922 4236 2141 4302 omnia,
2175 4237 2322 4292 sicut
2351 4236 2635 4308 scriptum
2667 4240 2774 4300 est,
2812 4235 2938 4290 sine
2988 4251 3373 4306 personarum
3413 4251 3574 4290 acce-

1921 4324 2120 4394 ptione
2153 4325 2196 4394 (l
2247 4325 2395 4378 Patr.
2451 4343 2488 4390 ι,
2541 4326 2624 4391 17,
2680 4340 2782 4380 nec
2834 4324 3217 4379 considerans
3262 4339 3573 4396 personam

1923 4413 2197 4486 pauperis
2232 4414 2286 4468 in
2312 4413 2561 4483 judicio,
2593 4430 2698 4467 nec
2728 4412 3024 4468 honorans
3054 4412 3278 4467 vultum
3320 4412 3575 4484 potentis

124 4501 324 4566 Inde,
362 4506 666 4573 peragrata
713 4501 1018 4572 aliquanta
1067 4503 1230 4576 regni
1270 4510 1448 4576 parte,
1483 4504 1809 4561 Goslariam
1842 4521 1888 4584 Β
1920 4505 2116 4573 (Leuit.
2155 4520 2270 4568 xix,
2315 4503 2422 4571 15).
2460 4501 2696 4569 Divites,
2730 4501 2778 4556 si
2811 4501 2911 4572 qui
2944 4517 3046 4571 per
3075 4500 3396 4571 potentiam
3430 4516 3572 4570 pau-

121 4605 490 4662 regressus,
523 4595 704 4644 totam
728 4591 947 4646 ibidem
965 4593 1031 4625 ⁷⁷⁸
1066 4591 1577 4664 quadragesimam
1602 4594 1809 4665 exegit.

209 4677 996 4745 Burchardus,camerarius
1017 4680 1440 4752 archiepisc0pi
1466 4682 1810 4754 Mogontini,

117 4768 475 4842 episcopus
504 4767 810 4824 ordinatus
840 4772 928 4824 est
959 4769 1016 4824 in
1051 4768 1294 4825 Basilea.

205 4857 466 4913 Primus
498 4861 636 4912 tunc
665 4855 724 4911 in
757 4856 972 4928 palatio
1013 4863 1139 4914 erat
1178 4857 1528 4915 Adalbertus
1557 4861 1626 4895 7"
1674 4865 1809 4916 Pre-

109 4944 382 5004 mensis
415 4944 914 5017 archiepiscopus,
964 4947 1083 5018 qui,
1145 4946 1527 5019 triumphatis
1581 4949 1809 5004 aemulis

106 5038 304 5104 suis,
339 5033 437 5105 qui
470 5049 606 5090 eum
637 5039 772 5089 ante
803 5033 1028 5106 aliquot
1059 5052 1243 5091 annos
1273 5037 1344 5090 de
1377 5036 1592 5108 palatio
1622 5039 1807 5109 ejece-

1925 4608 2089 4664 peres
2121 4589 2483 4661 oppressisse
2513 4589 2689 4643 delati
2740 4589 3008 4652 fuissent,
3041 4586 3414 4642 severissima
3446 4585 3572 4640 ani-

1923 4680 2326 4735 madversione
2356 4677 2699 4749 castigavit;
2735 4675 2973 4731 castella
3004 4691 3229 4744 eorum,
3263 4690 3390 4745 quae
3422 4673 3574 4729 male

1922 4769 2231 4842 agentibus
2262 4766 2596 4839 perfugium
2628 4770 2815 4835 erant,
2849 4763 3112 4818 funditus
3152 4761 3326 4818 everti
3350 4761 3570 4832 jussit:

1921 4860 2231 4932 plerosque
2257 4873 2325 4911 ex
2355 4854 2521 4926 ipsis,
2557 4859 2614 4909 et
2643 4869 2854 4926 genere
2877 4859 2932 4908 et
2949 4851 3159 4924 opibus
3187 4851 3573 4918 clarissimos,

1921 4949 1980 5003 in
2012 4947 2246 5002 vincula
2291 4944 2560 5015 conjecit.
2601 4945 2755 4998 Inter
2784 4959 2932 5014 quos
2964 4941 3128 4996 illum
3161 4944 3368 4996 nostra
3398 4944 3570 4996 aetate

1920 5035 2466 5093 nominatissimum
2498 5033 2752 5105 Egenen,
2784 5031 2885 5104 qui
2910 5031 3043 5086 duci
3079 5029 3477 5102 Bajoariorum
3502 5028 3571 5070 ἵει

1508 5153 1750 5209 VARI/E
1789 5152 2203 5210 LECTIONES.

192 5249 286 5284 7'”
323 5245 703 5304 insumebant
731 5249 783 5303 4.
861 5249 928 5284 ⁷⁷⁸
950 5248 1353 5305 hebdomedas
1386 5251 1436 5304 4.
1515 5253 1582 5286 ⁷⁷⁸
1613 5251 1890 5308 Salefeldt
1917 5253 1972 5307 2.
2048 5252 2114 5286 ⁷⁷⁷
2142 5247 2402 5305 'Carolus
2431 5248 2484 5302 3.
2565 5246 2631 5280 ⁷⁷⁸

95 5325 184 5360 τεο
223 5318 475 5376 Traecti
501 5321 556 5375 5.
588 5319 656 5356 ⁷⁸ι
687 5320 1057 5377 immanitate
1087 5322 1138 5376 4.
1173 5321 1482 5378 immanite
1513 5324 1564 5377 5.
1643 5323 1712 5357 ⁷⁸⁷
1744 5324 1906 5378 Tunc
1940 5325 1992 5378 4.

2717 5246 2795 5300 ibi
2824 5246 2880 5300 5.
2963 5246 3030 5280 779
3057 5241 3403 5299 Adelbertus
3427 5241 3480 5297 3.
3511 5241 3570 5296 5.

2077 5321 2144 5361 ⁷⁸³
2175 5327 2231 5376 et
2259 5321 2311 5375 3.
2390 5319 2456 5358 ⁷⁸³
2493 5317 2676 5374 boiar.
2711 5318 2764 5370 4.

1744 5437 1972 5494 ΝΟΤᾸΞ.

185 5541 206 5610 (
215 5535 313 5590 27
315 5533 374 5600 5)
423 5535 626 5610 (turea;
639 5606 660 5610 Α
675 5543 880 5590 montes
931 5533 1321 5610 promjtlelgant
1340 5549 1362 5596 ;

95 5605 392 5670 Phorm.
427 5605 478 5674 1,
506 5608 563 5673 2,
602 5606 700 5661 l8:
735 5605 945 5664 montes
971 5607 1097 5663 auri
1123 5605 1409 5678 pollicens.

1435 5534 1515 5590 ita
1573 5535 1807 5592 Terent.

1992 5537 2139 5607 (276)
2171 5533 2643 5607 Hrorat.,igarm_.,
2673 5547 2756 5607 ιιι,
2788 5531 2842 5607 ᾇ
2865 5529 3004 5607 _init.

1983 5599 2133 5679 (277)
2155 5606 2237 5663 Cf.
2273 5623 2324 5661 a.
2362 5604 2536 5672 1076;
2569 5602 2766 5660 Horat.
2799 5600 2903 5657 Od.
2953 5618 3030 5670 ιν,
3065 5599 3189 5656 159.
