3996 6148
527 310 681 374 1119

1679 311 2082 375 LAMBEBTI
2128 309 2769 377 HERSFELDENSIS

3678 324 3782 389 ηε)

522 443 719 501 Ottoni
752 443 1099 500 calamitatis
1128 448 1304 500 tanta;
1347 462 1524 501 causa
1554 447 1841 511 extiterat,
1873 463 2005 501 cum
2040 445 2169 518 plu—
2202 448 2256 512 Α
2286 448 2573 517 gnem.lbi
2598 465 2833 520 quoque
2864 447 2995 504 Otto
3029 448 3145 503 dux
3174 447 3535 519 Bajcariorum
3560 459 3662 523 post
3685 454 3783 511 inte-

528 535 659 589 rimi
700 536 975 589 adversus
1006 552 1139 589 eum
1167 552 1263 603 pro
1287 536 1528 606 privatis
1548 535 1779 607 injuriis
1802 542 1858 590 et
1881 536 2177 606 depraeda-

525 623 786 678 tionibus
818 622 1025 678 faciem
1072 624 1225 695 regis
1276 625 1767 695 interpellassent,
1800 626 1985 679 teneri
2019 625 2171 691 fecit,

524 727 775 782 eumque
788 712 1007 767 catenis
1020 719 1320 768 oneratum
1337 714 1600 785 plerumq
1614 731 1680 768 ue
1693 716 1760 769 ad
1778 714 2173 786 spectaculum

524 799 681 871 vulgi
703 800 1127 871 deducijussit,
1175 803 1241 857 ad
1271 804 1713 874 gratificandam
1747 804 1967 858 scilicet
1990 821 2171 874 popu-

522 888 733 944 larium
793 891 1007 945 animis
1060 892 1275 961 regiam
1336 894 1717 947 severitatem.
1779 893 2077 947 Postremo
2109 909 2173 947 eo

526 980 943 1046 moderamine,
1001 998 1065 1034 ea
1116 982 1404 1035 industria
1455 987 1629 1052 atque
1679 982 2020 1037 auctoritate
2053 999 2173 1036 rem

525 1069 829 1131 tractabat,
866 1076 929 1123 ut
950 1071 1205 1141 profecto
1233 1070 1578 1139 ambigeres,
1604 1070 1919 1141 pontificali
1944 1088 2074 1126 eum
2102 1088 2172 1125 an

528 1159 685 1228 regio
721 1161 954 1213 nomine
1006 1159 1329 1230 digniorem
1372 1159 1691 1229 judicares,
1746 1166 1918 1230 atque
1952 1161 2005 1213 in
2044 1178 2173 1231 rege

526 1245 674 1317 ipso,
709 1248 807 1317 qui
843 1248 897 1301 in
934 1248 1094 1301 cultu
1128 1253 1302 1318 atque
1343 1249 1607 1302 socordia
1640 1266 1783 1320 pene
1821 1266 2072 1320 przeceps
2098 1251 2173 1304 ie-

530 1341 639 1401 rat,
673 1342 973 1407 paternam
1004 1338 1275 1392 virtutem
1300 1342 1355 1391 et
1383 1339 1450 1372 73“
1482 1343 1753 1410 paternos
1787 1355 1979 1393 mores
2018 1338 2172 1392 brevi

530 1426 934 1480 exsuscitaret.

605 1514 721 1567 Rex
741 1514 1089 1586 Aquisgrani
1103 1517 1170 1550 ⁷⁸⁸
1187 1517 1771 1585 profectus,sanctum
1788 1516 2002 1586 Spsum
2026 1514 2174 1586 (278)

529 1602 922 1658 confessorem
969 1609 1023 1658 et
1080 1605 1386 1659 brachium
1439 1605 1586 1675 justi
1642 1606 1951 1671 Simeonis,
2002 1605 2173 1673 cujus

530 1692 749 1746 mentio
776 1697 863 1747 est
894 1694 951 1745 in
975 1693 1292 1763 evangelio,
1318 1698 1373 1746 et
1391 1698 1566 1763 caput
1586 1694 1874 1748 Anastasii
1904 1692 2174 1747 monachi

2286 552 2453 606 grum
2488 554 2710 592 annum
2741 538 3065 593 dedicionis
3088 554 3205 592 sua
3228 538 3457 609 gratiam
3484 540 3606 611 regis
3624 546 3785 615 recepit.

2285 626 2421 681 data
2449 626 2537 681 vel
2570 628 2690 699 regi
2721 628 2807 682 vel
2840 628 2931 681 his
2988 629 3085 698 qui
3119 627 3236 698 regi
3272 644 3366 698 pro
3393 644 3451 683 eo
3486 642 3789 701 suggesseranl

2285 730 2399 768 non
2434 716 2660 771 modica
2690 716 2954 787 portione
2979 716 3323 787 praediorum
3353 733 3577 771 suorum.

2356 805 2472 858 Rex
2504 804 2558 857 in
2615 805 2913 859 nativitate
2963 805 3146 859 sancti
3198 804 3391 859 Jacobi
3435 806 3547 869 (Jul.
3586 808 3790 876 ‘25)Wor-

2286 892 2482 947 maciae
2515 895 2764 948 occurrit
2807 893 2975 947 matri
3010 910 3128 947 sum
3176 893 3374 964 Agneti
3420 893 3722 964 imperatrici,
3751 898 3790 951 de

2282 982 2687 1053 Transalpinis
2722 984 2991 1053 partibus
3032 981 3295 1037 redeunti
3322 998 3335 1047 ;
3368 981 3455 1036 ubi
3482 999 3566 1038 sex
3592 991 3670 1037 aut
3690 986 3737 1018 7”
3755 1002 3791 1040 eo

2283 1071 2535 1141 amplius
2562 1072 2887 1141 annosjam
2912 1072 3212 1125 demorata
3233 1071 3432 1135 fuerat,
3453 1071 3547 1125 sub
3572 1071 3709 1125 nimia
3728 1090 3789 1127 iiu-

2283 1161 2543 1215 steritale
2572 1161 2751 1214 vitam
2785 1161 3123 1225 instituens,
3157 1161 3298 1214 adeo
3344 1160 3406 1193 ⁸⁰⁰
3449 1164 3505 1213 ut
3530 1175 3789 1216 communem

2283 1248 2675 1303 humanarum
2710 1249 2921 1303 virium
2977 1264 3312 1303 mensuram
3350 1248 3611 1303 excederet
3626 1250 3791 1319 jejunic

2285 1354 2413 1391 rum
2464 1354 2529 1392 ac
2587 1337 2918 1410 vigiliarum
2977 1338 3278 1409 patientia.
3320 1338 3639 1392 Reversionis
3675 1343 3793 1393 autem

2284 1427 2410 1496 ejus
2443 1427 2497 1479 in
2532 1425 2777 1481 Galliam
2810 1426 2931 1480 haec
2964 1441 3142 1479 causa
3180 1430 3321 1480 erat.
3356 1424 3635 1480 Ruodolfus
3656 1426 3704 1460 *οι
3727 1426 3793 1477 dux

2283 1516 2501 1569 Sueviae
2533 1516 2680 1585 (283)
2711 1516 2781 1569 ab
2832 1514 2925 1569 his
2972 1514 3073 1584 qui
3105 1514 3155 1568 ei
3190 1514 3340 1569 male
3368 1513 3655 1569 consultum
3680 1515 3797 1581 cupie-

2285 1604 2421 1658 bant
2461 1608 2769 1659 accusatus
2816 1604 2971 1674 apud
3005 1619 3199 1674 regem
3240 1603 3423 1657 fuerat
3447 1603 3584 1673 quod
3623 1603 3797 1672 iniquum

2286 1692 2503 1764 aliquid
2566 1697 2769 1747 contra
2798 1708 2990 1763 regem
3077 1696 3394 1763 contraque
3446 1707 3554 1746 rem
3602 1690 3797 1762 publicam

529 1781 857 1835 etmartiris
876 1780 1239 1851 aliorumque
1267 1786 1599 1835 sanctorum
1625 1781 1897 1852 reliquias
1920 1782 2170 1836 ibiaccc-
2210 1816 2256 1880 B
2287 1781 2629 1848 moliretur;
2682 1786 2915 1853 propter
2944 1781 3102 1851 quod
3134 1779 3388 1835 assiduis
3431 1779 3742 1851 legationibus
3760 1778 3797 1831 ad

532 1869 801 1940 pitatque
817 1868 874 1922 in
898 1869 1320 1923 llasterburcls"
1339 1869 1925 1924 transtulit.Trcveris
1949 1885 2180 1941 quoque

533 1958 685 2027 apud
735 1958 1013 2012 Sanctum
1078 1958 1385 2012 Paulinum
1436 1959 1501 2012 13
1550 1975 1790 2029 corpora
1841 1966 2177 2013 sanctorum

536 2044 800 2110 Thebeae,
836 2051 899 2100 ut
928 2051 1166 2117 putatur
1193 2048 1278 2112 783,
1310 2047 1555 2111 legionis
1586 2056 1809 2118 reperta
1838 2053 1994 2115 sunt,
2031 2063 2179 2119 quo-

532 2149 661 2188 rum
683 2135 749 2169 7”
780 2134 900 2189 hac
930 2137 1188 2201 nomina,
1221 2136 1278 2188 in
1310 2135 1524 2189 tabulis
1553 2136 1845 2207 plumbeis
1878 2138 2025 2205 (576)
2051 2154 2182 2190 con-

537 2223 774 2293 scripta,
807 2223 1022 2278 ibidem
1052 2229 1276 2294 reperta
1299 2228 1475 2278 sunt:
1502 2222 1843 2286 Palmatius,
1866 2224 2070 2279 Tirsus
2090 2226 2177 2291 79°,

534 2311 879 2381 Maxentius,
936 2314 1333 2378 Constantius,
1414 2312 1803 2381 Crescentius,
1887 2315 2175 2384 Justinus,

536 2402 816 2465 Leander,
848 2402 1187 2467 Alexander,
1242 2403 1408 2457 Soter
1437 2404 1527 2467 79‘,
1564 2403 1855 2458 Hormista
1883 2405 1973 2473 792,
2008 2403 2179 2474 Papi-

536 2491 680 2553 rius,
734 2490 1040 2555 Constans,
1082 2492 1379 2546 Jovianus.
1434 2492 1702 2562 Dumque
1746 2509 1811 2546 ex
1842 2493 2047 2563 cripta,
2080 2491 2179 2546 ubi

539 2579 722 2633 sancti
750 2582 1077 2649 pausabant
1114 2582 1281 2650 (280),
1337 2585 1490 2635 terra
1522 2586 1868 2651 portaretur,
1901 2599 1965 2637 os
1996 2582 2177 2652 quod-

537 2668 671 2723 dam
703 2668 933 2723 incaute
955 2670 1299 2741 projectum,
1324 2669 1669 2741 sanguinem
1694 2671 1841 2724 fudit
1866 2688 1977 2725 non
2001 2672 2182 2725 modi-

537 2761 755 2822 cum,et
770 2775 953 2829 usque
966 2759 1137 2814 hodie
1159 2764 1459 2830 permanet
1471 2759 1985 2829 sanguinolentum
2009 2762 2127 2827 (281
2140 2762 2178 2832 ).

538 2846 617 2901 De
652 2848 919 2917 passione
950 2866 1149 2903 eorum
1182 2852 1301 2906 hmo
1346 2853 1417 2907 ab
1450 2868 1555 2906 nos
1583 2852 1652 2905 ab
1696 2850 1838 2921 ipsis
1868 2851 2180 2905 Treveren-

539 2935 704 2989 sibus
735 2937 955 3007 scripta
978 2938 1192 3009 perlata
1215 2946 1390 2996 sunt:
1428 2964 1456 2991 «
1490 2940 1852 2995 Rictiovarus
1877 2940 1965 3006 793,
2001 2940 2181 2993 Maxi-

538 3024 720 3078 miani
770 3026 1140 3096 imperatoris
1190 3030 1512 3100 praefectus,
1558 3028 1842 3100 legionem
1893 3028 2180 3084 Thebeam

533 3114 707 3182 jussu
758 3114 945 3185 ipsius
995 3116 1450 3190 circumquaque
1494 3124 1851 3190 persecutus.
1885 3117 2177 3173 Treverim

2288 1871 2501 1926 curtim
2536 1870 2774 1943 regiam,
2818 1872 2878 1923 ut
2906 1885 3146 1924 causam
3198 1868 3431 1933 diceret,
3473 1867 3799 1922 accersiebatur.

2287 1961 2395 2015 Sed
2456 1959 2573 2021 ille,
2607 1959 2740 2013 licet
2785 1958 2856 2013 ab
2909 1957 3080 2029 culpa
3118 1957 3556 2013 remotissimum
3600 1972 3649 2009 se
3683 1954 3800 2013 sciret.

2287 2047 2640 2103 conterritus
2670 2053 2863 2101 tamen
2914 2046 3081 2101 ducis
3126 2046 3400 2116 Bajoariaa
3445 2043 3641 2100 Ottonis
3671 2042 3803 2097 recenti

2288 2136 2551 2207 exemplo
2582 2141 2639 2192 et
2676 2136 2929 2191 aliorum
2979 2138 3371 2207 quorundam,
3419 2151 3551 2206 quos
3592 2150 3668 2188 rex
3689 2131 3805 2203 praci-

2290 2225 2471 2297 pitata
2505 2226 2797 2280 sententia
2827 2226 3047 2297 absque
3083 2224 3445 2280 discussione
3474 2222 3687 2295 legitima
3708 2221 3804 2273 dam-

2289 2320 2587 2386 pnaverat,
2636 2320 2853 2369 temere
2910 2315 2968 2368 in
3020 2313 3346 2383 periculum
3379 2329 3437 2368 se
3483 2314 3604 2367 dare
3643 2310 3804 2364 nolebat.

2286 2408 2547 2474 Cumque
2582 2409 2736 2459 esset
2768 2402 3121 2475 imperatrici
3152 2403 3224 2457 ob
3258 2408 3422 2458 vetus
3447 2401 3680 2456 meritum
3702 2410 3803 2452 suum

2288 2493 2752 2563 acceptissimus,
2789 2490 3221 2563 propinquitate
3264 2492 3437 2546 etiam
3468 2489 3714 2545 devinctus
3734 2501 3805 2555 pic

2289 2586 2377 2636 ter
2406 2581 2582 2636 tiliam
2615 2583 2763 2651 ejus,
2787 2597 2915 2651 quaa
2945 2581 3013 2617 ⁸02
3043 2580 3116 2646 ei,
3158 2585 3222 2634 ut
3274 2579 3593 2651 prmdictum
3618 2583 3687 2631 est
3706 2574 3807 2645 (285}.

2290 2675 2590 2742 nupserat,
2624 2671 2724 2725 sed
2758 2670 2911 2724 intra
2940 2670 3009 2704 ⁸0³
3042 2684 3262 2741 paucos
3307 2668 3431 2723 dies
3458 2667 3707 2723 celebratae
3730 2678 3807 2716 con-

2282 2758 3409 2831 junctionisdecesserat,misit,eamque
3424 2756 3627 2812 obnixis
3638 2751 3809 2825 precibus

2290 2849 2346 2904 in
2372 2849 2615 2905 Galliam
2632 2847 2983 2915 evocavit,ad
3003 2848 3326 2903 sedandam
3346 2864 3467 2918 quis
3485 2841 3814 2900 oriebaturinteL

2292 2938 2429 2993 stini
2461 2937 2593 2993 belli
2625 2942 3052 3009 tempestatem.
3093 2937 3238 2994 Nam
3276 2936 3511 2991 ﬁrmiter
3532 2932 3659 3005 apud
3685 2946 3727 2984 se
3748 2934 3812 2980 sta
3884 2962 3885 2971 η

2289 3032 2500 3096 tuerat,
2535 3028 2583 3083 si
2617 3044 2728 3099 pax
2769 3044 2882 3083 non
2913 3026 3303 3093 convenisset,
3338 3029 3551 3082 armata
3574 3021 3726 3095 potius
3746 3031 3814 3072 ma-

2291 3135 2392 3182 nu,
2426 3117 2612 3185 quoad
2644 3120 2860 3188 posset,
2896 3115 3144 3171 salutem
3192 3115 3368 3185 tueri,
3418 3129 3581 3185 quam
3609 3108 3813 3182 probri“?

541 3178 963 3275 prOpterjpsos
1012 3208 1043 3259 4
1092 3178 1285 3263 Nonas
1341 3178 1604 3263 dctobris
1652 3212 1738 3262 est
1768 3208 2091 3279 ingressus,
2124 3212 2179 3261 et

2294 3178 2665 3261 contumeliis
2679 3178 3126 3260 deformandum
3141 3205 3316 3277 regiae
3330 3178 3393 3259 se
3407 3178 3814 3272 tradere-potentia.

543 3290 745 3346 eadem
778 3292 872 3347 die
901 3295 1114 3350 occidit
1155 3296 1231 3350 ibi
1279 3298 1345 3336 7"
1394 3298 1599 3351 ducem
1634 3298 1895 3367 ejusdem
1941 3296 2184 3368 legionis

543 3379 774 3434 Tirsum
798 3382 865 3416 795
885 3398 1015 3437 cum
1040 3386 1315 3441 omnibus
1347 3386 1723 3441 comitatibus
1737 3386 1878 3440 suis.
1908 3385 2185 3456 Sequenti

546 3474 741 3524 autem
764 3470 859 3525 Die
882 3471 1250 3541 Palmatium,
1274 3475 1585 3529 Trevericae
1613 3473 1863 3529 civitatis
1886 3473 2182 3529 consulem

543 3562 599 3612 et
629 3559 937 3628 patricium
971 3578 1103 3616 cum
1136 3563 1413 3618 omnibus
1445 3564 1709 3634 ejusdem
1743 3563 1992 3618 civitatis
2026 3564 2184 3635 prin-

542 3646 771 3718 cipibus
798 3648 1109 3706 interfecit.
1138 3652 1341 3707 Tercia
1373 3668 1505 3707 vero
1536 3652 1628 3706 die
1669 3653 1883 3708 caedem
1932 3651 2189 3707 exercuit

540 3733 599 3790 in
630 3735 796 3808 plebe
828 3755 1001 3793 sexus
1036 3739 1366 3812 utriusque.
1401 3742 1616 3796 Horum
1650 3746 1843 3795 autem
1878 3742 2185 3795 martirum

541 3841 784 3897 corpora
813 3826 1268 3884 innumerabilia
1317 3830 1375 3884 in
1409 3831 1594 3885 sancti
1644 3830 1869 3885 Paulini
1902 3830 2184 3902 archiepi-

541 3916 699 3986 scopi
726 3918 927 3985 jacent
956 3918 1219 3973 ecclesia.
1255 3940 1281 3967 ››

618 4004 733 4059 Rex
760 4007 1159 4062 ascensionem
1201 4009 1267 4041 7“
1317 4007 1546 4061 Domini
1594 4008 1867 4062 Goslariaa
1920 4009 2064 4078 (Mai.
2100 4010 2187 4077 17,

546 4097 917 4162 pcntecosten
968 4096 1367 4168 Magadaburg
1391 4098 1454 4133 797
1488 4096 1799 4150 celebravit
1845 4097 1992 4168 (282)
2025 4098 2187 4165 [Μαί.

545 4180 657 4249 27].
693 4180 800 4235 Ubi
830 4181 1141 4239 Adalberto
1188 4186 1254 4219 793
1300 4185 1594 4239 Premensi
1640 4184 2096 4258 archiepiscopo,
2132 4188 2188 4241 in

544 4269 1019 4343 quadragesima,
1041 4276 1103 4326 ut
1129 4273 1471 4344 praedictum
1502 4278 1609 4340 est,
1633 4274 1926 4341 defuncto,
1959 4292 2190 4331 succes-

540 4374 733 4413 sorem
762 4359 1069 4415 constituit
1103 4362 1462 4428 Liemarum,
1496 4364 1727 4433 Optima:
1768 4365 1889 4434 spei
1914 4364 2191 4434 juvenem

2297 3295 2659 3366 Imperatrix,
2682 3310 3041 3365 quamquam
3073 3298 3288 3349 cuncta
3319 3292 3493 3348 seculi
3524 3287 3714 3361 negocia
3734 3281 3813 3337 ivli-

2294 3384 2485 3457 gionis
2515 3385 2752 3439 obtentu
2778 3383 2834 3437 in
2868 3388 3215 3455 perpetuum
3239 3383 3577 3453 abjurasset,
3600 3393 3682 3433 nec
3704 3392 3727 3428 a
3746 3386 3814 3443 pm

2295 3473 2481 3545 posito
2512 3478 2705 3527 tamen
2743 3489 2849 3527 suo
2892 3472 3143 3527 nimium
3175 3472 3246 3512 ⁸⁰δ
3277 3472 3576 3526 abhorrere
3601 3482 3684 3522 nec
3704 3463 3812 3517 abet"

2296 3562 2619 3618 clesiastica
2652 3561 2945 3616 functione
2965 3560 3223 3616 alienum
3254 3561 3375 3617 fore
3404 3556 3671 3631 judicavit,
3694 3552 3727 3607 si
3747 3548 3813 3601 viro

2296 3652 2514 3724 optime
2534 3667 2670 3722 erga
2691 3667 2752 3706 se
2776 3650 2979 3706 merito
2999 3649 3058 3704 in
3081 3650 3358 3721 angustis
3382 3649 3546 3705 rebus
3564 3659 3697 3716 opem
3714 3640 3813 3694 ferret

2297 3747 2353 3797 et
2383 3740 2500 3795 filio
2526 3739 2857 3811 iuveniliter
2904 3737 3290 3794 tumultuanti
3328 3739 3557 3794 modum
3584 3730 3814 3804 imponend-

2296 3831 2467 3885 Venit
2492 3830 2690 3900 itaque
2738 3829 3155 3895 Wormaciam,
3184 3827 3547 3900 amplissimo
3573 3825 3734 3893 stipata
3754 3829 3812 3867 utr

2300 3936 2457 3975 mero
2490 3918 2765 3973 abbatum
2801 3923 2857 3972 et
2896 3917 3344 3988 monachorum,
3374 3921 3430 3972 et
3466 3911 3738 3987 praedictum
3758 3903 3815 3994 dir

2298 4025 2445 4072 cem,
2478 4024 2611 4062 cum
2646 4007 2988 4077 interposita
3014 4006 3125 4061 fide
3158 4005 3519 4061 Coloniensis
3539 4008 3589 4058 et
3606 3992 3817 4083 Mogonlilll

2299 4099 2365 4133 ⁹⁰⁸
2405 4096 2977 4167 archiepiscOporum
3010 4111 3204 4151 coram
3235 4095 3508 4163 venisset,
3533 4086 3664 4148 omni
3696 4084 3818 4175 '“c-tt'

2302 4185 2478 4241 minis
2524 4185 2858 4257 suspicione
2908 4183 3171 4251 absolvit,
3237 4183 3552 4255 statimque
3591 4168 3819 4244 compositis

2303 4278 2537 4346 propter
2581 4290 2707 4344 qua)
2762 4278 3018 4342 venerat,
3081 4289 3114 4328 a
3144 4272 3266 4329 ﬁlio
3325 4271 3564 4328 abcessit
3601 4265 3817 4347 "tutuo?

2302 4369 2421 4418 tam
2453 4363 2670 4418 carnali
2714 4361 3018 4417 alfectione
3066 4377 3246 4434 quam
3299 4357 3611 4417 communis
3634 4343 3817 4409 commodi

538 4451 593 4502 et
624 4448 891 4503 omnium
926 4448 1256 4506 liberalium
1283 4451 1494 4507 artium
1528 4451 2019 4523 peritiaadprime
2052 4454 2193 4508 insi-
2224 4440 2269 4504 D
2302 4453 2524 4509 ratione
2555 4453 2626 4506 ad
2652 4452 2801 4506 hanc
2820 4450 3101 4507 secularis
3122 4451 3352 4522 negocii
3378 4440 3817 4506 administrationem

1905 4578 2147 4632 VARUE
2189 4576 2597 4634 LECTIONES.

623 4690 691 4723 ⁷⁸⁵
721 4694 893 4771 atque
925 4692 976 4771 3.-
1001 4764 1045 4771 ..
1065 4693 1132 4726 ⁷⁸⁵
1164 4692 1525 4771 aquaam}.
1551 4692 1602 4771 4.-
1630 4692 1710 4771 5.?
1738 4693 1823 4771 ⁷⁸⁷,
1858 4693 2219 4771 Henetiam
2248 4692 2851 4771 3-_5-_ha.tit68i29r;s1-.
2901 4691 2968 4725 ⁷⁸⁸
2999 4690 3297 4771 ratast}-
3318 4690 3429 4771 ..i”.
3454 4672 3820 4771 ηυρῖυηὶῑξηῗῗῗ

554 4762 748 4817 desunt
778 4764 829 4816 4.
908 4764 975 4835 79°
1001 4762 1299 4835 Tyrsusil.
1333 4766 1385 4818 3.
1464 4765 1527 4801 τ⁹¹
1565 4764 1775 4819 Sother
1806 4766 1855 4817 1.
1890 4766 1940 4818 4.

555 4850 685 4889 sum
724 4836 777 4888 1¹
854 4834 921 4867 795
952 4834 1275 4890 ascendens
1308 4838 1378 4890 de
1400 4835 1661 4891 Goslaria
1691 4837 1744 4889 5.

550 4921 724 4977 quam
760 4906 809 4959 4.

2025 4766 2091 4799 ⁷9³
2126 4765 2437 4819 Hormisda
2480 4765 2533 4818 1¹

1821 4837 1887 4915 ξθτ
1921 4838 2315 4915 magadcb-urg
2344 4837 2550 4915 3.M_798
2583 4837 2733 4915 Stant.
2800 4837 2881 4915 1‘19
2911 4840 2968 4915 et
2997 4837 3049 4886 5.
3110 4904 3119 4915 _

888 4906 957 4939 ⁸⁰⁴
978 4906 1128 4961 inter
1158 4908 1208 4961 4.
1285 4908 1353 4942 ⁸⁰⁴
1380 4907 1523 4962 deest
1552 4910 1604 4961 3.
1682 4908 1747 4941 ⁸0⁵
1780 4906 2246 4978 Maguntinensis
2270 4908 2325 4962 3.
2403 4907 2471 4941 9°“
2502 4922 2635 4961 cum
2668 4907 2720 4959 3.
2800 4907 2869 4941 εστ
2897 4906 3170 4961 abcessit.

2609 4744 2676 4796 έυε
2695 4744 3097 4843 sagmarius
3128 4763 3195 4843 ξι..
3315 4744 3595 4843 mea:
3742 4744 3817 4843 Tr;

2486 4835 2733 4888 τθεειαί.
2814 4834 2881 4868 τνο
2911 4840 2968 4887 ct
2997 4834 3049 4886 5.
3129 4833 3196 4869 εοο
3233 4833 3378 4888 deest
3409 4832 3459 4886 4.
3534 4819 3739 4879 mimi.

2122 5032 2355 5088 NOT/E.

614 5140 763 5211 (278)
793 5141 851 5196 S.
887 5140 1095 5211 Speus,
1144 5139 1460 5211 confessor,
1510 5139 1678 5209 cujus
1709 5138 1832 5193 dies
1863 5140 2196 5193 anniversa-

550 5214 673 5269 rius
707 5210 911 5267 incidit
934 5210 1001 5265 in
1030 5212 1085 5265 d.
1114 5213 1182 5264 28
1212 5210 1451 5265 Januar.

614 5286 761 5353 (279)
795 5283 1106 5347 Tabulam,
1133 5282 1301 5351 cujus
1328 5284 1756 5353 fragmentumﬂ
1778 5282 1930 5334 infra
1963 5280 2199 5352 legitur,

550 5352 906 5410 indicantem
945 5356 1122 5409 situm
1159 5353 1556 5423 corporumS.
1601 5352 1823 5407 Paulini
1859 5353 2114 5423 archiep.
2147 5358 2204 5407 et
2310 5370 2358 5407 c.

550 5426 645 5481 SS.
682 5433 1005 5497 martyrum
1042 5426 1141 5496 qui
1178 5422 1286 5479 sub
1343 5422 1692 5497 Maximiano
1742 5425 2017 5497 Treviris,
2044 5422 2203 5497 passi

549 5504 709 5561 sunt,
742 5496 976 5552 exhibet
1008 5496 1319 5552 Hontheim
1354 5496 1564 5567 Histor.
1603 5496 1908 5567 Trevirens
1964 5496 2105 5567 dipl.
2140 5513 2197 5567 p.

998 5610 1008 5621 .
1040 5587 1051 5631 ;
1087 5570 1159 5623 cf.
1195 5568 1389 5636 eiusd.
1420 5566 1722 5622 Prodrom.
1761 5566 1897 5623 hist.
1929 5566 2119 5628 Trev..
2144 5566 2200 5638 p.

544 5585 583 5633 ι,
623 5585 680 5637 p,
712 5569 842 5623 221.
879 5585 987 5639 sqq

546 5656 585 5708 ι,
620 5656 676 5707 p.
709 5640 800 5703 70,
834 5654 964 5708 sqq.
998 5640 1155 5693 87—
1192 5640 1313 5693 124.

2379 5137 2530 5209 (280)
2556 5137 2639 5192 Cf.
2676 5137 2874 5193 Barth.
2910 5136 3207 5192 animadv.
3242 5135 3315 5191 ad
3350 5134 3549 5190 Briton.
3578 5124 3759 5195 Philipp.
3778 5108 3811 5166 ΠΙ

2306 5210 2817 5280 783,p.348sqq.
2914 5278 2920 5280 Α
3075 5277 3087 5280 _
3199 5278 3246 5280 η
3315 5278 3346 5280 ᾖ
3462 5273 3540 5280 __
3636 5273 3662 5280 ,
3723 5256 3799 5280 L,

2382 5263 2531 5351 (28‘!)
2564 5281 2643 5335 De
2695 5263 2804 5334 hoc
2845 5277 3128 5334 miraculo
3158 5278 3273 5333 vid.
3313 5273 3594 5333 Bontbeim
3632 5263 3811 5323 Ριδοάτηιε

2384 5354 3191 5519 (ξλῖζῖῗῗέάξιίίτὶάιῖηοιξο
3228 5426 3270 5519 2.-
3308 5416 3681 5519 ξινμίεὶίξὲἓέριζ
3704 5402 3805 5519 ‘f‘is

2384 5489 2532 5566 (283)
2566 5494 2693 5549 Vid.
2727 5496 2987 5550 Gerbert.
3022 5495 3095 5549 de
3143 5491 3446 5563 Rudolpbo
3474 5489 3689 5545 Suevico,
3711 5492 3749 5547 p.
3771 5489 3817 5519 ιο.

2385 5636 2532 5711 (284)
2553 5640 2623 5695 Α.
2658 5638 2815 5694 1058.
