3998 6146
430 256 576 315 1131

1586 250 1987 310 LAMBEBTI
2036 248 2709 329 HERSFELDENSIS,

3604 259 3718 320 1132

428 386 639 441 eiceret
668 387 757 453 θη,
789 389 846 440 et
876 384 1035 455 regni
1068 384 1305 455 negocia
1332 382 1491 454 regni
1517 382 1902 453 principibus,
1935 382 2063 454 qui-
2095 382 2148 447 Α
2179 386 2370 443 natus,
2407 398 2647 452 propere
2680 381 2736 434 in
2776 379 3128 435 Hartesbure
3153 380 3217 414 9“
3246 397 3303 436 se
3330 384 3559 456 contulit,
3584 404 3723 460 coque

424 477 538 531 bus
568 493 636 531 ea
665 474 1078 544 competerent,
1112 471 1367 525 curanda
1391 474 1564 541 atque
1596 470 2061 525 administranda

425 563 875 636 permitteret;ut
890 559 1156 614 abdicato
1168 576 1341 631 grege
1358 560 2062 630 concubinarum,quibus

425 658 625 708 contra
680 650 823 704 scita
878 650 944 683 9‘3
995 665 1283 703 canonum
1341 649 1534 702 attrito
1594 647 1798 703 frontis
1856 649 2064 702 rubore

423 739 755 801 incubabat,
781 738 1063 809 reginam,
1084 755 1259 809 quam
1285 737 1392 792 sibi
1416 737 1737 791 secundum
1762 737 2063 792 ecclesias-

424 829 569 885 ticas
600 826 942 881 traditiones
972 826 1125 879 thori
1176 826 1393 881 sociam
1429 826 1707 896 regnique
1739 830 2062 879 consortem

424 915 759 987 delegisset,
781 912 1072 986 conjugali
1097 914 1219 968 loco
1243 913 1478 968 haberet
1499 915 1566 947 95‘
1590 920 1647 967 et
1669 913 1929 984 diligeret
1957 930 1970 969 :
2004 918 2071 967 ut

426 1010 615 1060 cetera
640 1003 993 1076 ﬂagitiorum
1011 1005 1241 1074 probra,
1257 1003 1471 1073 quibus
1489 1002 1833 1074 dignitatem
1851 1002 2067 1074 regiam

428 1092 1181 1156 adolescensinfamaverat,
1198 1108 1352 1146 nunc
1366 1091 1572 1145 saltem
1591 1096 1878 1145 maturato
1894 1107 2067 1145 sensu

430 1186 487 1238 et
514 1186 680 1236 aetate
709 1181 1023 1236 abdicaret.
1057 1180 1355 1235 Postremo
1398 1197 1499 1251 per
1542 1179 1724 1233 Deum
1772 1183 1977 1251 rogant
2006 1183 2072 1231 ut

423 1273 587 1343 justa
609 1269 1038 1342 postulantibus
1060 1273 1264 1340 sponte
1285 1273 1587 1338 annueret,
1613 1284 1717 1323 nec
1740 1268 1850 1322 sibi
1877 1266 2071 1339 magni

431 1360 780 1430 cujusquam
816 1362 992 1429 atque
1040 1357 1306 1412 inusitati
1352 1356 1625 1412 facinoris
1666 1356 2070 1412 necessitatem

430 1448 774 1519 imponeret.
804 1446 863 1501 Si
888 1446 966 1499 ita
988 1446 1218 1511 faceret,
1244 1462 1305 1501 se
1330 1446 1769 1517 promptissimo
1802 1445 1997 1499 animo
2022 1444 2070 1497 ei

429 1536 580 1591 sicut
600 1540 841 1590 actenus
862 1535 929 1568 9⁵⁵
951 1535 1289 1599 servituros,
1314 1552 1378 1589 eo
1402 1539 1594 1589 tamen
1625 1534 1815 1601 modo,
1842 1550 1953 1604 quo
1985 1533 2071 1585 in-

428 1641 649 1696 genuos
667 1623 934 1678 homines
952 1626 1125 1695 atque
1148 1623 1206 1677 in
1258 1621 1439 1677 libero
1474 1622 1718 1693 imperio
1751 1626 1919 1676 natos
1953 1619 2071 1691 regi

428 1714 642 1769 servire
664 1716 974 1784 oporteret;
1000 1713 1089 1767 sin
1113 1716 1330 1780 autem,
1350 1711 1703 1765 christianos
1720 1727 1781 1764 se
1802 1726 1948 1773 esse,
1970 1725 2073 1763 nec

428 1801 573 1858 velle
603 1801 879 1867 hominis,
933 1800 1031 1871 qui
1080 1800 1256 1853 ﬁdem
1306 1799 1687 1853 christianam
1723 1798 2072 1869 capitalibus

432 1890 669 1961 flagitiis
686 1888 1059 1961 prodidisset,
1085 1888 1494 1942 communione
1518 1886 1816 1942 maculari.
1842 1888 2003 1953 Quod
2024 1886 2073 1941 si

432 1978 612 2032 armis
651 1993 853 2048 cogere
891 1976 1265 2045 instituisset,
1328 1976 1437 2031 sibi
1476 1992 1707 2047 quoque
1749 1992 1852 2031 nec
1910 1991 2074 2030 arma

431 2067 633 2122 deesse
654 2081 758 2120 nec
791 2062 1059 2118 militaris
1082 2064 1161 2118 rei
1194 2063 1480 2133 peritiam.
1517 2064 1894 2118 Sacramento
1927 2080 1988 2118 se
2021 2064 2070 2117 ei

430 2155 605 2209 fidem
623 2153 964 2219 dixisse;sed
980 2151 1028 2206 si
1042 2153 1111 2206 ad
1126 2150 1588 2216 aediﬁcationem,
1605 2169 1716 2206 non
1732 2152 1802 2206 ad
1818 2152 2073 2206 destruc-

430 2242 648 2297 tionem
670 2240 924 2297 ecclesia
947 2240 1069 2307 Dei,
1092 2256 1189 2294 rex
1209 2256 1337 2295 esse
1358 2239 1549 2305 vellet,
1574 2241 1621 2294 si
1639 2241 1819 2310 juste,
1857 2239 1907 2295 si
1930 2240 2071 2311 legi-

428 2331 591 2395 time,
616 2330 665 2385 si
688 2345 847 2385 more
867 2330 1155 2399 majorum
1179 2329 1352 2383 rebus
1380 2329 1798 2399 moderaretur,
1825 2328 1872 2383 si
1896 2345 2071 2383 suum

428 2420 639 2491 cuique
660 2419 947 2483 ordinem,
972 2434 1140 2472 suam
1166 2417 1535 2489 dignitatem,
1561 2434 1698 2472 suas
1720 2417 1877 2489 leges
1915 2422 2072 2472 tutas

426 2507 851 2577 inviolatasque
874 2522 1107 2560 manere
1130 2510 1446 2576 pateretur.
1481 2505 1579 2559 Sin
1613 2504 1729 2559 ista
1761 2506 1918 2576 prior
1948 2506 2073 2576 ipse

427 2599 793 2660 temerasset,
818 2594 1019 2665 sejam
1043 2592 1394 2647 sacramenti
1426 2592 1604 2662 hujus
1646 2592 1925 2663 religione
1958 2610 2071 2647 non

427 2682 633 2753 teneri,
653 2683 753 2738 sed
778 2682 943 2754 quasi
962 2698 1095 2736 cum
1118 2682 1365 2736 barbaro
1384 2680 1548 2735 hoste
1570 2685 1625 2735 et
1642 2679 1943 2735 christiani
1969 2699 2070 2736 no-

428 2772 607 2828 minis
627 2771 1214 2844 oppressorejustum
1239 2769 1513 2840 deinceps
1536 2768 1754 2823 bellum
1779 2774 2067 2841 gesturos,

427 2861 685 2933 etquoad
699 2857 1107 2915 ultimavitalis
1120 2857 1329 2912 caloris
1342 2856 2070 2930 scintillasuperesset,pro

428 2950 675 3006 ecclesia
695 2949 817 3019 Dei,
842 2964 945 3019 pro
967 2947 1079 3001 ﬁde
1102 2946 1439 3012 christiana,
1466 2963 1567 3017 pro
1596 2945 1862 3002 libertate
1892 2947 2068 3002 etiam

427 3056 537 3096 sua
559 3038 959 3093 dimicaturos.
990 3034 1379 3089 Vehementer
1409 3051 1601 3106 regem
1638 3035 1920 3106 permovit
1950 3036 2069 3091 haac

426 3128 659 3200 legatio.
682 3127 896 3182 Verum
923 3123 1274 3179 consiliariis
1294 3124 1422 3194 ejus
1444 3123 1793 3191 dicentibus,
1819 3125 1971 3194 quod
1997 3125 2069 3179 ad
2101 3109 2143 3174 C

425 3216 681 3297 primum
695 3214 832 3270 belli
854 3219 1131 3269 terrorem
1156 3212 1299 3266 tanti
1325 3216 1517 3266 motus
1542 3212 1761 3267 irarum
1784 3213 2065 3284 deﬂagra-

424 3307 541 3363 turi
572 3309 787 3371 essent,
821 3302 1128 3375 paululum
1158 3307 1456 3373 resumpto
1508 3303 1739 3373 spiritu,
1782 3302 1985 3359 leviter
2014 3308 2069 3358 et

426 3394 805 3466 contemptim
830 3392 1038 3465 legatis
1065 3392 1385 3461 respondit,
1411 3391 1673 3462 nihilque
1696 3392 1835 3446 certi
1872 3410 2065 3464 repor-

423 3490 614 3539 tantes
637 3482 879 3537 dimisit.
906 3481 1067 3544 Quod
1094 3479 1191 3534 ubi
1210 3479 1334 3535 suis
1358 3480 1730 3546 nunciarunt,
1756 3485 1916 3534 atrox
1939 3498 2067 3535 om-

426 3572 589 3627 nium
610 3570 903 3625 mentibus
926 3569 1010 3622 ira
1026 3567 1345 3633 incanduit,
1364 3584 1539 3638 seque
1560 3573 1760 3622 mutuo
1779 3585 2066 3635 sermone,

428 3666 494 3715 ut
523 3663 919 3730 contemptum
944 3657 1036 3712 sui
1060 3674 1235 3711 manu
1257 3657 1636 3723 vindicarent,
1664 3657 2065 3712 hortabantur.

432 3750 791 3817 Obslinatum,
822 3747 1119 3817 inquiunt,
1147 3746 1205 3799 iu
1226 3746 1393 3799 malis
1426 3746 1729 3815 ingenium,
1754 3748 1867 3800 nisi
1886 3749 2071 3800 acrior

428 3842 511 3895 vis
541 3837 897 3903 adhibeatur,
931 3832 1183 3890 emolliri
1210 3850 1317 3889 non
1338 3836 1554 3903 poterit,
1585 3839 1635 3889 et
1667 3836 1777 3889 nisi
1796 3834 1865 3888 ad
1887 3837 2069 3889 virum

429 3930 767 4001 propiusque
820 3925 887 3959 ⁰⁵⁶
936 3922 1206 3977 medullas
1259 3938 1444 3977 mucro
1499 3922 1776 3989 adigatur,
1854 3939 2069 3977 sensum

427 4017 634 4072 doloris
658 4031 769 4070 non
798 4014 1048 4068 admittet
1077 4012 1164 4067 “7.

499 4105 684 4176 Igitur
705 4101 911 4157 armati
932 4099 1318 4170 instructique
1338 4099 1659 4155 Goslariam
1684 4101 2064 4169 contendunt,

423 4193 623 4265 ibique
641 4189 915 4246 mediocri
941 4206 973 4243 a
997 4188 1135 4243 villa
1156 4188 1458 4243 intervallo
1476 4194 1668 4243 castra
1696 4189 1921 4258 locant;
1947 4194 2063 4245 sta-

422 4282 648 4352 timque
671 4280 903 4334 efferato
927 4276 1121 4332 animo
1143 4275 1201 4331 in
1222 4293 1355 4331 eum
1372 4275 1679 4332 irruissent
1697 4283 1751 4333 et
1767 4280 1867 4347 jus
1891 4296 2064 4333 suum

422 4371 677 4442 nonjam
705 4366 1009 4423 rhetoricis
1033 4364 1479 4438 allegationibus
1505 4367 1605 4420 sed
1640 4365 1860 4423 bellicis
1880 4372 2065 4424 terro-

2172 486 2369 524 secum
2405 469 2565 540 regni
2593 468 2849 540 insignia
2871 473 2927 523 et
2949 468 3348 525 thesaurorum
3365 488 3570 529 suorum
3590 493 3729 548 quan.

2172 564 2290 612 tam
2338 559 2394 612 in
2444 574 2507 612 ea
2557 557 2943 628 trepidatione
3000 558 3191 629 potuit
3245 564 3448 629 partem
3498 566 3727 619 convexit.

2176 648 2350 701 Erant
2379 651 2519 701 tuno
2542 645 2821 717 temporis
2844 663 2976 701 cum
3001 663 3065 701 eo
3090 647 3250 717 Eppo
3274 646 3543 705 Citicensis
3559 654 3729 722 episco-

2176 753 2286 808 pus
2309 742 2363 790 et
2381 736 2575 790 Benno
2599 734 3135 807 Ossenbruggensis
3160 736 3227 769 ⁹⁸⁹
3243 736 3537 808 episcopus,
3558 755 3733 795 eorum-

2178 842 2291 895 que
2322 824 2562 879 eonsilio
2593 829 2647 879 et
2674 825 2837 894 prius
2869 823 3187 895 tranquilla
3216 830 3270 879 et
3289 842 3431 879 nunc
3451 828 3646 882 turbata
3669 848 3731 885 re-

2179 912 2412 985 publica
2438 915 2634 967 omnia
2652 913 2918 968 faciebat.
2944 912 3090 967 Casu
3116 930 3340 984 quoque
3362 932 3526 985 nuper
3546 917 3737 973 advene-

2180 1006 2288 1069 rat,
2323 1002 2516 1056 nescio
2547 1002 2686 1072 quid
2724 1002 2955 1072 privatae
2987 1003 3053 1036 ⁹⁶⁰
3085 1019 3269 1057 causa:
3301 1008 3516 1059 acturus
3543 1005 3590 1058 in
3618 1005 3737 1076 pala-

2179 1090 2283 1157 tio,
2316 1090 2619 1145 Bertoldus
2669 1090 2784 1145 dux
2830 1092 3124 1162 quondam
3173 1092 3599 1146 Carentinorum.
3634 1093 3742 1147 Huic

2181 1197 2277 1233 rex
2335 1196 2510 1250 quam
2572 1180 2788 1233 sanctis
2859 1179 3341 1234 obtestationibus
3392 1196 3447 1235 se
3495 1182 3744 1253 purgabat,

2182 1269 2335 1338 quod
2360 1268 2637 1321 ducatum
2660 1270 2787 1339 ejus
2819 1267 2963 1322 nulli
2990 1268 3082 1323 alii
3108 1268 3501 1335 tradidissset;
3530 1269 3616 1324 sed
3640 1270 3747 1324 Mac-

2179 1358 2449 1411 wardum
2484 1357 2545 1391 ⁹⁶¹
2580 1356 2801 1427 privata
2832 1357 3284 1427 praesumptione
3303 1357 3437 1411 fines
3468 1356 3655 1412 alienos
3682 1358 3745 1411 in-

2181 1446 2423 1510 vasisse,
2456 1462 2559 1499 nec
2590 1445 2639 1499 ei
2676 1445 2989 1517 quicquam
3023 1446 3093 1500 de
3123 1446 3252 1516 jure
3280 1461 3381 1500 suo
3412 1450 3675 1518 propterea
3699 1447 3747 1480 ⁹⁶¹

2183 1533 2563 1587 imminutum
2596 1549 2742 1598 esse,
2784 1533 2856 1600 si,
2906 1550 3013 1589 suo
3070 1534 3323 1605 injussu,
3374 1534 3490 1588 sine
3540 1534 3749 1589 consulto

2183 1621 2539 1694 principum,
2582 1622 2831 1677 honores
2881 1621 3146 1694 publicos
3194 1622 3366 1678 homo
3414 1622 3751 1693 ineptissimus

2183 1716 2545 1766 temerasset.
2580 1710 2699 1777 Ille,
2734 1710 2867 1765 licet
2898 1710 3015 1767 haec
3046 1712 3180 1766 ﬁcta
3212 1728 3337 1768 esse
3384 1711 3545 1766 sciret
3571 1711 3689 1781 (311)
3714 1715 3753 1765 et

2184 1800 2338 1869 regis
2370 1799 2652 1855 malitiam
2686 1817 2799 1854 non
2842 1805 2959 1855 tam
3011 1799 3306 1855 voluntate
3354 1816 3517 1871 quam
3562 1800 3751 1853 fortuna

2182 1888 2432 1943 violenta
2462 1894 2777 1943 correctam
2811 1904 2958 1953 esse,
2982 1893 3175 1944 tamen
3200 1889 3453 1959 suscepit
3474 1887 3755 1943 satisfactio-

2185 1992 2342 2043 nem,
2368 1976 2639 2048 promisit
2668 1978 2734 2011 ⁹⁶³
2762 1993 2995 2049 Operam
3028 1994 3196 2032 suam
3219 1978 3299 2032 rei
3331 1976 3559 2049 publicae
3585 1974 3755 2029 utilita-

2184 2066 2343 2120 tibus
2383 2083 2675 2138 nusquam
2707 2067 2775 2101 ⁹⁶⁸
2830 2066 3183 2121 defuturam.
3247 2066 3406 2120 Hunc
3438 2066 3626 2136 itaque,
3654 2064 3757 2134 quia

2181 2154 2267 2209 vir
2295 2155 2363 2190 “5
2384 2160 2508 2210 erat
2533 2172 2777 2210 summie
2803 2155 3119 2225 prudentiae
3142 2159 3199 2209 et
3220 2154 3508 2227 pepularis
3535 2153 3757 2223 eloquen-

2184 2247 2297 2315 tiae,
2330 2262 2463 2299 cum
2494 2244 2723 2299 duobus
2753 2245 2819 2281 εδδ
2842 2261 3020 2315 supra
3048 2244 3388 2299 memoratis
3409 2242 3666 2315 episcopis
3690 2257 3760 2295 rex

2182 2334 2438 2405 legatum
2464 2333 2624 2387 misit
2656 2334 2727 2387 ad
2760 2333 3035 2387 Saxones.
3068 2333 3153 2387 Ad
3180 2349 3327 2403 quos
3354 2348 3481 2386 cum
3502 2330 3757 2392 venissent,

2183 2424 2467 2495 rogabant
2495 2439 2591 2477 eos
2624 2437 2725 2493 per
2757 2421 2938 2475 Deum
2973 2425 3038 2475 ut
3069 2422 3140 2475 ab
3173 2422 3375 2488 armis,
3403 2437 3543 2492 quae,
3568 2419 3759 2473 honesto

2184 2512 2319 2565 licet
2337 2508 2591 2574 nomine,
2616 2510 2871 2580 pessimo
2894 2512 3089 2563 tamen
3108 2508 3394 2579 exemplo,
3409 2506 3760 2579 sumpsissent,

2183 2604 2409 2654 mature
2442 2598 2824 2660 discederent,
2860 2614 2963 2652 nec
2994 2613 3115 2652 rem
3148 2614 3328 2668 supra
3352 2598 3575 2651 modum
3602 2608 3761 2664 supra-

2182 2704 2293 2760 que
2331 2687 2482 2741 vires
2530 2703 2668 2741 suas
2718 2690 3090 2757 temptarent,
3153 2703 3281 2757 quae
3333 2704 3365 2740 a
3412 2685 3601 2741 ceteris
3641 2680 3761 2750 regni

2182 2775 2809 2849 principibusnimium
2829 2775 3217 2845 improbanda
3239 2774 3404 2842 foret,
3430 2777 3610 2845 utpote
3629 2783 3763 2841 quam

2182 2883 2285 2921 nec
2317 2882 2424 2920 sua
2445 2879 2549 2918 nec
2573 2864 2863 2934 majorum
2888 2880 3126 2918 suorum
3152 2864 3435 2919 memoria
3459 2875 3701 2933 umquam
3719 2855 3765 2891 ’⁸⁷

2180 2972 2324 3027 gens
2356 2952 2475 3007 ulla
2504 2957 2885 3024 temptasset;
2909 2952 3135 3022 justam
3170 2969 3374 3008 eorum
3406 2966 3528 3006 esse
3555 2960 3762 3009 causam,

2181 3060 2327 3115 quos
2349 3042 2598 3097 summis
2618 3057 2766 3113 saepe
2785 3041 3018 3110 injuriis
3040 3039 3195 3112 regis
3217 3038 3579 3095 inclementia
3599 3036 3657 3091 ad
3676 3035 3765 3089 hac

2180 3134 2437 3184 extrema
2468 3128 2815 3199 experienda
2844 3129 3129 3199 coegisset
3157 3128 3247 3197 πε,
3273 3127 3474 3182 honori
3500 3131 3668 3180 tamen
3687 3135 3764 3175 suo

2179 3218 2367 3289 magis
2389 3216 2813 3272 consulendum
2833 3232 3010 3287 quam
3027 3216 3365 3286 iracundiae,
3384 3211 3765 3271 etdeferendum

2179 3306 2349 3378 regiae
2377 3304 2687 3375 majestati,
2725 3321 2851 3375 quae
2884 3304 3040 3375 apud
3078 3304 3366 3359 barbaras
3415 3302 3578 3358 etiam
3607 3301 3664 3335 “9
3686 3314 3764 3352 na-

2177 3394 2365 3448 tiones
2396 3408 2623 3464 semper
2654 3396 2777 3446 tuta
2808 3390 3203 3463 inviolateque
3230 3394 3441 3448 fuisset
3468 3393 3557 3459 97°;
3578 3385 3767 3461 proinde

2178 3482 2423 3537 remisso
2455 3499 2749 3536 armorum
2784 3481 3053 3552 strepitu,
3096 3482 3322 3553 pacatis
3356 3481 3578 3549 animis,
3603 3474 3766 3548 sopitis

2179 3570 2598 3634 simultatibus,
2633 3576 2863 3640 tempus
2886 3569 3199 3641 iocumque
3233 3571 3655 3633 constituerent,
3682 3577 3766 3635 quo

2178 3676 2276 3714 rex
2307 3659 2495 3713 tocius
2528 3658 2687 3729 regni
2715 3659 3005 3730 principes
3050 3666 3337 3731 evocaret,
3375 3665 3437 3714 ut
3474 3660 3627 3729 juxta
3647 3667 3768 3707 com-

2181 3764 2418 3802 munem
2452 3747 2800 3801 sententiam
2831 3752 2887 3801 et
2917 3748 3144 3818 objecta
3173 3752 3454 3821 purgaret
3473 3752 3525 3803 et
3553 3760 3663 3817 quae
3683 3754 3770 3795 cor-

2178 3836 2451 3891 rectionis
2482 3850 2647 3906 egere
2678 3834 3013 3890 viderentur
3042 3837 3385 3909 corrigeret.
3432 3837 3511 3890 Ad
3544 3835 3647 3888 hac
3674 3828 3767 3882 illi:

2177 3928 2298 3979 Non
2328 3924 2535 3989 eadem,
2584 3923 2877 3993 inquiunt,
2938 3925 3133 3978 ceteris
3188 3927 3359 3993 regni
3410 3917 3769 3997 principibusd

2176 4014 2332 4068 nobis
2383 4011 2649 4066 incumbit
2694 4013 2989 4066 necessitas
3046 4012 3389 4069 rebellionis.
3444 4013 3628 4069 Ceteris
3662 4005 3771 4061 enim

2176 4102 2430 4169 gentibus
2462 4102 2740 4156 vacatione
2770 4100 2919 4167 data,
2953 4108 3004 4156 et
3032 4118 3173 4170 pene
3192 4104 3418 4174 feriatis
3438 4100 3682 4165 omnibus,
3700 4106 3769 4145 ποτε

2174 4191 2313 4245 solos
2342 4190 2449 4244 sibi
2469 4188 2835 4259 peculiariter
2880 4191 3139 4261 elegerat,
3189 4209 3325 4262 quos
3374 4189 3649 4247 secundum
3673 4196 3771 4254 pro-

2173 4280 2346 4349 pheta:
2379 4280 2444 4313 ντί
2477 4279 2711 4348 elogium
2745 4279 2941 4349 (Amos
2976 4297 3014 4349 ι,
3051 4280 3136 4349 13)
3171 4282 3233 4333 in
3252 4281 3523 4351 plaustris
3542 4274 3705 4343 ferreis
3720 4268 3769 4303 '7’

2173 4370 2467 4422 trituraret
2496 4367 2602 4426 973:
2633 4382 2866 4437 quorum
2896 4370 3217 4437 regionibus
3265 4373 3386 4440 post
3416 4370 3609 4423 initum
3643 4354 3772 4416 semel

421 4460 587 4516 ribus
609 4455 1094 4530 expostulassent,
1119 4455 1229 4509 nisi
1247 4459 1430 4510 Bucco
1447 4454 1935 4511 Halberstatensis
1953 4456 2066 4528 epi-
2096 4476 2141 4540 Β
2168 4458 2549 4527 principatum
2580 4473 2883 4527 numquam
2912 4455 3231 4519 excederet;
3264 4459 3463 4528 quibus
3497 4462 3607 4527 post
3630 4450 3770 4518 erele

418 4565 653 4621 scopus,
678 4552 737 4603 et
753 4545 920 4617 pauci
945 4544 1262 4601 admodum
1283 4544 1383 4615 qui
1401 4560 1610 4599 sanum
1635 4544 1855 4615 aliquid
1875 4546 2063 4616 sapie-

415 4640 576 4705 bant,
601 4638 885 4708 impetum
911 4632 1329 4689 tumultuantis
1357 4634 1539 4688 turbae
1557 4633 1777 4687 salubri
1800 4634 2061 4689 modera-

415 4728 572 4783 tione
623 4724 1038 4781 inhibuissent.
1100 4723 1233 4788 Rex,
1316 4727 1549 4794 accepto
1604 4723 1816 4778 nuncio
1885 4723 2057 4778 vicini

412 4818 656 4887 jamque
687 4813 964 4869 instantis
995 4811 1259 4882 periculi,
1288 4812 1539 4883 graviter
1572 4816 1764 4867 mente
1794 4818 2051 4867 conster—

2168 4545 2507 4615 patrimonia
2533 4546 2835 4600 libertatem
2854 4561 3063 4615 quoque
3085 4548 3409 4617 eriperet,et
3429 4541 3770 4599 natalibusom‘

2171 4637 2329 4688 nium
2344 4636 2651 4703 infamatis,
2676 4634 2994 4691 durissimae
3023 4637 3311 4690 servitutis
3331 4651 3532 4705 Jugum
3552 4625 3771 4702 injiceret

2171 4723 2241 4777 ad
2271 4739 2503 4793 quorum
2539 4724 2937 4794 Oppressionem
2992 4725 3236 4793 singulis
3268 4723 3544 4779 montibus
3590 4715 3771 4775 collicu-

2170 4813 2341 4883 lisque
2369 4812 2697 4883 praesidium
2730 4814 3052 4884 imponeret,
3082 4817 3140 4867 ut
3160 4829 3339 4883 aquas
3359 4820 3569 4868 nostras
3584 4801 3773 4879 pecunia

1751 4962 1989 5018 VARle
2030 4963 2437 5020 LECTIONES.

482 5082 550 5117 ⁸⁸³
581 5079 855 5149 dejiceret
883 5079 935 5132 3.
1020 5078 1088 5112 953
1114 5078 1253 5150 jura
1288 5093 1553 5148 superscr.
1609 5076 1757 5133 scita
1788 5079 1837 5133 4.
1915 5078 1983 5112 95‘
2016 5078 2285 5150 diligeret
2332 5083 2388 5134 et
2416 5079 2657 5135 haberet
2686 5081 2737 5135 3.
2817 5080 2883 5115 ’⁵⁸
2913 5080 3198 5137 hactenus
3230 5080 3284 5135 4.
3316 5080 3371 5136 5.
3449 5077 3513 5114 ⁹⁸⁶
3543 5068 3768 5150 proprills

412 5154 490 5206 1".
566 5138 920 5206 957'admittit
949 5150 1003 5204 3.
1081 5138 1146 5183 95'”
1177 5138 1495 5203 Hartesbur
1584 5150 1631 5204 1.
1678 5152 1731 5204 3.
1780 5151 1832 5203 4.
1910 5150 1976 5184 ⁹⁵⁹
2007 5138 2302 5206 Οεεέηὺιιυ
2351 5151 2548 5222 gensis
2582 5152 2632 5206 4.
2712 5152 2778 5186 93°
2806 5152 2952 5208 deest
2999 5154 3053 5207 3.
3132 5153 3196 5187 ⁹⁶¹
3236 5138 3693 5209 Ματοὴννθὶιάυἱη
3728 5138 3767 5190 3-

412 5224 478 5257 ὀἳ
508 5222 652 5273 deest
703 5222 757 5273 5.
834 5221 902 5255 ’53
944 5219 1330 5273 nromisitaue
1390 5220 1439 5273 1.
1496 5166 1574 5273 g?
1648 5220 1717 5256 35‘
1766 5238 2089 5273 numquam
2146 5223 2198 5273 3.
2276 5168 2347 5256 πῇ
2383 5227 2507 5273 erat
2560 5222 2649 5273 vir
2702 5224 2756 5273 3.
2833 5224 2899 5258 9“
2945 5224 3193 5273 ducibus
3252 5226 3304 5273 4,
3384 5224 3449 5259 9⁵⁷
3497 5221 3680 5273 iniqua
3723 5210 3766 5262 5-

411 5224 478 5257 ⁹⁶²
508 5222 652 5277 deest
703 5222 757 5275 5.
834 5221 902 5255 ’53
944 5219 1330 5292 promisitque
1390 5220 1439 5274 1.

411 5294 476 5327 ³⁸⁸
506 5293 831 5363 coegissent
884 5290 959 5345 [μ’
1017 5292 1082 5326 ⁹⁶⁹
1109 5290 1256 5346 deest
1301 5292 1356 5345 5.
1433 5291 1499 5325 "0
1529 5290 1688 5348 deest.
1747 5294 1800 5347 5.

407 5378 535 5419 eum
562 5362 615 5417 3.
649 5364 699 5418 4.
733 5364 788 5416 5.

1648 5220 1717 5256 3“
1766 5238 2089 5293 numquam
2146 5223 2198 5275 3.
2276 5223 2318 5256 ⁹⁶

1655 5300 1671 5328 ρ
1749 5294 1782 5328 ις
1876 5293 2285 5328 cummagna

1978 5293 2285 5364 prophecie
2324 5295 2379 5349 5.
2456 5294 2526 5329 θη
2558 5298 2957 5351 consternatus
3007 5297 3060 5351 5.
3138 5296 3209 5331 ’⁷³
3239 5296 3384 5353 deest
3433 5296 3482 5351 1.
3542 5280 3679 5346 habet
3723 5280 3763 5334 6-

2383 5210 2507 5277 erat
2560 5222 2649 5276 vir
2702 5224 2756 5277 3.
2833 5224 2899 5258 ⁸⁸⁸
2945 5224 3193 5279 ducibus
3252 5226 3304 5279 4.
3384 5224 3449 5259 ⁹⁶⁷
3497 5221 3680 5289 iniqua

1995 5461 2223 5520 NOTJE.

478 5556 629 5657 ς311)
652 5555 720 5613 ν.
749 5571 928 5628 supra
955 5558 1065 5617 col.
1101 5560 1259 5632 1122,
1294 5559 1451 5619 1123.
