3998 6146
297 323 440 387 1141

1548 328 1936 392 ANNALES.
1969 360 2046 373 —-
2076 330 2202 390 AN.
2251 328 2426 392 1073.

3532 326 3685 389 1112

295 465 480 533 Atque
509 460 590 516 ita
617 460 893 536 deinceps
924 463 1125 521 multis
1154 463 1361 521 diebus
1392 464 1450 520 in
1482 482 1544 520 se
1575 466 1733 536 ipsos
1784 470 1839 520 et
1868 464 1927 520 in
1959 464 2013 530 A
2043 463 2374 519 tinniebant
2394 482 2562 521 aures
2576 463 2973 536 omnium,nec
2995 463 3274 538 eos,quod
3298 481 3400 537 pro
3420 462 3685 520 libertate

292 551 628 606 suaviscera
649 551 846 608 hostili
869 553 1060 625 gladio
1079 555 1750 624 debachantes,externis
1766 554 1934 610 bellis

293 640 616 696 necessario
649 643 1028 712 supersedere
1051 645 1425 715 cogebantur.
1451 676 1517 685 —
1551 645 1670 698 Rex
1701 661 1934 716 quoque

291 729 609 798 Danorum,
643 747 868 786 memor
898 732 1140 788 ﬁrmata:
1165 734 1293 805 jam
1340 733 1562 806 pridem
1616 751 1750 789 cum
1802 749 1933 805 rege

289 819 598 892 pactionis,
633 837 766 875 cum
791 823 1044 877 exercitu
1078 823 1265 878 navali
1300 824 1582 896 applicuit
1630 825 1700 878 ad
1753 824 1929 878 Saxo-

291 910 471 976 niam,
501 915 556 964 et
589 911 790 965 tractis
822 928 922 984 per
947 911 1120 983 longa
1151 917 1440 968 terrarum
1469 913 1666 985 spacia
1689 913 1931 968 navibus

287 998 343 1052 in
378 999 652 1066 ﬂuvium,
686 1001 786 1071 qui
821 1001 1285 1058 administrando
1319 1004 1557 1075 negocio
1607 1009 1930 1074 oportunus

285 1087 610 1156 videbatur,
643 1089 775 1162 igne
801 1094 857 1146 et
880 1091 1027 1146 ferro
1051 1093 1345 1163 regionem
1368 1093 1643 1147 infestare
1667 1092 1925 1163 parabat.

283 1177 390 1232 Sed
418 1177 584 1233 miles
601 1179 728 1250 ejus
745 1179 1114 1236 vehementer
1129 1182 1487 1236 detrectabat
1512 1183 1598 1217 ¹⁰³⁸
1635 1181 1926 1245 militiam,

283 1265 539 1321 obiciens
572 1268 726 1338 quod
760 1268 894 1338 sibi,
927 1268 1198 1339 quotiens
1243 1277 1612 1326 externorum
1665 1269 1925 1324 hostium

280 1355 716 1411 incursionibus
744 1363 1145 1428 quaterentur,
1179 1360 1430 1414 Saxones
1463 1377 1566 1431 pro
1600 1376 1766 1413 muro
1803 1360 1928 1412 fue-

281 1445 417 1508 rint,
447 1461 550 1498 nec
584 1443 720 1501 ullis
752 1463 1054 1514 umquam,
1096 1464 1230 1502 cum
1265 1447 1510 1503 facultas
1569 1452 1924 1519 suppeteret,

280 1532 643 1588 lacessierint
674 1534 906 1605 injuriis
933 1542 1262 1607 ;postremo
1289 1537 1336 1592 si
1359 1525 1924 1608 calamitatem,qua

277 1623 346 1677 ad
378 1639 634 1694 przesens
661 1629 912 1696 urgeret,
942 1626 1297 1696 quandoque
1331 1625 1771 1698 prepulsarent,
1792 1642 1924 1696 gra-

280 1729 378 1766 ves
409 1729 609 1784 pcenas
639 1713 872 1782 injustaa
903 1713 1491 1785 hujusinfestationis
1525 1734 1557 1770 a
1582 1716 1792 1787 populo
1815 1715 1925 1769 Da-

279 1817 489 1856 norum
511 1806 836 1857 exacturos.
863 1801 1009 1858 Cum
1034 1803 1154 1858 haec
1180 1803 1454 1875 privatim
1481 1810 1539 1859 et
1565 1802 1927 1875 publicejac-
1959 1831 2006 1896 B

281 1890 539 1954 titarent,
577 1906 672 1945 rex
703 1891 923 1947 veritus
954 1909 1044 1963 ne,
1079 1891 1137 1946 in
1189 1909 1255 1948 eo
1303 1891 1644 1947 discrimine
1676 1910 1709 1948 a
1740 1892 1928 1947 milite

281 1979 567 2046 desertus,
600 1979 853 2036 ludibrio
879 1981 1039 2036 fieret
1061 1981 1351 2051 hostibus,
1377 1998 1550 2036 naves
1574 1982 1928 2051 retrahijus-

281 2068 378 2134 sit,
405 2073 482 2139 et,
518 2068 682 2124 nulla
720 2071 941 2142 regioni
977 2070 1140 2126 clade
1171 2070 1352 2134 illata,
1381 2071 1627 2126 Saxonia
1655 2071 1920 2126 excessit.

279 2159 364 2213 Ita
393 2163 592 2213 tantus
623 2159 719 2214 ille
752 2158 940 2214 bellici
972 2165 1293 2232 apparatus
1332 2160 1521 2216 fervor
1550 2161 1793 2232 impune
1824 2161 1923 2216 de-

279 2247 561 2318 ﬂagravit.

351 2336 646 2407 Principes
717 2337 979 2392 Saxonize
1059 2337 1125 2392 13
1199 2337 1490 2392 Kalendas
1575 2339 1922 2394 Novembris

278 2426 415 2494 (Oct.
475 2426 568 2496 20)
607 2426 775 2496 juxta
822 2426 1157 2481 condictum
1208 2432 1490 2482 venerunt
1538 2427 1596 2480 in
1647 2427 1921 2482 Gersten-

274 2531 391 2586 gun
423 2515 533 2583 '0",
566 2531 699 2568 cum
738 2517 798 2568 14
832 2514 1072 2570 milibus
1105 2515 1368 2585 armatis,
1420 2522 1610 2571 cetera
1662 2516 1923 2570 multitu-

275 2603 409 2657 dine
459 2603 527 2656 ad
575 2604 901 2658 custodiam
954 2605 1210 2676 regionis
1259 2609 1434 2676 atque
1497 2605 1553 2660 in
1619 2606 1923 2660 obsidione

275 2690 653 2747 castellorum
685 2693 975 2748 derelicta.
1008 2694 1268 2748 Aderant
1297 2711 1364 2749 ex
1423 2695 1510 2729 ¹⁰⁵⁰
1559 2699 1719 2766 parte
1769 2696 1922 2767 regis

278 2780 655 2851 Mogontinns
689 2781 1186 2853 archiepisc0pus,
1220 2782 1582 2838 Coloniensis
1613 2785 1698 2819 ¹⁰⁵¹
1734 2785 1922 2838 archi-

277 2869 925 2940 episcopus,Mettensis
942 2871 1270 2942 episcopus,
1288 2871 1786 2943 Babenbergensis
1808 2874 1925 2944 epi-

280 2974 520 3030 scopus,
555 2958 763 3014 Gozelo
797 2959 1248 3031 Luteringorum
1286 2962 1375 3002 ¹⁰³²
1407 2961 1522 3015 dux
1547 2961 1926 3027 1°”,lluodol-

275 3047 370 3100 fus
403 3047 726 3102 Suevorum
760 3048 896 3117 dux,
944 3048 1295 3104 Bertholdus
1347 3050 1436 3084 ¹⁰⁵⁴
1481 3050 1924 3108 Carentinorum

277 3135 397 3190 dux
457 3135 621 3190 missi
669 3153 702 3191 a
751 3153 884 3206 rege
933 3141 998 3191 ut
1041 3153 1306 3206 causam,
1358 3155 1534 3209 quam
1613 3141 1922 3195 adversum

277 3241 341 3279 se
391 3224 684 3292 afferrent,
736 3226 1117 3280 discuterent.
1170 3231 1299 3298 Ipse
1354 3244 1419 3282 eo
1472 3228 1665 3283 venire
1715 3229 1921 3294 noluit,
1955 3201 1997 3266 C

275 3313 380 3368 sed
414 3314 474 3368 in
509 3312 740 3368 civitate
772 3314 861 3348 ¹⁰³⁵
893 3315 1242 3387 Wirceburg
1279 3316 1368 3350 ¹⁰⁵⁶
1398 3316 1616 3371 exitum
1650 3317 1730 3372 rei
1779 3334 1924 3388 prae-

271 3402 627 3472 stolabatur,
687 3419 1016 3474 praacavens
1101 3402 1321 3459 scilicet
1397 3422 1468 3460 ne
1546 3406 1924 3462 tumultantis

271 3489 477 3562 populi
511 3491 692 3558 furor,
724 3509 834 3546 sua
877 3492 1066 3564 magis
1118 3492 1432 3563 praesentia
1484 3495 1778 3565 efferatus,
1826 3497 1926 3550 ali-

266 3579 412 3648 quid
449 3579 695 3635 forsitan
730 3581 790 3634 in
833 3597 892 3636 se
938 3581 1092 3651 quod
1144 3597 1315 3636 secus
1366 3586 1520 3637 esset
1566 3583 1921 3639 admitteret.

268 3667 461 3740 Igitur
518 3668 809 3740 principes
863 3669 1125 3723 Saxonis:
1178 3670 1509 3741 principum
1552 3672 1652 3742 qui
1711 3689 1744 3725 a
1795 3689 1925 3744 rege

261 3763 553 3812 venerant
582 3758 830 3829 pedibus
862 3757 1172 3829 provoluti,
1207 3760 1492 3829 rogabant
1514 3776 1615 3830 per
1638 3764 1838 3826 Deum,
1862 3766 1926 3816 ut

265 3847 342 3901 ad
367 3846 763 3901 ventilandam
799 3863 1036 3902 causam
1073 3864 1241 3902 suam
1277 3847 1483 3904 intenti
1511 3850 1839 3920 cognitores
1868 3856 1926 3904 et

255 3934 415 4006 justi
439 3936 673 4006 judices
699 3936 994 4001 adessent,
1028 3952 1132 3990 nec
1167 3938 1588 4007 perpenderent
1638 3945 1923 4010 quantum

269 4040 578 4095 quamque
597 4024 654 4078 in
680 4039 738 4078 re
763 4023 997 4094 publica
1018 4024 1369 4079 inusitatum
1391 4042 1537 4096 opus
1559 4029 1819 4098 aggressi
1843 4045 1926 4082 es-

265 4118 427 4181 sent,
450 4113 551 4168 sed
578 4129 704 4184 qua:
736 4113 1042 4168 calamitas
1068 4129 1164 4169 eos
1187 4114 1259 4169 ad
1283 4113 1403 4169 haec
1426 4121 1685 4170 extrema
1709 4115 1927 4188 coegis~

261 4207 377 4258 set.
434 4206 686 4274 Accepta
733 4202 943 4257 deinde
988 4202 1217 4258 dicendi
1271 4203 1456 4274 copia,
1507 4221 1645 4258 suas
1708 4205 1924 4276 singuli

261 4290 524 4360 injurias
554 4296 969 4361 exposuerunt,
996 4307 1127 4362 qua:
1157 4291 1214 4345 in
1249 4292 1407 4362 ipsos
1461 4291 1744 4364 singulos,
1798 4310 1925 4365 qua:

257 4380 450 4435 etiam
482 4379 537 4434 in
564 4384 802 4450 gentem
828 4380 915 4418 ¹⁰⁵⁷
929 4396 1028 4434 rex
1048 4380 1298 4434 nefanda
1321 4379 1576 4434 facinora
1594 4382 1924 4436 commisis-

257 4468 729 4541 set,quibus1°“8
748 4475 1029 4540 praeterea
1056 4469 1342 4523 inauditis
1366 4469 1717 4525 criminibus
1737 4471 1924 4541 ipsam

2047 571 2172 622 sua,
2210 571 2311 626 pro
2335 555 2704 627 conjugibus,
2732 573 2834 628 pro
2859 554 3057 611 liberis
3080 572 3243 610 arma
3266 553 3684 626 sumpsissent,

2044 643 2143 697 sed
2178 645 2333 715 quod
2391 644 2786 700 intolerabiles
2835 643 3221 700 contumelias
3270 643 3542 699 muliebri
3595 643 3679 680 ¹⁰⁶¹

2044 733 2324 804 patientia
2356 741 2474 788 tam
2508 735 2605 788 diu
2639 739 3102 807 supportassent,
3133 733 3454 805 culpandos
3483 749 3684 788 cense-

2042 822 2202 876 bant.
2255 822 2390 888 (Οει.
2443 822 2556 893 22.)
2605 824 2869 894 Cumque
2915 823 3106 876 triduo
3173 821 3414 877 consilia
3479 827 3683 876 contu-

2041 909 2268 977 lissent,
2302 916 2359 966 et
2390 912 2529 982 quid
2564 912 2712 966 facto
2744 929 2892 982 opus
2923 916 3077 966 esset
3123 911 3420 966 communi
3466 911 3684 966 sollici-

2041 1000 2240 1057 tudine
2263 999 2816 1072 perquirerent,haec
2840 1005 3130 1071 postremo
3153 1000 3378 1054 cunctis
3396 999 3685 1056 sententia

2039 1091 2417 1158 convenit,ut,
2443 1089 2750 1161 reprobate
2775 1105 2926 1160 rege,
2952 1088 3153 1153 alium,
3179 1088 3278 1157 qui
3303 1088 3680 1158 gubernando

2037 1195 2214 1249 regno
2248 1180 2490 1234 idoneus
2517 1183 2687 1244 esset,
2721 1178 3020 1250 eligerent.
3063 1178 3126 1232 Id
3169 1182 3366 1231 tamen
3398 1176 3542 1232 haut
3590 1183 3679 1232 te-

2038 1285 2195 1322 mere
2227 1267 2510 1340 publicari
2541 1267 2777 1340 placuit,
2802 1267 3006 1333 donec,
3032 1283 3165 1338 rege
3191 1282 3292 1335 per
3311 1265 3678 1322 occasionem

2038 1357 2198 1426 pacis
2229 1357 2285 1411 in
2311 1357 2650 1412 remotiores
2681 1362 2874 1429 partes
2889 1357 3050 1430 regni
3073 1358 3345 1422 abducto,
3370 1374 3504 1412 cum
3527 1362 3678 1413 cete-

2036 1445 2117 1499 ris
2139 1446 2298 1517 regni
2317 1446 2680 1517 principibus
2699 1447 3009 1502 consilium
3024 1447 3133 1501 hoc
3151 1447 3675 1502 communicarent.

2036 1539 2278 1605 Propter
2299 1535 2406 1590 hoc
2429 1535 2655 1609 vulgari
2679 1537 2882 1607 iubent
2903 1537 2963 1592 in
2987 1537 3237 1609 plebem,
3280 1537 3339 1592 in
3372 1537 3523 1592 hanc
3551 1554 3678 1592 sen-

2037 1623 2283 1678 tentiam
2322 1625 2627 1695 utriusque
2654 1626 2838 1696 partis
2871 1627 3162 1698 principes
3193 1627 3583 1695 consensisse,
3616 1629 3682 1681 ut

2038 1712 2296 1767 Saxones
2328 1713 2448 1783 regi
2482 1730 2584 1784 pro
2607 1713 2867 1768 admissa
2889 1715 2947 1770 in
2971 1732 3102 1770 eum
3130 1719 3304 1785 atque
3337 1716 3396 1770 in
3419 1732 3541 1771 rem
3575 1732 3679 1787 pu-

2037 1800 2247 1856 blicam
2273 1802 2597 1858 temeritate
2614 1804 2704 1837 ¹⁰⁶²
2726 1802 3190 1858 satisfactionem
3213 1819 3532 1874 congruam
3551 1821 3680 1874 pro-

2037 1895 2339 1963 ponerent,
2374 1909 2470 1946 rex
2502 1896 2696 1946 autem
2739 1891 2822 1946 eis
2840 1896 2896 1946 et
2923 1892 3057 1947 facti
3079 1891 3489 1964 impunitatem
3512 1893 3681 1948 etin-

2028 1981 2347 2052 juriarum,
2381 1980 2598 2052 quibus
2629 1981 2700 2035 ad
2724 1981 3105 2036 defectionem
3133 1997 3232 2036 eos
3257 1980 3516 2054 coegisse
3538 1980 3680 2037 insi-

2035 2070 2394 2138 mulabatur,
2427 2071 2500 2126 de
2529 2076 2718 2126 cetero
2751 2071 3124 2126 securitatem
3158 2071 3266 2126 sub
3290 2071 3678 2142 jurejurando

2035 2160 2526 2231 promitteret.His
2549 2161 2722 2216 rebus
2744 2159 3119 2215 conficiendis
3137 2166 3369 2232 tempus
3390 2164 3676 2216 statutum

2032 2253 2120 2302 est
2151 2249 2206 2302 in
2235 2248 2595 2303 nativitatem
2625 2249 2712 2284 ¹⁰⁸³
2735 2248 3123 2320 Domini,rege
3143 2265 3273 2303 eam
3297 2248 3674 2304 festivitatem

2031 2337 2279 2392 Colonia:
2312 2336 2693 2392 celebratum.
2719 2338 2787 2392 Et
2809 2337 3064 2409 profecto
3087 2336 3440 2393 Ruodolfum
3462 2338 3671 2393 ducem

2031 2426 2246 2481 ibidem
2279 2428 2501 2498 absque
2531 2427 2806 2482 dilatione
2838 2443 3030 2499 regem
3062 2426 3525 2496 constituissent,
3557 2426 3671 2482 nisi

2031 2515 2129 2570 ille
2161 2515 2530 2586 pertinaciter
2558 2515 2884 2570 resistendo
2910 2517 3158 2586 juraret,
3191 2532 3494 2586 nunquam
3530 2533 3592 2572 se
3622 2516 3679 2571 in

2035 2604 2143 2659 hoc
2177 2594 2626 2674 consensurum,
2662 2604 2773 2659 nisi
2801 2622 2834 2659 a
2860 2604 3090 2659 cunctis
3135 2604 3501 2676 principibus
3549 2621 3687 2659 con-

2035 2697 2208 2746 ventu
2243 2693 2466 2761 habito,
2500 2693 2626 2748 sine
2658 2700 2798 2749 nota
2831 2693 3095 2765 perjurii,
3127 2693 3355 2765 integra
3384 2693 3683 2750 existima-

2034 2783 2192 2836 tione
2225 2799 2352 2852 sua,
2388 2781 2443 2837 id
2479 2783 2666 2838 facere
2698 2800 2868 2854 posse
2897 2783 3322 2838 decerneretur.

2106 2870 2363 2926 Saxones
2392 2871 2450 2925 in
2483 2889 2589 2926 sua
2617 2888 2751 2926 cum
2783 2888 2923 2943 pace
2954 2871 3271 2926 redierunt.
3305 2870 3489 2927 Ceteri
3521 2871 3682 2943 prin~

2035 2958 2192 3029 cipes
2223 2959 2567 3016 Wirceburc
2596 2961 2686 2999 10”
2715 2960 2957 3032 profecti
2989 2964 3148 3027 sunt,
3182 2959 3302 3030 regi
3334 2977 3462 3031 quae
3515 2964 3681 3032 gesta

2038 3053 2269 3105 fuerant
2299 3051 2656 3106 nunciaturi.
2708 3048 2846 3120 (Oct.
2895 3050 3015 3120 27.)
3062 3049 3170 3115 Qui
3216 3050 3484 3122 protinus
3536 3049 3684 3105 nihil

2037 3139 2614 3212 hzesitans,pedibus,
2641 3143 2706 3192 ut
2727 3138 2838 3193 dici
2862 3137 3026 3208 solet,
3054 3139 3113 3192 in
3139 3137 3489 3194 sententiam
3514 3138 3678 3207 abiit,

2037 3236 2094 3287 et
2123 3229 2443 3285 dummodo
2475 3245 2584 3298 pax
2615 3227 2961 3292 cenveniret,
2986 3242 3368 3298 quascunque
3398 3226 3681 3281 conditio-

2036 3338 2139 3376 nes
2180 3317 2626 3390 imposuissent,
2656 3331 2719 3369 se
2750 3313 3194 3386 promptissime
3235 3312 3517 3380 laturum,
3552 3329 3684 3384 spo-

2035 3409 2248 3483 pondit
2281 3408 2390 3460 1°“.
2423 3404 2725 3460 Celebrata
2756 3402 2973 3456 ibidem
3012 3401 3286 3456 Omnium
3331 3404 3678 3456 Sanctorum

2037 3499 2371 3561 festivitate,
2432 3493 2809 3564 Ratisponam
2865 3492 2946 3545 ire
2993 3490 3266 3556 instituit,
3317 3488 3681 3545 animadver-

2035 3593 2164 3643 tens
2190 3585 2344 3657 quod
2381 3583 2674 3654 principes
2705 3579 2871 3644 Reni,
2905 3578 3271 3651 aliquantula
3295 3577 3563 3634 Saxonici
3593 3577 3681 3633 fu-

2036 3676 2185 3730 roris
2209 3669 2908 3744 labejaminfecti,minus
2932 3667 3316 3738 minusquein
3339 3667 3464 3722 dies
3487 3668 3578 3708 ¹⁰⁶⁶
3604 3667 3675 3721 ad

2035 3763 2362 3821 exhibenda
2390 3759 2502 3816 sibi
2533 3757 2813 3830 obsequia
2841 3759 2927 3793 ¹⁰⁶τ
2959 3757 3149 3812 devoti
3184 3757 3271 3791 ¹⁰⁶⁸
3316 3773 3382 3811 ac
3432 3754 3682 3811 benivoli

2035 3852 2335 3909 essent.Cu
2348 3866 2524 3920 mque
2545 3847 2698 3902 inter
2714 3847 2971 3901 eundum
2991 3845 3213 3917 aliquot
3229 3844 3432 3900 diebus
3458 3843 3678 3901 Nuren-

2035 3944 2176 4012 berg
2199 3943 2542 4005 moraretur,
2573 3935 2815 4008 quidam
2851 3935 2950 4006 qui
2984 3935 3148 3989 lateri
3175 3935 3449 4005 ejusjam
3473 3933 3573 3989 diu
3595 3935 3681 3988 fa-

2036 4029 2437 4086 miliarissime
2465 4027 2807 4081 observatus
2835 4024 3044 4088 fuerat,
3079 4023 3378 4094 Regenger
3421 4023 3678 4094 nomine,

2036 4121 2325 4175 incertum
2358 4117 2606 4172 aliorum
2640 4113 2919 4168 instinctu
2943 4130 3016 4168 an
3051 4111 3270 4182 privato
3292 4111 3352 4167 in
3375 4127 3508 4166 eum
3532 4113 3679 4182 (321)

2035 4209 2168 4264 odio
2204 4206 2542 4270 suscitatus,
2576 4207 2812 4274 repente
2836 4201 3100 4273 prorupit
3119 4200 3178 4255 in
3203 4199 3558 4268 medium,et
3579 4199 3682 4254 du-

2037 4295 2204 4349 cibus
2224 4291 2508 4348 Ruodolfo
2523 4308 2588 4346 ac
2602 4292 2690 4325 ¹⁰⁶⁹
2710 4288 3020 4345 Berhtoldo
3040 4305 3211 4359 grave
3224 4289 3508 4344 adversus
3547 4303 3681 4343 eum

2036 4383 2255 4437 crimen
2289 4380 2524 4436 detulit.
2564 4381 2693 4450 Ego.
2729 4377 2941 4448 inquit,
2983 4381 3033 4431 et
3086 4377 3191 4431 alii
3225 4378 3499 4448 plerique,
3548 4392 3682 4445 quos

2031 4473 2287 4544 pessimae
2316 4469 2745 4523 machinationis
2773 4483 2884 4520 sua:
2924 4481 3024 4520 rex
3070 4465 3286 4519 idoneos
3339 4466 3459 4534 fore
3503 4463 3684 4518 admi-

257 4559 418 4631 regii
450 4557 708 4614 nominis
745 4559 1113 4629 majestatem
1149 4556 1475 4629 polluisset.
1512 4560 1631 4629 (Jcr
1685 4577 1797 4626 XIX,
1849 4562 1926 4630 3.)
1961 4568 2007 4631 ι)
2038 4563 2239 4616 nistros
2263 4564 2574 4630 speraverat
2607 4556 2698 4622 17°,
2727 4571 2904 4626 nuper
2926 4553 3116 4607 multis
3137 4552 3394 4624 precibus
3431 4553 3682 4622 magnis-

261 4647 722 4720 Obstupuerunt
749 4648 840 4683 “’5’
865 4647 1158 4718 principes
1190 4646 1290 4717 qui
1323 4663 1510 4718 arege
1539 4654 1840 4717 venerant,
1874 4654 1930 4703 et
2038 4665 2139 4722 qua
2164 4644 2660 4719 pollicitationibus
2689 4644 2756 4698 ab
2788 4659 2848 4698 eo
2877 4642 3162 4696 sollicitati
3183 4657 3390 4708 sumus,
3423 4648 3502 4710 ut,
3535 4640 3682 4695 vobis

262 4752 393 4808 prae
415 4735 787 4792 immanitate
803 4735 1090 4792 scelerum
1113 4735 1437 4791 secundum
1469 4736 1810 4808 prophetam
1837 4739 1930 4774 ¹⁰¹⁰
2038 4755 2104 4795 ac
2133 4739 2327 4793 celeris
2356 4735 2516 4805 regni
2542 4731 2892 4804 principibus
2922 4731 3234 4802 Wirceburg
3254 4731 3339 4765 ¹⁰τ¹
3363 4731 3688 4786 convenien-

1639 4915 1879 4972 VARI/E
1921 4917 2337 4974 LECTIONES.

348 5049 444 5085 ¹⁰⁴⁸
477 5047 848 5103 detrectabat
882 5047 930 5100 1.

269 5139 418 5176 rum
450 5121 503 5174 4.
534 5121 591 5175 5.
628 5118 896 5175 Lutther.
933 5119 982 5173 1.

274 5193 372 5274 ξξιξτ
404 5209 478 5274 β..
502 5207 680 5274 suam
866 5189 955 5274 mf“
982 5189 1200 5274 quibus
1224 5189 1612 5274 :_pol‘uisset
1641 5193 1919 5274 dicunt/1.

1040 5047 1126 5084 ¹⁰³⁹
1157 5045 1513 5116 Gerstengen
1545 5049 1598 5103 3.
1633 5050 1685 5103 4.

269 5261 508 5318 libri-4.
588 5261 680 5298 ¹⁰⁶²
712 5261 1060 5318 temeritatis
1089 5262 1142 5315 3.
1223 5261 1312 5296 ¹⁰⁶²
1345 5264 1647 5318 nativitate
1679 5265 1731 5317 3.
1767 5269 1886 5319 nat.
1911 5265 1946 5318 5
1976 5263 2172 5320 natale
2206 5267 2252 5320 1.

1797 5051 1886 5085 ¹⁰⁵⁰
1917 5051 2095 5106 etiam
2127 5067 2196 5105 ex
2226 5051 2277 5106 1.
2314 5049 2402 5084 ¹⁰⁵¹
2463 5047 2578 5102 cof.
2621 5062 2704 5100 ar.
2757 5043 2950 5100 desum
3010 5046 3063 5099 4.

1065 5117 1157 5153 ¹⁰⁵³
1186 5123 1242 5172 et
1269 5119 1324 5172 3.
1407 5115 1497 5154 ¹⁰⁵⁴
1529 5120 1880 5176 Bertholdus
1913 5123 1962 5176 1.
1997 5123 2046 5177 4.
2084 5123 2137 5175 5.
2171 5119 2524 5176 Bertholdus
2553 5121 2606 5172 3.
2687 5117 2774 5157 ¹⁰⁵⁵
2803 5117 2942 5172 deest
2974 5117 3028 5170 3.
3081 5116 3170 5150 ¹⁰⁶⁶
3211 5115 3609 5187 Ἦίτθῑθὺυτε⁷⁷
3633 5116 3688 5170 3.

3163 5043 3255 5079 ¹⁰⁶²
3292 5033 3690 5116 γιυΐὴθτίηςο-

2026 5193 2116 5226 ¹⁰⁵⁰
2146 5192 2512 5248 Obstunuere
2538 5191 2589 5244 4.
2697 5189 2784 5224 ¹⁰⁶⁰

2335 5210 2512 5262 puere
2538 5210 2589 5244 ιι.
2698 5210 2784 5224 ιννν
2851 5210 2994 5260 prop

2337 5265 2426 5299 ¹⁰⁶⁴
2458 5264 2536 5317 ita
2568 5263 2620 5316 1.
2651 5261 2997 5331 Wiroeburg

2850 5187 3226 5260 propheciam
3264 5188 3343 5260 5._
3421 5187 3509 5223 ¹⁰⁶¹
3551 5203 3693 5260 ωιλ-

3035 5262 3087 5314 3.
3133 5258 3482 5331 Wirceburg
3529 5258 3582 5315 4.
3611 5260 3694 5314 5?

278 5337 381 5408 “ﬁ
419 5334 724 5408 respondit
753 5335 806 5389 3.
889 5334 981 5378 1°56
1007 5332 1068 5408 in
1090 5332 1147 5386 d.
1180 5332 1373 5388 desunt
1395 5334 1446 5388 4.
1508 5337 1614 5408 γ¹⁰⁶⁷
1645 5333 1774 5408 exh.
1809 5335 2102 5408 colloquia
2133 5337 2184 5389 3.
2273 5336 2361 5372 ¹⁰⁶⁸
2391 5336 2598 5391 devota
2646 5334 2696 5387 4.
2777 5333 2866 5367 ¹⁰⁶⁰
2895 5328 2988 5387 δι’
3009 5332 3063 5385 5.
3123 5328 3693 5388 Βενιὴοιάο“θηιηοε.

288 5407 389 5444 “7°
425 5407 707 5479 sperabat
736 5406 1103 5478 superscripto
1134 5409 1464 5476 speraverat
1492 5407 1544 5463 4.
1628 5407 1713 5443 ¹⁰⁷¹
1751 5406 2093 5480 Wirezburg
2120 5409 2173 5471 3,

1864 5557 2097 5616 NOT/E.

370 5654 524 5732 (331)
554 5655 792 5732 Regem.
