3998 6146
389 270 544 332 1143

1548 258 1948 322 LAMBEltTI
1998 253 2635 318 HERSFELDENSIS

3594 249 3718 311 HM

394 404 543 461 tibus
567 414 617 458 et
647 400 951 457 secretioris
968 397 1203 469 colloqui
1235 395 1423 467 gratia
1469 394 1758 465 paululum
1789 410 1820 447 a
1849 392 2037 447 multi-
2068 394 2114 457 Α
2149 388 2412 460 quolibet
2443 386 2675 442 homine
2705 382 2915 441 collata
2947 398 3148 451 manu,
3180 382 3235 436 et
3264 395 3423 436 suam
3467 382 3514 435 et
3554 379 3707 453 ipsius

398 493 589 550 tudine
616 491 859 555 remotis,
892 488 1101 541 armati
1120 488 1179 541 in
1200 502 1288 541 vos
1321 486 1681 548 irrueremus,
1705 493 1780 553 et,
1806 478 2045 538 trucida-

403 584 473 639 tis
502 580 787 637 scditionis
808 576 1141 641 auctoribus,
1188 577 1367 646 ipsum
1392 574 1660 645 periculo,
1710 590 1825 627 rem
1852 570 2046 643 publi-

398 689 521 727 cam
546 668 958 740 perturbatione
1008 666 1096 701 ¹⁰τ²
1129 666 1509 720 liberaremus.
1538 664 1600 717 Et
1637 664 1802 717 ceteri
1830 661 2047 733 quidem

399 761 536 817 satis
560 757 796 829 impigre
824 758 1174 827 susceperunt
1215 755 1525 825 negocium.
1585 752 1742 807 Solus
1793 767 1889 820 ego
1937 756 2049 806 tam

391 850 642 923 justiciw
666 850 921 917 respectu
951 862 1114 916 quam
1142 845 1327 914 futuri
1345 842 1553 913 judicii
1581 849 1730 895 metu
1780 841 2047 895 detrecta-

405 937 527 994 bam
552 952 685 1009 opus
712 936 1023 1007 nefarium,
1056 943 1127 999 et,
1156 936 1423 1005 quantum
1455 931 1725 986 obluctari
1772 930 2049 985 obstinatae

402 1027 689 1085 sententia:
717 1024 1008 1090 audebam,
1048 1023 1331 1079 dehortari
1380 1038 1504 1077 cum
1533 1020 1768 1075 conabar
1801 1037 1833 1074 a
1858 1034 2052 1090 pr0po-

404 1119 528 1173 sito.
559 1118 901 1187 Quapropter
928 1120 1076 1168 tanta
1108 1114 1169 1166 in
1197 1126 1282 1166 me
1310 1110 1601 1165 incanduit
1652 1108 2049 1179 indignatione,

406 1209 531 1261 uta
559 1203 912 1260 contubernio
951 1217 1066 1271 suo,
1127 1216 1229 1272 quo
1284 1215 1369 1254 me
1425 1199 1688 1253 hactenus
1738 1198 2054 1253 ceteris1073

410 1294 760 1368 familiarius
792 1292 1125 1363 perfruitum
1181 1291 1384 1360 optime
1434 1288 1622 1355 nostis,
1667 1288 1932 1358 protinus
1972 1302 2057 1340 me

410 1390 698 1452 amoveret,
730 1388 782 1436 et
799 1379 1175 1453 jugulandum
1204 1378 1611 1450 apparitoribus
1651 1377 1767 1431 suis
1825 1376 2055 1447 objecis-

411 1481 509 1538 set,
534 1473 644 1527 nisi
661 1470 971 1542 periculum
992 1471 1305 1534 imminens,
1321 1467 1695 1538 penetralibus
1715 1480 1944 1536 propere
1968 1464 2056 1499 “’7‘

415 1560 735 1627 excedenda,
766 1560 1139 1615 declinassent.
1174 1557 1274 1612 His
1305 1556 1497 1626 dictis,
1532 1556 1590 1610 in
1643 1557 2057 1626 argumentum

417 1650 551 1707 ﬁdei
581 1650 773 1707 locum
803 1649 1109 1720 expressit,
1128 1646 1393 1701 conscios
1419 1644 1763 1713 nominavit,
1788 1648 1863 1711 et,
1890 1642 1940 1697 si
1964 1658 2061 1697 rex

416 1740 798 1809 inﬁciaretur,
836 1741 1103 1809 paratum
1137 1752 1198 1791 se
1223 1734 1303 1789 ait
1333 1750 1464 1789 cum
1497 1734 1646 1805 ipso,
1697 1733 1745 1787 si
1799 1733 1855 1787 id
1904 1731 2062 1803 leges

418 1832 778 1902 paterentur,
802 1825 888 1881 vel
910 1842 1043 1880 cum
1058 1823 1263 1895 quovis
1285 1822 1542 1889 homine,
1570 1826 1837 1877 conserta
1858 1838 2057 1888 manu,

419 1934 543 1974 rem
576 1916 770 1973 divino
796 1914 1019 1986 judicio
1068 1912 1450 1969 committere.
1505 1911 1896 1966 Vehementer
1942 1910 2063 1965 haec

416 2008 595 2063 verba
624 2008 1041 2078 pormoverunt
1072 2002 1378 2075 praedictos
1410 2002 1607 2071 duces,
1642 2017 1775 2067 cum
1808 2006 1964 2055 esset
2014 2000 2065 2055 is

420 2096 518 2169 qui
543 2096 839 2151 deferebat
858 2093 1035 2149 homo
1053 2092 1196 2147 haut
1219 2090 1451 2146 obscuri
1477 2107 1550 2145 no
1575 2088 1751 2144 minis
1771 2089 1830 2144 in
1852 2087 2066 2160 palatio

420 2191 478 2241 et
507 2185 661 2258 apud
694 2200 833 2239 suos
864 2181 1153 2238 inviolatae
1184 2178 1654 2235 existimationis.
1688 2182 1974 2233 Praeterea
2003 2194 2070 2233 ea

422 2292 515 2331 res
538 2274 913 2347 potissimum
932 2271 1104 2327 dictis
1130 2270 1303 2325 ﬁdem
1327 2269 1693 2335 conciliabat,
1721 2269 1873 2340 quod
1898 2284 1994 2323 rex
2015 2272 2073 2321 et

425 2364 555 2421 aliis
579 2363 936 2437 quibusdam
953 2359 1318 2432 principibus
1337 2358 1460 2414 suis
1483 2357 1662 2414 simili
1682 2358 1850 2412 modo
1871 2374 2071 2413 necem

426 2452 724 2527 paravisse
754 2456 813 2507 et
843 2450 1154 2521 plerosque
1184 2465 1252 2502 ex
1283 2447 1676 2503 familiaribus
1725 2446 1849 2501 suis
1898 2447 2073 2501 etiam

428 2540 847 2610 occidissejam
870 2538 1095 2610 pridem
1120 2537 1460 2591 imfamatus
1483 2535 1897 2605 fuerat.Itaque
1917 2534 2076 2607 lega-

430 2634 522 2687 tos
554 2630 626 2685 ad
660 2644 794 2684 eum
826 2626 1089 2696 mittunt,
1125 2625 1523 2696 mandantque
1553 2641 1615 2678 se
1636 2625 1760 2694 jam
1794 2623 1955 2677 nulla
1988 2639 2075 2677 re-

433 2719 652 2792 ligione
680 2717 867 2774 teneri
900 2715 1274 2777 sacramenti,
1307 2731 1420 2784 quo
1453 2713 1503 2769 ei
1544 2713 1715 2768 ﬁdem
1770 2711 2079 2783 subjectio-

440 2823 691 2880 nemque
722 2808 1081 2872 ﬁrmassent,
1105 2821 1237 2859 cum
1269 2804 1392 2875 ipse
1416 2802 1575 2874 prior
1596 2803 1769 2858 ﬁdem
1794 2802 2079 2874 prodidis-

434 2903 524 2955 set
544 2904 600 2954 et
626 2898 696 2951 de
728 2894 916 2951 salute
947 2911 1056 2949 sua
1099 2892 1439 2947 tractanbus
1478 2890 1723 2947 insidias
1776 2891 2077 2947 machina-

430 2991 528 3042 tus
559 2985 800 3050 fuisset;
835 2982 1097 3055 proinde,
1133 2980 1248 3036 nisi
1281 2980 1505 3051 objecta
1537 2979 1825 3050 diluisset,
1854 2979 2074 3036 nullam

431 3076 703 3145 deinceps
736 3090 769 3128 a
800 3089 863 3127 se
891 3072 978 3127 vel
1008 3071 1066 3125 in
1100 3070 1434 3141 tranquillis
1468 3070 1641 3125 rebus
1677 3070 1849 3125 fidem
1881 3069 1967 3124 vel
2011 3070 2070 3124 in

2154 477 2547 533 innocentiam
2574 479 2956 530 asserturum.
2982 469 3303 541 Statimque
3315 469 3379 523 ad
3399 470 3583 523 ducem
3601 471 3721 526 Run-

2156 567 2377 622 dolfum
2398 566 2744 636 abiit,seque
2768 566 3037 635 paratum
3064 559 3225 633 dixit,
3251 574 3571 630 quocunque
3587 561 3719 615 modo

2155 658 2281 730 ipse
2304 673 2533 725 mquum
2551 648 3275 723 judicasset,mendacium
3300 647 3576 719 Regingeri
3598 649 3727 703 refel-

2157 746 2295 801 lere.
2330 745 2432 801 Ille
2472 742 2928 799 satisfactionem
2982 756 3087 794 nec
3139 737 3393 809 suscepit
3434 752 3528 791 nec
3570 741 3727 808 aperta

2159 836 2347 890 fronte
2380 832 2605 899 abnuit,
2640 833 2740 887 sed
2772 830 2853 885 ait
2885 846 2946 884 se
2994 843 3173 899 super
3217 824 3323 880 hac
3374 826 3454 860 ¹⁰⁸¹
3504 823 3731 880 delibera-

2158 924 2315 979 tione
2346 927 2671 978 ceterorum
2706 918 3040 992 principum
3075 914 3415 971 sententiam
3460 918 3729 984 expectatu-

2160 1030 2312 1067 rum.
2340 1013 2477 1082 Rex,
2504 1010 2655 1065 sicut
2677 1008 3010 1063 instituerat
3034 1006 3147 1076 1°”,
3168 1004 3531 1075 Ratisponam
3546 1009 3733 1057 conten-

2162 1101 2246 1156 dit
2276 1102 2427 1172 (Nov.
2460 1100 2574 1171 26),
2600 1098 2877 1154 omnibus
2902 1096 3148 1161 invisus,
3172 1093 3440 1148 omnibus
3460 1097 3731 1162 suspectus,

2163 1207 2268 1245 nec
2300 1190 2422 1262 ipse
2444 1189 2571 1260 jam
2602 1186 2876 1256 cuiquam
2901 1183 3210 1239 hominum
3234 1181 3375 1237 satis
3397 1180 3520 1235 fidei
3540 1174 3732 1246 habens,

2163 1296 2298 1334 cum
2330 1278 2388 1333 bi
2422 1294 2651 1350 quoque
2671 1292 2819 1348 quos
2842 1273 3051 1329 intima
3075 1269 3458 1327 familiaritate
3474 1268 3734 1324 sibidevin-

2164 1371 2349 1434 xerat,
2366 1368 2432 1422 ad
2450 1366 2701 1438 primum
2724 1362 3052 1437 ingruentis
3076 1358 3437 1434 tempestatis
3454 1357 3737 1413 nubeculam

2168 1476 2201 1513 a
2231 1474 2292 1512 se
2323 1456 2694 1511 defecissent.

2241 1549 2465 1601 Interea
2502 1549 2756 1599 Saxones
2812 1540 3035 1596 crebris
3078 1536 3464 1609 legationibus
3509 1535 3743 1607 urgebant

2169 1635 2463 1708 principes
2497 1632 2660 1699 Reni,
2696 1636 2759 1686 ut
2786 1629 2875 1685 vel
2909 1629 3021 1685 sibi
3053 1626 3442 1683 constituendi
3464 1624 3598 1695 regis
3623 1630 3739 1694 pote-

2171 1730 2387 1781 statem
2418 1725 2695 1791 facerent,
2728 1719 2817 1775 vel
2846 1719 2979 1791 ipsi,
3017 1716 3298 1789 quoniam
3330 1719 3385 1770 et
3422 1713 3666 1786 dignitate
3703 1716 3742 1766 et

2174 1813 2550 1870 multitudine
2572 1809 2901 1881 superiores
2922 1809 3561 1877 essent,quemcumque
3580 1801 3741 1856 vellent

2173 1903 2500 1960 Saxonibus
2515 1899 2861 1972 suffragium
2884 1894 3499 1966 ferentibus,eligerent
3518 1890 3741 1946 etconsti-

2175 1997 2423 2063 tuerent,
2458 2008 2563 2046 nec
2596 1990 2856 2045 sinerent
2888 2004 3009 2043 rem
3042 1984 3340 2057 publicam
3364 1982 3530 2037 unius
3548 1979 3747 2035 hominis

2178 2083 2407 2156 ignavia
2424 2082 2495 2136 ad
2518 2084 2837 2136 extremam
2856 2091 3043 2148 usque
3064 2074 3397 2129 vastitatem
3420 2069 3661 2143 deperire.
3677 2068 3746 2122 llis

2179 2189 2461 2228 accensus
2484 2172 2578 2210 1°83
2606 2168 3079 2240 archiepiscopus
3102 2164 3495 2237 Mogontinus,
3516 2160 3596 2216 cui
3616 2157 3747 2231 potis-

2182 2263 2401 2318 simum
2435 2266 2671 2333 propter
2701 2258 3019 2331 primatum
3055 2255 3144 2290 ¹⁰⁸⁴
3165 2253 3509 2326 Mogontinaa
3526 2249 3658 2304 sedis
3674 2246 3747 2300 eli-

2183 2352 2356 2424 gendi
2388 2357 2445 2407 et
2473 2347 2856 2406 consecrandi
2889 2345 3043 2418 regis
3073 2344 3398 2400 auctoritas
3427 2338 3745 2400 deferebatur,

2186 2442 2477 2515 principes
2512 2442 2582 2495 de
2629 2444 2748 2493 toto
2809 2453 2984 2508 regno
3034 2434 3393 2507 Mogontiam
3440 2427 3675 2492 evocavit,
3710 2428 3752 2478 ut

2186 2529 2736 2589 communiconsilio
2760 2526 3111 2582 Buodolfum
3139 2526 3351 2581 ducem
3373 2536 3552 2595 regem
3564 2519 3751 2571 “’“con-

2188 2624 2474 2678 stitueret.
2509 2620 2671 2685 Quod
2705 2619 2804 2674 ubi
2834 2616 2953 2690 regi
2985 2618 3353 2687 compertum
3375 2616 3478 2683 est,
3500 2604 3754 2677 assumptis

2188 2729 2388 2770 secum
2420 2726 2802 2783 quoscunque
2832 2706 2999 2762 donis
3027 2703 3115 2760 vel
3138 2702 3445 2776 promissis
3469 2701 3533 2756 ad
3553 2695 3751 2754 studium

2187 2820 2433 2862 suarum
2470 2799 2724 2873 partium
2758 2796 2989 2852 allicere
3019 2795 3231 2865 potuit,
3256 2792 3509 2849 concitus
3524 2790 3585 2843 de
3603 2786 3752 2855 Bajoa-

2186 2897 2273 2951 ria
2306 2892 2602 2957 remeavit,
2634 2894 2797 2946 ratus
2828 2892 2961 2945 ante
2990 2887 3188 2944 omnia
3237 2885 3596 2959 impedienda:
3623 2876 3749 2933 tanta:

2188 2984 2268 3040 rei
2300 2998 2501 3038 curam
2534 2980 2842 3053 agendam.
2866 2979 3129 3050 Cumque
3150 2994 3332 3050 prope
3352 2971 3695 3031 Wormaciam
3710 2962 3750 3015 in

2185 3075 2376 3130 locum
2410 3071 2509 3143 qui
2534 3072 2747 3127 dicitur
2779 3069 3199 3141 Lovendeburg
3231 3068 3321 3104 ¹⁰⁸⁶
3350 3067 3491 3138 (332)
3535 3059 3749 3120 venisset.

426 3130 785 3237 perturbatis
814 3159 1095 3217 auxilium
1112 3130 1346 3232 sperare
1373 3160 1598 3215 debere.
1627 3163 1795 3231 Egre
1818 3158 2064 3213 nimisid
2103 3130 2143 3196 Ο
2184 3130 2531 3237 gravissima
2557 3160 2899 3233 aegritudine
2928 3130 3233 3231 correptus
3266 3130 3440 3228 (Dc‘br.
3476 3130 3560 3224 '1),
3601 3147 3751 3207 multis

424 3270 638 3327 passus
662 3251 984 3321 rex,statim
1010 3251 1079 3305 ad
1104 3248 1385 3321 populum
1402 3249 1603 3304 retulit
1623 3251 1693 3303 de
1715 3248 2065 3320 importuni-

420 3347 538 3397 tate
559 3341 834 3397 Ruodolﬁ
859 3339 1048 3404 ducis,
1073 3338 1196 3409 qui,
1221 3343 1286 3392 ut
1308 3337 1619 3393 invadendi
1641 3338 2067 3409 regnioccasio-

424 3447 554 3486 nem
590 3429 893 3499 inveniret,
927 3445 1059 3483 cum
1090 3444 1294 3482 verum
1329 3427 1441 3481 sibi
1474 3428 1693 3481 crimen
1744 3426 2067 3499 impingere

422 3538 540 3576 non
574 3522 791 3592 posset,
824 3516 990 3573 falsis
1022 3515 1459 3587 suspicionibus
1490 3526 1545 3570 et
1575 3520 1697 3570 arte
1728 3517 2068 3586 compositis

424 3608 758 3665 rumoribus
789 3608 1096 3679 impeteret
1129 3606 1218 3643 ¹ο⁷⁵
1248 3609 1303 3659 et
1334 3605 1577 3659 obruere
1626 3610 1934 3660 conaretur
1979 3605 2069 3639 ¹⁰Ἷ⁶

420 3696 824 3754 innocentiam
856 3711 1047 3751 suam.
1084 3694 1187 3749 Sed
1214 3693 1428 3766 procul,
1463 3694 1565 3758 ait,
1613 3693 1903 3766 facessant
1954 3709 2067 3747 ver-

425 3788 622 3843 borum
675 3800 898 3856 pugnw,
947 3786 1154 3839 cessent
1209 3782 1414 3837 callida
1474 3784 1559 3819 ’0'”
1618 3787 2071 3853 argumentorum

421 3876 771 3951 fantasmata
805 3874 914 3940 1°73,
947 3875 1056 3942 Ego
1087 3888 1197 3927 nou
1226 3872 1425 3941 verbis,
1470 3872 1565 3926 sed
1610 3888 1779 3925 manu
1818 3889 1941 3925 mea
1990 3886 2072 3925 re-

424 3966 617 4039 fellam
646 3962 1013 4029 mendacium,
1047 3964 1098 4017 et
1126 3963 1372 4031 neglecta
1406 3963 1631 4016 interim
1652 3962 1796 4028 regii
1829 3962 2071 4015 nominis

428 4055 728 4123 majestate,
762 4068 887 4106 cum
918 4053 1032 4121 ipso
1062 4050 1196 4105 duce
1228 4050 1494 4119 Ruoo’olfo
1532 4065 1867 4120 congressus,
1922 4050 2069 4103 dete-

427 4158 555 4210 gam
583 4140 865 4195 cuniculos
898 4139 1037 4206 ﬁctae
1066 4138 1229 4209 hujus
1258 4139 1688 4204 criminationis,
1741 4154 1850 4209 qua
1906 4139 2070 4192 mali-

426 4232 570 4285 tiam
599 4245 755 4284 suam
786 4228 1026 4298 palliare
1059 4230 1308 4293 conatur,
1340 4230 1419 4293 ut,
1452 4228 1502 4280 si
1528 4242 1765 4298 regnum
1818 4228 2070 4294 amisero,

427 4334 537 4375 non
562 4334 687 4373 mea
707 4318 888 4389 culpa,
921 4316 1011 4371 sed
1037 4332 1136 4387 per
1162 4317 1316 4371 illius
1345 4317 1845 4387 supplantationem
1883 4318 2073 4388 perfu-

428 4411 683 4479 riumque
710 4407 1004 4479 intelligar
1024 4407 1293 4460 amisisse.
1319 4406 1478 4461 Tunc
1502 4406 1589 4439 1°79
1611 4405 1956 4461 Oudalricus
1984 4407 2072 4441 ¹⁰⁸⁰

2177 3236 2381 3308 diebus
2414 3250 2560 3306 lecto
2592 3251 2937 3317 decubabat,
2970 3266 3259 3323 spemque
3290 3248 3587 3304 maximam
3611 3236 3750 3295 hosti-

2175 3342 2287 3396 bus
2320 3342 2442 3396 suis
2473 3341 2703 3406 fecerat,
2736 3344 2931 3396 tantos
2963 3341 3184 3396 irarum
3222 3343 3415 3395 motus
3438 3336 3553 3392 sine
3572 3326 3752 3400 sangui-

2177 3429 2269 3485 nis
2298 3429 2580 3485 effusione
2614 3446 2784 3500 posse
2814 3426 3041 3483 conﬁci.
3074 3429 3187 3485 Sed
3226 3430 3298 3485 ab
3331 3420 3640 3483 inﬁrmitate
3663 3415 3749 3500 vixf

2171 3520 2313 3575 dum
2348 3517 2515 3589 plene
2551 3522 2877 3582 recreatus,
2914 3519 3309 3575 Wormaciam
3368 3516 3646 3575 festinavt;
3679 3498 3753 3557 ubi

2182 3624 2315 3662 cum
2353 3623 2565 3678 magna
2595 3622 2811 3677 pompa
2844 3624 2877 3662 a
2909 3608 3135 3664 civibus
3166 3609 3227 3663 in
3264 3609 3460 3663 urbem
3514 3602 3752 3668 susceptus

2180 3702 2288 3759 est,
2322 3695 2421 3766 qui
2452 3699 2508 3750 et
2540 3694 2712 3766 paulo
2746 3700 2898 3766 ante,
2936 3702 2999 3751 ut
3022 3714 3129 3753 sua
3160 3714 3303 3770 erga
3330 3712 3460 3753 eum
3483 3690 3650 3748 studia
3672 3682 3750 3739 cla-

2180 3786 2335 3839 riora
2366 3784 2639 3848 facerent,
2668 3783 2884 3840 milites
2906 3787 3517 3859 episcopi,inpressum
3536 3781 3642 3851 ejus
3659 3788 3747 3845 pm'

2181 3873 2380 3928 bibere
2409 3877 2789 3945 temptantes,
2824 3875 2969 3930 urbe
2999 3876 3345 3948 expulerant
3377 3875 3483 3941 ‘0",
3510 3876 3561 3927 et
3606 3868 3749 3939 ipsum

2181 3962 2544 4034 episCOpum,
2576 3962 2688 4017 nisi
2724 3968 2964 4019 maturas
2996 3965 3136 4037 fuga
3156 3964 3361 4037 lapsus
3384 3962 3593 4019 civitate
3609 3966 3749 4011 exces-

2183 4051 2376 4117 sisset,
2407 4051 2985 4121 comprehendissent
3013 4059 3069 4108 et
3098 4053 3365 4109 vinctum
3397 4052 3446 4107 ei
3495 4043 3748 4105 misissent.

2184 4138 2448 4195 Venicnti
2483 4155 2617 4211 ergo
2648 4140 2698 4194 ei
2722 4141 2933 4197 armati
2954 4142 3354 4214 instructique
3379 4138 3587 4196 obviam
3606 4142 3752 4205 proce-

2186 4229 2352 4298 dunt,
2386 4245 2500 4283 non
2532 4230 2603 4283 ad
2634 4229 2748 4284 vim
2780 4229 3132 4300 faciendam,
3165 4232 3269 4287 sed
3293 4236 3374 4298 ut,
3398 4226 3669 4298 conspecta
3690 4230 3752 4270 eo-

2186 4334 2313 4371 rum
2351 4308 2751 4389 multitudine,
2775 4336 3075 4376 armorum
3100 4326 3405 4392 apparatu,
3424 4312 3749 4387 expeditorum

2178 4410 2462 4479 juvenum
2483 4408 3339 4478 frequentia.animadverteret,
3365 4409 3422 4463 in
3443 4395 3750 4461 arduisrebus

428 4498 498 4553 de
528 4497 818 4565 Cosbeim,
849 4513 1005 4551 unus
1036 4513 1104 4551 ex
1134 4495 1226 4550 his
1260 4495 1358 4567 qui
1393 4494 1618 4550 consilii
1656 4495 1969 4567 participes
2014 4500 2071 4550 et
2106 4503 2146 4565 Ι)
2180 4498 2303 4552 suis
2331 4503 2616 4569 quantum
2645 4499 2766 4568 spei
2807 4498 2863 4552 in
2888 4499 2973 4554 eis
3000 4515 3214 4570 ponere
3237 4497 3543 4554 debuisset.
3564 4490 3749 4558 Operam

430 4586 667 4643 sceleris
697 4584 1034 4641 administri
1068 4584 1345 4641 destinati
1394 4584 1575 4640 fuisse
1619 4586 2069 4655 accusabantur,

428 4676 661 4733 lenibus
689 4675 878 4731 verbis
909 4674 1170 4731 dolorem
1194 4674 1347 4746 regis
1374 4673 1641 4746 mitigare
1662 4675 1955 4746 studebat,
1980 4691 2071 4729 ro-

430 4766 722 4837 gabatque
752 4780 887 4820 eum
914 4780 986 4818 ne
1008 4763 1231 4834 aliquid
1256 4763 1409 4834 quod
1437 4762 1588 4818 infra
1611 4763 1827 4835 regiam
1852 4764 2074 4835 magni-

431 4853 727 4908 ﬁcentiam
760 4856 934 4921 esset,
964 4852 1013 4905 vi
1047 4850 1265 4906 doloris
1295 4851 1611 4922 impulsus,
1659 4854 2030 4923 proﬁteretur
2057 4872 2070 4921 ;

430 4957 494 4998 se
523 4942 737 4998 melius
759 4940 1064 5012 multoque
1080 4940 1317 5006 rectius,
1338 4956 1471 4995 cum
1496 4942 1815 5013 Regingero
1828 4942 1917 4998 vel
1940 4958 2073 4997 cum

2182 4602 2349 4642 suum
2364 4586 2615 4658 benigne
2637 4588 3366 4658 spondent,jusjurandum
3388 4578 3750 4647 dant,sumptu8

2183 4676 2252 4731 ad
2290 4674 2505 4730 bellum
2533 4675 3066 4731 administrandum
3098 4693 3166 4732 ex
3192 4694 3299 4733 sua
3328 4691 3387 4730 re
3408 4665 3647 4728 familiari
3663 4661 3749 4717 sin-

2185 4764 2304 4837 guli
2340 4782 2441 4836 pro
2460 4763 2610 4818 virili
2635 4765 2897 4835 portione
2918 4766 3190 4831 offerunt,
3215 4769 3272 4820 et
3294 4761 3476 4836 quoad
3500 4756 3665 4813 vivant
3684 4745 3746 4782 ¹⁰⁸⁵

2185 4871 2287 4925 pro
2319 4853 2537 4908 honore
2570 4854 2696 4923 ejus
2728 4854 2929 4909 devo.e
2960 4870 3022 4909 se
3063 4853 3414 4909 militaturos
3441 4840 3743 4904 conﬁrmant.

2186 4947 2273 4997 Ita
2303 4960 2401 4997 rex
2430 4942 2659 4998 civitate
2692 4942 3097 4998 minutissima
3122 4942 3360 5014 potitus,
3384 4939 3521 4995 hanc
3539 4930 3749 4994 deinceps

1778 5085 2019 5141 VARI/E
2058 5084 2359 5142 LECTION
2368 5084 2472 5139 ES.

500 5185 588 5220 ¹⁰⁷²
615 5184 760 5240 deest
778 5184 831 5238 4.

425 5255 479 5307 3.
514 5254 714 5324 pbant.
752 5256 875 5311 rell.

427 5324 517 5361 ¹⁰³³
547 5342 826 5381 ascensus
855 5329 908 5381 5.

422 5397 637 5450 vant5.

911 5183 1001 5218 10⁷³
1028 5180 1175 5236 deest
1205 5181 1258 5236 3.
1340 5181 1427 5218 ¹⁰⁷⁴
1451 5182 1682 5252 proprie
1709 5185 1763 5239 5.

1002 5254 1091 5290 ¹⁰⁷⁹
1122 5254 1271 5307 Tum
1303 5254 1356 5307 3.

1020 5326 1107 5363 ιοδδ
1136 5324 1283 5380 deest
1312 5326 1368 5381 4.
1481 5326 1569 5359 ¹⁰⁸⁵
1597 5326 1740 5381 deest
1763 5328 1815 5381 3.

1842 5185 1930 5219 “"5
1961 5183 2302 5255 impetraret
2333 5184 2386 5237 4.

1490 5254 1578 5288 ¹⁰⁸⁰
1608 5254 1803 5310 Udalr.
1836 5272 2020 5311 omnes
2052 5254 2140 5310 hic
2168 5263 2220 5309 et
2251 5256 2421 5323 infra.

1490 5326 1569 5359 ί⁰⁸⁵
1597 5326 1740 5381 deest
1763 5328 1815 5381 3.
1924 5329 2012 5363 10⁸⁵
2059 5326 2463 5397 louendoburg
2497 5328 2517 5381 1

3117 5182 3205 5216 ¹⁹⁷⁷
3252 5179 3437 5237 calida
3460 5177 3509 5232 5.
3602 5164 3746 5237 ὀτίίηὲ

2556 5233 2980 5309 misisses:
2998 5233 3053 5307 ’1.
3102 5253 3182 5308 59
3257 5233 3389 5288 ’ἶὸεε
3410 5233 3693 5318 "constituit
3723 5233 3746 5283 3

2680 5328 2767 5363 ¹⁰⁸⁷
2808 5325 3160 5396 expulerunt
3186 5326 3274 5379 ‘l".
3397 5320 3478 5359 ¹⁰⁸³
3522 5313 3637 5371 εοειά
3672 5313 3740 5377 Συ·

2492 5182 2582 5218 ¹⁰⁷⁶
2637 5182 2923 5237 niteretur
2956 5183 3008 5236 3.

1994 5494 2243 5587 Nom.

495 5589 643 5665 (342)
675 5589 765 5646 die
796 5590 1141 5662 Eadenburg
1172 5592 1243 5647 ad
1275 5591 1549 5648 Nicarim.
