3998 6146
184 366 339 428 1145

1448 379 1834 441 ANNALES.
1869 410 1945 425 -
1972 378 2099 440 AN.
2148 380 2326 442 10⁵13.

3430 380 3586 445 1146

178 501 563 600 belli-sedem,
598 520 745 577 gano
776 509 940 581 regni
972 526 1183 577 arcem,
1219 511 1392 583 hanc,
1416 516 1712 584 utcunque
1734 529 1825 568 res
1854 513 1910 579 Α
1940 512 2173 600 6ιὶδοΠᾶ
2192 529 2415 580 eorum,
2443 529 2569 586 quis
2618 518 2779 571 extra
2826 513 3023 570 villam
3055 517 3285 587 reperta
3313 513 3584 582 fuissent,

180 592 546 659 cecidissent,
604 595 970 654 tutissimum
1027 600 1238 655 asilum
1284 601 1497 657 habere
1529 602 1721 674 ccepit,
1755 618 1820 656 eo

181 681 336 753 quod
356 686 507 737 esset
519 687 575 738 et
587 683 810 740 civibus
830 688 1122 759 frequens,
1142 695 1199 745 et
1221 707 1525 746 murorum
1546 692 1823 746 ﬁrmitate

177 770 671 843 inexpugnabilis,
709 779 766 829 et
787 774 1048 832 ubertate
1070 778 1612 850 circumiacentium
1637 780 1820 851 regio-

179 875 325 914 num
358 860 823 932 opulentissima,
856 870 914 920 et
943 866 1217 923 omnibus
1250 885 1378 939 quae
1411 871 1470 924 in
1502 869 1655 924 bello
1689 870 1823 926 usui

177 963 312 1004 esse
341 948 528 1004 solent
570 952 752 1022 copiis
802 953 1279 1012 instructissima.
1326 959 1500 1013 Porro
1532 958 1591 1012 hi
1624 959 1723 1029 qui
1753 959 1823 1013 ab

179 1036 621 1111 archiepiscopo
640 1041 975 1113 Mogontino
992 1045 1060 1099 ad
1088 1045 1444 1117 colloquium
1468 1047 1824 1119 Mogontiam

179 1126 400 1182 evoceti
428 1128 678 1195 fuerant,
702 1131 899 1187 audito
922 1134 1073 1201 quod
1113 1151 1212 1190 rex
1258 1138 1519 1191 concitus
1551 1136 1825 1192 adventa-

180 1220 291 1283 ret,
324 1215 521 1287 plures
551 1222 708 1273 metu
744 1220 1013 1293 perculsi,
1073 1240 1137 1278 eo
1198 1224 1391 1279 venire
1421 1224 1827 1280 dissimulave-

178 1311 321 1359 runt
346 1307 561 1378 ;:pauci
585 1308 681 1379 qui
707 1316 1013 1377 venerunt,
1045 1328 1177 1366 cum
1206 1314 1278 1367 de
1298 1314 1478 1368 tantis
1506 1315 1679 1369 rebus
1703 1313 1830 1367 sine

176 1393 428 1449 aliorum
446 1396 777 1468 principum
793 1399 1159 1457 discussione
1192 1402 1540 1458 sententiam
1554 1403 1701 1458 ferre
1715 1418 1829 1457 non

175 1483 485 1548 auderent,
516 1484 664 1540 irriti
700 1488 1080 1561 frustratique
1124 1492 1534 1547 discesserunt.
1567 1492 1650 1547 Ad
1685 1508 1831 1563 quos

174 1586 280 1626 rex
304 1570 527 1643 legatos
548 1574 810 1641 mittens,
835 1577 1037 1633 multis
1076 1579 1343 1649 precibus
1366 1580 1449 1635 eis
1475 1580 1571 1635 vix
1608 1584 1665 1635 et
1684 1596 1833 1652 aegre

173 1660 445 1725 extorsit,
471 1666 533 1716 ut
561 1662 672 1718 sibi
697 1665 1001 1722 familiaris
1022 1667 1295 1740 colloquii
1323 1669 1510 1741 gratia
1530 1669 1588 1724 in
1612 1669 1836 1740 Oppen-

180 1748 347 1804 heim
374 1750 463 1785 1°39
484 1761 875 1809 occurrerent.
898 1757 1019 1820 Quo
1053 1757 1216 1824 dum,
1240 1758 1390 1813 datis
1412 1757 1710 1829 utrimque
1732 1757 1831 1812 ob-

179 1836 418 1893 sidibus
439 1845 676 1911 pr0pter
696 1843 936 1913 periculi
962 1845 1379 1916 suspicionem,
1404 1846 1723 1912 venissent,
1743 1862 1836 1918 pe-

180 1926 364 1982 dibus
383 1944 589 1984 oorum
612 1930 975 2002 provolutus,
1014 1933 1357 2005 suppliciter
1377 1935 1581 1990 orabat
1609 1939 1688 2001 ut,
1716 1951 1838 1990 me-

184 2032 389 2072 mores
411 2018 561 2087 justi
583 2019 805 2089 judicis
849 2021 967 2089 Dei,
1022 2020 1309 2079 memores
1342 2024 1691 2079 sacramenti
1725 2040 1839 2096 quo

180 2121 249 2161 se
282 2105 401 2161 Deo
433 2107 723 2164 mediante
753 2109 1130 2182 obligassent,
1176 2112 1349 2167 fidem
1403 2112 1513 2167 sibi
1546 2116 1842 2167 servarent

179 2195 243 2249 in
270 2195 567 2264 adversis;
588 2198 636 2252 si
660 2197 797 2270 quid
818 2200 1064 2255 antehac
1087 2200 1453 2268 excessisset,
1473 2199 1840 2271 juvenilibus
1876 2252 1880 2259 .

176 2283 404 2340 animis
440 2287 529 2322 ¹⁰⁹⁰
559 2292 615 2342 et
646 2288 798 2342 aetati
828 2287 888 2342 in
946 2288 1161 2344 vicium
1214 2306 1423 2360 praanze
1472 2289 1701 2344 veniam
1736 2290 1835 2345 da-

173 2378 381 2441 rent;
449 2374 723 2447 deinceps
789 2382 846 2431 et
916 2376 1069 2433 malo
1139 2383 1465 2433 correctum
1534 2384 1591 2433 et
1656 2394 1837 2433 anno-

170 2479 317 2516 rum
377 2479 705 2535 sensusque
761 2467 1097 2521 maturitate
1150 2468 1506 2534 reboratum,
1556 2483 1681 2538 quas
1713 2484 1841 2538 par-

165 2550 297 2606 vuli
366 2552 483 2607 sint
550 2555 637 2590 ¹⁰⁹¹
710 2559 1152 2624 evacuaturum,
1242 2560 1298 2611 et
1384 2573 1511 2627 quas
1577 2554 1836 2633 virtutis,

166 2657 309 2712 quae
350 2640 612 2713 honoris,
646 2661 776 2715 quae
806 2645 977 2716 regias
1009 2644 1333 2716 dignitatis,
1384 2661 1510 2716 quas
1545 2650 1838 2716 postremo

162 2729 374 2785 virum
408 2731 668 2800 deceant,
701 2733 1100 2806 cogitaturum
1158 2738 1214 2788 et
1272 2734 1698 2805 amplexurum.
1752 2735 1838 2790 Ad

167 2818 301 2874 haec
334 2818 417 2873 illi
454 2822 882 2893 responderunt
920 2823 1131 2878 frustra
1180 2839 1315 2879 eum
1365 2840 1397 2878 a
1428 2839 1489 2878 se
1540 2824 1715 2879 ﬁdem
1743 2840 1840 2879 ex-

169 2912 402 2979 petere,
431 2926 607 2980 quam
638 2910 765 2982 ipse
822 2926 927 2966 nec
981 2911 1098 2967 Deo
1158 2928 1441 2983 umquam
1476 2928 1581 2967 nec
1612 2911 1840 2967 homini

169 2998 576 3070 praestitisset,
598 3000 667 3055 de
692 3017 806 3072 quo
829 3001 1215 3072 ambigerent,
1240 3000 1299 3054 in
1318 3015 1458 3071 pace
1480 3017 1554 3055 an
1577 3000 1637 3054 in
1661 3000 1834 3068 bello,

170 3087 392 3143 amicis
422 3104 494 3143 an
552 3088 811 3145 inimicis
872 3088 1134 3145 infeslior
1188 3089 1631 3160 suspectiorque
1661 3095 1835 3158 esset,

169 3175 404 3247 quique
416 3180 550 3232 ante
565 3193 782 3249 paucos
796 3178 940 3249 dies,
957 3178 1163 3250 positis
1177 3178 1289 3233 sibi
1306 3179 1362 3232 in
1381 3178 1725 3249 Wirceburg
1742 3179 1833 3213 ¹¹⁹²

166 3245 233 3321 et
268 3245 341 3321 de
375 3245 722 3337 salute—ejus
776 3245 1185 3336 tractantibus,
1220 3266 1483 3322 clanculo
1530 3245 1832 3323 carnifices
1865 3245 1907 3311 (ἶ

166 3358 555 3427 mortemque
586 3361 1006 3428 przeparasset;
1058 3357 1149 3409 sin
1194 3355 1415 3426 aliquid
1472 3354 1712 3409 haberet
1741 3356 1837 3409 ob-

166 3444 420 3499 tendere
452 3449 554 3498 aut
585 3461 688 3516 per
736 3445 1127 3516 quorumdam
1178 3444 1492 3498 factionem
1546 3444 1639 3479 “93
1672 3443 1837 3499 falsis

162 3533 531 3589 criminibus
574 3550 636 3589 se
668 3534 1002 3605 impetitum
1035 3538 1287 3605 putaret,
1322 3533 1540 3587 sineret
1571 3532 1838 3588 Oudalri-

161 3639 313 3678 cum
348 3623 421 3678 de
452 3621 745 3689 Cosheim,
777 3623 931 3678 sicut
979 3624 1281 3695 professus
1334 3622 1559 3685 fuisset,
1594 3638 1835 3676 manum

161 3712 446 3768 conferre
477 3728 609 3767 cum
642 3711 987 3784 Regingero,
1040 3716 1121 3779 ut,
1174 3712 1222 3767 si
1255 3711 1509 3777 vicisset,
1542 3727 1639 3767 eos
1673 3710 1835 3766 dein-

162 3818 317 3874 ceps
350 3802 499 3856 fidos
530 3800 643 3857 sibi
699 3801 1095 3872 abnoxiosque
1152 3801 1280 3856 sine
1336 3800 1497 3855 omni
1548 3800 1605 3854 in
1643 3816 1837 3872 perpe-

162 3897 352 3947 tuum
417 3891 507 3925 ¹⁰⁹⁸
562 3891 1018 3946 contradictione
1094 3890 1351 3945 haberet.
1413 3890 1682 3944 Libenter
1740 3905 1839 3943 rex

162 3980 448 4051 suscepit
478 3979 892 4045 conditionem,
943 3979 1264 4049 statuitque
1314 3983 1377 4033 ut
1427 3984 1581 4034 certo
1646 3981 1713 4022 ιιο
1745 3977 1839 4033 die

158 4074 315 4144 post
343 4074 609 4125 octavam
652 4071 745 4105 1°"
790 4068 1119 4141 epiphanim
1171 4068 1470 4141 congressi
1518 4084 1696 4140 prope
1722 4068 1839 4123 Mo-

157 4158 450 4231 guntiam
475 4158 535 4211 in
560 4157 752 4213 insula
799 4158 940 4213 lteni
984 4175 1107 4227 qua:
1133 4156 1347 4212 dicitur
1376 4161 1637 4212 Maaowa
1665 4156 1833 4229 (333),

158 4246 497 4318 utriusque
536 4248 718 4319 partis
768 4246 1173 4319 allegationem
1199 4248 1359 4317 justo
1383 4245 1570 4315 judici
1592 4250 1702 4301 er
1733 4245 1837 4300 de-

156 4338 540 4393 cernendam
575 4338 662 4372 ¹⁰⁹⁷
694 4336 1117 4409 permitterent.

244 4429 333 4482 Ea
363 4431 710 4498 tempestate
741 4426 800 4480 hi
824 4426 923 4497 qui
947 4426 1007 4480 in
1042 4426 1403 4495 Hartesburg
1439 4426 1625 4489 erant,
1654 4421 1840 4478 multa

154 4522 227 4573 et
261 4516 546 4588 praclara
602 4514 872 4570 militaris
929 4515 1184 4570 audaciae
1244 4512 1503 4568 facinora
1558 4513 1836 4567 fecerunt.

1930 602 2486 658 crebrainoursione
2534 604 2982 676 populabantur,
3025 609 3082 659 et
3104 608 3457 660 mercatores
3488 621 3585 661 ex-

1930 693 2189 745 terarum
2220 690 2507 763 gentium,
2544 709 2616 748 ne
2649 698 2959 748 consuetas
3010 709 3231 749 merces
3265 710 3329 749 eo
3361 693 3584 749 confer-

1933 783 2082 848 rent,
2103 787 2261 834 metu
2280 780 2406 834 vitae
2426 781 2757 836 amittenda:
2778 781 3140 837 inhibebant.
3165 782 3430 854 Cumque
3444 788 3588 838 tem-

1934 883 2070 938 pore
2091 870 2444 940 quodamzad
2471 870 2765 925 modicum
2786 872 2939 926 inter
2952 887 3050 926 eos
3069 888 3179 942 pax
3197 871 3584 938 convenisset,

1936 956 2177 1039 quidam
2199 973 2266 1012 ex
2287 956 2525 1012 castello
2539 957 2885 1024 Goslariam,
2906 958 3141 1029 privata
3166 960 3244 1014 rei
3260 958 3479 1030 aliquid
3498 959 3589 996 1°"

1936 1044 2016 1099 1bi
2048 1045 2253 1115 acturi,
2288 1052 2608 1113 venerunt;
2668 1048 2789 1113 ubi,
2850 1048 2978 1102 cibo
3039 1051 3294 1117 potuque
3325 1046 3585 1117 distenti,

1938 1135 2078 1189 dum
2110 1134 2291 1190 nimia
2318 1136 2547 1207 potione
2568 1136 2971 1203 incaluissent,
3009 1136 3161 1191 sicut
3182 1135 3434 1191 ebrietas
3458 1152 3581 1190 ma-

1938 1226 2024 1277 ter
2062 1240 2189 1279 esse
2240 1225 2333 1259 ¹¹⁰⁰
2381 1224 2530 1279 solet
2554 1225 2911 1297 jurgiorum,
2946 1229 3251 1296 cmperunt
3280 1224 3589 1279 adversum

1939 1328 2037 1367 eos
2062 1329 2194 1368 cum
2218 1314 2436 1384 quibus
2458 1314 2885 1370 accumbebant
2902 1316 3130 1386 ineptos
3148 1314 3590 1384 inconditosque

1941 1417 2241 1457 sermones
2262 1402 2563 1473 jacticare,
2596 1408 2652 1458 et
2700 1404 3028 1460 Saxonibus
3070 1403 3362 1476 ignaviam
3385 1419 3587 1474 expro-

1942 1490 2109 1545 brare
2124 1491 2237 1560 “0‘,
2253 1492 2407 1562 quod
2423 1508 2536 1547 non
2555 1491 2790 1548 militari
2806 1494 2904 1548 sed
2921 1493 3090 1548 ovina
3103 1496 3295 1548 mente
3309 1491 3588 1547 adversus

1944 1594 2138 1650 regem
2170 1596 2335 1634 arma
2375 1581 2788 1652 sumpsissent.
2843 1580 3134 1652 lndignati
3199 1580 3298 1651 qui
3349 1579 3591 1635 aderant

1943 1670 2218 1737 Saxones,
2253 1668 2537 1724 seditione
2569 1670 2873 1739 concitata,
2907 1687 3006 1725 eos
3037 1669 3477 1725 trucidaverunt
3505 1668 3589 1723 fo~

1946 1772 2158 1826 rasque
2189 1756 2575 1826 projecerunt.
2608 1758 2769 1821 Quod
2792 1757 2892 1812 ubi
2916 1758 3007 1814 his
3028 1759 3128 1829 qui
3151 1758 3211 1812 in
3233 1757 3594 1828 Hartesburg

1866 1884 1914 1949 Β
1944 1849 2113 1899 erant
2147 1846 2238 1880 ¹¹⁰²
2280 1850 2643 1915 compertum
2677 1851 2784 1913 est,
2820 1845 2973 1901 deita
3030 1862 3205 1917 opera
3234 1862 3296 1901 se
3328 1845 3385 1900 in
3420 1844 3592 1900 ultio-

1950 1948 2083 1987 nem
2116 1932 2405 1987 sociorum
2429 1949 2669 1988 suorum
2696 1934 3072 1990 accinxerunt
3096 1951 3110 2001 ;
3138 1938 3195 1989 et
3214 1934 3353 2004 quia
3370 1932 3592 2001 villam,

1950 2021 2087 2077 viris
2113 2021 2383 2092 fortibus,
2405 2021 2573 2077 vallis
2595 2026 2652 2077 et
2689 2023 2835 2079 seris
2875 2023 3134 2095 undique
3168 2023 3256 2058 ί¹⁰³
3278 2020 3592 2091 munitam,

1948 2110 2250 2166 incursare
2279 2111 2423 2166 haut
2454 2112 2598 2167 satis
2629 2116 2821 2167 tutum
2853 2114 3189 2184 putabatur,
3213 2111 3343 2167 dolo
3364 2127 3462 2167 eos
3484 2110 3596 2165 cir-

1950 2199 2285 2255 cumvenire
2316 2200 2621 2271 parabant.
2654 2202 2791 2256 Erat
2821 2202 3060 2272 quidam
3093 2199 3369 2257 Goslariaa
3400 2200 3596 2272 praefe-

1951 2292 2102 2355 ctus,
2134 2289 2290 2344 Bodo
2326 2290 2416 2325 ¹¹⁰⁵
2446 2288 2701 2358 nomine,
2757 2290 2877 2362 regi
2927 2295 3189 2362 tempore
3239 2288 3402 2361 pacis
3432 2305 3595 2345 acce-

1950 2378 2274 2449 ptissimus,
2309 2396 2466 2434 nunc
2497 2396 2730 2451 quoque
2780 2380 3015 2434 turbata
3057 2396 3118 2435 re
3153 2378 3387 2452 publica
3418 2378 3592 2435 ﬁdem

1949 2466 2260 2522 involatam
2292 2469 2343 2522 ei
2383 2484 2642 2533 servans,
2702 2469 2928 2523 occulte
2983 2474 3179 2524 tamen
3241 2470 3398 2524 metu
3428 2470 3598 2523 Saxo-

1950 2572 2113 2619 num,
2175 2573 2247 2611 ne
2304 2556 2703 2628 deprehensus
2765 2557 3013 2613 factione
3068 2556 3228 2628 vulgi
3261 2555 3460 2611 omnia
3489 2572 3597 2611 sua

1950 2645 2259 2701 amitteret.
2286 2647 2340 2700 Is
2392 2646 2459 2689 ίιο
2480 2645 2719 2701 edoctus
2740 2646 2813 2701 ab
2835 2646 2928 2702 his
2951 2646 3050 2718 qui
3073 2646 3132 2700 in
3151 2643 3390 2701 castello
3406 2646 3595 2709 erant,

1949 2738 2233 2806 pastores,
2268 2734 2366 2806 qui
2391 2733 2855 2790 Goslariensium
2876 2751 3085 2806 pecora
3109 2734 3440 2799 servabant,
3467 2747 3593 2803 pre-

1948 2823 2036 2877 cio
2067 2821 2348 2894 corrupit,
2381 2827 2445 2877 ut
2500 2838 2733 2895 gregem
2794 2822 2967 2895 paulo
3022 2822 3257 2894 longius
3305 2819 3504 2877 avilla
3531 2819 3592 2874 in

1949 2916 2183 2983 pastum
2209 2911 2502 2982 ejicerent.
2526 2911 2688 2966 Missi
2711 2912 2780 2967 de
2805 2910 3042 2967 castello
3065 2910 3310 2982 equites,
3328 2926 3396 2965 ea
3417 2908 3595 2980 proti-

1948 3017 2059 3055 nus
2084 3001 2423 3072 abegerunt.
2466 3000 2648 3056 Ceteri
2672 3000 2732 3056 in
2769 2999 3068 3057 montibus
3106 3004 3162 3056 et
3191 2999 3355 3056 silvis
3384 2996 3595 3053 armati

1947 3106 2009 3144 se
2039 3089 2407 3144 abdiderunt.
2442 3088 2669 3144 Perlato
2720 3088 3045 3145 Goslariam
3091 3104 3328 3144 rumore
3359 3087 3589 3143 abacto-

1948 3194 2077 3232 rum
2111 3194 2405 3249 pecorum,
2438 3177 2819 3247 :unanimiter
2874 3178 2946 3234 ad
3008 3195 3170 3233 arma
3199 3177 3591 3243 conclamant,

1946 3266 2198 3321 summis
2216 3282 2417 3321 omnes
2438 3266 2662 3321 viribus
2690 3266 2750 3320 in
2772 3271 3065 3322 certamen
3087 3270 3286 3331 ruunt,
3312 3281 3417 3320 nec
3437 3263 3596 3335 quis-

1948 3371 2124 3426 quam
2150 3354 2397 3409 alterum
2422 3355 2810 3425 operiebatur,
2833 3355 2934 3410 sed
2953 3355 3125 3409 citato
3144 3354 3393 3425 quisque
3411 3369 3588 3423 quan-

1947 3448 2073 3498 tum
2098 3447 2323 3514 poterat
2344 3460 2517 3513 equo,
2563 3442 2721 3514 prior
2742 3448 2926 3499 ostem
2965 3443 3193 3513 insequi
3217 3442 3591 3514 pradamque

1947 3537 2212 3587 excutere
2235 3532 2643 3587 contendebat.
2675 3531 2759 3587 Illi
2810 3531 3115 3603 paululum
3156 3531 3295 3603 fuga
3314 3528 3593 3586 simulata

1947 3623 2229 3677 cedebant
2260 3621 2726 3693 insequentibus,
2758 3621 2940 3676 donec
2969 3637 3067 3677 eos
3100 3620 3253 3675 ultra
3282 3619 3476 3675 locum
3507 3619 3592 3673 in-

1947 3710 2229 3766 sidiarum
2254 3710 2518 3765 incautos
2570 3710 2991 3781 protraherent.
3034 3710 3198 3764 Tunc
3220 3707 3450 3765 sublato
3481 3724 3590 3762 un-

1947 3800 2123 3872 dique
2141 3798 2417 3869 clamore,
2448 3803 2569 3853 tam
2602 3798 2659 3853 hi
2692 3798 2791 3871 qui
2822 3799 2881 3853 in
2904 3797 3139 3855 castello
3162 3800 3590 3861 remanserant,

1948 3905 2124 3960 quam
2148 3888 2208 3942 hi
2256 3888 2355 3959 qui
2404 3888 2463 3942 in
2486 3887 2690 3943 vicinis
2717 3887 3019 3943 montibus
3048 3903 3112 3944 se
3139 3885 3589 3952 occultaverant,

1947 3978 2233 4049 impetum
2256 3977 2315 4031 in
2339 3993 2436 4031 eos
2460 3977 2739 4044 fecerunt,
2761 3980 2817 4032 et
2834 3981 2953 4032 tam
2970 3975 3070 4031 diu
3090 3975 3353 4048 palantes
3370 3974 3593 4045 fugien-

1948 4073 2153 4138 tesque
2174 4066 2642 4138 prosternebant,
2684 4066 2865 4120 donec
2886 4082 3000 4121 non
3023 4066 3167 4120 ratio
3196 4064 3295 4120 sed
3319 4063 3433 4118 fusi
3455 4079 3590 4118 san-

1946 4157 2144 4229 guinis
2186 4156 2393 4211 horror
2425 4173 2489 4211 ac
2521 4156 2760 4211 satietas
2790 4154 3071 4211 occidioni
3107 4154 3200 4189 ¹¹⁰⁶
3232 4154 3406 4233 ﬁnem
3438 4152 3589 4208 face-

1948 4251 2094 4301 rent.
2124 4246 2359 4316 Propter
2384 4245 2505 4300 haec
2531 4249 2588 4300 et
2609 4244 2722 4301 alia
2742 4243 3083 4317 hujusmodi
3108 4242 3327 4315 placuit
3348 4241 3588 4298 Saxoni-

1948 4334 2059 4390 bus
2082 4334 2412 4406 proximum
2437 4333 2675 4389 castello
2697 4333 2900 4389 collem
2925 4348 3230 4404 occupare,
3256 4330 3591 4401 militesque

1949 4423 2270 4493 imponere,
2294 4422 2394 4493 qui
2418 4427 2620 4477 contra
2651 4423 3020 4477 excursiones
3052 4420 3311 4477 hostium
3343 4421 3469 4475 sine
3498 4420 3589 4473 in-

1947 4512 2318 4567 termissione
2348 4511 2555 4567 intenti
2588 4510 2938 4582 sollicitique
2969 4511 3339 4565 excubarent.
3372 4508 3485 4562 Nec
3507 4506 3589 4561 sic

155 4606 330 4662 Nam
365 4620 768 4676 saapenumero
795 4602 1423 4675 erumpentes,praadas
1452 4600 1512 4654 in
1532 4599 1738 4655 vicinis
1760 4618 1844 4655 re-
1874 4613 1921 4678 D
1952 4606 2149 4656 tamen
2177 4600 2434 4655 audacia:
2473 4615 2676 4654 eorum
2733 4599 2971 4653 modum
3032 4598 3458 4669 imposuerunt,
3490 4595 3592 4649 sed

154 4693 460 4767 gionibus
493 4696 549 4748 et
563 4697 790 4765 strages
824 4692 1131 4747 hominum
1145 4708 1261 4745 non
1292 4690 1554 4745 modicas
1568 4690 1838 4761 agebant,

154 4789 233 4839 et
255 4782 611 4855 priusquam
638 4783 896 4838 Saxones
922 4780 993 4835 ad
1020 4780 1135 4835 vim
1172 4780 1480 4835 arcendam
1508 4780 1841 4851 frequentes

153 4871 479 4929 conﬂuere
522 4876 781 4943 possent,
808 4887 870 4927 se
895 4870 953 4926 in
995 4869 1301 4925 castellum
1328 4873 1683 4940 receperant.
1719 4868 1841 4922 Ma-

150 4962 338 5018 xime
377 4966 576 5017 autem
635 4958 1106 5016 Goslariensibus
1138 4962 1373 5029 propter
1430 4956 1717 5012 viciniam
1752 4957 1840 4991 ¹⁰⁹⁸
1877 4995 1884 5003 .

148 5050 445 5108 exitiales
473 5055 661 5107 erant.
694 5049 990 5105 Plurimos
1020 5046 1177 5102 enim
1209 5062 1410 5103 eorum
1445 5048 1838 5117 peremerunt,

1952 4690 2308 4759 ubicumque
2338 4687 2705 4760 oportunitas
2734 4704 2795 4742 se
2826 4686 3092 4758 praebuit,
3128 4684 3313 4740 multa
3335 4688 3392 4740 et
3412 4684 3471 4738 in
3492 4699 3591 4738 eos

1952 4776 2229 4848 aquibus
2287 4776 2737 4831 asservabantur
2792 4780 2849 4829 et
2904 4774 2964 4829 in
3023 4773 3168 4830 alios
3213 4771 3594 4846 provinciales

1951 4865 2190 4922 hostilia
2221 4866 2498 4920 fecerunt.

2025 4955 2254 5010 Intorea
2276 4954 2665 5024 instantejam
2684 4952 2862 5009 natali
2878 4952 2972 5008 die
2993 4954 3083 4989 ¹¹⁰⁷
3100 4949 3354 5018 Domini,
3373 4949 3594 5005 milites

1950 5044 2107 5117 regis
2129 5044 2228 5115 qui
2256 5044 2345 5078 “08
2368 5043 2430 5098 in
2454 5044 2543 5079 ¹¹⁰⁹
2566 5042 2887 5113 Asemberg
2906 5042 3327 5098 obsidebantur
3359 5039 3596 5096 assidue

1541 5161 1781 5216 VARle
1821 5159 2236 5216 LECTIONES.

908 5271 998 5307 ¹⁰⁹⁰
1028 5269 1200 5326 annis
1230 5268 1297 5324 ed
1325 5270 1395 5323 II.

880 5344 971 5381 1°"
1030 5342 1089 5397 in
1147 5358 1193 5397 ο.
1255 5342 1308 5395 5.

1030 5416 1125 5451 ¹¹¹¹
1185 5412 1502 5482 exprobare
1559 5413 1610 5466 4.
1692 5413 1727 5447 ¹¹

1030 5502 1066 5538 n
1094 5487 1364 5538 maraine.
1444 5483 1534 5518 “0‘
1566 5482 1663 5538 Hic
1695 5484 1727 5538 3

1614 5501 1663 5537 10
1695 5501 1747 5537 ό.

255 5273 347 5309 1°"
377 5271 741 5345 Oppenheim
772 5272 823 5328 3.

148 5344 276 5385 1°“
308 5344 689 5417 per-pertuum
746 5345 799 5399 5.

142 5418 259 5475 al.
292 5418 345 5472 3.
418 5416 519 5453 “°°
548 5416 698 5472 solet
742 5431 869 5471 esse
898 5416 950 5470 4.

144 5490 416 5548 Ottonis
448 5488 608 5545 tilius
642 5490 715 5542 1'.
749 5489 975 5542 unnotat
1006 5488 1066 5541 in
1094 5487 1364 5555 margine.

1478 5269 1566 5307 ¹⁰⁹¹
1612 5271 1751 5323 sunt
1793 5268 1846 5322 3.

1389 5340 1479 5383 ίο⁹⁶
1538 5344 1773 5396 octavas
1804 5341 1857 5394 3.
1937 5340 2026 5374 ¹⁰⁹⁷

1389 5428 1502 5465 lare
1559 5413 1610 5465 4.
1692 5411 1786 5447 ¹¹⁰²
1835 5410 1981 5465 deest
2033 5411 2066 5463 3

1768 5411 1786 5445 ²
1835 5411 1981 5465 deest
2033 5411 2084 5463 3.

1828 5482 1918 5517 ¹¹⁰⁶
1943 5480 2220 5537 occisioni
2250 5481 2302 5535 3.

1933 5267 2024 5302 ¹⁰⁹²
2068 5265 2447 5336 Wirczeburg
2494 5266 2547 5320 3.
2627 5266 2717 5307 ¹⁰⁹³
2764 5281 3013 5336 quorum
3063 5262 3506 5336 damnacironem
3534 5262 3591 5336 5,

1937 5340 2026 5374 ίοθτ
2087 5333 2530 5393 discernendam
2592 5337 2645 5391 3.
2724 5333 2811 5373 ¹⁰⁶⁸
2867 5335 3098 5391 vincina
3142 5337 3195 5391 5.
3278 5335 3366 5371 1°”
3396 5333 3475 5388 ibi
3508 5334 3591 5389 rei

2166 5410 2258 5445 “03
2287 5425 2365 5464 m.
2400 5426 2456 5463 u.
2489 5411 2543 5464 5.
2625 5409 2717 5446 “0‘
2772 5409 3017 5464 fortasse
3076 5422 3271 5463 comes
3300 5404 3587 5464 Stolberzi

2380 5481 2471 5516 ιιοτ
2500 5480 2646 5535 deest
2674 5480 2725 5535 4.
2808 5480 2896 5515 nos
2926 5481 3076 5537 deest
3108 5480 3159 5535 4.
3240 5479 3333 5517 “0°
3361 5477 3507 5545 deest
3534 5477 3589 5547 1,

1778 5605 2005 5665 ΝΟΤίΕ.

258 5702 402 5776 (333)
435 5701 703 5759 Fortasse
732 5699 905 5758 hodie
947 5700 1036 5757 die
1063 5700 1333 5757 Marsaue.
