3996 6158
568 346 717 410 “Si

1723 342 2117 408 LAMBERTI
2164 342 2803 409 IIEBSFELDENSIS

3714 354 3819 419 “59

568 482 670 539 sed
702 481 772 537 ad
817 497 879 537 se
935 478 1320 552 protegendos
1372 478 1737 553 injuriasque
1786 481 2213 553 propulsandae
2243 478 2297 544 Α
2328 493 2467 533 suos
2499 477 2715 552 singuli
2746 479 2816 533 ad
2857 478 3040 535 aciem
3090 476 3467 537 instruendam
3518 484 3820 554 producerent,

568 587 733 626 arma
762 568 1124 640 sumpsisse;
1159 569 1206 624 si
1241 586 1307 624 ea
1338 570 1655 625 necessitas
1688 570 1999 636 adimatur,
2033 571 2209 626 etiam

567 676 721 714 nunc
752 674 952 729 pacem
986 674 1162 729 quam
1194 658 1413 713 bellum
1451 660 1541 695 ¹¹⁵³
1576 660 1768 727 malle,
1808 666 1864 715 et
1918 661 2213 716 districtos

565 749 682 819 iam
716 746 940 819 gladios
971 747 1219 803 libenter
1235 747 1293 801 in
1316 749 1585 820 vaginam
1602 750 2097 806 remittere.Grata
2111 750 2211 805 ad-

564 837 810 892 modum
846 841 969 892 erat
1002 836 1097 892 his
1130 838 1229 909 qui
1264 854 1397 892 cum
1430 854 1563 909 rege
1592 844 1758 893 erant
1783 839 2104 909 responsio.

639 927 802 981 Tunc
834 926 999 981 missi
1033 932 1173 981 sunt
1200 932 1452 997 quatuor
1481 944 1549 982 ex
1577 928 2212 999 episcopis,agerecum

568 1016 652 1072 cis
684 1016 753 1070 de
790 1032 927 1087 pace
958 1020 1013 1070 et
1044 1015 1383 1087 promittere
1412 1033 1480 1071 ex
1533 1017 1769 1071 nomine
1830 1018 2006 1089 regis,
2060 1019 2212 1089 quod

570 1104 847 1160 omnibus
897 1122 1024 1177 quas
1083 1104 1441 1160 rationaliter
1496 1104 1914 1177 postulassent,
1976 1112 2028 1161 et
2086 1123 2213 1177 quin

570 1192 736 1249 electi
785 1210 855 1249 ex
912 1198 1158 1264 utraque
1192 1197 1354 1265 parte
1376 1194 1606 1263 judices
1638 1212 1805 1265 aequa
1835 1196 1925 1229 “5‘
1957 1194 2215 1250 censuis-

571 1286 720 1348 sent,
755 1282 1194 1354 promptissime
1224 1286 1527 1352 annueret,
1552 1284 1691 1337 dum
1716 1282 1826 1354 ipsi
1876 1299 2109 1354 quoque
2129 1283 2216 1337 vi-

570 1370 771 1426 cissim
793 1372 978 1442 justis
1007 1370 1436 1426 conditionibus
1465 1371 1884 1442 aquiescerent,
1946 1375 2002 1426 et
2059 1388 2219 1426 man-

569 1460 946 1516 suetudinem
980 1461 1108 1532 ejus
1138 1477 1317 1531 quam
1352 1477 1592 1515 manum
1628 1460 1940 1515 militarem
1972 1461 2215 1531 experiri

570 1549 833 1615 mallent,
858 1550 944 1603 Ad
977 1549 1099 1605 haec
1158 1548 1239 1603 illi
1302 1550 1729 1621 responderunt
1763 1550 1853 1585 “55
1884 1549 2027 1604 nihil
2061 1548 2217 1604 aliud

566 1655 630 1695 se
688 1638 988 1711 postulare
1026 1655 1201 1710 quam
1262 1638 1466 1695 multis
1497 1640 1623 1709 jam
1682 1639 1775 1675 “5°
1806 1639 2219 1711 scepelegatio-

570 1727 746 1784 nibus
777 1728 1193 1799 postulassent,
1227 1726 1447 1782 scilicet
1478 1732 1544 1781 ut
1563 1726 1823 1797 castella,
1856 1744 1982 1798 quae
2015 1728 2085 1783 ad
2117 1744 2218 1797 op-

570 1817 927 1888 pressionem
962 1832 1162 1872 eorum
1188 1832 1288 1887 per
1300 1816 1609 1871 Saxoniam
1633 1821 1691 1872 et
1711 1816 2095 1888 Thuringiam
2120 1833 2217 1872 ex-
2250 1849 2296 1913 B

569 1908 847 1974 truxerat,
872 1904 997 1959 sine
1017 1903 1291 1959 dilatione
1317 1904 1468 1959 dirui
1486 1905 1725 1975 jubeat;
1753 1910 1817 1960 ut
1839 1923 1946 1961 sua
1964 1905 2215 1978 singulis

570 1994 941 2066 patrimonia,
973 2009 1075 2065 per
1104 1994 1220 2047 vim
1245 2010 1345 2049 seu
1380 2010 1481 2065 per
1512 1995 1601 2028 “5"
1634 1994 2032 2067 calumpniam
2091 2011 2219 2050 ere-

576 2087 690 2156 pta,
735 2082 1002 2138 restituat
1028 2101 1040 2150 ;
1076 2087 1137 2136 ut
1163 2083 1297 2138 duci
1328 2083 1545 2154 Ottoni,
1576 2085 1647 2139 ad
1678 2101 1851 2154 quem
1885 2084 2222 2157 extinguen-

571 2172 713 2227 dum
745 2170 891 2226 falsa
922 2170 1327 2226 criminatione
1349 2177 1401 2227 et
1429 2172 1681 2243 pessimo
1699 2173 1901 2228 nefarii
1927 2173 2220 2228 “‘Bhomi-

572 2260 663 2316 nis
694 2259 941 2315 artiﬁcio
972 2259 1345 2332 impudenter
1375 2261 1597 2316 abusus
1622 2261 2003 2330 sit,ducatum
2022 2262 2221 2333 Bajoa-

572 2349 669 2404 riae
701 2349 942 2415 reddat;
976 2354 1040 2405 ut
1059 2349 1327 2421 episcopo
1360 2349 2033 2423 Mongontino,episcopo
2050 2353 2217 2407 Colo-

573 2438 940 2517 niensitduci
963 2439 1274 2505 Ruodotto,
1299 2443 1593 2510 postremo
1606 2440 1882 2495 omnibus
1905 2442 2005 2511 qui
2039 2441 2097 2496 in
2112 2441 2219 2496 hac

573 2526 939 2582 dissensione
968 2526 1040 2579 ab
1071 2543 1137 2581 eo
1165 2527 1885 2599 defecissent,autaliquid
1903 2530 2055 2600 quod
2084 2546 2219 2585 eum

570 2614 805 2671 luderet
833 2614 1081 2670 aliarum
1117 2616 1371 2687 partium
1405 2615 1597 2671 studio
1628 2616 2220 2690 admisissent,impu-

576 2705 821 2760 nitatem
854 2705 1094 2771 tribuat,
1135 2704 1443 2777 nullasque
1502 2706 1591 2740 ¹¹⁸⁹
1647 2705 1705 2760 in
1750 2712 2093 2778 perpetuum
2130 2710 2221 2743 “6°

572 2794 803 2850 offensae
860 2795 1039 2866 hujus
1070 2811 1271 2866 pcenas
1300 2794 1526 2866 exigat;
1571 2800 1634 2850 ut
1685 2795 2011 2852 libertatem
2060 2797 2219 2868 genti

573 2900 691 2939 sua:
712 2887 771 2939 et
798 2882 1059 2954 legitima
1088 2900 1121 2937 a
1142 2883 1349 2955 primis
1370 2884 1731 2954 temporibus
1753 2888 1970 2941 statuta
1994 2890 2118 2941 rata
2139 2890 2221 2942 at-

571 2988 684 3044 que
716 2971 993 3026 inviolata
1022 2988 1255 3027 manere
1285 2972 1473 3037 sinat;
1499 2980 1561 3027 ut
1590 2977 1770 3029 totam
1805 2974 1862 3028 in
1894 2974 2018 3030 sola
2048 2977 2215 3032 Saxo.

573 3060 673 3116 nia
700 3064 951 3125 aetatem,
985 3060 1156 3115 inerti
1187 3060 1303 3116 otio
1333 3061 1584 3129 deditus,
1612 3080 1727 3117 non
1758 3064 2065 3136 transigat,
2118 3065 2217 3121 sed

572 3149 871 3205 interdum
903 3149 1166 3205 Golasria
1196 3151 1505 3207 decedens'
1537 3168 1780 3224 regnum
1813 3170 2009 3219 suum,
2062 3154 2215 3225 quod

573 3239 863 3310 majorum
903 3239 1032 3310 ejus
1063 3239 1355 3295 industria
1381 3240 1738 3296 latissimum
1796 3242 1893 3307 sit,
1927 3242 2218 3311 circueat;
2252 3218 2295 3287 ρ

570 3326 832 3383 ecclesiis
862 3330 918 3382 et
950 3328 1339 3395 monasteriis,
1363 3328 1553 3385 viduis
1582 3334 1638 3385 et
1667 3331 1964 3403 orphanis,
2008 3337 2066 3387 et
2121 3348 2218 3388 ce-

569 3416 711 3471 teris
734 3416 831 3487 qui
862 3415 1256 3488 calumpniam
1288 3418 1604 3489 patiantur,
1630 3421 1795 3491 justa
1819 3420 2027 3489 faciat;
2060 3425 2217 3477 etre-

570 3504 728 3577 giam
760 3505 1126 3578 dignitatem,
1159 3524 1335 3577 quam
1364 3508 1599 3564 nomine
1630 3510 1893 3580 praeferat
1932 3510 2217 3583 regalium

575 3610 806 3650 morum
838 3600 893 3651 et
917 3611 1158 3667 operum
1190 3595 1455 3651 claritate
1486 3604 1756 3666 exornet;
1790 3598 1839 3653 si
1886 3598 2007 3654 haec
2040 3616 2100 3655 se
2133 3600 2215 3654 fa-

571 3688 801 3739 cturum
826 3683 1163 3739 fidelissime
1193 3683 1531 3756 polliceatur
1560 3691 1616 3742 et
1645 3688 1716 3742 ad
1776 3689 2213 3744 firmamentum

569 3772 916 3828 indubitate
951 3773 1082 3828 fidei
1116 3773 1490 3845 lidejussores
1521 3774 1630 3830 sibi
1660 3776 1757 3831 det
1787 3777 2042 3844 eosdem,
2068 3794 2215 3848 quos

571 3878 729 3917 nunc
759 3861 969 3917 habeat
996 3863 1403 3934 recuperanda:
1434 3862 2041 3935 pacisinlercessores,
2065 3867 2219 3938 prin-

575 3950 732 4021 cipes
763 3950 925 4023 regni
956 3955 1186 4021 paratos
1216 3968 1278 4006 se
1336 3968 1500 4007 arma
1530 3952 1819 4024 deponere
1866 3971 2067 4025 pacem
2118 3974 2216 4011 su-

576 4039 889 4110 scipere,et
917 4039 1355 4109 deincepsdicto
1377 4042 1849 4112 obtemperantes
1879 4043 2066 4100 vivere
2091 4064 2103 4111 ;
2125 4046 2215 4101 sin

579 4131 797 4198 autem,
830 4132 1198 4183 sacramento
1230 4145 1291 4183 se
1320 4130 1630 4185 obstrictos
1660 4148 1786 4186 esse
1818 4137 1901 4203 ut,
1934 4135 2215 4204 quamdiu

571 4214 683 4271 sibi
713 4214 905 4270 vitalis
934 4216 1147 4271 caloris
1177 4216 1382 4273 ultima
1410 4217 1661 4273 scintilla
1705 4221 2053 4292 supervivat‘
2113 4240 2217 4294 pro

574 4302 863 4369 libertate,
896 4321 998 4376 pro
1016 4303 1267 4377 legibus,
1300 4323 1401 4378 pro
1432 4307 1739 4377 patriasua
1763 4308 2218 4368 indefessidimi-

573 4398 727 4449 cent.
761 4392 915 4448 Dura
946 4393 1125 4449 nimis
1154 4395 1269 4465 regi
1318 4394 1439 4451 visa
1491 4401 1580 4451 est
1637 4400 1874 4462 exactio,
1932 4401 2220 4474 coepitque

572 4482 688 4538 huc
715 4488 774 4539 et
791 4481 926 4537 illuc
948 4482 1156 4539 anxius
1178 4484 1865 4559 tergiversari,fidemque
1886 4491 2219 4562 principum

2326 566 2542 623 Omnes
2556 568 2994 640 promptissime
3020 586 3081 624 se
3099 569 3248 624 dicto
3268 586 3452 640 parere
3467 576 3821 645 spoponderunt;

2320 657 2421 712 sed
2484 658 2865 714 redeuntibus
2922 658 3173 724 nunciis,
3230 658 3415 714 nullus
3464 662 3635 717 castris
3680 670 3745 719 est
3766 670 3823 708 ‘1“

2321 761 2635 817 egressus;
2713 747 3169 803 detrectantibus
3251 764 3388 818 opus
3488 751 3734 818 nefarium,
3785 764 3825 811 ut

2322 835 2425 902 eis,
2455 852 2704 906 quorum
2733 853 2970 891 causam
2994 836 3383 907 justissimam
3422 838 3731 904 testimarent.
3751 860 3824 897 cer-

2321 928 2515 979 tamen
2541 925 2819 979 inferrent
2850 926 2929 980 Ex
2957 925 3071 981 alia
3100 941 3326 996 quoque
3354 931 3501 997 parte
3526 934 3681 983 castra
3708 931 3824 986 Saxo-

2324 1030 2466 1067 num
2501 1030 2612 1069 non
2648 1014 2894 1069 minima
2934 1014 3218 1070 seditione
3274 1014 3678 1085 quatiebantur'.
3722 1018 3823 1089 plebs

2323 1102 2594 1157 universa
2622 1102 3098 1158 tumultuabatur
3123 1108 3321 1158 contra
3352 1105 3627 1176 principes,
3653 1108 3762 1176 quod
3790 1124 3825 1162 se

2324 1191 2542 1247 frustra
2572 1190 2630 1246 in
2663 1196 2861 1247 tantas
2894 1191 3179 1247 bellorum
3232 1192 3498 1263 procellas
3546 1192 3823 1263 impulissent.

2324 1282 2469 1337 Cum
2498 1281 2654 1336 enim
2688 1298 2842 1335 nunc
2866 1280 3166 1336 victoriam
3198 1281 3390 1336 omnia
3416 1282 3693 1353 spondeant
3724 1288 3762 1337 et
3794 1301 3827 1337 o-

2326 1370 2657 1441 portunitas
2688 1370 2758 1424 ad
2793 1375 2989 1425 votum
3023 1372 3291 1438 arrideat,
3324 1356 3390 1425 ad
3421 1387 3575 1441 quam
3602 1371 3659 1425 ab
3682 1372 3828 1425 exordio

2325 1459 2461 1515 belli
2490 1458 2901 1514 anhelantibus
2915 1476 3148 1531 semper
3162 1458 3370 1515 animis
3392 1459 3831 1531 suspiravissent,ip-

2327 1548 2376 1603 si
2411 1548 2711 1619 repentina
2741 1548 3104 1620 pcenitudine
3133 1548 3391 1615 correcti,
3418 1564 3606 1603 manus
3641 1547 3834 1618 supplices

2327 1638 2590 1707 tendant,
2628 1654 2828 1708 pacem
2864 1642 3143 1709 petant,et
3164 1638 3279 1701 ei,a
3297 1653 3407 1708 quo
3436 1636 3631 1691 tociens
3646 1635 3835 1691 elusisint

2329 1726 2541 1781 iterum
2567 1742 2628 1781 se
2658 1725 2978 1781 eludendos
3011 1725 3283 1781 muliebri
3338 1725 3579 1780 socordia
3625 1729 3669 1779 et
3707 1724 3835 1795 puerili

2328 1814 2555 1870 levitate
2586 1816 2839 1870 tradant.
2876 1814 3013 1871 Duci
3064 1831 3299 1887 quoque
3349 1815 3529 1870 Ottoni
3580 1813 3838 1868 vehementer

2328 1903 2678 1959 insistebant
2712 1904 2819 1975 “6’,
2855 1908 2938 1969 ut,
2972 1909 3208 1975 accepto
3222 1920 3463 1976 superse
3477 1903 3836 1975 regno,ducatum

2330 1992 2440 2048 sibi
2474 1994 2755 2064 praeberet
2784 1993 3023 2048 ineundi
3046 1993 3343 2058 certamis,
3374 1996 3429 2048 et
3467 2007 3698 2065 prospera
3720 1989 3837 2045 omnia

2330 2081 2692 2154 promittenti
2722 2081 2837 2138 Deo
2870 2099 3080 2138 manus
3110 2099 3251 2138 suas
3280 2098 3607 2154 operamque
3624 2097 3712 2135 nou
3736 2094 3840 2148 nega-

2330 2175 2434 2227 ret.

2402 2350 2560 2421 (Feb.
2597 2352 2619 2404 1
2646 2350 2695 2419 ?)
2723 2350 2886 2405 Tunc
2914 2350 3369 2405 circumstantes
3396 2365 3575 2423 regem
3598 2348 3646 2402 hi
3685 2359 3841 2417 quorum

2329 2438 2575 2495 consilio
2610 2438 2958 2495 familiarius
2991 2440 3074 2494 uti
3105 2444 3499 2507 consueverat,
3526 2454 3639 2493 cum
3661 2432 3845 2491 subterfu-

2328 2528 2550 2600 giendaa
2601 2528 2953 2584 conditionis
3006 2529 3201 2584 studio
3271 2529 3463 2583 divina
3498 2534 3649 2598 atque
3676 2524 3842 2578 humana

2328 2617 2526 2672 omnia
2556 2616 2962 2672 sollicitantem
2994 2617 3297 2673 viderent:
3340 2618 3573 2687 Nullum,
3635 2613 3843 2684 inquirite

2327 2722 2447 2772 rex,
2478 2706 2739 2761 habemus
2759 2706 3143 2761 diverticulum
3168 2726 3188 2763 :
3214 2710 3310 2761 aut
3352 2706 3700 2777 aequanimiter
3739 2698 3843 2753 susti—

2327 2795 2525 2867 piendo
2553 2800 2629 2850 est
2660 2796 2895 2851 conditio
2942 2812 3107 2868 quam
3160 2798 3534 2868 imposuerint,
3578 2797 3659 2848 aut
3702 2802 3845 2859 regnis

2326 2900 2450 2939 cum
2478 2901 2675 2956 magno
2731 2886 2908 2940 etiam
2952 2888 3077 2940 vita:
3130 2886 3385 2956 periculo
3427 2881 3751 2938 amittendum.
3781 2878 3849 2929 Aa:

2328 2975 2407 3030 vis
2436 2976 2748 3045 conﬂigere,
2803 2975 3226 3047 periculumque
3260 2974 3381 3011 “5"
3410 2974 3571 3028 armis
3608 2967 3851 3042 propulsare;

2327 3064 2419 3119 sed
2450 3081 2558 3135 qua
2590 3066 2812 3136 virtute,
2853 3073 3033 3136 putas,
3092 3065 3139 3119 is
3196 3065 3359 3120 miles
3412 3064 3601 3118 hostem
3641 3066 3853 3126 coring

2328 3157 2594 3225 proteret,
2616 3156 2712 3225 qui
2742 3153 2900 3209 modo
2929 3153 2997 3208 ad
3026 3153 3423 3209 recensendum
3454 3151 3716 3207 exercitum
3734 3156 3852 3198 nam

2338 3243 2575 3299 Parvula
2606 3243 2898 3298 intervallo
2927 3244 3080 3298 abest
3106 3242 3351 3298 hostium
3380 3240 3622 3314 inﬁnitus
3647 3235 3855 3292 exercitii;

2327 3332 2417 3387 sed
2445 3333 2659 3388 cunctis
2689 3331 2931 3387 hostibus
2958 3332 3083 3402 plus
3113 3333 3219 3387 tibi
3243 3329 3576 3403 formidandi
3598 3334 3702 3382 sunt
3732 3323 3775 3376 hi
3805 3316 3853 3351 “5‘

2328 3424 2426 3493 qui
2455 3423 2620 3477 lateri
2652 3426 2742 3476 tuo
2770 3422 3134 3491 familiariter
3174 3422 3545 3485 obversantur,
3587 3418 3669 3488 qui
3714 3410 3854 3467 interim

2327 3511 2430 3566 tibi
2457 3510 2720 3565 simulata
2774 3509 2878 3578 ﬁde
2936 3509 3139 3564 blanda
3202 3511 3505 3581 loquuntur
3562 3501 3772 3578 quamdiu
3806 3510 3855 3549 ιω

2326 3600 2523 3671 quibus
2549 3616 2607 3654 se
2633 3607 2974 3655 sacramento
3000 3600 3393 3668 obligaverunt
3425 3600 3513 3634 “5‘
3548 3594 3715 3664 prwlio
3754 3590 3855 3640 lam-

2324 3706 2440 3745 sere
2466 3706 2573 3745 non
2604 3693 2890 3757 coguntur.
2925 3688 3075 3757 Quod
3112 3690 3165 3743 si
3220 3690 3460 3744 classica
3512 3680 3798 3740 immaterial.
3830 3674 3855 3724 tl

2320 3781 2563 3851 pressius
2588 3779 2768 3849 posito
2794 3777 2929 3848 pede
2957 3782 3055 3833 aut
3084 3778 3177 3814 ¹¹⁶⁶
3207 3776 3377 3849 feriri
3404 3779 3499 3831 aut
3523 3776 3673 3846 ferire
3693 3764 3858 3837 unum

2326 3870 2431 3924 loci
2479 3868 2895 3932 coartabuntur,
2952 3868 3227 3921 nimirum
3280 3874 3380 3921 aut
3408 3866 3543 3921 dicto
3586 3862 3721 3917 citius
3755 3853 3859 3919 illi“

2324 3960 2495 4028 gient,
2528 3966 2624 4011 aut
2654 3965 2705 4011 te
2733 3955 2942 4011 deserto
2989 3955 3059 4009 ad
3112 3962 3300 4026 partes
3354 3956 3583 4010 hostium
3630 3942 3861 4005 transibﬂl.

2330 4046 2515 4104 Unnde
2542 4047 2717 4100 satius
2750 4046 2837 4080 ¹¹⁶⁷
2870 4046 3054 4114 fuerat
3089 4045 3465 4100 Wormaciam
3510 4041 3595 4078 ¹¹⁶⁸
3644 4052 3729 4092 non
3768 4041 3862 4085 ιπε-

2326 4135 2471 4199 dere,
2503 4151 2687 4205 quam,
2722 4135 2782 4188 in
2809 4137 3116 4188 extremum
3144 4133 3451 4189 discrimen
3474 4115 3865 4204 progressum/5“"

2322 4226 2643 4296 principum
2669 4226 2782 4278 tam
2813 4224 3003 4292 iniquo
3052 4230 3295 4294 tempore
3350 4225 3739 4294 expmmentum
3774 4219 3864 4277 qua"

2326 4330 2467 4370 rere.
2507 4316 2684 4370 (mum
2736 4317 2917 4367 tamen
2965 4316 3117 4382 patet
3173 4314 3371 4367 incisa:
3432 4312 3521 4348 “5°
3571 4305 3671 4380 spei
3712 4296 3864 4365 undique

2327 4403 2601 4473 impeditis
2632 4402 2790 4457 rebus
2818 4402 3105 4471 e/fugium,
3135 4402 3188 4455 si
3214 4403 3502 4471 facturum
3525 4407 3573 4454 te
3609 4407 3710 4467 quz
3747 4394 3865 4473 posts-

2330 4470 2475 4548 laris
2505 4470 2893 4546 incunctanter
2914 4470 3225 4561 promittes.
3261 4492 3345 4545 Ita
3372 4493 3429 4545 et
3475 4484 3752 4561 juveniliter
3769 4470 3865 4529 ml-

573 4589 815 4628 suorum
849 4571 1160 4644 appellare,
1195 4589 1266 4629 ne
1296 4590 1357 4629 se
1389 4576 1723 4648 subjugum
1746 4582 1867 4632 tam
1891 4578 2053 4634 fcedaa
2084 4597 2220 4635 con-
2253 4591 2297 4655 Ι)
2328 4584 2569 4636 tantium
2591 4581 2829 4634 hostium
2857 4580 3195 4649 ferocitatem
3244 4580 3485 4647 eludere,
3542 4580 3589 4632 et
3633 4565 3864 4643 perimit”-

575 4660 818 4717 ditionis
850 4662 919 4717 ad
954 4661 1045 4716 sui
1076 4662 1339 4718 omnium
1372 4662 1753 4734 ignominiam
1778 4666 1931 4722 mitti
1952 4672 2218 4739 pateren-

573 4754 706 4820 tur;
732 4750 875 4805 illud
934 4767 1050 4821 prae
1096 4751 1317 4807 caeteris
1347 4752 1710 4809 intolerabile
1733 4756 2029 4825 judicans,
2063 4758 2216 4829 quod

576 4838 811 4895 castella
840 4856 947 4894 sua
978 4840 1273 4897 destruere
1303 4845 1362 4896 et
1398 4841 1669 4898 hostibus
1699 4842 1823 4899 suis
1855 4846 2093 4915 praemia
2116 4863 2219 4917 pro

576 4928 881 5000 suppliciis
912 4928 1151 4984 reddere
1182 4930 1514 5002 cogebatur.
1549 4932 1833 5003 Cumque;
1863 4939 2059 5005 spreta
2082 4952 2219 5006 pace

577 5031 702 5088 quas
734 5016 1100 5082 offerebatur,
1125 5019 1390 5089 sequenti
1421 5020 1514 5075 die
1557 5020 1872 5077 exercitum
1933 5024 2219 5079 recenseri

574 5104 874 5177 aciemque
905 5107 976 5162 ad
1008 5122 1262 5178 pugnam
1296 5107 1506 5165 instrui
1534 5109 1870 5181 placuisset,
1902 5111 2065 5167 misit
2108 5113 2220 5167 cir-

576 5209 950 5268 cumquaque
984 5196 1055 5251 ad
1118 5195 1451 5252 habitacula
1507 5198 1860 5272 principum,
1915 5201 2129 5271 jubens
2157 5205 2221 5255 ut

2329 4670 2469 4742 quod
2491 4670 2746 4740 faucibus
2794 4672 2949 4739 urget
3003 4668 3253 4737 evadere,
3308 4672 3364 4723 et
3419 4680 3639 4735 regnum
3682 4658 3863 4741 demetit

2326 4761 2515 4830 sopitis
2562 4760 2623 4814 in
2681 4760 3004 4829 perpetuum
3058 4760 3275 4813 cunctis
3334 4755 3700 4813 simultatibus,
3741 4749 3865 4815 p015“

2326 4848 2588 4904 obtinere.
2623 4847 2772 4901 Tum
2808 4846 2901 4882 “7°
2926 4843 3023 4901 ille
3046 4852 3161 4900 nOn
3191 4850 3321 4900 tam
3354 4844 3570 4899 ratione
3591 4839 3744 4895 victus
3759 4836 3859 4901 quim

2328 4936 2699 5005 necessitate,
2733 4951 2865 4990 cum
2890 4934 3087 4989 omnia
3101 4933 3576 5006 priusincassum
3594 4922 3863 5012 pertemPiL"

2332 5030 2425 5081 set
2454 5024 2820 5088 diverticula,
2853 5024 3113 5093 tandem,
3144 5024 3354 5079 accitis
3401 5023 3471 5077 ad
3520 5021 3605 5058 “71
3656 5008 3859 5070 concilmm

2335 5112 2999 5186 principibus,permisit
3028 5113 3137 5180 “7',
3171 5116 3241 5167 ut
3272 5130 3380 5185 pro
3409 5128 3514 5167 suo
3542 5100 3863 5186 arbitratu

2332 5182 2422 5255 tos
2456 5182 2656 5256 motus
2686 5182 3140 5272 componerent;
3174 5182 3524 5272 promittens
3550 5212 3607 5253 se
3642 5182 3863 5248 indubiu“

1925 5344 2182 5400 VARLIE
2216 5344 2629 5401 LECTIONES.

648 5468 741 5502 ¹¹⁵³
765 5466 915 5522 bella
942 5469 993 5521 4.

577 5536 670 5572 “'9
702 5537 1043 5609 nullamque
1071 5538 1125 5593 3.

576 5609 667 5645 “'5‘
696 5608 843 5664 deest
867 5610 919 5663 3.

578 5680 730 5743 scise
759 5680 811 5737 3.
894 5682 985 5718 “7°
1004 5682 1170 5739 Tunc
1195 5683 1248 5737 4.
1272 5680 1400 5719 “¹¹⁷ι
1431 5682 1490 5737 in
1515 5684 1566 5738 4.
1629 5682 1719 5717 “72
1751 5684 2088 5754 promisi”.

1222 5540 1315 5610 U5"
1344 5538 1485 5610 imp.
1522 5539 1573 5593 4.
1652 5540 1743 5575 ¹¹⁶¹
1776 5538 1920 5596 deest
1950 5543 2002 5597 4.

1104 5468 1198 5507 11⁸⁸
1245 5466 1385 5548 deest
1414 5467 1468 5521 5.
1552 5468 1647 5503 ¹¹⁸³
1703 5469 2051 5580 respondere
2078 5471 2130 5525 4.
2211 5470 2306 5511 ί¹⁸⁶
2362 5470 2512 5525 deest
2538 5470 2590 5524 3.
2651 5486 2698 5524 s.
2746 5469 2872 5539 jam
2930 5470 2980 5523 4.

1222 5540 1465 5580 Ηδοιππι
1522 5539 1550 5580 Δ
1652 5540 1743 5575 1161
1813 5543 1978 5580 nam
2106 5540 2524 5580 418θίηοῦμῆοηῦ
2583 5542 2616 5580 Q
2700 5542 2794 5577 H62
2880 5558 2980 5580 nm-

1025 5542 1125 5595 33.
1222 5542 1315 5575 ¹¹⁶⁰
1344 5542 1485 5610 imp.
1522 5542 1573 5593 4.
1652 5542 1743 5575 ¹¹⁶ι
1776 5542 1920 5596 deest
1950 5543 2002 5597 4.
2106 5542 2197 5580 ⁴¹⁶²
2227 5542 2527 5598 instabant
2582 5542 2635 5595 3.
2700 5542 2794 5577 ¹¹⁶²
2880 5542 3203 5612 periculum
3232 5542 3290 5593 5.
3371 5542 3462 5574 ¹¹⁶³
3508 5542 3723 5591 voluerit
3752 5542 3788 5576 δ’
3821 5542 3867 5593 Ψ

1025 5611 1115 5647 ¹¹⁶⁵
1145 5609 1468 5683 obligavere
1502 5611 1552 5665 4.
1635 5611 1725 5645 ¹¹⁶⁶
1755 5617 1857 5667 aut
1888 5613 2042 5669 feriri
2074 5613 2269 5671 desunt
2298 5615 2352 5671 3.
2380 5614 2433 5669 4.
2464 5614 2498 5668 5
2518 5614 2545 5669 ?
2622 5612 2712 5651 “5"
2742 5612 2886 5669 satis
2915 5614 2968 5669 3.
3050 5613 3135 5650 ί¹⁶⁸
3183 5608 3517 5668 Wormacia
3538 5609 3583 5664 1.
3618 5600 3689 5659 5?
3746 5590 3813 5631 ¹¹⁸⁹
3835 5599 3870 5641 ω

3090 5468 3180 5505 ηδτ
3211 5471 3274 5523 et
3304 5468 3464 5523 deest
3504 5443 3873 5537 3.1158_h'.!n'r‘~;

2880 5518 3290 5612 pe-riculum'5'.
3309 5518 3479 5612 “‘1‘”:
3508 5518 3723 5612 ilﬂuf‘j‘
