3996 6158
132 290 288 350 1153

1406 292 1787 355 ANNALES.
1823 328 1901 340 —
1929 297 2060 357 AN.
2109 296 2289 357 1074.

3375 305 3532 368 1054

130 421 246 476 fide
278 420 554 476 omnibus
604 422 702 457 “73
748 438 1024 491 annuere,
1056 440 1181 495 qua
1229 423 1341 496 ipsi
1401 425 1778 481 conﬁciendis
1806 431 1862 496 Α
1891 427 2342 499 vm,25),multa
2380 435 2437 485 et
2466 447 2644 503 supra
2664 447 3003 489 mensuram
3031 450 3197 490 suam
3223 438 3536 509 magniﬁca

130 511 313 566 tantis
345 511 519 566 rebus
548 516 880 583 competere
902 513 1285 584 judicassent.
1320 518 1396 569 At
1422 513 1508 568 illi
1540 532 1777 587 respon-

130 600 345 655 derunt
376 600 466 636 “7‘
494 618 609 656 non
642 601 819 657 aliam
864 618 1104 673 prorsus
1134 606 1331 673 patere
1360 602 1511 658 viam
1546 604 1778 659 subter-

130 688 416 761 fugiendi,
450 689 603 760 quod
632 690 837 745 stricto
869 691 960 726 “7‘
985 690 1111 761 jam
1145 707 1420 746 mucrone
1449 692 1781 747 comminus

129 778 542 849 intentaretur,
574 776 777 850 pralii,
811 786 988 849 quam
1036 784 1100 833 ut
1130 780 1341 835 faceret
1371 797 1497 851 qua
1526 780 1782 836 Saxones

129 868 552 939 postulassent.
587 868 748 933 Quod
785 885 917 923 cum
951 869 1061 924 sub
1084 869 1492 925 testiﬁcatione
1525 870 1782 924 nominis

128 956 347 1012 Christi
371 956 799 1028 spopondisset,
826 956 1066 1028 profecti
1084 961 1223 1013 sunt
1253 957 1323 1012 ad
1343 974 1442 1013 eos
1476 958 1541 1012 15
1564 957 1786 1030 episco-

128 1048 189 1118 pi
221 1047 370 1118 (337)
404 1050 460 1101 et
492 1044 774 1117 quicquid
825 1045 1158 1118 principum
1187 1046 1247 1101 in
1279 1047 1488 1102 castris
1520 1051 1662 1115 erat,
1697 1063 1783 1101 re-

128 1136 281 1192 ferre
314 1133 430 1191 illis
452 1135 606 1207 regis
636 1134 1016 1191 voluntatem.
1040 1135 1235 1190 Multa
1258 1135 1339 1191 ibi
1359 1137 1523 1191 dicta
1555 1140 1786 1191 senten-

126 1226 245 1291 tia,
283 1223 472 1280 multa
492 1228 632 1280 sunt
652 1224 982 1296 conquisita
1005 1230 1369 1298 argumenta,
1394 1242 1528 1280 cum
1552 1229 1789 1297 propter

126 1317 467 1387 suspectam
500 1313 653 1385 regis
675 1313 1033 1369 ferocitatem
1055 1318 1111 1369 et
1135 1330 1539 1385 sapenumero
1564 1320 1786 1386 specta-

124 1408 251 1459 tam
270 1403 446 1457 ﬁdem
470 1402 633 1458 nulla
646 1402 973 1458 Saxonibus
989 1402 1328 1458 viderentur
1340 1405 1635 1471 satistuta
1656 1421 1793 1460 con-

124 1493 281 1549 eilia.
337 1492 401 1546 In
451 1491 694 1564 longum
744 1494 1038 1563 protracta
1091 1492 1183 1527 ¹¹⁷⁶
1230 1492 1680 1565 deliberatione,
1715 1496 1787 1551 ad

126 1582 411 1637 ultimum
440 1580 549 1635 hoc
575 1585 745 1652 pacto
770 1581 1182 1653 recuperanda
1212 1581 1340 1654 paci
1366 1588 1791 1639 consenserunt

128 1672 239 1735 “7“,
276 1676 363 1741 ut,
397 1669 447 1725 si
491 1670 726 1741 quando
776 1686 895 1740 rex,
926 1675 1179 1742 accepta
1230 1671 1487 1727 Iasionis
1540 1689 1785 1738 memor,

1889 516 1939 571 ei
1989 517 2406 588 promittebant
2455 520 2524 575 de
2572 521 2792 576 viribus
2843 523 2986 593 suis,
3022 524 3069 577 si
3118 523 3179 578 in
3228 526 3531 596 procinctu

1890 606 2261 676 perstitisset.
2308 606 2693 664 Ostentabant
2723 610 2898 665 etiam
2949 613 3019 666 ad
3067 614 3531 683 experimentum

1888 692 2121 748 virtutis
2152 711 2268 749 sua
2302 695 2503 751 titulos
2535 698 2683 768 (338)
2715 698 3148 756 interfectorum
3200 702 3531 760 Goslarieu-

1891 781 2069 847 sium,
2102 782 2418 853 dispositos
2466 802 2566 855 per
2616 804 2786 843 omne
2820 787 2965 843 illud
3016 790 3277 860 spacium
3315 795 3467 864 quod
3502 812 3535 850 a

1892 869 2156 926 Goslaria
2178 888 2363 943 usque
2384 875 2443 927 in
2467 873 2821 947 Hartesburg
2842 877 3072 933 duobus
3094 880 3273 935 ferme
3296 882 3534 938 milibus

1894 960 1982 994 “3‘
2026 959 2346 1031 interjacet.
2400 963 2527 1018 Hac
2560 965 2653 999 ¹¹⁸²
2705 965 3016 1033 audiendo,
3050 967 3223 1023 molis
3263 976 3535 1028 assuetus

1894 1048 2128 1104 animus
2159 1055 2215 1105 et
2245 1067 2346 1121 per
2374 1056 2597 1107 atatem
2630 1053 2824 1124 gloria
2860 1054 3129 1110 militaris
3160 1057 3366 1112 avidus
3400 1075 3537 1129 pau-

1894 1136 2055 1191 latim
2089 1139 2515 1194 reformabatur
2531 1142 2600 1195 ad
2633 1141 2933 1212 ingenium
2953 1159 3126 1198 suum
3151 1150 3324 1215 atque
3346 1148 3416 1201 ad
3442 1147 3536 1183 ¹¹⁸⁸

1897 1226 2147 1299 rigorem
2180 1228 2781 1302 pristinum,factique
2802 1232 2927 1301 jam
2953 1249 3069 1287 non
3103 1234 3196 1269 “3‘
3226 1235 3535 1291 mediocri-

1895 1319 1983 1370 ter
2013 1317 2348 1387 paenitebat.
2384 1318 2643 1390 Cumque
2674 1336 2707 1373 a
2752 1321 3077 1378 Saxonibus
3110 1324 3399 1393 promissa
3428 1342 3536 1381 sua

1896 1411 2300 1477 reposceretur
2326 1408 2437 1475 “95,
2472 1408 2646 1480 coepit
2675 1426 2911 1464 rursum
2944 1409 3170 1468 callidis
3201 1414 3533 1485 responsio-

1897 1493 2074 1549 nibus
2106 1494 2491 1566 tervigersari,
2510 1501 2566 1551 et
2596 1504 2787 1567 petere
2809 1503 2874 1552 ut
2897 1498 2968 1553 ad
3002 1505 3349 1556 conventum
3384 1503 3539 1574 prin-

1896 1581 2092 1653 cipum
2121 1583 2283 1655 regni
2301 1600 2792 1657 communemque
2811 1587 3167 1644 audientiam
3192 1606 3283 1645 res
3313 1590 3539 1665 integra

1897 1671 2244 1739 diflerretur,
2298 1678 2587 1744 quatenus
2635 1690 2834 1729 eorum
2876 1676 3101 1746 judicio
3151 1680 3219 1733 de
3264 1680 3535 1751 singulis,

124 1760 485 1816 sententiam
516 1775 805 1826 revocare,
828 1764 929 1814 aut
951 1759 1175 1831 aliquid
1208 1777 1409 1815 eorum
1438 1778 1566 1832 qua
1590 1761 1784 1830 modo,
1815 1803 1862 1867 B
1900 1760 2054 1829 quod
2088 1759 2317 1826 honori,
2351 1762 2501 1832 quod
2536 1762 2769 1817 utilitati
2798 1764 2875 1817 rei
2912 1764 3157 1834 publica
3188 1769 3538 1824 conduceret

124 1864 411 1921 suprema
424 1848 769 1903 necessitate
781 1848 1778 1919 compulsus,statuisset,inirritum

124 1939 349 1995 ducere
390 1941 716 2004 conaretur,
748 1953 972 2001 omnes,
1006 1938 1209 1993 eodem
1255 1954 1369 2009 quo
1401 1954 1557 1993 nunc
1588 1954 1779 1993 sacra-

120 2033 334 2083 mento
364 2026 649 2093 obstricti,
683 2043 847 2082 arma
894 2031 1235 2097 repeterent,
1282 2027 1510 2097 injuria
1552 2028 1778 2082 obviam

122 2119 306 2182 irent,
344 2121 400 2171 et
428 2120 735 2186 tamquam
766 2114 1049 2170 evidentis
1070 2115 1311 2186 perjurii
1344 2132 1531 2183 reum,
1554 2116 1780 2171 cunctis

123 2207 295 2279 regni
331 2204 696 2277 principibus
741 2204 1088 2275 suffragium
1130 2204 1470 2275 ferentibus,
1503 2206 1573 2260 de
1604 2221 1780 2276 regno

122 2294 567 2367 proturbarent.
606 2293 666 2346 In
716 2292 826 2347 hac
873 2293 1047 2348 verba
1095 2308 1297 2348 omnes
1344 2296 1409 2347 ut
1453 2298 1616 2349 erant
1645 2309 1780 2349 con-

122 2383 372 2456 globate
404 2381 636 2454 agmine
657 2382 729 2436 ad
750 2381 1061 2436 videndam
1080 2381 1287 2437 faciem
1307 2382 1461 2454 regis
1488 2398 1780 2452 processe-

122 2476 295 2538 runt,
330 2472 457 2542 ipso
487 2470 581 2525 die
603 2469 1025 2541 puriﬁcationis
1049 2475 1261 2525 sancta
1288 2470 1477 2525 Maria
1502 2471 1686 2541 (Febr.
1702 2474 1780 2539 2),

122 2558 537 2632 praeeuntibus
577 2558 668 2613 his
699 2557 800 2629 qui
854 2558 1188 2629 reparanda
1220 2559 1380 2629 pacis
1431 2560 1783 2615 mediatores

121 2650 375 2704 fuerant
403 2646 691 2719 episcopis
721 2650 779 2701 et
809 2645 939 2701 aliis
970 2645 1353 2718 principibus.
1379 2646 1538 2709 Quod
1572 2647 1669 2702 ille
1689 2664 1783 2703 ve-

121 2738 372 2793 nientes
399 2735 717 2791 honoriﬁce
750 2734 1008 2806 suscepit
1041 2734 1150 2801 “7°,
1171 2734 1435 2790 osculum
1458 2736 1786 2807 prabuit,et

123 2827 300 2899 pacis
331 2824 717 2890 conditiones,
749 2840 897 2895 quas
929 2840 1031 2896 per
1059 2822 1460 2880 internuncios
1491 2824 1785 2897 signiﬁca-

119 2921 318 2987 verat,
349 2915 487 2969 viva
518 2914 677 2969 vocis
709 2913 1049 2968 auctoritate
1080 2913 1391 2968 roboravit.

120 3007 219 3061 Ita
248 3003 592 3076 compositis
612 3003 885 3058 omnibus
908 3019 977 3058 ex
1007 3003 1317 3069 sententia,
1345 3003 1438 3058 his
1471 3004 1569 3075 qui
1594 3010 1787 3076 partes

120 3110 282 3150 suas
313 3093 643 3165 impensius
675 3096 1016 3147 curaverant
1043 3093 1196 3147 dona
1216 3094 1386 3163 juxta
1406 3094 1784 3164 magniﬁcen-

1895 1850 2005 1915 “35,
2040 1853 2409 1904 statueretur.
2460 1849 2578 1904 [llis
2627 1851 3045 1922 annuentibus,
3081 1855 3336 1924 pracipit
3386 1861 3448 1910 ut
3478 1858 3534 1913 6.

1889 1937 2027 1992 Idus
2057 1936 2246 1992 Martii
2277 1939 2470 2009 (Mart.
2506 1938 2593 2010 10)
2625 1939 2917 2011 principes
2940 1941 3010 1995 de
3044 1948 3163 1997 toto
3195 1958 3371 2015 regno
3399 1946 3540 2001 Gos-

1890 2025 2094 2081 lariam
2124 2026 2517 2082 convenirent.

1961 2115 2187 2170 Statuto
2220 2116 2311 2170 die
2338 2119 2661 2170 ceterorum
2693 2116 3022 2189 principum
3058 2119 3257 2175 nullus
3288 2137 3354 2176 eo
3383 2122 3540 2178 venit

1891 2202 2147 2257 Saxones
2180 2207 2236 2257 et
2273 2204 2558 2273 Thuringi
2608 2220 2738 2259 cum
2774 2204 3001 2261 inﬁnita
3052 2206 3430 2265 multitudine
3464 2212 3536 2266 de

1890 2296 2009 2347 tota
2064 2292 2311 2347 Saxonia
2367 2296 2423 2347 et
2476 2292 2816 2365 Thuringia.
2880 2300 3246 2352 sacramento
3295 2298 3537 2364 evocati,

1893 2382 2156 2448 aderant,
2189 2386 2244 2436 et
2274 2381 2418 2437 haut
2466 2381 2727 2450 procula
2769 2382 3037 2439 Goslaria
3076 2390 3265 2440 castra
3313 2387 3537 2452 metati,

1892 2470 2111 2542 legatos
2141 2471 2211 2524 ad
2246 2487 2440 2542 regem
2465 2472 2776 2535 miserunt,
2798 2488 2966 2543 agere
2996 2490 3129 2528 cum
3147 2490 3213 2529 eo
3244 2474 3314 2529 de
3336 2475 3539 2529 condi-

1893 2559 2154 2614 tionibus
2187 2560 2401 2630 quibus
2450 2560 2599 2614 inter
2626 2576 2687 2614 se
2720 2565 2776 2615 et
2821 2577 2953 2615 eum
2988 2578 3100 2632 pax
3148 2564 3534 2619 convenisset.

1891 2648 2107 2703 Triduo
2139 2648 2360 2720 integro
2390 2648 2579 2719 (Mart.
2615 2649 2702 2719 12)
2736 2654 2792 2703 et
2807 2649 2888 2715 hi,
2923 2650 3092 2705 modo
3124 2651 3533 2723 supplicando,

1894 2738 2067 2792 modo
2116 2741 2391 2793 terrorem
2442 2736 2718 2793 bellicum
2777 2738 3118 2794 intentando
3174 2740 3285 2807 ηδτ,
3336 2741 3544 2796 acriter

1894 2825 2212 2890 instabant,
2245 2829 2302 2879 et
2332 2825 2427 2880 ille
2478 2824 2846 2881 sedulitatem
2897 2826 3245 2882 instantium
3296 2828 3539 2884 lubricis

1895 2913 2377 2985 responsionibus
2406 2912 2640 2969 eludere
2669 2915 3008 2979 conabatur,
3044 2920 3102 2971 et
3133 2918 3301 2972 modo
3333 2918 3403 2972 de
3435 2918 3537 2972 ab-
3580 2916 3581 2919 “

1897 3002 2084 3057 sentia
2113 3002 2443 3075 principum
2467 3004 2842 3074 causabatur,
2867 3004 2934 3059 ad
2966 3020 3215 3075 quorum
3242 3005 3537 3075 judicium

1898 3107 1965 3146 ea
1994 3106 2087 3145 res
2125 3090 2500 3161 potissimum
2534 3096 2841 3162 spectaret,
2875 3093 3047 3148 modo
3080 3094 3289 3149 obnixe
3319 3094 3545 3166 ﬂagita-

122 3187 283 3241 tiam
315 3182 537 3254 regiam
557 3182 805 3254 largitus
827 3186 934 3247 est,
959 3181 1339 3253 dimissisque
1356 3182 1606 3255 singulis
1628 3183 1684 3237 in
1709 3183 1790 3238 lo-
1820 3168 1862 3234 C
1902 3179 2001 3233 bat
2029 3184 2110 3245 ut,
2145 3178 2351 3233 ceteris
2383 3179 2660 3234 omnibus
2685 3181 2854 3249 juxta
2884 3182 3220 3236 condictum
3255 3184 3543 3238 manenti-

119 3291 275 3330 cnm
308 3287 507 3342 suum,
531 3272 656 3343 ipse
677 3272 925 3342 junctus
954 3272 1281 3326 Saxonibus
1304 3271 1628 3327 Goslariam
1658 3288 1786 3344 per-

119 3362 307 3419 rexit.
345 3359 660 3416 Destinatis
689 3360 864 3414 etiam
889 3360 1346 3432 circumquaque
1369 3361 1600 3416 nunciis
1632 3378 1791 3416 man-

118 3451 304 3508 davit
360 3454 427 3504 ut
472 3450 545 3504 ab
592 3448 1025 3521 oppugnatione
1082 3448 1455 3503 castellorum
1504 3449 1788 3504 exercitus

120 3541 556 3606 abduceretur,
589 3541 645 3592 et
673 3537 732 3591 hi
764 3536 862 3607 qui
895 3536 953 3591 in
986 3537 1242 3592 castellis
1274 3542 1438 3593 erant
1469 3538 1613 3592 nihil
1635 3539 1791 3593 deiu-

116 3646 280 3701 ceps
311 3626 525 3683 hostile
554 3627 610 3680 in
642 3625 1023 3697 provinciales
1070 3626 1342 3697 facerent,
1376 3628 1474 3682 sed
1533 3627 1631 3681 ubi
1672 3628 1789 3697 pri—

119 3734 310 3775 mum
344 3716 585 3785 cibaria,
604 3731 734 3787 qua
762 3715 820 3769 in
838 3716 931 3751 “79
948 3715 1235 3770 diutinam
1256 3716 1391 3771 belli
1416 3714 1794 3771 administra-

121 3810 367 3864 tionem
403 3805 621 3860 affatim
667 3809 941 3875 congesta
987 3803 1236 3871 fuerant,
1268 3804 1793 3876 consumpsissent,

116 3900 269 3969 ipsa
302 3893 547 3950 castella
596 3892 1046 3964 provincialibus
1094 3892 1390 3948 traderent
1416 3893 1678 3949 funditus
1707 3892 1792 3947 di-

115 3985 392 4042 ruenda.
426 3983 540 4038 Nec
572 3982 828 4038 Saxones
858 3998 1210 4053 magnopere
1258 3982 1539 4037 curabant
1569 3982 1675 4037 has
1706 3982 1794 4036 in-

112 4076 371 4139 ducias,
389 4071 658 4144 quamvis
680 4087 795 4125 non
821 4071 1134 4125 minimum
1166 4069 1449 4126 haberent
1469 4076 1793 4143 suspectas,

113 4181 273 4220 cum
298 4164 357 4217 in
378 4165 726 4233 potestatem
756 4176 922 4215 suam
945 4160 1245 4215 redactum
1262 4160 1474 4215 scirent
1497 4161 1796 4215 communi

110 4250 447 4309 sententia
481 4267 595 4305 non
626 4266 798 4322 posse
829 4248 1127 4321 refragari.
1165 4248 1348 4319 Igitur
1378 4264 1510 4303 cum
1540 4249 1799 4304 venisset

112 4338 498 4402 Goslariam,
524 4338 769 4407 juvenes
802 4336 901 4407 qui
935 4336 992 4390 in
1026 4336 1383 4407 Harlesburg
1416 4336 1796 4407 fuerant,qui-

112 4446 255 4500 que
291 4430 531 4498 propter
562 4442 651 4480 res
682 4427 830 4480 bene
880 4430 1075 4497 gestas
1105 4424 1164 4479 in
1200 4441 1417 4496 magna
1466 4426 1619 4496 apud
1662 4441 1796 4480 eum

1896 3268 2029 3334 bus,
2065 3266 2189 3321 sola
2220 3266 2475 3337 castella,
2500 3284 2626 3338 qua
2660 3268 2910 3323 summis
2938 3269 3220 3341 impensis
3252 3271 3320 3324 ad
3348 3271 3541 3325 muni-

1899 3361 2162 3410 mentum
2200 3357 2291 3395 “88
2322 3355 2483 3426 regni
2515 3357 2883 3420 extruxisset,
2909 3356 3017 3410 sibi
3051 3358 3541 3415 condonarentur.

1899 3445 2001 3500 His
2030 3444 2251 3499 scilicet
2281 3442 2711 3509 salvis,facilem
2736 3445 2985 3499 ducebat
3005 3450 3324 3501 ceterarum
3348 3464 3544 3507 rerum

1891 3535 2206 3606 jacturam,
2240 3549 2305 3587 eo
2354 3533 2508 3602 quod
2554 3538 2813 3603 speraret
2856 3550 2918 3588 se
2960 3533 3019 3588 in
3068 3534 3181 3605 his,
3225 3540 3545 3607 utcumque

1900 3640 1994 3677 res
2043 3620 2411 3686 cecidissent,
2444 3637 2674 3691 semper
2723 3621 3020 3692 refugium
3073 3623 3435 3689 habiturum,
3489 3629 3548 3680 et
3610 3666 3613 3669 η

1903 3714 2213 3782 perpetuas
2242 3727 2275 3764 a
2306 3709 2628 3764 Saxonibus
2659 3710 2786 3779 ejus
2818 3711 2910 3750 “'9
2935 3727 3111 3781 quam
3143 3728 3298 3767 nunc
3320 3712 3550 3768 intulis-

1903 3802 2032 3853 sent
2060 3797 2425 3853 contumelia
2449 3814 2648 3869 panes
2670 3803 3030 3853 exacturum.
3056 3799 3549 3872 Jamque,spretis

1902 3887 2229 3961 legatorum
2266 3886 3143 3958 supplicationibus,reprobatis
3170 3889 3548 3945 familiarium

1904 3993 2146 4033 suorum
2188 3975 2472 4043 consiliis,
2505 3976 2656 4031 ﬁxus
2703 3976 3151 4047 obstinatusque
3199 3977 3553 4048 persistebat

1904 4067 1962 4121 in
1994 4066 2310 4138 proposito,
2343 4081 2477 4120 cum
2511 4064 2703 4119 subito
2736 4065 3049 4120 nunciatur
3078 4066 3234 4136 quod
3268 4066 3548 4135 Saxones,

1906 4156 2144 4211 omissis
2175 4155 2265 4189 “9°
2296 4153 2684 4209 internunciis
2716 4170 2818 4225 per
2848 4171 2993 4225 quos
3025 4155 3272 4211 antehac
3295 4172 3386 4211 res
3417 4171 3550 4228 age-

1905 4245 2097 4311 batur,
2132 4245 2341 4298 armati
2374 4244 2763 4315 instructique
2794 4243 2865 4298 ad
2908 4243 3192 4315 palatium
3224 4246 3550 4315 tenderent,

1907 4349 2012 4387 nec
2041 4333 2166 4403 jam
2199 4332 2488 4403 promissa
2534 4348 2858 4404 reposcere,
2893 4333 2992 4388 sed
3045 4333 3095 4387 ei
3126 4333 3431 4401 valefacto,
3462 4351 3552 4390 re-

1906 4438 2058 4493 gem,
2095 4436 2267 4491 quem
2300 4419 2574 4490 deinceps
2606 4418 2739 4474 belli
2789 4420 2997 4475 ducem
3031 4420 3304 4485 habeant,
3339 4422 3555 4477 constio

113 4514 542 4573 admiratione
572 4514 956 4581 habebantur,
987 4513 1363 4569 vehementer
1389 4512 1802 4584 improbabant
1834 4532 1879 4595 D
1909 4515 2070 4565 tuere
2099 4507 2330 4563 vellent.
2365 4509 2644 4563 Praterea
2690 4507 3168 4579 archiepiscopus
3200 4510 3554 4575 Premensis,

114 4604 602 4662 conventionem
634 4602 889 4674 pacis,et
917 4602 1413 4674 quia,secundum
1438 4602 1803 4673 prOphetam,

116 4694 239 4731 “9°
274 4691 453 4748 dolus
483 4691 744 4747 directus
775 4692 965 4747 fuerat
995 4690 1055 4746 in
1087 4690 1363 4746 manibus
1393 4705 1593 4745 eorum
1628 4692 1804 4762 (Dan.

1914 4598 2223 4670 episcopus
2254 4595 2583 4667 Citicensis,
2610 4595 2921 4667 episcopus
2951 4596 3481 4668 Osenbruggensis,
3503 4601 3561 4653 et

1916 4688 2111 4758 ceteri,
2140 4686 2238 4759 qui
2263 4690 2497 4757 propter
2516 4684 2844 4756 impensius
2869 4684 3132 4739 studium
3157 4685 3413 4756 partium
3432 4686 3562 4757 ejus

1513 4860 1753 4917 VARI/13
1793 4858 2207 4916 LECTIONES.

211 4997 500 5079 {inﬁgat
521 4996 609 5079 ‘3,“
663 4996 757 5033 “7‘
786 4994 1135 5079 respondere
1167 4995 1803 5079 4...”.“75.gl8l:f‘l0tl0_é.

108 5072 245 5109 “7°
276 5068 355 5124 ad
388 5069 441 5122 4.
520 5069 610 5141 “89
657 5068 1037 5141 propheciam
1063 5068 1117 5122 5.
1198 5068 1289 5141 lii“,
1338 5067 1666 5141 miliaribus
1720 5070 1798 5125 1".

1884 4994 1976 5031 “75
2006 4991 2278 5065 protracti
2326 4992 2387 5065 5.,
2442 4990 2552 5065 βίη
2598 5005 2946 5065 consensere
2974 4990 3049 5065 3.,
3108 4987 3561 5065 11,7?Aexcepiti‘.

1879 5065 1972 5103 “39
2004 5060 2117 5120 Nec
2168 5066 2219 5119 4.
2300 5063 2393 5100 ¹¹⁸⁸
2420 5060 2565 5117 deest
2593 5064 2649 5117 5.
2728 5063 2822 5099 “3‘
2850 5062 2996 5117 deest
3023 5062 3075 5115 3.
3157 5061 3250 5097 “9‘
3298 5076 3565 5130 reposce-

104 5144 363 5213 rentur
393 5141 450 5194 1·
527 5140 615 5177 ³1⁸⁸
643 5132 983 5197 condecoret
1012 5140 1064 5194 3.
1145 5140 1237 5176 “37
1276 5140 1679 5213 intemptando
1716 5141 1771 5196 3.
1850 5139 1941 5175 ηδε
1989 5135 2414 5193 monimentum
2446 5132 2500 5190 3.
2550 5133 2601 5189 4.
2647 5132 2701 5189 5.
2781 5132 2875 5170 “3°
2905 5132 3178 5190 omnibus
3210 5133 3260 5189 1.
3338 5132 3434 5168 “9°
3463 5132 3566 5189 ob-

99 5212 361 5273 missis
390 5212 445 5266 3.

1743 5350 1973 5412 NOTAE.

209 5477 382 5554 (337)
413 5484 489 5537 De
520 5496 764 5537 numero
798 5479 1087 5538 dubitavit
1136 5481 1383 5538 Stenzel.
1420 5482 1463 5549 Ι,
1497 5498 1553 5553 p.
1587 5480 1709 5548 311,
1745 5496 1803 5535 n.

96 5557 211 5616 23

213 5596 389 5701 {338)
420 5630 804 5684 monumenta
855 5623 1246 5700 sepulcralia;
1296 5628 1439 5699 puta
1486 5639 1687 5683 cruces
1736 5624 1808 5683 ad

1917 5477 2071 5533 viam
2104 5474 2219 5533 KR.
2251 5473 2619 5533 Denksteine.
2657 5477 2763 5544 Ita,
2784 5471 2951 5547 apud
2981 5472 3343 5544 Iuvenalem,
3376 5471 3570 5535 είεαιω

1917 5551 2154 5624 sepulcri
2183 5552 2271 5606 est
2300 5548 2603 5623 inscriptio
2635 5546 3002 5621 sepulcralis.
