3962 6158
524 267 681 327 1155

1682 259 2083 323 LAMBERTI
2128 258 2768 322 HEBSFELDENSIS
3664 273 3763 337 me
3870 312 3871 319 ,

526 401 621 438 “91
655 398 904 455 Saxonia
950 396 1207 468 eil'ugati,
1242 394 1715 466 possessionibus
1747 394 1949 450 nudati
1980 392 2162 463 pluri-
2194 393 2249 460 Α
2280 398 2471 447 actum
2525 393 2829 463 putabant,
2877 397 3068 448 stante
3117 397 3287 465 atque
3322 395 3555 453 incolumi
3590 405 3769 472 castello,

524 490 636 546 bus
665 485 1003 560 ignominiis
1058 484 1367 540 deformati
1397 484 1647 551 fuerant,
1673 483 2030 539 unanimiter
2060 482 2169 537 cir-

524 578 950 633 cumsteterunt
996 590 1154 643 eum,
1201 590 1304 644 per
1347 579 1527 629 Deum
1580 573 1956 628 obsecrantes
2002 577 2086 641 ut,
2121 569 2171 626 si

524 665 719 720 minus
750 662 1242 734 propriaa,saltem
1268 678 1471 718 eorum
1494 660 1847 717 calamitatis
1872 661 2171 716 miserere-

520 751 1025 824 tur,qui,propriis
1048 752 1288 807 sedibus
1320 752 1454 806 odio
1482 751 1738 806 nominis
1769 751 1898 820 ejus
1920 748 2167 821 expulsi,

521 842 803 911 annojam
821 842 1001 896 ferme
1016 840 1240 913 integro
1255 857 1356 912 per
1367 856 1572 895 omnes
1584 839 1852 894 miserias
1866 840 2040 893 vitam
2054 843 2168 893 tra—

519 931 774 997 xissent;
808 930 982 985 ﬁdem
999 947 1060 985 se
1080 930 1130 985 ei
1155 930 1213 983 in
1234 929 1493 984 adversis
1510 930 1602 966 “9’
1617 930 2023 984 intemeratam
2048 943 2166 982 ser-

520 1023 773 1086 vasse,et
796 1035 1181 1090 quaecumque
1196 1016 1770 1088 praetervoluntatem
1795 1016 2165 1084 accidissent,

523 1107 951 1163 communicato
976 1105 1171 1162 labore
1197 1106 1500 1173 tolerasse;
1522 1122 1699 1176 nunc,
1715 1106 1991 1176 quoniam
2014 1104 2167 1159 Deus

520 1200 715 1252 tantas
747 1212 940 1250 rerum
987 1194 1271 1266 procellas
1323 1195 1574 1267 benigna
1603 1195 1723 1250 vice
1756 1195 1815 1248 in
1848 1195 2045 1249 sedem
2078 1209 2167 1249 re-

524 1286 788 1340 duxisset
808 1284 978 1355 (339),
1012 1284 1289 1355 gauderet
1315 1286 1470 1337 sorte
1500 1300 1607 1338 sua
1625 1282 1796 1354 (340),
1826 1287 1881 1338 et
1897 1299 1969 1338 ne
1999 1282 2166 1337 dein—

523 1389 658 1444 ceps
689 1371 805 1427 tale
836 1371 1207 1442 naufragium
1238 1370 1541 1441 incideret,
1575 1376 1702 1425 tuta
1734 1386 1890 1425 nunc
1919 1371 2167 1426 statione

519 1460 747 1517 locatus
777 1461 1121 1532 provideret.
1156 1459 1317 1522 Quod
1352 1460 1400 1515 si
1434 1475 1523 1515 res
1562 1458 1912 1530 tranquillas
1943 1464 1999 1513 et
2031 1476 2167 1530 pro-

522 1549 672 1622 picia
707 1549 1016 1605 Divinitate
1049 1549 1166 1617 iam
1201 1549 1274 1603 ad
1306 1547 1588 1604 honorem
1620 1549 1748 1619 ejus
1779 1564 1847 1604 ex
1879 1546 2169 1603 sententia

521 1638 877 1710 compositas
932 1654 1137 1692 rursus
1196 1637 1587 1692 interturbare
1632 1642 1805 1708 atque
1866 1636 2167 1709 implicare

521 1727 711 1793 vellet,
734 1743 881 1797 quos
903 1726 1091 1781 exitus
1114 1725 1425 1780 habiturus
1448 1731 1620 1794 esset,
1636 1726 1760 1797 ipse
1783 1725 2161 1797 prospiceret;
2198 1760 2246 1827 Β

522 1833 583 1872 se
614 1814 1014 1887 superioribus
1047 1813 1215 1869 malis
1239 1815 1363 1884 jam
1396 1829 1583 1885 usque
1604 1815 1675 1869 ad
1707 1818 2024 1869 extremam
2048 1814 2165 1870 las-

523 1904 844 1960 situdinem
877 1902 1244 1974 defatigatos,
1279 1903 1606 1958 necessario
1653 1903 1925 1974 deinceps
1957 1904 2081 1959 loco
2112 1908 2168 1959 et

520 1992 768 2064 tempori
800 2006 1202 2055 concessuros,
1229 1995 1281 2045 et
1313 1990 1471 2062 genti
1504 2008 1645 2057 suae,
1669 2008 1740 2047 ne
1770 1993 1960 2047 denuo
1982 1992 2169 2063 patria

521 2080 906 2153 expellantur,
929 2080 1209 2135 obnoxios
1231 2080 1477 2135 futuros.
1506 2082 1662 2134 Inter
1688 2080 1805 2135 bszc
1836 2081 2011 2137 verba
2032 2098 2163 2137 cum

522 2170 783 2225 Saxones
824 2170 951 2239 jam
1002 2172 1226 2223 armata
1275 2168 1655 2224 multitudine
1702 2170 1915 2227 atrium
1966 2169 2165 2241 palatii

520 2258 777 2330 replesse
812 2258 906 2293 “93
935 2262 992 2312 et
1011 2257 1082 2311 ad
1114 2257 1229 2311 vim
1254 2258 1577 2312 faciendam
1603 2264 1832 2328 paratos
1855 2258 2169 2313 inconditis

522 2348 782 2402 motibus
813 2350 1173 2417 perstrepere
1199 2350 1481 2411 cerneret,
1505 2347 1740 2401 tandem
1764 2347 2002 2418 ancipiti
2024 2347 2171 2418 peri-

523 2434 654 2491 culo
686 2440 1009 2506 permotus,
1042 2435 1339 2490 consensit
1372 2440 1436 2489 ut
1466 2434 1598 2489 duci
1633 2435 1848 2501 Ottoni,
1891 2437 2168 2491 ducatum

526 2523 806 2594 Bajoaria
838 2524 1187 2594 reposcenti,
1219 2523 1372 2578 intra
1404 2524 1497 2558 “9‘
1526 2524 1662 2578 anni
1713 2526 1974 2595 spacium
2001 2529 2173 2595 juxta

524 2613 857 2684 principum
888 2611 1361 2683 jurisdictionem
1385 2612 1762 2679 satisfaceret,
1778 2614 2017 2670 castella
2038 2632 2169 2671 vero

524 2719 631 2757 sua
661 2701 857 2757 omnia
888 2700 1013 2756 sine
1042 2700 1319 2756 dilatione
1365 2701 1708 2771 destrueret,
1743 2703 1841 2757 sed
1875 2720 1941 2758 ea
1971 2706 2168 2760 condi-

524 2791 682 2845 tione
716 2794 780 2844 ut
808 2790 1063 2844 Saxones
1097 2793 1154 2843 et
1181 2788 1468 2861 Thuringi
1500 2806 1609 2844 sua
1659 2807 1893 2862 quoque
1934 2792 2172 2848 castella

526 2896 651 2950 quas
682 2882 940 2950 tempore
962 2878 1123 2950 regni
1144 2878 1272 2948 ejus
1297 2883 1557 2933 extructa
1574 2877 1971 2951 fuissent,pari
1998 2884 2170 2938 modo

527 2969 844 3037 diruerent,
876 2971 1064 3022 cetera
1084 2966 1260 3020 etiam
1293 2967 1511 3033 omnia,
1546 2984 1673 3039 quae
1705 2968 1761 3021 in
1796 2969 2169 3043 Gerstungun

529 3057 621 3091 “9‘
651 3055 948 3128 pollicitus
980 3056 1191 3121 fuerat,
1231 3055 1586 3127 ﬁdeintegra
1606 3056 2036 3114 exsolverentur
2056 3063 2167 3117 ηπ.

525 3144 640 3200 Nec
670 3142 1037 3215 perficiendis
1066 3159 1194 3214 quae
1226 3144 1574 3214 promiserat
1612 3147 1956 3217 improbitas
1988 3150 2167 3205 Saxo-
2201 3128 2244 3195 (ἶ

525 3249 667 3289 num
700 3232 851 3288 ullas
881 3231 1128 3287 indulsit
1152 3232 1441 3287 inducias.
1468 3233 1629 3289 Unde
1658 3236 1940 3291 continuo
1972 3238 2171 3295 missis

524 3322 979 3392 circumquaque
1009 3320 1263 3387 nunciis,
1292 3320 1586 3377 Vokenrot
1618 3324 1705 3363 “'97
1738 3328 1795 3378 et
1816 3328 2173 3400 Spatenberg

524 3415 581 3465 et
608 3414 799 3466 cetera
845 3409 1104 3476 castella,
1148 3410 1217 3465 de
1248 3410 1463 3481 quibus
1512 3413 1755 3482 quastio
1804 3416 2172 3488 promulgata

523 3499 729 3570 fuerat,
763 3498 1035 3555 succendi
1078 3514 1144 3553 ac
1177 3498 1408 3569 penitus
1453 3499 1603 3555 dirui
1637 3501 1789 3557 fecit.
1826 3504 1885 3557 In
1940 3506 2170 3561 Hartes-

522 3589 672 3659 burg
702 3587 855 3642 muri
897 3591 1128 3641 tantum
1179 3591 1317 3642 sunt
1345 3586 1545 3653 diruti,
1579 3594 1866 3660 quantum
1898 3593 1967 3647 ad
2008 3594 2169 3649 infir-

522 3677 797 3733 mandam
829 3676 1216 3732 munitionem
1249 3677 1770 3750 difficultatemque
1800 3680 1907 3736 loci
1939 3684 2027 3717 “9°
2048 3684 2169 3738 adi-

521 3767 797 3821 mendam
838 3765 1149 3821 sufficeret.
1184 3765 1397 3821 Ceteris
1428 3766 1688 3822 aediﬁciis
1736 3772 1922 3824 status
1955 3772 2170 3826 mansit

521 3853 854 3920 incolumis,
887 3870 952 3909 eo
985 3855 1140 3924 quod
1174 3853 1419 3909 ecclesia
1458 3854 1578 3910 illic
1634 3861 1966 3914 constructa
1994 3865 2051 3915 et
2082 3877 2172 3915 ca-

523 3943 872 3999 nonicorum
904 3942 1337 4015 congregationi
1371 3942 1744 4001 instituendas
1773 3946 1936 4003 locus
1968 3949 2169 4004 attitu-

521 4030 675 4086 latus
720 4031 945 4096 fuisset,
984 4033 1067 4085 Ita
1119 4032 1339 4102 pacatis
1387 4033 1735 4101 Saxonibus,
1767 4051 1864 4089 rex
1910 4036 2172 4092 Goslaria

525 4120 836 4183 decedens,
869 4119 1258 4175 Wormaciam
1292 4119 1456 4186 abiit,
1493 4120 1689 4192 ibique
1711 4128 1892 4178 totam
1926 4127 2174 4196 quadra-

521 4206 809 4277 gesimam
840 4206 1021 4277 (Mart.
1054 4207 1281 4275 April.),
1307 4208 1380 4262 ab
1413 4209 1573 4263 omni
1602 4210 1873 4283 deinceps
1901 4213 2037 4269 belli
2068 4232 2168 4288 ap-

524 4300 729 4366 paratu
765 4294 1026 4365 feriatus,
1059 4296 1266 4367 exegit.

594 4384 773 4440 Porro
804 4385 1015 4456 vulgus
1041 4385 1328 4452 Saxonis},
1352 4385 1409 4441 id
1443 4386 1814 4457 potissimum
1846 4393 1998 4462 quod
2031 4410 2168 4449 con-

2281 482 2437 551 quod
2470 483 2733 537 omnium
2765 482 3021 538 cladium
3042 499 3190 553 quas
3212 493 3513 555 acceperant
3529 496 3661 561 caput
3674 494 3771 564 prin.

2280 571 2617 642 cipiumque
2647 571 2951 636 extitisset,
2971 576 3027 627 et
3056 572 3209 643 quo‘d
3243 572 3771 654 circumjacentisregio-

2279 660 2371 715 nis
2402 659 2882 732 opulentissimas
2913 661 3206 732 quondam
3239 661 3392 718 villas
3419 666 3614 721 nuncin
3638 668 3771 727 horro-

2277 765 2400 804 rem
2433 755 2776 821 vastamque
2806 750 3181 806 solitudinem
3218 752 3533 823 redegisset;
3559 773 3646 811 non
3668 759 3773 815 detu-

2276 838 2415 893 lisse
2446 854 2639 910 regem
2661 838 2842 893 cultui
2877 839 3092 906 divino,
3119 840 3216 895 sed
3250 842 3353 895 sub
3374 848 3603 913 pratextu
3624 846 3772 918 religio-

2278 928 2370 982 nis
2401 928 2761 983 crudelitatis
2815 945 2931 983 sute
2979 929 3357 1000 patrocinium
3389 932 3471 966 “9°
3496 934 3775 1003 quaesissent

2277 1015 2518 1081 scilicet,
2550 1018 2878 1072 instaurato
2910 1023 3040 1088 post
3092 1019 3377 1074 modicum
3407 1020 3555 1089 bello,
3588 1039 3684 1077 cum
3705 1025 3774 1079 hac
3870 1015 3871 1071 l

2276 1106 2364 1161 ira
2402 1106 2729 1161 Saxonibus
2774 1107 3180 1177 deferbuisset,
3214 1106 3395 1163 locum
3439 1108 3701 1165 habeatma
3721 1115 3776 1168 ubi

2277 1194 2492 1251 milites
2523 1212 2661 1251 suos
2707 1212 2912 1251 rursus
2962 1196 3033 1251 ad
3081 1196 3425 1252 eversionem
3470 1198 3678 1254 Saxonis
3705 1206 3775 1257 tuto

2276 1282 2523 1350 emittat,
2556 1286 2680 1339 tuto
2710 1283 2970 1353 recipiat,
2990 1288 3045 1339 et
3075 1289 3216 1339 tunc
3242 1289 3397 1341 tanto
3412 1285 3559 1342 victis
3582 1287 3781 1344 incumbat

2278 1371 2561 1443 infestior,
2581 1377 2803 1443 quanto
2835 1390 2990 1428 nunc
3018 1374 3279 1429 discedat
3303 1375 3564 1430 Saxonum
3589 1375 3697 1431 latis
3710 1394 3780 1432 suc-

2276 1460 2540 1516 cessibus
2571 1461 2875 1518 etferatior.
2908 1462 3041 1517 Haec
3085 1462 3343 1518 vicissim
3371 1463 3780 1537 intemperatiscli-

2277 1549 2541 1605 moribus
2573 1550 2841 1621 serendo,
2858 1550 2917 1605 in
2940 1566 3212 1624 magnam
3234 1567 3295 1607 se
3311 1550 3621 1607 ferocitatem
3637 1552 3782 1606 inﬂam-

2277 1643 2515 1693 marunt
2544 1640 2655 1694 ¹²⁰¹.
2688 1638 2871 1711 Igitur
2920 1641 3099 1695 tercio
3145 1640 3243 1696 die
3290 1640 3428 1712 (342)
3462 1645 3707 1712 postquam
3730 1658 3785 1696 rex

2278 1728 2640 1783 abscesserat
2662 1728 2776 1797 ηοε,
2809 1729 3011 1784 insciis
3042 1728 3497 1802 inconsultisque
3515 1729 3785 1801 principibus,

2277 1816 2426 1872 facto
2458 1832 2631 1888 grege
2663 1819 2718 1872 in
2748 1817 3108 1890 Hartesburg
3145 1818 3394 1885 irruunt,
3425 1820 3561 1890 quod
3588 1819 3787 1874 residuum

2276 1909 2401 1959 erat
2419 1921 2721 1960 murorum
2746 1907 3171 1962 afundamento
3192 1906 3789 1979 dejiciunt,lapidoslonge

2277 1993 2508 2065 lateque
2538 1994 2903 2067 dispergunt.
2920 1995 3138 2051 Ceteris
3160 1996 3566 2067 aedificiisque
3588 1994 3789 2067 indulges

2276 2085 2356 2137 tia
2416 2082 2744 2155 principum
2778 2082 3005 2155 integra
3023 2090 3371 2152 servaverat,
3392 2084 3533 2140 idem
3556 2084 3791 2139 faciuntce-

2277 2171 2535 2238 clesiam,
2571 2189 2699 2243 quas
2731 2174 2822 2208 “03
2853 2172 3208 2229 accelerandi
3241 2174 3429 2245 operis
3457 2174 3625 2229 studio
3643 2172 3793 2228 interim

2276 2259 2453 2332 lignis
2466 2260 2899 2332 elegantissime
2912 2267 3249 2318 constructa
3262 2262 3793 2325 fuerat.incenduntm‘.

2278 2348 2586 2405 thesauros
2617 2350 2879 2416 diruunt,
2923 2348 3128 2406 altaria
3174 2351 3553 2424 confringunt.
3582 2350 3793 2414 Postremo,

2278 2454 2350 2493 ne
2382 2454 2496 2509 qua
2526 2438 2644 2509 regi
2676 2438 3042 2494 instaurandi
3073 2439 3300 2495 castelli
3332 2440 3543 2496 occasio
3562 2439 3729 2510 reliqua
3746 2453 3793 2491 es-

2279 2532 2384 2592 set,
2420 2525 2604 2581 filium
2637 2527 2763 2596 ejus
2794 2531 2851 2581 et
2883 2528 3141 2593 fratrem,
3177 2545 3328 2600 quos
3358 2528 3452 2583 ille
3480 2529 3542 2583 ad
3570 2527 3793 2600 gratiﬁcan-

2279 2616 2419 2670 dum
2452 2614 2835 2687 popularibus
2856 2616 3048 2671 locum
3070 2616 3149 2671 ibi
3182 2616 3577 2682 tumulaverat,
3598 2615 3796 2679 effodiunt,

2279 2710 2575 2776 aguntque
2595 2706 2812 2775 omnia,
2838 2711 3121 2776 quantum
3147 2712 3488 2777 possunt,ne
3508 2705 3797 2761 administras

2279 2794 2352 2848 do
2383 2793 2533 2849 bella
2563 2793 2839 2866 deinceps
2891 2810 3061 2850 mons
3109 2794 3510 2867 complanatus
3556 2793 3697 2849 ullam
3719 2807 3798 2862 pr:-

2279 2886 2432 2938 stare
2464 2884 2649 2954 possit
2682 2883 2775 2918 ¹²⁰⁵
2825 2884 3309 2955 oportunitatem.
3355 2884 3622 2955 Reliquias
3660 2884 3798 2936 sancto-

2280 2988 2434 3039 rum,
2495 2988 2623 3043 quaa
2680 2972 2932 3027 effractis
2992 2972 3283 3029 altaribus
3341 2978 3507 3028 erutae
3552 2972 3740 3034 fuerant,
3774 2971 3801 3021 et

2281 3061 2489 3117 effossa
2520 3061 2925 3116 defunctorum
2975 3078 3218 3133 corpora
3274 3063 3453 3117 abbas
3482 3078 3543 3116 ex
3579 3059 3719 3114 vicino
3737 3073 3800 3110 αξ-

2282 3150 2456 3205 nobio
2490 3150 2659 3221 (342),
2694 3155 2989 3220 oportune
3048 3151 3486 3221 superveniens,
3516 3143 3802 3214 furentivulgo

2282 3239 2496 3310 eripuit
2521 3242 2696 3310 atque
2726 3238 2785 3293 in
2835 3255 3009 3294 suum
3067 3241 3495 3296 monasterium
3541 3254 3649 3294 cum
3674 3236 3803 3290 honore

2280 3329 2616 3384 transvexit.

2354 3417 2619 3472 Perlatus
2652 3418 2722 3472 ad
2755 3417 3046 3489 principes
3070 3418 3338 3474 Saxonis:
3364 3435 3551 3474 rumor
3568 3411 3744 3473 admissi
3758 3410 3800 3463 fi-

2281 3507 2496 3563 cinoris
2518 3507 2723 3578 grandi
2746 3524 2845 3561 eos
2879 3507 3187 3562 formidine
3220 3508 3485 3580 perculit,
3515 3523 3579 3563 ne
3604 3521 3693 3569 rex,
3708 3505 3801 3555 tanta

2281 3596 2497 3667 injuria
2526 3596 2924 3660 exacerbatus,
2949 3602 3295 3652 causaretur
3322 3598 3396 3652 ab
3417 3597 3548 3669 ipsis
3567 3594 3710 3649 foedus
3728 3599 3799 3641 esse

2280 3685 2582 3752 violatum,
2603 3690 2659 3740 et
2679 3685 2907 3753 justam
2933 3685 3139 3740 exinde
3170 3687 3531 3742 occasionem
3550 3672 3801 3738 instaurandi

2281 3773 2417 3830 belli
2449 3778 2677 3837 nactus,
2710 3782 2948 3829 cunctas
2978 3774 3262 3830 adversus
3301 3792 3399 3830 eos
3426 3773 3571 3846 regni
3598 3771 3709 3824 vires
3729 3778 3803 3819 cor

2281 3864 2502 3918 citaret.
2528 3862 2588 3917 Id
2613 3862 2878 3917 consulto
2905 3863 3221 3933 praevenire
3245 3864 3554 3933 cupientes,
3574 3857 3754 3933 graviter
3770 3850 3801 3901 in

2281 3968 2379 4007 eos
2393 3953 2491 4022 qui
2505 3951 2620 4007 tale
2634 3950 2918 4023 ﬂagitium
2943 3952 3012 4006 ad
3022 3952 3307 4007 miserant
3322 3949 3723 4007 animadvertunt
3741 3938 3801 3985 ¹³¹ι

2285 4041 2498 4095 Deinde
2525 4039 2746 4112 legatos
2777 4040 2848 4095 ad
2880 4055 3073 4112 regem
3127 4040 3393 4107 mittunt,
3427 4040 3729 4096 obsecrantes
3748 4041 3805 4100 per

2286 4130 2461 4184 Deum
2504 4134 2570 4184 ut
2619 4145 2681 4185 se
2728 4128 2939 4185 habeat
2989 4134 3298 4185 excusatos
3340 4149 3353 4198 ;
3403 4146 3504 4185 nec
3546 4124 3741 4183 conscios
3771 4130 3803 4168 se

2280 4218 2424 4273 tanti
2459 4217 2696 4274 sceleris
2727 4234 2831 4273 nec
2860 4218 3189 4274 incentores
3211 4219 3487 4289 extitisse,
3509 4216 3803 4289 patratumque

2283 4323 2396 4361 non
2441 4322 2610 4362 secus
2660 4322 2835 4378 quam
2868 4305 3063 4377 ipsum
3114 4309 3370 4379 graviter
3399 4312 3454 4363 et
3481 4307 3652 4377 iniquo
3686 4296 3803 4353 animo

2284 4397 2428 4452 ferre
2455 4414 2468 4464 ;
2502 4397 2655 4468 quod
2692 4397 2740 4451 si
2772 4395 2971 4451 minus
3002 4396 3130 4451 fidei
3181 4397 3396 4453 habeat
3424 4392 3727 4467 negantibus,
3747 4395 3803 4452 Ρι-

522 4473 717 4545 tignas
746 4473 983 4529 castello
1015 4474 1409 4547 Harstesburg
1429 4474 1663 4532 villulas
1684 4476 2170 4550 incolebat,vehe-
2203 4492 2250 4557 Ι)
2284 4493 2441 4543 ratos
2470 4502 2534 4540 se
2582 4483 2788 4556 quovis
2818 4498 3027 4555 genere
3074 4484 3490 4540 satisfactionis
3535 4479 3672 4537 dictis
3700 4471 3804 4528 ﬁdem

523 4567 751 4619 menter
781 4563 1121 4634 offenderat,
1154 4564 1309 4633 quod
1336 4565 1393 4618 in
1425 4564 1782 4639 Hartesburg
1812 4568 1941 4624 ulla:
1972 4588 2170 4628 serva-

520 4656 595 4709 tas
626 4656 821 4710 essent
860 4653 1148 4725 reliquias;
1174 4654 1623 4725 nechuicquam
1655 4656 1837 4713 tantis
1868 4657 2169 4718 laboribus

2283 4578 2470 4633 facere
2490 4579 2547 4629 et
2572 4572 2797 4629 violatae
2837 4572 2995 4643 pacis
3044 4589 3079 4627 a
3102 4589 3167 4628 se
3196 4574 3575 4645 suspicionem
3616 4570 3801 4622 amovere.

2282 4665 2383 4721 Ille
2411 4663 2781 4719 vehementer
2808 4662 3102 4732 efferatus,
3126 4663 3283 4734 quod
3305 4662 3559 4718 dolorum
3577 4653 3801 4731 pristinum,

1866 4802 2104 4860 VARI/E
2145 4806 2450 4863 LECTION
2460 4806 2561 4863 ES.

597 4910 691 4995 1m
748 4910 891 4995 ᾳεεει
1075 4911 1602 4995 tios'advgzsnsna
1682 4915 2108 4995 ‘fﬁ’ﬁimplesse
2158 4939 2423 4995 superscr.
2477 4938 2536 4977 re
2564 4921 2617 4976 3.
2700 4921 2790 4962 ¹¹⁹⁴
2815 4919 2967 4975 inter
3014 4920 3064 4974 4.
3148 4921 3240 4956 ¹¹⁹⁵
3272 4922 3611 4995 Gerstenguu
3650 4901 3799 4995 1.415,"

645 4980 1137 5067 exoluerentur}.
1173 4983 1274 5067 [ἐξω
1306 4984 1396 5067 ¹¹ξ⁷
1428 4983 1764 5067 Volkenro_tt
1788 4972 2494 5067 3.M_‘“95’loca
2512 4972 2645 5047 '16s
2678 4992 2730 5047 4.
2810 4972 3192 5060 1irit—’Vtviueisisse
3242 4972 3797 5067 ptv3tﬂli‘5f’uhabmf

651 5052 1019 5135 inflammare
1049 5054 1101 5108 4.
1167 5053 1274 5135 ¹¹²¹⁰ξ
1327 5054 1656 5111 abcesserat
1696 5059 1749 5112 5.
1830 5059 1922 5094 ¹²⁰³
1961 5079 2138 5135 quam
2190 5052 2711 5122 —‘construxerat
2758 5064 2811 5118 3.
2892 5052 2981 5099 ¹²ίῖ⁴
3024 5052 3352 5120 accendunt
3394 5064 3447 5118 3.
3520 5060 3595 5097 ¹²⁰⁵
3618 5052 3796 5127 posset"

524 5124 617 5162 “0°
645 5123 1185 5181 animadverterunt
1214 5126 1269 5180 1"

2112 5260 2345 5318 NOTAE.

618 5356 745 5426 339)
773 5359 855 5416 Cf.
890 5358 1112 5427 Horat.,
1144 5358 1327 5427 Epod.
1359 5376 1484 5426 xm,
1516 5358 1571 5427 7,
1602 5361 1655 5417 8.

619 5428 744 5567 3/10;
776 5432 857 5485 Cf.
891 5449 1070 5505 supra
1100 5448 1152 5487 a.
1187 5428 1344 5485 1071.

619 5498 716 5555 341
775 5501 891 5557 Hoc
924 5520 1037 5559 non
1067 5508 1201 5558 ante
1254 5504 1309 5558 d.

618 5498 744 5578 341)
775 5501 891 5578 Hoc
924 5498 1037 5559 non
1067 5508 1201 5558 ante
1254 5504 1309 5558 d.
1341 5504 1634 5578 t7_l_tiart_.,
1670 5505 1769 5578 sed
1805 5523 2022 5578 paucos
2052 5510 2177 5567 dies

520 5574 653 5660 post
683 5571 903 5637 factum
949 5590 1077 5632 esse
1125 5578 1294 5647 putat
1341 5574 1540 5632 Delius
1589 5574 1649 5630 in
1689 5571 1836 5635 libro
1884 5579 1957 5636 de
1986 5586 2177 5647 castro

2288 5368 2641 5443 Harzrhurgg.,_
2667 5384 2723 5440 p.
2757 5368 2847 5435 85,
2879 5384 2967 5440 sq.
3160 5440 3191 5443 _,
3224 5438 3267 5443 __
3381 5438 3393 5443 ρ
3616 5429 3626 5443 ,
3676 5421 3731 5443 ,λ

2357 5440 2507 5513 (342)
2536 5426 3196 5513 A)b'bliltgtn'rncinasterii
3220 5429 3651 5513 rllsenburgensis
3672 5426 3799 5481 fuisse,

2287 5509 2626 5586 suspicatur
2655 5509 2872 5584 Delius,
2898 5513 2939 5568 Ι.
2972 5528 3047 5584 c.,
3079 5529 3135 5591 p.
3166 5512 3259 5582 86,
3286 5527 3374 5583 sq.
