3962 6158
69 283 98 340 1
113 282 226 348 157

1327 279 1716 341 ANNALES.
1748 309 1827 324 —
1852 278 1982 338 AN.
2029 280 2208 340 1074.

3315 290 3474 354 H58

68 413 172 484 qui
205 412 453 467 necdum
483 410 540 466 in
565 410 891 474 cicatricem
917 415 1113 468 cutam
1135 412 1498 477 obduxisset,
1524 428 1715 466 recen-
1740 413 1798 477 Α
1827 411 1939 466 rita
1967 429 2075 466 sua
2105 414 2461 484 primoribus
2491 414 2740 472 civitatis
2773 419 3024 475 maxime
3055 423 3149 458 ¹²¹⁸
3179 439 3380 480 carum
3413 429 3471 480 et

67 502 233 558 tibus
263 501 494 569 injuriis
519 499 954 556 exulcerassent
976 519 988 555 :
1014 501 1482 572 Quandoquidem,
1505 500 1718 572 inquit,

68 607 171 646 nec
199 592 441 659 forenses
471 590 611 659 leges
653 595 859 646 contra
889 591 1210 645 violentiam
1257 589 1539 645 Saxonum
1568 591 1720 660 quic-

69 697 240 752 quam
263 678 580 750 proﬁciunt,
626 695 726 735 nec
775 681 1020 749 iniurias
1063 695 1230 744 meas,
1279 679 1521 734 desertus
1551 696 1585 732 a
1613 679 1718 732 mi-

69 770 190 835 lite,
222 770 394 823 armis
439 770 689 840 persequi
734 768 822 803 ί²⁰⁷
854 769 1044 824 valeo:
1095 768 1166 822 ad
1198 769 1338 838 lege:
1386 767 1720 822 ecclesiasti-

65 874 198 924 cas,
220 858 342 928 jam
370 859 698 912 necessitate
752 865 984 922 coactus,
1017 858 1364 928 confugiam,
1415 866 1466 912 et
1495 856 1590 910 ubi
1618 857 1718 909 hu-

69 964 249 1001 mana
277 950 487 1002 cessant
516 948 754 1012 amcitia,
778 946 1032 1001 divinam
1063 961 1214 1016 apem
1239 946 1560 1015 implorabo.
1594 949 1724 998 Pro-

70 1036 240 1090 tinus
287 1033 509 1106 legatos
560 1034 804 1089 Romam
865 1034 1044 1101 misit,
1096 1033 1292 1090 sedem
1343 1031 1723 1104 apostolicam

69 1128 284 1179 contra
301 1138 400 1177 eos
425 1123 513 1157 ¹²⁰⁸
540 1120 931 1193 interpellare,
964 1120 1063 1193 qui
1100 1119 1404 1177 ecclesiam
1438 1120 1727 1176 incendis-

68 1216 232 1281 sent,
263 1209 469 1266 altaria
500 1211 942 1283 confregissent,
962 1209 1283 1282 sepulchra
1311 1209 1650 1275 violassent,
1669 1212 1728 1263 et

68 1299 213 1354 odio
243 1298 486 1355 viventis
507 1299 564 1353 in
587 1298 848 1368 sepultos
873 1298 1092 1354 cineres
1117 1299 1364 1353 barbara
1385 1295 1726 1352 crudelitate

67 1387 388 1444 debachati
419 1387 686 1444 fuissent.
721 1387 944 1442 Pascha
976 1388 1067 1422 ¹²⁰⁹
1099 1387 1439 1458 Babenberg
1468 1386 1726 1441 celebra-

69 1475 163 1530 vit
204 1473 408 1546 (April.
456 1475 572 1545 20),
619 1479 900 1546 erantque
947 1492 1080 1531 cum
1131 1491 1197 1530 eo
1251 1474 1728 1546 archiepiscOpus

70 1565 478 1637 Mogontinus,
529 1564 648 1618 dux
693 1566 1135 1619 Carentinorum
1185 1561 1509 1633 Bertoldus,
1543 1567 1600 1617 et
1628 1561 1727 1617 alii

72 1670 263 1725 quam
289 1652 486 1724 plures
519 1669 585 1708 ex
615 1651 707 1708 his
738 1653 840 1724 qui
875 1652 1025 1709 bello
1055 1654 1337 1708 Saxonico
1368 1653 1440 1706 ab
1471 1668 1536 1707 eo
1567 1651 1728 1705 defe-

73 1747 302 1800 cerant.
352 1741 494 1798 Cum
547 1741 704 1796 enim
753 1743 975 1797 crimen
1025 1740 1358 1797 rebellionis
1399 1739 1728 1796 Saxonibus

78 1833 382 1901 donasset,
416 1829 548 1886 aliis
581 1829 744 1900 regni
775 1830 1160 1901 principibus,
1180 1829 1279 1900 qui
1309 1827 1730 1898 conjurationis

74 1921 230 1977 socii
255 1919 505 1986 fuerant,
529 1919 682 1990 quod
709 1918 872 1989 juste
893 1922 1280 1983 succenseret,
1313 1933 1426 1972 non
1458 1916 1728 1972 habebat.

156 2011 286 2080 Ipso
315 2013 576 2080 tempore
605 2006 854 2063 Coloniae
885 2023 977 2062 res
1022 2005 1230 2061 accidit
1257 2006 1436 2077 digna
1465 2005 1730 2060 omnium

73 2100 372 2154 honorum
406 2096 778 2152 miseratione
808 2099 866 2150 et
891 2094 1470 2161 lacrimis,incertum
1503 2093 1732 2149 levitate

71 2185 242 2258 vulgi
274 2202 347 2240 an
378 2184 627 2240 factione
682 2200 884 2239 eorum
918 2184 1018 2254 qui
1049 2183 1233 2239 vicem
1259 2181 1402 2254 rigis
1452 2183 1511 2237 in
1542 2182 1732 2238 archi-

75 2275 426 2348 episcopum
456 2272 661 2329 ulcisci
691 2272 1024 2344 cupiebant.
1053 2271 1114 2326 Id
1147 2271 1336 2343 magis
1355 2271 1512 2326 venit
1541 2271 1600 2324 in
1632 2286 1733 2324 su-

77 2363 433 2436 spicionem,
482 2362 638 2434 quod
686 2377 822 2416 cum
870 2360 1095 2416 celebre
1141 2360 1297 2431 apud
1347 2375 1550 2414 omnes
1581 2364 1736 2414 esset

79 2469 301 2508 nomen
331 2450 859 2508 Wormaciensium
890 2466 991 2521 pro
1015 2465 1081 2504 eo
1113 2449 1270 2520 quod
1295 2449 1414 2520 regi
1441 2449 1535 2483 ¹²¹⁰
1558 2448 1733 2502 ﬁdem

78 2543 147 2596 in
183 2541 442 2597 adversis
474 2543 806 2596 servassent
833 2544 891 2594 et
919 2538 1256 2610 episcopum
1283 2536 1566 2593 rebellare
1592 2542 1734 2592 tem-

80 2635 349 2703 ptantem
371 2629 600 2684 civitate
624 2626 1387 2699 expulissent,Colonienses
1410 2624 1733 2698 pessimum

81 2717 424 2791 exemplum
456 2716 736 2783 aemulati,
759 2732 925 2772 suam
948 2731 1181 2788 quoque
1207 2714 1570 2770 devotionem
1601 2713 1737 2768 insi-

81 2808 186 2880 gni
222 2806 419 2878 aliquo
452 2805 706 2861 facinore
738 2805 860 2878 regi
903 2804 1232 2877 gratiﬁcare
1259 2802 1488 2859 vellent.
1520 2803 1603 2858 Ad
1636 2805 1732 2840 12“

80 2895 443 2970 patrandum
466 2894 621 2966 quod
644 2893 862 2949 nefarie
883 2893 1393 2961 machinabantur,
1424 2909 1596 2948 casus
1617 2893 1736 2948 ido~

82 3002 261 3040 neam
293 2983 494 3039 attulit
539 2983 925 3038 occasionem.
973 2981 1460 3054 Archiepiscopus
1517 2982 1736 3054 pascha

81 3073 332 3130 Coloniae
364 3071 696 3140 celebravit,
729 3075 968 3142 eratque
1007 3086 1141 3125 cum
1172 3086 1238 3125 eo
1287 3071 1594 3141 episcopus
1627 3071 1730 3125 Mi-

1831 504 2152 571 acceptum.
2183 502 2255 570 Is,
2293 504 2613 574 assumptis
2646 505 2882 562 famulis
2923 509 3046 564 suis
3074 514 3132 564 et
3154 511 3472 580 juvenibus

1830 603 1899 642 ex
1929 589 2180 659 civitate,
2217 598 2470 661 quantos
2501 593 2559 647 in
2593 610 2659 648 ea
2682 596 3067 666 trepidatioue
3097 597 3155 664 in
3188 599 3472 655 auxilium

1832 693 2006 730 suum
2039 679 2399 734 consciscere
2458 683 2664 751 potuit,
2716 685 2980 739 concitus
3029 686 3098 740 ad
3145 703 3347 743 navem
3383 689 3476 724 ¹²¹⁹

1831 763 2037 832 evolat,
2070 771 2126 820 et
2157 767 2458 823 ministros
2489 770 2932 843 archiepiscopi,
2978 774 3186 829 acriter
3214 782 3280 832 ut
3310 776 3474 833 navis

1831 860 2286 927 exoccuperatur
2325 858 2689 926 insistentes,
2723 876 2854 914 cum
2902 861 3119 931 injuria
3150 867 3475 934 proturbat.

1835 942 2050 998 Dehinc
2081 945 2424 1000 advocatum
2475 947 2639 1001 urbis
2668 949 2836 1019 (343),
2873 950 2932 1004 in
2962 951 3116 1016 idem
3161 970 3310 1024 opus
3342 971 3475 1010 suc-

1834 1032 2132 1087 cedentem
2173 1033 2579 1105 tumultusque
2628 1035 3072 1106 instaurantem,
3123 1041 3303 1096 simili
3334 1059 3486 1098 οσον

1835 1122 2052 1176 stantia
2082 1121 2326 1193 repellit,
2362 1123 2556 1178 fundit
2598 1129 2657 1178 et
2687 1125 2870 1197 fugat.
2921 1125 3171 1199 Jamque
3211 1133 3269 1184 et
3297 1131 3391 1186 his
3419 1135 3477 1186 et

1834 1209 1940 1276 illi,
1973 1210 2064 1264 sui
2097 1211 2345 1282 singulis
2378 1212 2472 1246 ¹²²⁰
2502 1213 2674 1267 amici
2720 1215 2928 1268 armati
2969 1215 3232 1272 subsidio
3277 1234 3478 1273 accur-

1837 1302 1991 1364 runt,
2025 1304 2081 1353 et
2109 1299 2179 1353 ad
2205 1316 2484 1372 magnum
2510 1303 2600 1336 ¹²²¹
2630 1303 2942 1358 discrimen
2979 1320 3350 1378 pugnamque
3375 1324 3479 1363 an-

1836 1387 2069 1460 cipitem
2103 1404 2194 1443 res
2224 1394 2485 1459 spectare
2529 1391 2853 1446 videbatur.
2908 1392 3130 1449 Perlato
3161 1395 3375 1450 nuncio
3406 1397 3477 1450 ad

1837 1476 2362 1548 archiepiscopum,
2399 1479 2552 1548 quod
2616 1479 2980 1536 atrocissima
3027 1482 3309 1539 seditione
3338 1500 3482 1538 con—

1838 1565 2177 1620 funderetur
2205 1566 2434 1634 civitas,
2485 1567 2648 1622 misit
2693 1568 3040 1625 festinanter
3086 1573 3158 1626 ad
3189 1572 3482 1628 sedandos

1839 1657 2034 1708 motus
2090 1654 2310 1725 populi,
2368 1655 2709 1728 irarumque
2767 1658 2974 1728 plenus
3033 1659 3368 1715 minabatur
3419 1677 3482 1716 se

1837 1742 2102 1813 proxima
2134 1741 2394 1796 sessione
2441 1744 2749 1798 seditiosos
2793 1745 3035 1814 juvenes
3076 1748 3284 1803 merita
3314 1766 3484 1819 poena

1841 1830 2292 1886 coherciturum.
2334 1831 2470 1885 Erat
2500 1831 2715 1902 quippe
2746 1833 2834 1886 vir
2873 1835 3032 1888 omni
3063 1851 3272 1905 genere
3302 1839 3486 1892 virtu-

1841 1923 1967 1974 tum
1998 1918 2449 1974 ﬂorentissimus
2508 1925 2565 1974 et
2607 1918 2667 1974 in
2715 1921 2910 1976 causis
2955 1926 3074 1977 tam
3130 1924 3484 1995 reipublicae

1841 2024 2019 2079 quam
2047 2007 2300 2063 ecclesiae
2332 2008 2425 2062 Dei
2460 2013 2735 2079 spectatae
2765 2010 2978 2081 saepius
3011 2011 3106 2045 ¹²²²
3137 2013 3443 2083 probitatis
3471 2030 3485 2082 ;

1843 2097 1943 2151 sed
1975 2113 2160 2151 unum
2192 2096 2249 2150 in
2282 2096 2461 2152 tantis
2493 2096 2809 2153 virtutibus
2831 2099 3043 2154 vicium
3069 2105 3373 2172 tamquam
3403 2107 3488 2158 te-

1843 2185 1977 2240 nuis
1997 2185 2055 2238 in
2079 2184 2470 2256 pulcherrimo
2493 2201 2732 2256 corpore
2756 2204 2950 2241 naevus
2973 2189 3491 2262 1m(3~’14)appare-

1842 2275 1960 2344 bat,
1993 2274 2172 2345 quod,
2204 2275 2344 2328 dum
2376 2273 2463 2328 ira
2491 2273 2916 2336 incanduisset,
2949 2275 3162 2348 linguae
3196 2294 3309 2332 non
3343 2280 3488 2334 satis

1844 2361 2133 2417 moderari
2156 2367 2398 2432 poterat,
2422 2362 2522 2416 sed
2545 2361 2603 2415 in
2626 2377 2830 2416 omnes
2853 2362 2978 2418 sine
2995 2379 3378 2435 personarum
3400 2382 3492 2421 ac-

1843 2450 2105 2523 ceptione
2137 2451 2290 2505 rixas
2321 2457 2379 2505 et
2409 2450 2668 2505 convicia
2696 2451 3070 2507 amarissima
3099 2454 3344 2508 rotabat.
3371 2454 3489 2510 Hoc

1843 2540 1902 2594 in
1935 2557 2016 2611 se,
2046 2557 2178 2594 cum
2211 2539 2358 2593 iram
2393 2538 2697 2610 paululum
2729 2540 3094 2611 digessisset,
3116 2541 3493 2599 vehementer

1843 2634 1898 2684 et
1946 2629 2071 2700 ipse
2121 2627 2601 2698 reprehendebat.
2662 2627 2768 2681 Vix
2813 2629 2884 2682 ad
2945 2629 3241 2684 modicum
3273 2631 3490 2687 direm-

1845 2724 1945 2791 pta
1975 2718 2070 2752 ¹²²⁴
2099 2722 2186 2772 est
2215 2716 2592 2771 concertatio.
2625 2716 2737 2771 Sed
2783 2718 2941 2772 ferox
2971 2718 3186 2773 animis
3216 2723 3274 2774 et
3303 2719 3492 2777 elatus

1844 2807 2032 2879 primo
2064 2822 2339 2861 successu
2379 2806 2616 2875 juvenis
2649 2821 2763 2860 non
2802 2807 3069 2861 cessabat
3095 2807 3490 2866 interturbare

1844 2896 2043 2952 omnia
2088 2910 2549 2967 percurrensque
2597 2894 2906 2960 civitatem,
2957 2895 3149 2952 varios
3189 2913 3489 2955 sermones

1843 3002 1945 3057 per
1967 2983 2247 3056 populum
2268 2983 2498 3038 serebat
2529 2982 2625 3017 “'9‘
2645 2983 2716 3038 de
2735 2982 3046 3038 insolentia
3078 2990 3137 3040 et
3157 2987 3493 3042 austeritate

1845 3071 2395 3144 archiepiscopi,qui
2425 3073 2636 3126 totiens
2660 3072 2880 3142 injuste
2911 3074 3492 3145 praeciperet,totiens

83 3160 652 3236 migardefurdensis
685 3159 798 3226 "‘2,
832 3160 903 3215 ad
925 3159 1416 3214 communicanda
1436 3164 1606 3214 tantae
1639 3176 1731 3214 so-
1765 3140 1808 3207 C
1848 3159 2262 3215 innocentibus
2293 3174 2401 3211 sua
2446 3140 2748 3226 adimeret,
2801 3140 3016 3214 totiens
3042 3140 3492 3219 honestissimos

81 3251 416 3308 lemnitatis
445 3250 662 3323 gaudia
693 3247 998 3304 familiaris
1029 3246 1297 3302 amicitiae
1341 3247 1580 3302 obtentu
1607 3263 1741 3302 evo-

82 3348 283 3398 catus.
315 3341 600 3410 Cumque,
654 3337 870 3394 exactis
919 3353 988 3392 ex
1036 3342 1200 3409 parte
1250 3336 1408 3391 feriis
1450 3336 1739 3408 paschali-

86 3432 214 3486 bus
249 3429 442 3500 (April.
493 3427 607 3494 23),
661 3426 970 3481 abscedere
1017 3429 1266 3496 pararet,
1317 3425 1377 3479 hi
1429 3425 1529 3496 qui
1552 3426 1740 3480 archi-

85 3517 352 3591 episcOpi
366 3516 687 3573 domestica
709 3515 802 3551 ί²¹³
818 3514 1051 3585 negotia
1071 3514 1356 3569 curabant
1375 3514 1651 3585 iubentur
1666 3516 1738 3570 ad

81 3607 450 3665 evectionem
476 3608 604 3676 ejus
625 3620 828 3660 navem
861 3603 957 3639 ‘9“
984 3602 1253 3658 idoneam
1279 3603 1595 3674 providere.
1632 3605 1741 3660 Lu-

79 3696 298 3754 stratis
318 3693 752 3767 perspectisque
777 3693 867 3727 ¹²¹⁵
890 3693 1379 3760 omnibus,unum
1401 3682 1743 3748 mercatoris

81 3785 409 3856 cujusdam
443 3781 770 3853 praedivitis.
788 3782 1005 3848 navim,
1039 3781 1178 3852 quia
1206 3781 1265 3836 in
1291 3797 1389 3837 eos
1419 3799 1564 3836 usus
1593 3799 1744 3837 com-

81 3881 302 3948 petens
329 3873 652 3941 videbatur,
687 3875 992 3941 occupant,
1016 3886 1232 3940 easque
1257 3870 1315 3924 in
1349 3871 1741 3926 ministerium

82 3960 544 4034 archiepiscOpi,
567 3959 768 4030 ejectis
786 3959 1078 4014 mercibus
1105 3974 1252 4030 quas
1273 3959 1546 4027 habebat,
1580 3961 1743 4015 ocius

82 4051 353 4124 expediri
376 4050 607 4121 jubent.
635 4048 990 4121 Negantibus
1009 4047 1247 4103 famulis
1284 4051 1299 4083 ί
1333 4049 1374 4083 ¹⁶
1406 4048 1508 4119 qui
1546 4049 1740 4103 navim

83 4140 441 4196 servandam
464 4142 866 4210 susceperant,
889 4136 1028 4202 vim,
1052 4136 1165 4191 nisi
1189 4141 1416 4192 mature
1449 4135 1541 4171 ¹²¹⁷
1571 4139 1743 4208 jussa

83 4233 428 4301 capessant,
461 4228 828 4283 minitantur.
854 4225 942 4280 Illi
964 4231 1250 4296 quantum
1277 4230 1545 4297 poterant
1568 4226 1742 4282 citato

86 4335 276 4375 cursu
310 4321 381 4373 ad
439 4317 746 4372 dominum
801 4315 965 4371 navis
1017 4331 1140 4370 rem
1171 4315 1460 4384 deferunt,
1516 4321 1574 4370 et
1602 4315 1741 4386 quid

88 4409 254 4464 facto
274 4423 420 4479 Opus
445 4407 542 4471 sit,
565 4407 902 4462 consulunt.
933 4404 1195 4459 Habebat
1216 4402 1312 4458 ille
1333 4404 1518 4458 filium
1546 4403 1746 4459 adulta

1851 3249 2002 3304 cives
2035 3246 2467 3319 procacissimis
2497 3246 2687 3301 verbis
2736 3247 3069 3302 incesseret.
3116 3249 3231 3303 Nec
3260 3250 3495 3307 difficile

1850 3339 1960 3394 fuit
1991 3337 2047 3391 in
2099 3335 2404 3390 hominum
2437 3350 2624 3405 genus
2655 3334 2713 3388 in
2744 3351 2916 3390 omne
2948 3337 3102 3406 quod
3133 3337 3328 3402 velles,
3349 3345 3495 3395 tam-

1852 3442 2027 3498 quam
2077 3424 2285 3479 folium
2339 3423 2491 3493 quod
2539 3426 2709 3477 vento
2761 3423 3004 3494 rapitur,
3051 3426 3492 3498 transformare,

1854 3515 2068 3588 quippe
2099 3513 2199 3584 qui
2231 3513 2302 3567 ah
2332 3511 2567 3566 ineunte
2593 3516 2758 3567 aetate
2788 3513 2940 3567 inter
2967 3513 3223 3569 urbanas
3253 3514 3496 3572 delicias

1853 3603 2102 3670 educati,
2137 3600 2358 3656 nullam
2409 3599 2468 3654 in
2502 3599 2724 3655 bellicis
2754 3601 2845 3635 ¹²²⁶
2880 3601 3054 3656 rebus
3075 3603 3496 3674 experientiam

1852 3693 2164 3756 habebant,
2194 3691 2409 3761 quippe
2440 3694 2573 3760 post
2600 3690 2866 3746 venditas
2898 3707 3121 3747 merces
3151 3691 3305 3748 inter
3365 3695 3500 3750 vina

1853 3787 1908 3838 et
1937 3781 2141 3853 epulas
2171 3780 2241 3834 de
2271 3795 2332 3832 re
2355 3777 2590 3832 militari
2624 3778 2924 3850 disputare
2957 3779 3340 3845 soliti,omnia
3369 3799 3497 3854 qua;

1852 3873 2048 3928 animo
2079 3869 2470 3925 occurrissent
2518 3871 2639 3922 tam
2687 3868 2879 3923 facilia
2925 3869 3078 3924 factu
3129 3886 3306 3942 quam
3339 3872 3497 3928 dictu

1852 3961 2158 4034 putabant,
2181 3957 2373 4012 exitus
2395 3972 2589 4011 rerum
2617 3957 2807 4010 metiri
2841 3957 3178 4014 nesciebant
3202 3961 3319 4015 m7.
3357 3961 3498 4017 Pra-

1855 4047 2071 4105 tereain
2111 4050 2365 4101 mentem
2387 4045 2657 4099 veniebat
2682 4044 3218 4104 Wormaciensium
3253 4049 3487 4123 insigne

1856 4137 2312 4211 praeclarumque
2335 4133 2583 4202 facinus,
2617 4133 2771 4204 quod
2803 4135 3144 4206 episcopum
3177 4154 3375 4206 suum,
3409 4140 3498 4195 in-

1855 4227 2138 4282 solentius
2185 4239 2354 4295 agere
2405 4221 2804 4293 incipientem,
2853 4223 2996 4278 urbe
3034 4225 3415 4296 expulissent,
3445 4232 3503 4284 et

1855 4333 1990 4370 cum
2013 4313 2124 4385 ipsi
2150 4310 2526 4366 multitudine
2547 4311 2758 4380 opibus
2780 4312 3077 4383 armisque
3097 4313 3503 4372 instructiores

1855 4405 1995 4472 sint,
2043 4401 2434 4472 dedignantur
2462 4399 2574 4464 132°,
2607 4400 2758 4470 quod
2807 4401 3110 4457 inferiores
3139 4403 3506 4459 estimentur

89 4501 272 4552 aetate
302 4512 416 4551 non
456 4495 653 4550 minus
683 4493 930 4549 audacia
987 4509 1163 4564 quam
1215 4493 1434 4548 viribus
1465 4495 1743 4550 excellen-
1775 4503 1823 4568 D
1856 4491 2119 4558 audacia,
2165 4495 2221 4544 et
2268 4487 2796 4558 archiepiscopum,
2847 4489 3134 4544 tirannico
3187 4491 3300 4545 sibi
3348 4491 3502 4546 fastu

87 4593 244 4650 tem,
275 4588 331 4639 et
359 4589 484 4638 tum
507 4587 741 4654 propter
759 4581 991 4653 generis
1011 4582 1357 4637 afﬁnitatem
1380 4587 1504 4638 tum
1528 4584 1600 4638 ob
1635 4602 1747 4641 me-

1863 4581 2318 4654 imperitantem,
2351 4581 2471 4630 tam
2505 4575 2605 4629 diu
2632 4575 2992 4630 muliebriter
3013 4577 3328 4648 patiantur.
3363 4579 3505 4634 Con-

1463 4753 1694 4812 VARIIE
1743 4751 2151 4814 LECTIONES.

174 4877 268 4913 “0"
300 4877 597 4950 prosequi,
627 4878 681 4931 3.
761 4876 853 4950 ηοξ
882 4892 950 4950 eo
977 4877 1037 4950 5.
1111 4877 1204 4950 "9°
1233 4881 1352 4950 Rex
1390 4878 1626 4950 pascha
1675 4882 1729 4934 4.

1811 4875 2113 4949 mo'pegig
2145 4875 2226 4949 4.-
2277 4873 2390 4949 "tt
2426 4869 2721 4949 sequentia
2768 4870 3224 4949 exscripsitmlfila
3271 4869 3327 4949 αἳ.
3359 4871 3505 4949 Arm.

94 4951 138 5005 ι.
174 4952 278 5022 171.
300 4941 358 5022 ’ᾳ
390 4941 677 5020 21.'(1b.).
754 4949 848 4983 ⁴²¹²
879 4948 1264 5022 Mimigarden
1295 4949 1351 5004 3.
1383 4941 2057 5022 Nlimigardenurdensis
2080 4949 2129 5022 1ἶ
2165 4945 2259 5022 1_b.
2289 4944 2539 5022 et‘iafra.
2619 4941 2722 5022 ¹ξ¹³
2746 4941 2978 5022 deest}:
3057 4942 3152 4976 ¹²¹⁴
3183 4941 3375 5022 navim
3409 4945 3505 5022 1!}.

91 5021 258 5076 codd.
321 5021 413 5075 hic
443 5019 648 5075 navem
707 5036 837 5076 mox
867 5019 1083 5075 navim.
1163 5021 1252 5055 ¹²¹⁶

95 5021 258 5076 codd.
321 5021 413 5075 hic
443 5013 649 5075 navem
707 5036 837 5076 mox
867 5013 1083 5075 navim“.
1163 5021 1252 5055 ¹²¹⁸
1311 5038 1509 5092 prosp.
1542 5013 1596 5076 ἔ.
1676 5024 1773 5060 tm
1804 5032 1945 5080 deest
1994 5023 2046 5076 3.
2107 5020 2159 5072 4.
2187 5018 2240 5071 5.
2321 5015 2413 5049 ¹²²τ
2446 5013 2483 5066 i.
2548 5017 2690 5067 mat.
2751 5014 2805 5067 3.
2885 5013 2980 5048 ¹²¹³

95 5093 202 5128 ¹²¹⁹
235 5093 428 5147 navim
463 5094 488 5146 1
512 5092 561 5146 b.
641 5091 734 5126 "9°
763 5089 979 5149 singuli
1010 5092 1063 5145 3.
1097 5092 1147 5145 4.
1179 5093 1233 5146 5.
1314 5093 1406 5127 ¹⁸²¹
1439 5109 1714 5149 magnam
1748 5096 1798 5149 4.
1880 5096 1972 5136 ¹ι²²
2000 5106 2137 5149 sene
2157 5089 2208 5143 4.
2292 5086 2387 5121 ¹²²³
2417 5101 2635 5140 neruus
2654 5099 2798 5139 corr.
2833 5101 2980 5139 naani

95 5108 202 5128 ιιι*
235 5109 428 5147 navim
463 5108 488 5146 1
512 5108 561 5146 ο.
642 5108 734 5126 mu
763 5108 979 5164 singuu
1010 5108 1063 5145 ό.
1097 5108 1147 5145 4.
1179 5108 1233 5146 o.
1439 5109 1714 5165 magnam
1748 5108 1798 5149 ιι.
1880 5108 1972 5136 ﬂ"
2000 5108 2137 5162 sepe
2157 5108 2208 5143 ιι.

91 5169 204 5238 pta
232 5165 287 5218 3.
365 5163 458 5198 ¹²²⁸
486 5161 749 5219 serencia
774 5164 828 5219 5.
908 5163 996 5196 ¹²²⁶
1027 5161 1249 5217 ibecilis
1278 5163 1333 5216 5·
1414 5165 1507 5198 ml
1552 5167 1882 5224 nescientes
1914 5165 2008 5220 1b.
2093 5160 2186 5195 ¹²²⁸

3008 5029 3126 5085 per
3167 5014 3418 5069 maxime
3449 5016 3506 5072 4.

2292 5086 2387 5121 ι²²³
2417 5101 2635 5140 neruus
2654 5099 2798 5139 corr.
2833 5084 3076 5140 naanu'us
3104 5084 3156 5140 4.
3236 5085 3333 5120 ¹²²⁴
3361 5085 3508 5142 dire-

2093 5160 2186 5195 ¹²²⁸
2220 5156 2605 5228 indignantur
2633 5156 2686 5210 3.

1693 5333 1922 5391 NOTAE.

176 5459 330 5541 (3153)
359 5458 919 5541 Advocatiurbium
946 5457 1291 5541 dicebantur
1322 5461 1619 5541 pratores,
1652 5458 1752 5530 qui

97 5528 584 5604 nomineregum
627 5533 730 5604 jus
777 5531 1068 5604 dicebant,
1112 5528 1323 5604 quales
1369 5528 1429 5583 in
1460 5528 1752 5604 plerisque

95 5601 514 5680 imperialibus
571 5601 817 5661 urbibus
873 5602 1050 5676 prisci
1107 5601 1485 5674 imperatores
1532 5601 1750 5659 habue-

1863 5463 2083 5614 fuglit)
2112 5528 2195 5581 Ct.
2228 5524 2452 5614 Horat,
2755 5525 2808 5596 6,
2839 5525 2947 5583 66:
2997 5528 3148 5584 velut
3175 5529 3227 5586 si
3256 5529 3532 5614 Egregzot

1862 5595 2134 5678 inspersos
2160 5595 2456 5674 reprendas
2485 5611 2709 5670 corpore
2735 5595 2934 5659 naevos.
