3996 6158
183 298 338 358 “Gl

1449 303 1831 364 ANNALES.
1867 330 1943 345 -
1973 303 2102 360 AN.
2153 305 2331 364 10³74.

3440 320 3594 381 1162

180 432 634 489 arbitrarentur.
669 436 820 491 Tum
851 437 1089 492 demum
1116 436 1361 492 reclusis
1394 437 1638 500 foribus,
1673 436 1833 506 ipsos
1863 435 1915 499 Α
1947 434 1994 488 ei
2029 435 2228 506 gratias
2258 440 2411 508 apud
2473 440 2783 512 populares
2843 443 3212 502 conciliabat.
3260 448 3600 506 Exclamant

176 521 408 593 ingredi
443 528 498 577 et
528 539 632 594 pro
665 523 836 580 libitu
870 543 975 582 suo
1006 543 1261 598 quaerere
1295 525 1833 597 sinunt,adjiciunt-

177 626 315 681 que,
350 611 570 666 frustra
599 627 735 668 eum
769 614 948 685 quaeri
981 614 1135 670 intra
1165 619 1331 686 septa
1390 613 1612 686 templi,
1657 630 1831 686 quem

175 704 336 755 certo
368 700 791 771 comperissent
820 702 1008 773 primo
1041 703 1284 759 incursu
1318 704 1614 759 concitatae
1639 701 1832 758 multi-

176 788 404 845 tudinis
434 787 590 844 clara
619 789 812 846 adhuc
843 791 934 846 die
967 793 1109 848 urbe
1131 794 1598 865 egressum,jam
1620 793 1678 846 in
1703 791 1828 847 lon-

174 877 432 949 ginquas
465 881 659 950 partes
688 879 938 936 transire
971 881 1231 952 potuisse
1263 899 1275 948 ;
1311 882 1487 954 idque
1519 880 1706 952 magis
1735 898 1830 936 su-

176 966 554 1038 spicandum,
587 969 768 1038 quod,
800 970 1114 1026 contractis
1145 971 1407 1042 undique
1470 987 1570 1042 per
1601 986 1827 1026 moram

174 1056 450 1110 nocturni
480 1056 760 1127 temporis
791 1074 993 1130 copus,
1028 1059 1217 1131 primo
1252 1076 1420 1116 mane
1449 1060 1518 1115 ad
1542 1075 1828 1132 occupan~

173 1144 310 1199 dam
334 1144 516 1200 armis
536 1144 829 1202 civitatem
852 1146 932 1202 sit
951 1148 1330 1204 adventurus.
1348 1149 1532 1219 Igitur
1551 1147 1824 1221 ingressi,

172 1248 312 1288 cum
346 1233 543 1289 omnia
574 1233 780 1306 templi
827 1236 1152 1308 penetralia
1207 1237 1548 1310 diligentius
1588 1239 1826 1294 investi-

170 1322 367 1393 gando
397 1321 762 1389 evertissent,
794 1323 888 1379 vix
918 1326 1156 1381 tandem
1207 1327 1470 1383 admissa
1514 1327 1627 1382 fide
1667 1327 1823 1398 quod

169 1408 295 1464 falli
327 1409 676 1481 potuissent,
710 1412 985 1485 deinceps
1017 1415 1087 1469 ab
1109 1413 1511 1486 inquisitionis
1533 1415 1728 1471 studio
1751 1417 1822 1472 ad

169 1500 454 1555 tuendam
482 1500 685 1556 urbem
719 1501 948 1557 animos
976 1506 1224 1569 vertunt,
1253 1508 1638 1576 armatanque
1671 1506 1823 1560 mul-

167 1589 487 1644 titudinem
520 1591 982 1663 circumquaque
1017 1608 1117 1663 per
1139 1592 1580 1664 propugnacula
1605 1592 1825 1664 disper-

166 1678 346 1734 tiunt.
373 1679 530 1734 Inter
550 1678 670 1734 haec
696 1684 996 1752 arreptum
1025 1681 1338 1752 quemdam
1363 1682 1432 1736 de
1453 1682 1624 1737 turba
1646 1699 1824 1753 super

167 1773 404 1840 portam
436 1767 597 1823 urbis
631 1769 701 1823 ad
734 1768 1117 1842 ignominiam
1151 1770 1571 1841 archiepiscopi
1605 1772 1694 1805 ¹²⁵⁵
1728 1788 1822 1826 su-
1852 1802 1900 1867 B

165 1856 468 1928 spendunt
498 1875 510 1925 ;
545 1857 734 1929 magis
767 1858 824 1912 in
855 1858 966 1913 hoc
999 1857 1181 1913 furori
1217 1859 1306 1894 “3°
1330 1875 1457 1929 suo,
1483 1876 1598 1930 quo
1624 1860 1821 1931 praeci-

165 1945 320 2017 pites
343 1946 745 2017 raptabantur,
761 1947 1397 2019 satisfacientes,quam
1427 1949 1580 2019 quod
1599 1949 1817 2005 crimen

163 2033 357 2089 ullum
410 2035 731 2106 suspendio
782 2035 1028 2108 dignum
1081 2036 1293 2091 misero
1341 2037 1654 2093 obtendere
1685 2055 1817 2109 pos-

159 2128 300 2179 sent
334 2125 444 2180 ηδτ.
469 2123 773 2180 Mulierem
807 2126 981 2180 etiam
1037 2127 1335 2197 quandam
1380 2127 1450 2181 de
1481 2120 1820 2182 summitate

161 2229 473 2269 murorum
508 2213 873 2285 pracipitant
907 2213 1221 2286 fractisque
1253 2214 1573 2270 cervicibus
1603 2216 1820 2271 interfi-

156 2303 330 2357 ciunt
353 2302 550 2373 (April.
602 2303 692 2372 24,
745 2303 877 2373 25);
937 2303 1048 2358 hoc
1100 2303 1150 2356 ei
1206 2302 1436 2357 crimini
1467 2304 1555 2336 "53
1586 2303 1816 2374 dantes,

157 2391 322 2461 quod
338 2389 606 2446 homines
623 2391 968 2463 plerumque
987 2391 1230 2463 magicis
1244 2393 1470 2447 artibus
1483 2392 1818 2448 dementare

154 2479 449 2536 infamata
479 2479 708 2536 fuisset.
745 2479 857 2535 Sed
890 2480 1000 2535 hoc
1061 2479 1254 2536 scelus
1313 2480 1695 2536 commodiori
1732 2483 1820 2518 ¹²²⁹

152 2571 426 2640 tempore
458 2572 514 2622 et
556 2567 845 2639 peoatiore
893 2568 1092 2624 animo
1140 2568 1435 2624 vindicare
1467 2570 1815 2626 debuerant.

154 2657 522 2712 Induxerant
551 2657 726 2712 etiam
759 2657 1139 2724 inanimum,
1174 2657 1287 2712 nisi
1323 2662 1473 2714 Deus
1506 2658 1817 2715 consulens

156 2745 352 2800 servis
382 2747 508 2801 suis
539 2745 860 2801 breviasset
889 2746 1013 2801 dies
1046 2746 1313 2802 amentiae
1344 2763 1571 2813 eorum,
1604 2751 1669 2802 ut
1699 2764 1818 2804 mo-

156 2833 385 2890 nachos
418 2834 487 2889 de
520 2834 733 2889 Sancto
769 2833 1115 2889 Pantaleone
1164 2835 1258 2869 ¹²⁹⁰
1305 2851 1508 2891 omnes
1554 2836 1816 2892 trucida-

155 2927 313 2987 rent,
345 2939 448 2993 pro
480 2939 546 2977 eo
576 2922 756 2992 quod,
790 2921 1051 2994 expulsis
1085 2922 1157 2977 ab
1190 2922 1628 2995 archiepiscopo
1663 2923 1816 2995 prio-

152 3011 326 3066 ribus
361 3010 686 3076 monachis,
715 3027 928 3065 novum
962 3009 1081 3065 illic
1115 3011 1587 3082 inusitatumque
1609 3013 1698 3047 ¹²⁶¹
1725 3029 1816 3068 re-

149 3099 397 3172 ligionis
420 3115 606 3171 genus
631 3098 1024 3155 instituissent
1051 3117 1063 3154 :
1095 3099 1630 3170 Praetereajuvenes
1647 3100 1816 3172 impi-

148 3169 317 3262 gros,
351 3169 526 3244 citato
559 3191 848 3261 quantum
881 3193 1119 3259 possent
1148 3189 1356 3259 gradu,
1392 3169 1471 3243 ad
1506 3205 1699 3260 regem
1730 3169 1813 3244 ire
1845 3169 1888 3236 (ἶ

140 3277 386 3349 jubent,
416 3277 696 3331 nunciare
726 3277 777 3331 ei
810 3293 937 3348 qua:
971 3280 1136 3348 gesta
1167 3277 1480 3341 fuerant,et
1503 3292 1816 3348 suggerere

150 3364 589 3436 utquantocius
603 3363 798 3419 veniat
810 3368 1111 3419 vacantem
1126 3363 1366 3435 expulso
1380 3364 1814 3436 archiepiscopo

150 3453 455 3510 civitatem
483 3469 805 3525 occupare;
831 3453 889 3507 in
925 3470 990 3509 eo
1022 3453 1164 3508 verti
1199 3452 1448 3508 salutem
1481 3453 1730 3508 civitatis
1760 3458 1817 3509 et

147 3543 353 3615 ipsius
385 3541 700 3598 utilitatem
729 3542 1070 3611 maximam,
1101 3546 1166 3596 ut
1195 3541 1442 3614 grandia
1473 3542 1811 3598 molientem

151 3633 228 3688 de
261 3632 618 3687 vindicanda
662 3631 880 3702 injuria
912 3649 1020 3687 sua
1068 3630 1574 3703 archiepiscopum
1607 3632 1811 3687 antici-

152 3739 300 3794 pare
333 3721 482 3792 (350)
515 3725 775 3777 conetur.
797 3721 1037 3776 Talibus
1059 3721 1225 3776 furiis
1255 3725 1378 3775 toto
1405 3722 1599 3776 triduo
1624 3722 1811 3792 agita-

149 3811 396 3866 bantur.
430 3811 746 3882 Postquam
781 3809 1050 3864 auditum
1097 3813 1185 3864 est
1216 3825 1318 3880 per
1363 3810 1722 3880 provinciam
1757 3815 1813 3866 et

145 3899 372 3956 celebri
396 3915 628 3954 rumore
657 3897 965 3970 vulgatum
998 3899 1153 3970 quod
1209 3897 1586 3954 Colonienses
1617 3899 1812 3954 archi-

146 3986 763 4059 episcopum,probris
791 3988 882 4030 “'6’
900 3991 958 4042 et
974 3985 1350 4041 contumeliis
1366 3987 1811 4054 aﬂ'ectum,urbe

145 4076 484 4147 fugassent,
517 4075 817 4132 exhorruit
847 4075 1041 4131 omnis
1074 4074 1327 4148 populus
1359 4076 1670 4131 novitatem
1704 4078 1808 4147 rei,

145 4165 525 4222 atrocitatem
558 4165 818 4233 sceleris,
850 4165 1251 4236 spectaculum
1293 4165 1688 4221 humanarum
1721 4185 1808 4222 re-

146 4271 313 4321 rum,
350 4255 504 4324 quod
535 4237 622 4310 vir
653 4258 948 4310 tantarum
994 4254 1052 4308 in
1101 4253 1331 4308 Christo
1363 4255 1643 4309 virtutum
1690 4260 1808 4311 tam

147 4343 406 4415 indigna
426 4344 645 4416 perpeti
672 4345 783 4399 Deo
810 4343 1124 4416 aspiciente
1138 4343 1666 4415 potuisset.Magna
1683 4345 1811 4416 ejus

153 4433 216 4487 in
254 4449 546 4504 pauperes
571 4431 918 4499 liberalitas,
945 4432 1133 4488 multa
1163 4432 1222 4486 in
1254 4431 1465 4486 divinis
1506 4433 1680 4488 rebus
1712 4435 1810 4488 de-

1944 539 2148 578 omnes
2179 527 2249 580 ad
2285 544 2454 582 suam
2489 529 2678 606 magis
2701 530 2982 602 injuriam
3007 534 3292 604 pertinere
3321 536 3594 594 violatam

1941 611 2296 682 pontiﬁcalis
2328 616 2584 673 nominis
2615 620 3071 689 majestatem,et
3092 625 3238 679 mori
3270 625 3381 682 sibi
3407 627 3595 685 satius

1939 715 2068 755 esse
2097 719 2272 771 quam
2300 707 2363 758 ut
2391 708 2623 762 tantum
2661 708 2948 781 ﬂagitium
2983 729 3224 767 suorum
3257 717 3591 787 temporum

1937 787 2191 846 inultum
2225 793 2543 863 patiantur.
2577 796 2764 868 Igitur
2793 815 2896 870 per
2927 806 3177 872 quatuor
3207 802 3292 858 vel
3327 805 3589 874 quinque

1939 877 2192 935 miliaria
2221 881 2683 957 circumquaque
2705 888 2774 941 ad
2796 905 2958 944 arma
2979 890 3379 960 conclamant;
3405 892 3591 950 multa

1937 965 2244 1024 hominum
2279 971 2444 1027 milia
2472 973 2624 1028 dicto
2657 974 2828 1030 citius
2860 983 3234 1046 concurrunt,
3287 979 3448 1036 nullo
3481 983 3584 1052 qui

1936 1072 2038 1126 per
2069 1062 2295 1114 aetatem
2321 1077 2485 1118 arma
2504 1063 2650 1119 ferre
2685 1069 2883 1136 posset
2906 1069 3025 1120 tam
3059 1066 3393 1139 religiosam
3427 1069 3584 1125 mili-

1933 1144 2078 1201 tiam
2118 1147 2516 1218 detrectante;
2569 1151 3015 1226 conglobatique
3064 1155 3121 1208 in
3157 1172 3342 1210 unum
3377 1163 3586 1229 rogant

1933 1235 2441 1309 archiepiscopum
2472 1244 2528 1295 et
2557 1246 2960 1298 cunctanctem
2984 1243 3031 1297 vi
3063 1243 3150 1278 ³³⁸³
3173 1243 3488 1316 impellunt
3518 1250 3586 1302 ut

1934 1324 2004 1378 ad
2042 1329 2496 1397 recuperandam
2531 1329 2820 1385 civitatem
2847 1333 3199 1403 quantocius
3222 1333 3455 1390 festinet
3482 1352 3494 1401 ;
3521 1351 3583 1391 se

1933 1429 2035 1484 pro
2068 1430 2134 1469 eo
2168 1415 2568 1487 dimicaturos,
2601 1423 2676 1485 et,
2709 1418 2757 1474 si
2789 1436 2854 1475 ea
2886 1420 3205 1478 necessitas
3253 1422 3580 1496 incumbat,

1933 1517 2065 1557 oves
2095 1520 2199 1574 pro
2233 1510 2482 1576 pastore,
2517 1506 2669 1563 filios
2699 1524 2802 1578 pro
2835 1513 2997 1580 patre
3049 1509 3298 1566 libenter
3331 1516 3582 1568 mortem

1930 1596 2314 1663 excepturos;
2349 1596 2502 1666 quod
2538 1596 2650 1651 nisi
2713 1595 3084 1653 Colonienses
3144 1603 3441 1655 maturent
3487 1617 3584 1656 ve-

1931 1679 2187 1735 nientem
2213 1682 2510 1753 suscipere
2532 1687 2588 1738 et
2604 1701 2708 1755 pro
2727 1685 2914 1755 ipsius
2941 1686 3224 1742 arbitratu
3249 1688 3584 1746 satisfacere

1931 1768 2172 1834 oﬂ'enso,
2206 1785 2267 1824 se
2299 1775 2400 1824 aut
2426 1771 2648 1842 ingesto
2681 1772 2813 1844 igne
2844 1774 3128 1845 populum
3167 1777 3260 1811 ¹²⁶⁴
3278 1793 3411 1832 cum
3439 1778 3578 1833 civi-

1929 1861 2048 1913 tate
2080 1863 2556 1930 consumpturos,
2590 1865 2694 1916 aut
2723 1861 3008 1934 dissipato
3043 1880 3210 1920 muro
3233 1881 3366 1920 eum
3396 1883 3578 1938 super

1929 1947 2258 2018 congeriem
2291 1948 2615 2004 occisorum
2675 1949 2733 2004 in
2794 1950 3132 2007 cathedram
3180 1953 3576 2024 pontificalem

1930 2037 2381 2093 reducturos.1ta
2413 2037 2887 2111 archiepiscopus
2917 2047 3123 2111 quarto
3148 2041 3240 2097 die
3261 2045 3576 2114 postquam

1929 2126 2148 2180 exierat
2180 2127 2495 2197 (April.26),
2513 2143 2724 2198 magno
2737 2127 2987 2183 vallatus
3009 2129 3342 2199 agmine,ad
3370 2131 3574 2186 urbem

1929 2214 2192 2269 accessit.
2227 2215 2389 2277 Quod
2424 2215 2524 2270 ubi
2574 2215 3020 2272 Coloniensibus
3065 2221 3575 2288 compertum-est,

1928 2308 1984 2358 et
2015 2320 2076 2358 se
2107 2307 2280 2358 tanta:
2311 2307 2550 2376 tamque
2575 2305 2822 2360 efferatae
2855 2305 3255 2360 multitudinis
3285 2305 3577 2377 impetum

1929 2408 2032 2446 nec
2065 2409 2232 2447 muro
2265 2409 2369 2447 nec
2399 2393 2520 2448 acie
2553 2393 2844 2449 sustinere
2876 2410 3046 2465 posse
3077 2394 3574 2465 animadvertunt,

1927 2484 2054 2534 tum
2074 2481 2329 2551 primum
2358 2481 2518 2537 furor
2541 2482 3462 2553 deﬂagrare,ebrietasvanescere
3485 2484 3579 2518 12⁸⁵

1928 2568 2128 2639 coepit;
2156 2584 2486 2640 magnoque
2518 2575 2736 2625 terrore
2767 2569 3060 2636 concussi,
3091 2569 3320 2626 obviam
3353 2570 3576 2643 legatos

1928 2657 1997 2712 de
2028 2673 2167 2728 pace
2199 2657 2506 2725 miserunt,
2541 2675 2602 2714 se
2663 2674 2790 2714 reos
2847 2659 3190 2714 conﬁtentes
3247 2663 3305 2714 et
3336 2676 3575 2716 omnem

1927 2746 2156 2817 qua1266
2178 2745 2296 2801 vita
2342 2746 2626 2801 incolumi
2662 2747 3016 2817 juberentur
3056 2764 3289 2820 poenam
3320 2749 3574 2821 pendere

1927 2839 2180 2906 paratos.
2214 2834 2702 2907 Archiepiscopus
2736 2836 2910 2908 digne
2940 2837 3358 2908 paenitentibus
3392 2854 3454 2892 se
3483 2855 3577 2893 ve-

1927 2923 2084 2978 niam
2117 2941 2230 2979 non
2257 2924 2956 2996 negaturum,respondit.
2981 2926 3131 2980 Tum
3157 2925 3570 2992 t’67,celabrata

1926 3011 2241 3068 missarum
2269 3012 2635 3068 solemnitate
2655 3015 2804 3085 apud
2826 3014 3107 3070 Sanctum
3126 3013 3572 3086 Georgium,eos

1926 3101 2026 3173 qui
2048 3102 2379 3172 pontiﬁcem
2405 3103 2542 3157 sede
2565 3103 2800 3174 propria
2830 3102 3212 3174 expulissent,
3245 3104 3347 3174 qui
3383 3103 3571 3160 eccle-

1927 3190 2076 3244 siam
2111 3189 2426 3245 homicidio
2450 3189 2928 3262 polluissent,qui
2959 3191 3246 3263 templum
3263 3193 3462 3248 Sancti
3476 3193 3574 3248 Pe-

1924 3279 1997 3332 tri
2031 3278 2320 3334 hostiliter
2346 3279 2738 3350 impetissent,
2773 3279 2872 3349 qui
2906 3283 3095 3334 cetera
3117 3279 3412 3350 religionis
3433 3281 3574 3350 jura

1925 3383 2069 3422 ausu
2090 3365 2336 3420 barbaro
2361 3370 2769 3435 temerassent,
2799 3365 3117 3437 episcopali
3142 3367 3336 3421 banno
3362 3367 3433 3421 ad
3471 3383 3573 3422 sa-

1922 3454 2851 3510 tisfactionemvocavit.Protinus
2873 3471 3076 3510 omnes
3099 3454 3273 3509 nudis
3295 3454 3568 3526 pedibus,

1923 3543 2104 3600 laneis
2135 3544 2205 3598 ad
2228 3559 2459 3598 carnem
2492 3542 2703 3610 induti,
2726 3547 3183 3614 processerunt,
3215 3543 3310 3598 vix
3339 3547 3395 3599 et
3423 3560 3571 3614 aegre

1921 3633 2231 3704 impetrata
2261 3647 2400 3703 pace
2431 3630 2831 3686 multitudinis
2880 3648 3013 3703 quas
3043 3631 3195 3687 circa
3225 3631 3566 3704 episcopum

1921 3726 2065 3789 erat,
2098 3724 2161 3775 ut
2199 3719 2309 3774 hoc
2338 3723 2456 3774 toto
2492 3720 2678 3775 facere
2704 3719 3055 3775 sinerentur.
3115 3719 3262 3775 Nam
3316 3720 3564 3776 etvehe-

1919 3813 2144 3865 menter
2167 3807 2218 3863 ei
2249 3808 2695 3876 suceensebant,
2729 3809 2910 3878 quod,
2945 3808 3087 3862 dum
3115 3806 3562 3863 immoderatius

1918 3897 2289 3954 clementiam
2320 3897 2665 3952 ostentando
2700 3895 2999 3968 popularis
3030 3897 3154 3952 ﬁeri
3184 3895 3376 3962 vellet,
3409 3897 3565 3952 nefa-

1917 3988 2034 4044 rios
2065 3987 2334 4043 homines
2367 3985 2438 4041 ad
2471 3985 2740 4040 audenda
2787 3985 3068 4057 nequiora
3120 3986 3299 4057 hujus
3330 3985 3571 4042 sceleris

1915 4077 2267 4149 impunitate
2300 4075 2606 4130 animaret.
2642 4074 3134 4147 ArchiepisCOpus
3181 4091 3279 4130 eos
3328 4078 3561 4146 postero

1917 4168 2008 4222 die
2039 4167 2108 4221 ad
2144 4164 2578 4236 suscipiendam
2608 4164 2933 4219 secundum
2965 4180 3258 4219 canonum
3286 4164 3433 4220 'scita
3454 4181 3562 4236 pae-

1918 4255 2228 4309 nitentiam
2253 4257 2374 4308 tam
2401 4253 2680 4309 immanis
2703 4253 2904 4323 ﬂagitii
2931 4255 2997 4308 ad
3026 4253 3305 4309 Sanctum
3329 4253 3567 4309 Petrum

1917 4346 2128 4414 praesto
2160 4358 2289 4396 esse
2313 4342 2503 4412 jubet.
2535 4346 2663 4413 Ipse
2683 4359 3030 4414 progressus
3055 4343 3125 4397 ad
3153 4343 3432 4398 Sanctum
3459 4343 3564 4398 Ge-

1916 4447 2176 4494 reonem,
2200 4429 2458 4485 ibiextra
2488 4431 2693 4486 urbem
2726 4435 3068 4501 pernoctare
3126 4431 3373 4496 statuit;
3414 4431 3570 4485 veri-

149 4520 337 4585 votio,
372 4520 560 4576 multa
587 4522 646 4576 in
697 4521 974 4577 humanis
1015 4519 1359 4586 moderatio,
1406 4520 1718 4577 vehemens
1747 4521 1808 4576 in
1841 4536 1886 4600 D
1918 4524 2131 4591 tusque
2155 4519 2264 4584 "63,
2289 4519 2444 4590 quod
2478 4518 2695 4572 tradita
2715 4517 2944 4574 civitate
2977 4519 3063 4573 vis
3083 4517 3384 4572 concitata:
3416 4516 3570 4571 mul-

153 4611 529 4682 corrigendis
557 4609 785 4683 legibus
817 4610 1101 4681 studium,
1133 4608 1316 4665 libera
1346 4609 1405 4663 in
1428 4609 1812 4682 corripiendis
1921 4607 2192 4664 titudinis
2224 4605 2474 4661 inhiberi
2508 4621 2622 4661 non
2671 4610 2890 4676 posset,
2951 4606 3049 4660 sed
3109 4605 3319 4676 partim
3353 4603 3572 4674 injuria

153 4699 261 4772 qui
297 4697 452 4755 male
473 4705 711 4772 agerent
730 4699 1008 4756 severitas
1035 4698 1300 4755 omnium
1324 4715 1423 4754 ore
1443 4697 1812 4755 celebraban-

148 4789 280 4854 tur,
311 4803 637 4860 earumque
654 4803 850 4845 rerum
875 4787 1354 4845 commemoratio
1373 4803 1489 4844 non
1516 4787 1810 4844 mininum

1923 4696 2136 4768 partim
2156 4694 2364 4766 praedas
2389 4693 2667 4765 cupidine
2681 4692 2912 4748 accensi
2932 4692 3197 4748 acerbius
3219 4692 3486 4748 sevirent
3509 4691 3571 4748 in

1923 4783 2230 4858 populum,
2293 4781 2504 4838 obnixe
2564 4783 2732 4852 rogat
2785 4779 3167 4853 provinciales
3224 4780 3326 4853 qui
3365 4795 3567 4838 secum

1531 4966 1773 5023 νΑΡιΙιλΕ
1802 4963 2216 5024 LECTIONES.

229 5109 333 5183 “F5
363 5110 622 5183 episcopi
656 5111 740 5167 1b.
822 5110 914 5146 ¹²⁶⁶
944 5111 1137 5166 furore
1163 5111 1213 5165 3.
1295 5111 1384 5145 ⁸³³⁷
1415 5109 1592 5166 Alteri
1629 5128 1799 5167 crura
1829 5109 2224 5183 succiderunt.
2256 5103 2390 5183 add;
2416 5102 2674 5183 1ὸηω¹²δεξ
2715 5102 2988 5183 criminis
3005 5103 3261 5183 iam?“
3310 5118 3570 5183 commo-

153 5181 390 5239 dociori
423 5184 472 5238 4.

152 5255 258 5292 ¹²⁶⁵
293 5269 640 5312 evanescsre
671 5257 756 5311 1b.
794 5256 880 5290 ηδε
911 5270 1027 5326 que
1055 5255 1109 5308 8.
1142 5254 1232 5290 1³⁸⁷
1266 5254 1432 5309 Tnnc

552 5184 644 5217 ¹²⁶⁰
674 5183 1069 5239 Pantbaleone
1098 5185 1150 5238 3.
1185 5183 1236 5236 4.
1319 5183 1410 5217 ¹²⁶¹
1459 5198 1574 5295 que
1629 5183 1774 5239 deest
1833 5183 1886 5237 3.
1966 5182 2060 5216 “52
2093 5197 2128 5252 p

552 5271 640 5295 nm
671 5257 736 5295 4h
794 5256 880 5290 1966
911 5270 1026 5295 mm
1055 5255 1089 5295 Ω
1142 5254 1232 5290 1ἳ⁶7
1266 5254 1432 5295 Τηηη
1477 5273 1493 5295 ι
1548 5253 1642 5289 128⁸
1673 5270 1788 5295 mm
1817 5254 1966 5295 Λρρςί
1997 5253 2048 5295 ll-

1474 5253 1516 5308 i.
1548 5253 1642 5289 ¹²⁶⁸
1673 5270 1788 5326 que
1817 5254 1966 5312 deest
1997 5253 2049 5306 4.

2135 5179 2304 5235 robro
2362 5177 2415 5243 3,
2496 5176 2585 5211 ¹²⁶³
2641 5176 2789 5232 deest
2843 5177 2896 5231 3.
2958 5177 3012 5232 5.
3095 5175 3186 5214 ¹²⁶⁴
3240 5173 3492 5248 populus
3523 5180 3575 5232 4.

1761 5429 1997 5487 NOTAE.

238 5567 394 5640 (350)
417 5564 909 5640 archiepiscopum
937 5562 1244 5640 anticipare
1276 5560 1369 5632 (cf.
1403 5576 1455 5616 a.
1492 5555 1673 5631 1077).
1707 5558 1796 5615 Ita
1854 5554 2119 5615 absolute
2176 5552 2428 5626 Lucret,,
2459 5554 2528 5624 ν,
2587 5551 2714 5608 658.
2777 5554 2958 5608 Varro
3009 5567 3102 5624 ap.
3160 5549 3333 5623 Non.,
3364 5552 3455 5622 70,
3489 5551 3577 5610 13.

157 5635 347 5711 Plin.,
378 5635 534 5693 'Hist.
571 5640 688 5691 nat'
723 5639 842 5692 nat.
875 5635 929 5702 2,
973 5635 1058 5692 47.

457 5765 721 5828 ΡΑτιιοι.
769 5761 1028 5827 CXLVI.

3183 5752 3260 5822 8'1
