3996 6158
532 198 559 214 κ

484 323 641 382 1163

1646 310 2044 373 LAMBEBTI
2095 309 2736 370 HEllSFELDENSIS

3665 318 3779 377 “64

482 459 742 523 erant,ut
765 451 979 523 singuli
1008 450 1180 504 insue
1196 464 1327 502 cum
1349 444 2123 518 pacerecederent'm;satis
2154 446 2205 510 Α
2236 443 2325 495 vix
2361 444 2665 513 capiebant
2710 440 2923 512 stipata
2953 439 3233 495 viantium
3266 442 3520 509 examina,
3566 463 3689 503 nunc
3715 468 3783 505 ra-

484 562 545 601 se
569 560 740 615 opera
762 556 962 596 eorum
988 555 1182 605 usum,
1219 541 1274 591 ct
1304 536 1537 591 evidens
1570 536 1773 589 tulisse
1808 534 2124 588 documen-

486 639 611 687 tum
646 630 786 702 quid
818 628 999 683 animi
1032 644 1165 681 oves
1198 642 1336 697 erga
1366 629 1679 695 pastorem,
1716 622 1815 676 ﬁlii
1858 638 1995 693 erga
2025 639 2131 692 pa-

476 725 623 774 trem
653 721 959 790 gererent;
995 715 1385 787 asperrimam
1423 718 1647 785 partem
1686 712 1909 783 negocii
1947 709 2133 764 multa

478 824 678 864 eorum
707 806 919 861 virtute
946 810 1205 860 exactam
1238 820 1366 859 esse
1393 822 1405 871 ;
1439 807 1495 857 et
1523 806 1711 857 cetera
1732 818 1858 873 quae
1917 804 2134 854 restent

479 896 782 967 facilejam
807 895 1030 967 privata
1050 912 1115 948 ac
1144 894 1465 948 domestica
1490 908 1671 946 manu
1704 906 1872 961 posse
1896 888 2128 954 conﬁci;

481 986 743 1059 proinde,
760 984 915 1055 quod
937 986 1154 1039 bonum
1170 982 1695 1052 felixfaustumque
1708 984 1881 1043 esset,
1906 978 2133 1032 abirent

482 1076 543 1131 in
575 1077 780 1131 domos
802 1090 962 1135 suas,
988 1073 1135 1126 hanc
1166 1075 1530 1142 reportantes
1559 1085 1744 1140 spem,
1777 1066 1931 1137 quod
1956 1066 2135 1134 hujus

487 1163 752 1219 beneﬁcii
773 1161 1122 1235 gratiaapud
1147 1177 1409 1225 eum,seu
1432 1159 1627 1213 vivum
1656 1173 1754 1212 seu
1772 1157 2132 1219 defunctum,

488 1256 766 1326 perpetuo
797 1267 1077 1306 mansura
1107 1250 1271 1304 foret.
1307 1249 1421 1303 Hoc
1440 1247 1533 1301 vix
1563 1247 1893 1317 impetrato,
1920 1243 2136 1297 milites

491 1356 652 1408 suos,
675 1344 925 1412 quantos
947 1340 1016 1394 ad
1042 1338 1511 1410 comprimendos
1543 1336 1795 1390 urbanos
1835 1338 2052 1397 motus,
2088 1330 2137 1385 si

490 1431 590 1503 qui
622 1432 766 1487 forte
798 1429 1028 1485 levitate
1055 1427 1211 1499 vulgi
1243 1428 1669 1492 instaurentur,
1725 1424 1999 1479 sufﬁcere
2030 1438 2133 1492 pu-

490 1520 672 1590 tabat,
725 1518 1045 1591 praecedere
1096 1517 1155 1571 in
1204 1516 1502 1571 civitarem
1541 1515 1712 1583 jubet
1762 1512 1960 1583 {.lprz‘l.
2023 1511 2133 1579 26),

486 1614 795 1665 secuturus
828 1608 951 1680 ipse
974 1608 1239 1680 proxima
1270 1606 1421 1672 luce,
1456 1621 1591 1658 cum
1624 1620 1824 1658 eorum
1859 1601 1959 1670 qui
1994 1616 2135 1671 prae-

485 1699 801 1755 cessissent
832 1696 1149 1769 diligentia,
1182 1712 1249 1749 ne
1282 1694 1423 1765 quid
1451 1694 1596 1747 forte
1622 1690 1971 1746 insidiarum
1999 1688 2136 1742 late-

486 1786 661 1842 retin
689 1786 935 1850 civitate,
974 1782 1359 1855 praecavisset.
1395 1783 1475 1836 Ea
1530 1786 1697 1835 nocte
1760 1777 2015 1832 sexcenti
2048 1778 2136 1811 ¹²ῖ⁰

489 1881 590 1928 aut
617 1891 682 1928 eo
716 1872 969 1944 amplius
1004 1876 1354 1926 mercatores
1386 1868 1840 1940 opulentissimi,
1893 1884 1957 1920 ex
1995 1866 2137 1919 urbe

488 1962 815 2034 profugi,ad
832 1976 1023 2032 regem
1048 1977 1108 2014 se
1130 1959 1525 2023 contulerunt,
1545 1955 1983 2011 intercessionis
2007 1956 2134 2025 ejus

487 2047 1385 2124 opemadversusarchiepiscopi
1415 2050 1501 2089 “’7‘
1536 2044 1821 2101 srevitiam
1856 2044 2135 2116 implora-

488 2139 807 2211 turi_(351).
841 2137 1024 2193 Ceteri
1052 2138 1316 2208 ingresso
1351 2136 1787 2207 archiepiscopo
1819 2134 2132 2197 civitatem,

489 2233 544 2283 et
575 2204 692 2283 toto
726 2204 917 2281 triduo
941 2204 1146 2297 juxta'
1168 2225 1501 2279 condictum
1550 2204 1887 2296 “expectanti
1937 2223 2130 2293 (April.

485 2319 603 2372 27-:
623 2317 700 2389 9),
735 2316 976 2371 minime
997 2333 1057 2372 se
1080 2318 1572 2387 praesentaverunt
1593 2315 1665 2369 ad
1690 2312 2133 2384 proponendum

489 2404 724 2477 aliquod
753 2403 1168 2461 satisfactionis
1199 2420 1402 2476 genus.
1430 2404 1590 2457 Unde
1614 2401 2029 2472 indignitatem
2055 2400 2132 2454 rei

489 2511 604 2550 non
638 2495 887 2550 ferentes
917 2493 1171 2565 episcopi
1201 2492 1435 2561 milites,
1462 2492 1669 2557 inscio,
1698 2495 1761 2544 ut
1784 2489 2022 2561 plurimi
2050 2506 2136 2542 as-

489 2588 710 2651 serunt,
745 2587 917 2654 atque
950 2580 1275 2637 inconsulto
1332 2580 1789 2650 archiepiscopo,
1844 2595 2006 2632 arma
2039 2595 2134 2631 ra-

488 2673 677 2747 piunt,
696 2672 902 2727 domos
925 2671 1250 2736 incursant,
1274 2670 1678 2742 possessiones
1702 2667 2011 2738 diripiunt,
2045 2683 2134 2721 oc-

489 2766 793 2818 cursantes
815 2761 1025 2834 partim
1050 2764 1342 2826 sternunt,
1367 2758 1577 2830 partim
1600 2762 1800 2828 captos
1823 2756 1881 2809 in
1904 2754 2136 2810 vincula

488 2850 830 2923 conjiciunt,
861 2856 917 2906 et
949 2866 1210 2923 prorsus,
1245 2852 1311 2902 ut
1340 2848 1568 2902 veritati
1594 2844 1679 2901 vel
1706 2849 1899 2900 coacto
1935 2845 2027 2879 ‘9"
2048 2861 2135 2898 as-

489 2941 833 3009 sentiamur,
867 2938 1050 2993 multo
1112 2937 1359 2992 ferocius
1416 2952 1593 3007 quam
1654 2935 1803 2989 tanti
1838 2931 2134 3005 pontiﬁcis

490 3026 906 3086 existimationi
939 3030 1286 3098 competeret
1312 3025 1485 3096 justas
1543 3024 1783 3079 ultionis
1825 3020 2134 3094 negocium

493 3119 812 3173 execuntur
834 3116 945 3169 ‘2”.
962 3114 1071 3169 Sed
1086 3112 1316 3185 gravior
1342 3112 1582 3167 morbus
1605 3109 1809 3165 acriori
1837 3108 2136 3180 indigebat

494 3206 774 3261 antidoto.
811 3202 993 3259 Filius
1032 3219 1211 3274 supra
1268 3200 1572 3257 memorati
1634 3198 1997 3263 mercatoris,
2034 3196 2133 3267 qui
2167 3189 2209 3254 C

494 3294 723 3369 primus
747 3292 1029 3349 seditione
1059 3291 1523 3345 inﬂammaverat
1546 3287 1850 3361 populum,
1876 3291 1932 3341 et
1964 3284 2136 3358 pauci

493 3383 592 3439 alii
616 3382 939 3439 luminibus
973 3384 1111 3436 sunt
1141 3379 1347 3448 orbati,
1382 3378 1645 3433 nonnulli
1678 3376 1855 3448 virgis
1908 3375 2039 3431 caesi
2071 3392 2137 3429 ac

485 3472 944 3540 detonsi,omnes
963 3470 1310 3543 gravissimo
1335 3469 1417 3523 rei
1442 3466 1748 3522 familiaris
1764 3467 2020 3535 dampno
2043 3465 2133 3497 ¹²⁷⁶

483 3560 711 3615 multati
742 3565 917 3632 atque
961 3558 1383 3629 jusjurandum
1444 3558 1585 3611 dare
1646 3554 1933 3626 compulsi
1976 3552 2133 3623 quod

478 3648 750 3725 deinceps
763 3648 1195 3718 archiepiscopo
1210 3646 1503 3700 civitatem
1528 3648 1728 3699 contra
1744 3643 2013 3698 omnium
2033 3642 2137 3697 ho-

476 3738 705 3794 minum
737 3737 1091 3806 violentiam,
1117 3739 1406 3806 quantum
1429 3732 1676 3789 consilio
1703 3738 1760 3787 et
1791 3734 1972 3788 armis
2000 3752 2131 3806 pos-

474 3834 625 3897 sent,
658 3825 1006 3883 vindicaturi
1038 3828 1256 3889 essent,
1289 3828 1346 3879 et
1376 3840 1474 3878 eos
1508 3822 1608 3894 qui
1648 3838 1716 3876 ex
1750 3823 1893 3878 urbe
1925 3826 2126 3894 profu-

473 3922 696 3991 gerant,
728 3914 920 3987 quoad
970 3914 1144 3985 digne
1201 3911 1641 3983 archiepiscopo
1675 3911 2126 3985 satisfecissent,

475 4021 706 4077 semper
736 4020 838 4074 pro
869 4001 1269 4057 infestissimis
1301 4000 1571 4055 hostibus
1605 3999 1882 4054 habituri.
1920 4002 2006 4056 Ita
2039 4003 2124 4057 ci-

475 4092 644 4158 vitas,
664 4091 837 4162 paulo
859 4094 991 4144 ante
1014 4089 1236 4143 civibus
1259 4088 1739 4158 frequentissima
1767 4093 1823 4142 et
1854 4095 1983 4159 post
2007 4090 2125 4146 Mo-

477 4180 738 4253 gontiam
771 4182 948 4249 caput
977 4182 1033 4231 et
1054 4176 1325 4248 princeps
1348 4175 1702 4231 Gallicarum
1738 4178 2003 4247 urbium,
2023 4196 2121 4235 su-

479 4268 603 4324 bito
627 4284 773 4340 pene
794 4267 1025 4322 redacta
1037 4269 1126 4320 est
1146 4264 1205 4319 in
1220 4264 1626 4332 solitudinem;
1652 4269 1707 4320 et
1729 4266 1898 4336 cujus
1921 4267 2122 4339 plateae

2241 549 2370 586 rum
2406 532 2661 586 ostendit
2689 531 3008 596 hominem,
3044 529 3272 585 silentio
3304 537 3355 586 et
3398 532 3606 590 horrore
3638 540 3786 595 omnia

2241 621 2512 675 desiderii
2539 622 2733 691 quond
2745 637 2834 674 am
2856 636 2917 675 ac
2934 619 3401 676 deliciarumloca
3415 624 3783 693 possidentibus.

2242 710 2356 765 Nec
2392 711 2652 764 futurum
2686 710 2794 765 hoc
2843 709 3023 763 dubia
3083 709 3784 787 signiﬁcaverantprasagia.

2243 799 2592 870 Peregrinus
2626 799 2867 870 quidam
2902 798 2971 853 ad
3006 798 3399 854 celebrandam
3422 802 3505 837 ηπ
3531 802 3784 874 palmarum

2245 889 2613 944 festivitatem
2640 888 2777 942 illuc
2816 888 2941 959 ipso
2986 906 3136 942 anno
3173 890 3482 945 devenerat.
3532 892 3787 947 lsvidit‘m

2246 996 2347 1051 per
2381 977 2675 1032 somnium
2714 978 2802 1011 ‘2"
2836 995 3073 1032 corvum
3108 979 3389 1049 quendam
3412 980 3670 1035 horrenda
3696 1000 3784 1037 ma-

2245 1068 2572 1140 gnitudinis
2605 1084 2707 1138 per
2736 1071 2916 1121 totam
2946 1066 3184 1121 volitare
3199 1067 3555 1138 Coloniam,et
3579 1071 3787 1125 terribili-

2245 1164 2331 1211 ter
2353 1157 2684 1212 crocitando
2716 1156 3020 1227 populum,
3052 1157 3154 1211 tali
3185 1157 3500 1229 spectaculo
3528 1161 3789 1227 attonitum,

2247 1247 2360 1300 huc
2384 1251 2439 1301 et
2463 1245 2601 1300 illuc
2624 1246 2872 1316 agitare;
2901 1246 3274 1317 supervenire
3297 1252 3418 1318 post
3437 1247 3545 1302 hac
3564 1248 3638 1283 ¹²τ⁸
3655 1249 3789 1303 virum

2245 1341 2365 1390 tam
2400 1342 2556 1389 veste
2580 1352 2757 1405 quam
2782 1336 2970 1390 forma
2994 1335 3426 1407 praecellentem,
3444 1337 3533 1408 qui
3550 1342 3599 1392 et
3620 1354 3790 1393 corvum

2248 1425 2518 1480 horriﬁco
2551 1424 2746 1479 sonitu
2781 1429 3241 1496 perstrepentem
3274 1426 3409 1480 urbe
3462 1425 3733 1497 expelleret,
3757 1431 3792 1481 et

2248 1514 2555 1586 populum,
2581 1517 2774 1568 mente
2798 1517 3239 1569 consternatum
3256 1515 3489 1585 jamque
3512 1515 3593 1549 ¹²τθ
3611 1518 3796 1569 extrema

2250 1604 2447 1658 omnia
2478 1602 2908 1669 formidantem,
2962 1619 3131 1657 cassa
3179 1603 3477 1659 formidine
3524 1602 3791 1659 absolveret.

2249 1693 2512 1763 Cumque
2527 1709 2558 1746 a
2576 1691 3095 1746 circumstantibus
3118 1691 3626 1764 interpretationem
3646 1694 3796 1748 somnii

2249 1781 2484 1836 horrore
2516 1797 2840 1835 concussus
2873 1785 3157 1851 quaereret
3189 1781 3429 1847 audivit,
3488 1781 3622 1852 quod
3656 1780 3796 1835 civitas

2248 1874 2479 1940 propter
2500 1874 2732 1941 peccata
2750 1868 2945 1941 populi
2969 1870 3200 1925 diabolo
3220 1871 3280 1925 in
3300 1875 3617 1942 potestatem
3644 1869 3797 1923 tradita

2250 1960 2471 2024 fuisset,
2496 1959 2596 2012 sed
2624 1958 2948 2012 interventu
2973 1958 3201 2030 Georgii
3230 1960 3322 1994 ¹²⁸⁰
3343 1958 3582 2014 martiris
3606 1958 3795 2017 liberata,

2246 2047 2660 2116 instantisjam
2696 2052 2868 2118 atque
2891 2065 2923 2102 a
2948 2052 3057 2103 Deo
3082 2049 3471 2120 praedestinaii
3497 2048 3722 2103 interitus
3738 2064 3799 2101 ne-

2247 2136 2575 2192 cessitatem
2609 2136 2889 2190 evasisset
2914 2137 3024 2190 '9‘“.

2320 2225 2515 2295 (April.
2576 2225 2725 2293 Mai.)
2785 2224 2921 2290 Rex,
2985 2225 3279 2281 celebrata
3336 2226 3393 2281 in
3426 2223 3800 2293 1'z‘iBabenberg

2247 2312 2505 2386 paschali
2539 2313 2926 2384 solemnitate,
2987 2315 3045 2369 in
3104 2315 3483 2387 Nourenberg
3511 2316 3592 2350 ¹²⁸³
3618 2311 3799 2385 perrexit

2246 2404 2473 2459 obviam
2506 2402 2713 2473 legatis
2746 2404 3073 2473 apostolicae
3097 2404 3256 2459 sedis
3282 2406 3447 2477 (352).
3480 2405 3637 2460 Erant
3663 2405 3799 2457 autem

2246 2493 2303 2546 hi
2330 2510 2341 2545 :
2376 2496 2559 2547 mater
2576 2493 2703 2561 ejus
2725 2492 3400 2566 imperatrix,episcopus
3415 2493 3667 2549 Ostiensis
3686 2490 3800 2561 (353‘,

2244 2581 2551 2652 episcopus
2585 2583 2978 2636 Praenestinus
3013 2583 3180 2653 (354),
3244 2584 3543 2657 episcopus
3586 2578 3803 2635 Curiensis

2247 2671 2416 2742 (355),
2452 2671 2761 2742 episcopus
2790 2671 3097 2727 Cumensis
3133 2673 3305 2743 (306),
3370 2673 3530 2727 missi
3558 2688 3587 2726 a
3614 2671 3803 2725 Romano

2247 2759 2539 2830 pontiﬁce,
2561 2759 2984 2829 componere,si
3011 2762 3593 2832 possent,multojam
3614 2763 3804 2829 tempore

2244 2846 2614 2901 vacillantem
2638 2851 2857 2902 statum
2882 2847 3231 2905 Galliarum.
3256 2850 3372 2906 Nec
3387 2855 3570 2905 tamen
3591 2864 3697 2903 cum
3717 2859 3805 2915 rege

2245 2952 2575 2991 sermonem
2590 2937 3022 2993 communicare
3040 2938 3258 3010 saepius
3271 2940 3452 3013 rogati
3470 2935 3805 2994 consenserunt

2246 3026 2430 3081 donec
2461 3025 2785 3081 secundum
2819 3025 3247 3083 ecclesiasticas
3279 3028 3433 3101 leges
3489 3022 3804 3099 paenitentiam

2246 3114 2566 3185 professus,
2600 3130 2704 3185 per
2726 3114 3017 3185 judicium
3050 3132 3258 3171 eorum
3290 3116 3638 3172 anathemate
3670 3106 3802 3164 absol-

2248 3207 2495 3271 veretur,
2531 3220 2633 3275 pro
2656 3220 2722 3258 eo
2746 3203 2901 3274 quod
2926 3209 3163 3276 propter
3184 3206 3453 3261 venditas
3474 3198 3811 3260 ecclesiasticas

2250 3292 2565 3363 dignitates
2592 3291 2927 3348 simoniacze
2958 3294 3235 3350 hereseos
3268 3294 3626 3351 insimulatus
3666 3286 3809 3343 fuisset

2249 3382 2401 3451 apud
2436 3381 2632 3436 sedem
2666 3380 3069 3452 apostolicam.
3125 3383 3331 3455 Itaque
3392 3381 3652 3455 petierunt
3676 3372 3807 3431 verbis

2248 3469 2494 3524 Romani
2528 3469 2838 3540 pontiﬁcis,
2874 3474 2937 3523 ut
2970 3470 3245 3527 sinodum
3270 3478 3463 3527 tenere
3485 3459 3809 3524 intra‘93‘6al-

2246 3556 2355 3611 lias
2389 3574 2526 3629 pace
2566 3558 2940 3629 episcoprum
2973 3559 3340 3615 sinerentur.
3373 3560 3718 3616 Vehementer
3740 3549 3809 3603 hoc

2247 3646 2335 3679 ηδε*
2367 3644 2918 3702 abnueruntomnes
2941 3646 3202 3719 episcopi
3235 3654 3513 3720 tanquam
3543 3643 3805 3699 inusitatum

2241 3733 2527 3806 longeque
2558 3752 2591 3789 a
2622 3734 2746 3789 suis
2778 3735 3110 3790 rationibus
3146 3736 3429 3805 alienum,
3462 3751 3559 3791 nec
3610 3749 3660 3789 se
3685 3728 3805 3797 hujus

2240 3824 2599 3878 auctoritatis
2614 3822 2982 3894 privilegium
3003 3824 3108 3879 ulli
3130 3825 3231 3880 alii
3250 3816 3802 3898 praeterquamipsiilo-

2240 3928 2411 3967 mano
2438 3911 2691 3982 pontiﬁci
2712 3928 2994 3982 umquam
3011 3912 3314 3971 delaturos
3330 3902 3800 3975 afﬁrmabanti357l-

2240 4000 2542 4071 Siquidem
2574 4000 2907 4055 intenderat
2935 4001 3235 4058 Romanus
3293 4003 3547 4075 pontifex
3585 4004 3639 4055 ut
3663 4004 3804 4051 omnes

2237 4088 2540 4159 episcopos
2573 4092 2628 4143 et
2662 4088 2917 4155 abbates,
2949 4090 3047 4159 qui
3085 4108 3286 4146 sacros
3316 4092 3529 4164 gradus
3566 4083 3720 4160 precio
3742 4093 3803 4132 re-

2237 4176 2577 4243 demissent,
2612 4177 2982 4233 discussione
3013 4178 3239 4248 habita,
3265 4181 3573 4253 deponeret
3595 4195 3605 4243 ;
3625 4176 3802 4244 jamque

2232 4268 2340 4322 hac
2371 4267 2440 4321 de
2471 4282 2648 4322 causa
2679 4267 3222 4340 Babenbergensem
3255 4270 3585 4341 episcopum
3633 4266 3676 4318 et
3700 4257 3797 4313 alios

1834 4354 1972 4410 VAR
1982 4361 2081 4412 [ΑΕ
2112 4355 2414 4413 LECTION
2425 4354 2525 4410 ES.

548 4437 639 4472 ¹²⁶⁹
669 4436 1005 4492 recederent
1034 4436 1084 4489 3.
1167 4434 1256 4468 ¹²τ⁰
1284 4437 1551 4489 sexcenta
1583 4435 1633 4486 4.
1670 4434 1756 4469 ¹²τ¹
1793 4434 2049 4506 episcopi
2085 4439 2109 4491 1
2145 4439 2201 4492 b.
2240 4438 2329 4479 ³³⁷³
2365 4434 2545 4489 coacti
2580 4436 2628 4488 1.
2661 4434 2743 4488 5?
2821 4438 2913 4472 1973
2947 4442 3305 4493 exsecuntur
3348 4440 3396 4492 1.
3432 4439 3479 4490 4.
3512 4430 3801 4506 exequuntur

477 4513 499 4565 1
540 4511 595 4565 b.
634 4512 1032 4579 exsequuntur
1058 4510 1111 4561 2.
1166 4506 1284 4579 7}?“
1314 4505 1567 4579 deest‘SL
1616 4505 1703 4539 “‘75
1724 4505 2145 4579 celebrandum
2180 4511 2233 4564 3.

2342 4508 2435 4541 1279
2519 4507 2675 4561 videt
2756 4508 2805 4561 4.
2914 4510 3006 4543 1271
3076 4526 3358 4565 somnum
3397 4511 3446 4563 1.
3522 4494 3733 4555 ma'hoc
3766 4494 3797 4545 4,

479 4581 574 4619 ¹²⁷⁹
603 4595 715 4653 que
742 4573 890 4653 deest
921 4579 975 4633 3.
1007 4578 1059 4653 4.
1136 4577 1229 4653 i???
1258 4575 1503 4653 _sancti_
1529 4576 1759 4653 Georgii
1816 4579 1867 4631 4.
1950 4580 2037 4615 ¹²⁸¹
2073 4581 2256 4635 evasit
2279 4580 2334 4634 3.
2414 4578 2504 4612 ¹²⁸²
2552 4577 2701 4632 deest
2728 4579 2780 4633 4.
2860 4581 2948 4615 ¹²⁸³
2979 4582 3057 4635 ita
3090 4582 3139 4636 4.
3197 4582 3527 4651 Nurmberg
3548 4579 3595 4632 3.
3624 4573 3799 4629 Numm-

549 4800 696 4885 (351)
730 4804 884 4885 Quos
909 4805 1111 4871 postea
1152 4798 1845 4885 .apvathematempunivit;
1880 4800 1952 4853 cf.
1996 4721 2315 4885 egi-03‘}ng
2344 4799 2576 4885 htascov
2601 4806 2983 4885 commentam
3020 4806 3095 4885 [39
3136 4803 3259 4857 reb.
3316 4798 3625 4885 imperati.
3654 4792 3792 4885 Ger-II)-

476 4648 701 4725 berg'l.
736 4651 828 4686 ¹²⁸⁴
859 4650 1009 4706 inter
1036 4651 1089 4703 4.
1133 4649 1226 4684 ¹²⁸δ
1256 4648 1363 4704 hec
1392 4650 1444 4703 3.
1479 4650 1529 4702 4.
1562 4648 1615 4702 5.

478 4871 687 4928 stolam
719 4875 791 4928 ab
825 4880 1068 4927 Annone
1100 4872 1169 4925 ad
1204 4871 1483 4925 Uotonem
1540 4871 1938 4925 Trevirensem
1973 4871 2115 4928 scri-

478 4949 660 5015 ptam,
690 4944 747 4998 in
766 4944 891 4997 cod.
928 4944 1083 5015 regio
1109 4942 1616 5015 Han_noverano,pf.
1651 4943 1775 4996 248.
1809 4941 1901 4995 W.

553 5015 699 5085 (352)
732 5016 814 5070 Cf.
844 5011 1083 5069 Gerbert
1112 5012 1182 5065 de
1215 5011 1520 5085 Rudrolpho
1546 5012 1743 5085 suem,
1775 5030 1829 5083 p.
1886 5014 1977 5085 735.
2015 5014 2115 5085 Le-

480 5083 734 5210 gationis
766 5084 1085 5165 hujusipse
1116 5083 1383 5137 meminit
1414 5101 1511 5137 rex
1543 5084 1849 5164 Ileinricus
1880 5084 1938 5138 in
1973 5084 2113 5166 dipl.

524 5164 616 5210 ato
647 5174 702 5210 v1
737 5156 853 5210 Kal.
887 5153 1092 5210 Aor11..
1126 5171 1177 5207 a.
1216 5155 1369 5210 1076.
1405 5172 1517 5210 quo
1575 5156 1946 5209 donationem
1979 5155 2113 5210 facnt

524 5164 616 5212 ato
647 5174 702 5210 v1
737 5153 859 5210 Kal;
887 5153 1092 5226 April.,
1126 5171 1177 5207 a.
1216 5155 1517 5226 1076,9110
1575 5156 1946 5209 donationem
1979 5155 2135 5210 facit

480 5227 745 5283 Ecclesia:
760 5224 1282 5298 Rueggispergensi
1306 5226 1361 5279 in
1386 5224 1643 5298 Helvetia
1664 5242 1675 5279 :
1696 5226 1921 5281 lubente
1943 5236 2116 5282 matre

479 5313 600 5352 mea
625 5303 855 5367 Agnete,
877 5296 1169 5368 quw'cum
1216 5296 1499 5368 apostolici
1549 5297 1792 5365 Gregorii
1821 5298 1991 5367 legato
2023 5298 2115 5352 Ge-

478 5368 631 5439 roﬁldo
656 5367 931 5424 Hostz'ensi
950 5370 1198 5439 episcopo
1214 5372 1263 5421 et
1283 5367 1660 5439 cardg'nalz'um
1674 5370 1854 5437 primo
1871 5385 2111 5439 praesens

474 5438 687 5511 aderat.
712 5440 849 5511 ,Vid.
872 5438 1207 5510 Schmpﬁin,
1234 5439 1379 5494 Hist.
1402 5438 1845 5511 Zeringo-Bad.,
1872 5438 1919 5511 t.
1952 5440 2020 5507 V,
2055 5454 2109 5511 p.

470 5509 562 5563 22.
584 5508 878 5567 Marianus
907 5508 1111 5569 Scotus
1144 5511 1215 5565 ad
1248 5526 1384 5564 ann.
1440 5508 1597 5563 1074’
1632 5509 1852 5579 legatos
1893 5508 2113 5567 indicat

469 5584 699 5637 tantum
723 5581 889 5651 duos.
910 5585 1037 5651 Ipse
1058 5580 1370 5651 Gregorius
1392 5580 1567 5634 etiam
1585 5579 1731 5634 duos
1756 5582 1925 5636 modo
1951 5599 2109 5637 com-

469 5655 756 5735 memorat
769 5650 830 5708 in
852 5650 1022 5723 epist.
1051 5652 1123 5709 ad
1137 5650 1459 5709 Germanos
1473 5668 1565 5726 ap.
1592 5651 1924 5710 Brunonem
1949 5670 1998 5711 c.
2014 5655 2107 5712 72.

2229 4873 2338 4927 sub
2374 4871 2619 4925 Henrico
2652 4872 2721 4925 1V
2754 4878 2811 4926 et
2843 4874 2908 4939 T,
2944 4890 3000 4944 p.
3028 4876 3116 4939 52,
3152 4891 3265 4945 sq.,
3303 4858 3424 4929 not‘.
3450 4876 3500 4927 3.
3524 4858 3793 4926 Stenzel'll,

2230 4960 2285 4996 ο.
2320 4943 2442 4996 352.
2478 4959 2609 4996 suo.

2230 4960 2285 5013 ρ.
2320 4959 2442 5006 όΟΙό,
3566 5011 3579 5013 Α
3760 4998 3769 5008 .

2299 5014 2441 5083 (353)
2468 5011 2749 5067 Geroldus
2775 5014 3109 5085 fGerardus)
3128 5016 3250 5069 Rati
3264 5016 3459 5071 sbonaa
3486 5013 3540 5066 in
3553 5011 3792 5085 Germaflka

2228 5068 2439 5159 natus;
2456 5068 3163 5159 factuspstiensisepisc.
3180 5068 3247 5141 Ha.
3266 5068 3443 5159 407:3,
3466 5088 3658 5159 captust
3672 5068 3791 5159 98ιῇ

2228 5154 2473 5230 Heinrici
2492 5156 2939 5230 militibu_s,cum
2960 5150 3186 5230 legatus
3204 5160 3275 5213 ad
3294 5150 3458 5213 illum
3477 5150 3789 5230 Μὲᾴἱίῄδηυφ

2227 5227 2446 5351 Elafius
2478 5234 2633 5283 esset
2664 5244 2697 5282 ³
2726 5222 3207 5300 δί’θεοτίοῖυὺὶἱι
3240 5235 3434 5285 Romae
3464 5228 3517 5281 d.
3546 5227 3595 5278 6.
3626 5222 3730 5275 Dec.
3755 5226 3787 5263 ἃς

2307 5320 2321 5351 Ι
2371 5342 2382 5351 .

2307 5320 2382 5352 ll.

2295 5369 2443 5439 (354)
2476 5370 2834 5425 Humbertus
2855 5370 3192 5437 (Hubertus,
3230 5353 3789 5439 Ubertus)__cardinalis

2223 5436 2618 5495 Praenestinus
2650 5436 2879 5496 creatus
2912 5442 3020 5497 fuit
3049 5443 3120 5497 ab
3150 5440 3474 5496 Alexandro
3505 5436 3569 5492 ΙΙ.

2316 5512 2442 5577 356)
2469 5510 2793 5566 Heinricus.

2316 5583 2441 5652 356)
2476 5582 2823 5637 Rainaldus.

2314 5641 2441 5727 357)
2476 5655 2534 5711 In
2544 5655 2728 5727 signis
2745 5654 2839 5712 hic
2863 5654 3024 5715 locus
3054 5658 3143 5714 est
3161 5657 3400 5731 propter
3416 5655 3647 5715 veterem
3664 5641 3792 5700 libet“
