3996 6158
230 389 367 450 1165

1463 387 1850 449 ANNALES.
1885 421 1960 430 —
1991 389 2119 449 AN.
2168 390 2348 450 1074.

3460 404 3618 466 1166

226 518 524 577 nonnullos
548 519 620 576 ab
639 521 802 578 omni
823 523 1019 580 divino
1039 523 1230 579 ofﬁcio
1254 524 1661 596 suspenderat,
1679 522 1860 576 donec
1890 522 1944 586 Α
1978 522 2345 579 severissime
2368 526 2747 596 quaestionem
2781 529 3196 603 promulgaret,
3220 534 3458 604 proditae
3490 537 3620 609 qui-

227 627 407 666 coram
440 610 739 667 venientes
770 613 1032 668 inustum
1063 613 1172 669 sibi
1215 613 1433 668 crimen
1471 612 1740 667 hereseos
1773 609 1859 662 di-

223 714 330 771 gna
361 698 758 756 satisfactione
789 706 1125 774 purgarent.
1158 703 1225 757 Et
1257 719 1354 757 rex
1386 702 1620 774 quidem
1653 701 1861 774 cupide

218 788 344 857 [hoc
375 788 488 859 “35]
539 789 769 844 volebat
817 791 948 854 odio
1008 791 1458 847 Wormaeiensis
1498 791 1755 863 episcopi
1805 797 1861 848 et

223 879 583 948 quorundam
615 877 884 945 aliorum,
914 879 1014 952 qui
1035 895 1170 935 eum
1203 879 1351 936 bello
1373 879 1650 934 Saxonico
1679 880 1856 934 offen-

228 965 453 1033 derant;
489 982 637 1037 quos
669 966 778 1022 hac
807 967 1144 1039 calumpnia
1176 967 1548 1023 involvendos
1579 971 1636 1022 et
1666 967 1856 1039 digni-

215 1054 344 1113 tatis
374 1072 491 1110 suae
517 1055 866 1110 detrimenta
899 1074 1201 1128 passuros,
1227 1074 1329 1128 spe
1361 1056 1690 1112 certissima
1720 1073 1859 1128 prae-

218 1148 558 1213 sumpserat.
591 1144 700 1198 Sed
733 1144 870 1215 quia
902 1157 1004 1216 per
1048 1144 1269 1216 legatos
1319 1162 1410 1200 res
1463 1149 1626 1199 tanta
1653 1145 1857 1199 conﬁci

213 1248 373 1302 posse
403 1232 846 1304 desperabatur,
883 1234 1150 1289 consulto
1181 1234 1240 1289 in
1271 1234 1636 1289 audientiam
1671 1234 1857 1306 ipsius

216 1320 452 1376 Romani
484 1321 780 1393 pontiﬁcis
811 1321 993 1379 dilata
1028 1327 1135 1378 est.

284 1410 416 1478 Rex,
439 1409 699 1483 dimissis
722 1409 950 1481 legatis,
977 1428 1091 1466 non
1121 1412 1368 1468 solemni
1393 1429 1552 1467 more
1573 1411 1853 1467 indictum

210 1497 652 1570 expeditionem,
679 1500 779 1555 sed
813 1501 1116 1572 repentino
1148 1517 1214 1556 ac
1245 1500 1635 1556 tumultuario
1669 1500 1857 1556 milite

210 1587 352 1659 (358)
384 1587 691 1643 collectum
723 1589 1037 1643 exercitum
1072 1589 1282 1644 ducere
1333 1591 1599 1662 [parabat
1633 1590 1742 1660 ηδτ]
1795 1589 1853 1644 in

213 1675 542 1748 Ungariam,
574 1680 872 1748 comperto
907 1678 1062 1749 quod
1101 1677 1376 1734 Salomon
1421 1695 1520 1734 rex
1568 1679 1854 1750 Ungario-

205 1781 333 1820 rum
363 1781 396 1820 a
421 1764 643 1830 Joiade,
677 1765 798 1820 Beli
831 1765 973 1833 ﬁlio,
1008 1765 1160 1821 bello
1197 1767 1287 1801 12⁸⁸
1329 1767 1630 1838 impetitus
1667 1768 1757 1808 “8°
1798 1772 1856 1822 et

202 1854 386 1909 tribus
425 1855 550 1924 jam
581 1854 798 1926 praeliis
828 1855 1042 1922 victus,
1077 1855 1296 1911 amisso
1328 1857 1603 1921 exercitu,
1640 1856 1733 1912 vix
1782 1856 1852 1911 de
1881 1891 1928 1955 Β

202 1958 374 2013 regno
394 1942 716 2014 effugisset.
741 1942 814 1998 Ut
841 1945 970 2012 ejus
995 1943 1240 1998 miserim
1270 1944 1626 2008 subveniret,
1651 1949 1704 1998 et
1728 1945 1849 2000 afﬁ-

202 2031 363 2086 nitati
384 2033 717 2104 praestabat,
744 2048 921 2104 quam
947 2033 1162 2088 tradita
1193 2032 1275 2087 illi
1303 2033 1394 2068 ¹²⁹⁰
1424 2034 1483 2088 in
1507 2031 1847 2105 conjugium

204 2136 397 2175 sorore
419 2137 530 2176 sua
557 2125 940 2186 contraxerat,
967 2125 1022 2175 ct
1048 2121 1400 2176 utilitatibus
1424 2120 1696 2192 propriis,
1713 2121 1850 2192 quia

205 2225 475 2281 magnam
530 2210 580 2265 ei
630 2214 856 2282 partem
908 2210 1070 2282 regni
1111 2211 1201 2266 sui
1233 2210 1526 2282 pollicitus
1557 2211 1762 2280 fuerat,
1798 2210 1847 2264 si

203 2300 326 2368 ejus
356 2298 632 2354 beneﬁcio
665 2300 756 2334 ¹²⁹¹
812 2299 1164 2371 expugnatis
1195 2299 1465 2354 hostibus
1510 2299 1568 2353 in
1601 2315 1846 2370 regnum

201 2387 890 2461 restitueretur.Cumque
905 2388 1283 2461 Ratisponam
1303 2387 1850 2457 venisset,insecuta

200 2479 288 2531 est
310 2476 674 2549 eum‘legatio
694 2476 1072 2532 familiarium
1097 2476 1670 2548 ejus,nunciantium
1692 2477 1846 2547 quod

201 2563 604 2622 Willehelmus
618 2567 1363 2638 cognomentoBostar(359)
1397 2571 1539 2620 rexA
1553 2563 1844 2636 nglorum,

194 2655 268 2710 ab
294 2655 384 2690 ¹²⁹²
413 2653 852 2726 archiepiscopo
883 2654 1216 2710 Coloniensi
1246 2671 1394 2708 vana
1426 2653 1846 2724 pollicitatione

187 2743 440 2811 illectus,
469 2760 604 2798 cum
636 2761 850 2816 magno
876 2743 1131 2799 exercitu
1166 2743 1521 2809 adventaret,
1557 2741 1719 2813 regni
1752 2757 1844 2797 se-

193 2833 328 2888 dem
350 2833 709 2906 Aquisgrani
729 2850 1014 2906 occupare
1036 2836 1296 2905 paratus.
1313 2832 1575 2887 Territus
1603 2847 1702 2887 rex
1725 2837 1843 2886 tam

192 2923 378 2979 atroci
398 2922 633 2994 nuncio,
649 2939 714 2977 ac
736 2922 971 2994 privatae
997 2923 1077 2977 rei
1098 2938 1299 2977 curam
1319 2921 1571 2976 externis
1590 2920 1844 2992 negociis

190 3012 662 3067 antehabendam
685 3016 872 3078 ratus,
888 3013 1107 3067 omissa
1126 3011 1220 3046 ¹²⁹³
1251 3011 1310 3065 in
1334 3008 1647 3080 Ungariam
1681 3026 1844 3080 expe-

188 3100 435 3162 ditione.
466 3101 537 3155 ad
582 3100 806 3155 Renum
841 3101 1100 3156 concitus
1133 3098 1429 3155 remeavit.
1463 3101 1842 3152 Pentecosten

183 3190 499 3263 Mogontize
520 3189 829 3245 celebravit
849 3189 994 3260 (Jun.
1023 3189 1100 3259 8),
1127 3187 1432 3260 splendide
1456 3202 1520 3241 ac
1546 3185 1840 3258 populari-

184 3257 388 3336 ter'ab
420 3257 863 3350 archiepiscopo
879 3257 1334 3350 Mogontiacensi
1367 3257 1639 3346 acceptus
1670 3279 1844 3346 atque
1875 3257 1916 3324 C

183 3368 459 3423 habitus.
475 3367 614 3422 Inde
637 3382 770 3422 cum
785 3366 1080 3422 Coloniam
1101 3366 1181 3421 ire
1203 3365 1578 3434 instituisset,
1594 3363 1848 3418 multum

183 3456 430 3528 spirans
452 3455 673 3510 irarum
697 3460 754 3510 et
773 3454 1248 3512 comminationis
1270 3453 1325 3506 in
1347 3452 1849 3524 archiepiscopum

179 3544 627 3609 Coloniensem,
650 3543 772 3614 ille,
798 3544 997 3600 missis
1028 3543 1086 3598 in
1110 3557 1418 3599 occursum
1443 3542 1571 3612 ejus
1594 3540 1849 3608 nunciis,

178 3633 498 3690 mandavit
519 3632 726 3689 falsam
751 3633 987 3689 omnino
1012 3649 1078 3687 ac
1105 3629 1351 3686 scenicis
1376 3629 1670 3700 ﬁgmentis
1695 3628 1854 3684 simi-

173 3723 305 3778 lem
342 3739 476 3778 esse
505 3721 766 3777 fabulam
802 3737 979 3793 quam
1013 3719 1072 3774 in
1104 3735 1239 3774 eum
1273 3716 1464 3772 aemuli
1498 3717 1587 3772 sui
1621 3734 1852 3789 compo-

179 3813 483 3878 suissent,
499 3810 557 3865 hi
583 3810 869 3865 nimirum
887 3809 986 3881 qui
1011 3823 1144 3863 eum
1168 3807 1342 3879 paulo
1366 3811 1499 3861 ante
1518 3807 1660 3861 urbe
1682 3823 1855 3877 expu-

176 3901 432 3965 lissent,
457 3904 513 3954 et
534 3915 688 3954 nunc
716 3899 786 3954 ad
816 3897 1270 3970 opprimendum
1289 3895 1736 3965 eum,quoniam
1762 3911 1852 3949 ar-

179 3990 308 4046 mis
331 4006 451 4043 non
471 3992 732 4059 possent,
750 3987 1072 4042 mendaciis
1090 3991 1524 4058 grassarentur;
1550 4000 1610 4039 se
1636 4000 1749 4038 non
1774 3983 1856 4039 ita

177 4077 446 4133 rationis
471 4081 763 4148 expertem
782 4075 873 4132 vel
897 4074 1230 4131 communis
1248 4073 1536 4129 commodi
1561 4073 1856 4145 negligen-

177 4172 317 4222 tem
331 4165 626 4234 esse,utin
643 4163 918 4221 ultionem
936 4164 1168 4237 privatae
1183 4163 1262 4233 ini
1274 4161 1408 4216 urize
1423 4161 1668 4233 patriam
1685 4177 1855 4216 suam

175 4253 477 4309 barbaris
504 4255 745 4326 prodere
765 4253 926 4320 velit,
953 4269 1055 4308 nec
1077 4269 1143 4306 ea
1163 4250 1395 4306 levitate
1419 4267 1451 4304 a
1477 4265 1654 4320 puero
1675 4249 1855 4303 vitam

179 4345 297 4378 ¹²⁹⁴
315 4342 674 4414 instituisse,
699 4347 764 4398 ut
793 4343 1109 4415 quisquam
1145 4355 1353 4395 sanum
1382 4337 1600 4407 aliquid
1625 4337 1857 4408 sapiens

175 4437 322 4488 tam
347 4432 550 4504 inepta
576 4432 648 4488 de
668 4449 730 4488 se
761 4431 1048 4504 suspicari
1072 4429 1258 4502 possit
1283 4428 1391 4482 1’95.
1418 4427 1734 4496 Impetrata
1758 4443 1858 4496 per

183 4521 438 4592 legatos
469 4536 666 4576 coram
698 4519 968 4576 veniendi
1009 4519 1195 4590 copia,
1228 4517 1287 4571 in
1325 4514 1732 4570 Andernachin
1768 4515 1859 4549 ¹²⁹⁶

1971 612 2104 666 dem
2137 613 2215 668 rei
2248 614 2497 684 publica?
2527 616 2768 685 crimen,
2804 621 2957 690 quod
2991 620 3395 690 objiciebatur,
3430 641 3618 681 sacra-

1973 706 2168 756 mento
2201 705 2488 775 purgavit.
2513 709 2712 760 Cetera
2742 723 2869 777 quas
2899 707 3091 764 delata
3123 709 3374 777 fuerant,
3407 712 3486 768 ait
3515 731 3615 770 rex

1969 805 2032 843 se
2044 792 2216 874 veteri
2233 791 2500 848 amicitia
2514 811 2578 848 ac
2597 795 2912 866 pontiﬁcali
2929 797 3249 852 nomini1m
3263 801 3613 872 condonare,

1969 894 2076 933 nec
2098 896 2200 950 pro
2221 881 2356 950 jure
2386 899 2491 937 suo
2523 884 2888 954 expostulare
2910 884 3074 942 velle.
3100 887 3184 943 Ita
3213 904 3327 944 non
3358 891 3612 947 extincto

1970 967 2071 1020 sed
2095 967 2327 1023 interim
2354 970 2608 1026 cohibito
2631 973 2842 1042 furore,
2872 974 3166 1030 Coloniam
3202 978 3502 1048 processit.
3529 979 3615 1034 lbi

1970 1062 2201 1125 postero
2227 1057 2318 1112 die
2343 1060 2414 1113 ad
2433 1060 2824 1130 judicandum
2849 1063 3062 1134 pepulo
3088 1065 3327 1130 assedit,
3351 1083 3612 1139 sperans,

1969 1160 2072 1214 per
2101 1147 2534 1203 accusationem
2572 1151 2664 1184 ¹²⁹⁹
2717 1167 2919 1207 eorum
2966 1169 3113 1224 quos
3144 1153 3616 1227 archiepiscopus

1967 1239 2202 1305 propter
2221 1235 2468 1306 injurias
2490 1255 2628 1293 suas
2650 1240 2741 1274 ¹³⁰⁰
2758 1257 2929 1310 poena
2945 1240 3234 1307 affecerat,
3249 1242 3615 1299 occasionem

1967 1322 2079 1378 sibi
2102 1324 2384 1391 futuram,
2407 1330 2472 1381 ut
2493 1343 2649 1394 eum,
2677 1329 2959 1384 seditione
2981 1330 3288 1398 concitata,
3306 1348 3512 1388 rursus
3535 1332 3614 1389 ci-

1964 1412 2140 1467 vitate
2170 1414 2527 1483 exturbaret,
2555 1417 2642 1471 vel
2674 1423 2912 1489 propter
2933 1435 3244 1490 oppressos
3276 1437 3379 1492 per
3399 1421 3617 1478 calum-

1965 1500 2163 1572 pniam
2220 1501 2561 1559 innocentes
2610 1504 2819 1560 saltem
2870 1524 3034 1562 reum
3085 1509 3413 1581 majestatis
3462 1511 3611 1567 face-

1964 1593 2069 1644 ret.
2121 1590 2226 1644 Sed
2287 1590 2382 1646 ille
2432 1607 2636 1648 omnes
2697 1595 3141 1652 accusationum
3194 1598 3284 1634 ¹³⁰ί
3339 1599 3612 1672 strophas

1963 1677 2113 1748 (360)
2135 1680 2400 1750 responsi
2422 1681 2662 1737 veritate
2678 1683 2768 1718 ¹³⁰²
2795 1700 2860 1738 ac
2884 1686 3305 1742 sententiarum
3327 1689 3612 1760 gravitate

1962 1770 2264 1838 tamquam
2298 1785 2646 1825 aranearum
2694 1770 2840 1827 telas
2892 1773 3115 1845 dirupit
3150 1776 3258 1829 ¹³⁰³.
3293 1776 3610 1849 Postquam

1964 1869 2062 1909 rex
2094 1855 2428 1912 innocentia
2451 1858 2545 1894 ¹³⁰⁴
2574 1860 2704 1929 ejus
2735 1876 2800 1915 ac
2830 1861 2958 1915 vitae
2990 1861 3322 1936 integritate
3351 1865 3613 1921 consiliis

1962 1959 2192 2014 quoque
2218 1947 2416 2000 omnia
2446 1951 2610 2017 septa
2639 1947 2806 2020 vidit,
2835 1966 2939 2004 nec
2970 1949 3156 2005 ullum
3191 1955 3386 2022 patere
3416 1951 3610 2008 locum

1960 2031 2325 2103 calumpnicc,
2342 2035 2411 2089 ad
2435 2035 2593 2091 aliud
2614 2054 2675 2092 se
2696 2039 2864 2092 vertit
2880 2053 3066 2110 genus
3085 2038 3457 2111 iniuriarum.
3475 2040 3613 2097 Exe-

1960 2121 2046 2191 git
2075 2121 2147 2176 ab
2178 2138 2265 2190 eo,
2291 2140 2404 2178 non
2435 2126 2705 2195 precibus
2728 2127 2963 2198 quidem
2991 2132 3057 2182 ut
3079 2130 3356 2200 oportuit,
3382 2131 3484 2186 sed
3507 2130 3613 2186 im-

1959 2208 2187 2280 periosa
2209 2212 2462 2281 quadam
2481 2214 2842 2282 auctoritate,
2861 2215 3377 2272 utColoniensibus
3397 2219 3610 2275 admis-

1959 2315 2036 2353 sm
2060 2299 2118 2353 in
2142 2315 2203 2354 se
2231 2301 2576 2356 temeritatis
2598 2304 2826 2359 veniam
2847 2304 3030 2372 daret,
3047 2306 3606 2363 excommunicatos-

1960 2403 2072 2459 que
2088 2387 2344 2443 ecclesiae
2364 2390 2788 2460 reconciliaret;
2805 2396 3082 2464 praeterea
3097 2395 3258 2464 ut,ad
3274 2396 3608 2452 ﬁrmamen-

1955 2479 2081 2530 tum
2103 2478 2507 2532 conservandae
2525 2495 2663 2551 erga
2688 2496 2750 2535 se
2771 2479 2829 2534 in
2851 2486 3196 2552 perpetuum
3215 2482 3476 2554 ﬁdei,sex
3493 2483 3606 2539 sibi

1957 2580 2026 2619 ex
2041 2564 2328 2620 militibus
2343 2567 2466 2621 suis
2478 2567 2706 2623 obsides
2721 2568 3333 2641 daret.Utrumqueille
3347 2586 3473 2626 cum
3490 2587 3609 2628 ma-

1956 2668 2070 2722 gna
2088 2653 2419 2709 constantia
2438 2655 2698 2726 negavit:
2715 2656 2946 2713 obsides
2965 2658 3387 2730 quidem,quod
3404 2659 3605 2716 nullus

1957 2757 2159 2813 regum
2177 2742 2437 2812 priorum
2454 2742 2569 2798 tale
2586 2744 2724 2815 quid
2746 2745 2816 2800 ab
2832 2745 3028 2817 aliquo
3045 2749 3604 2819 praecessore‘305suo

1954 2829 2340 2901 postulasset;
2367 2833 3003 2889 excommunicatorum
3023 2835 3113 2872 ¹³⁰⁶
3133 2839 3330 2891 autem
3354 2835 3605 2892 reconci-

1954 2918 2280 2987 liationem,
2301 2921 2457 2992 quod
2480 2921 2607 2976 sine
2630 2921 2807 2995 digna
2829 2923 3180 2994 poenitentiae
3203 2925 3600 2980 satisiactione

1954 3010 2492 3065 excommunicatos
2523 3011 2581 3064 in
2615 3010 2917 3067 ecclesiam
2946 3013 3120 3084 recipi
3149 3012 3308 3085 leges
3329 3013 3598 3069 ecclesia-

1954 3096 2110 3151 stica
2136 3102 2414 3153 vetarent.
2441 3099 2793 3154 Imminebat
2816 3099 2911 3155 ille
2936 3100 3323 3170 vehementer,
3354 3101 3600 3158 commi-

1955 3203 2104 3241 nans
2127 3187 2323 3240 omnia
2345 3203 2406 3241 se
2436 3185 2809 3243 incommoda
2833 3190 2920 3224 ¹³⁰⁷
2953 3189 3278 3261 illaturum,
3303 3196 3359 3246 et
3388 3195 3599 3246 cuncta

1958 3291 2082 3345 qua:
2104 3273 2262 3328 illius
2295 3274 2412 3328 sint
2432 3275 2583 3329 ferro
2605 3280 2662 3330 et
2681 3275 2815 3347 igne
2839 3277 3278 3332 demoliturum.
3303 3279 3604 3333 Perstabat

1959 3363 2054 3418 hic
2084 3363 2235 3417 ﬁxus
2266 3363 2322 3417 in
2356 3363 2672 3434 proposito,
2707 3364 2906 3420 dicens
2937 3381 2999 3420 se
3042 3367 3189 3420 mori
3222 3366 3310 3401 ¹³⁰⁸
3365 3366 3603 3436 quidem

1960 3455 2250 3521 paratum,
2304 3452 2352 3506 si
2415 3452 2540 3523 ipse
2599 3469 2732 3507 cum
2781 3453 3225 3510 Coloniensibus
3273 3455 3605 3526 conspiras-

1961 3545 2048 3595 set
2094 3541 2166 3595 ad
2215 3556 2349 3594 eum
2396 3539 2888 3612 interﬁciendum,
2936 3542 3037 3597 sed
3087 3557 3415 3614 numquam
3465 3542 3611 3599 reti-

1963 3629 2163 3683 nenda:
2216 3628 2342 3683 vitae
2395 3629 2588 3684 studio
2639 3630 2710 3684 ab
2754 3631 2890 3701 jure
2923 3632 3012 3666 ¹³⁰⁹
3065 3632 3136 3686 ad
3186 3631 3465 3703 injuriam
3511 3632 3609 3687 de-

1963 3717 2340 3773 clinaturum.
2370 3717 2472 3773 Diu
2499 3735 2714 3790 anceps
2743 3724 2867 3774 erat
2896 3736 3113 3792 pugna,
3139 3724 3196 3776 et
3226 3725 3612 3792 utrorumque

1963 3807 2178 3862 milites
2212 3823 2424 3878 magna
2454 3813 2827 3862 concusserat
2858 3807 3189 3863 sollicitudo
3215 3809 3610 3880 expectatione

1962 3901 2082 3951 tam
2114 3895 2300 3951 tristis
2332 3896 2670 3967 spectaculi.
2703 3897 2959 3952 Tandem
2993 3897 3214 3953 evictus
3247 3913 3342 3953 rex
3391 3897 3462 3952 ab
3513 3897 3608 3952 his

1965 4001 2213 4056 quorum
2241 3984 2500 4040 consiliis
2521 3983 2842 4055 plurimum
2862 3986 3178 4051 tribuebat,
3203 3986 3358 4042 ﬂexit
3380 3990 3610 4042 senten-

1963 4074 2128 4139 tiam,
2154 4078 2208 4129 et
2231 4073 2310 4128 ait
2332 4072 2504 4128 malle
2531 4090 2592 4128 se
2619 4091 2751 4128 cum
2776 4090 2841 4129 eo
2863 4075 3160 4131 beneﬁciis
3182 4079 3402 4130 certare
3428 4091 3606 4146 quam

1967 4163 2378 4232 maleﬁciis,et,
2403 4163 2452 4218 si
2474 4179 2606 4217 eum
2631 4162 2814 4216 ﬁdum
2838 4163 2950 4218 sibi
2973 4164 3364 4234 devotumque
3391 4164 3447 4218 in
3471 4179 3606 4221 cau-

1967 4252 2048 4307 sis
2081 4251 2160 4306 rei
2193 4251 2438 4323 publica':
2469 4251 2843 4322 experiretur,
2870 4252 3126 4323 primum
3155 4252 3428 4326 deinceps
3458 4253 3612 4308 inter

1968 4339 2186 4394 amicos
2218 4339 2579 4394 habiturum.
2614 4340 2731 4394 Hoc
2772 4341 2944 4396 modo
2975 4341 3386 4398 reconciliatus
3418 4341 3612 4397 archi-

1968 4428 2257 4498 episcopo,
2293 4428 2654 4499 Aquasgrani
2686 4429 2777 4463 ¹³ί⁰
2825 4430 3105 4503 perrexit,
3127 4433 3184 4484 et
3230 4429 3508 4484 adversus
3547 4443 3615 4484 ea

1969 4534 2096 4587 qua:
2117 4516 2187 4570 de
2207 4515 2526 4585 irruptione
2545 4515 2926 4570 barbarorum
2946 4519 3103 4571 fama
3117 4515 3612 4588 vulgaverat,eam

182 4609 327 4680 regi
352 4609 911 4682 occurrit.Cumque
932 4625 1033 4664 rex
1054 4608 1122 4662 de
1142 4606 1234 4662 his
1251 4622 1376 4676 quae
1396 4604 1860 4674 compereratm"
1892 4619 1938 4683 D
1971 4603 2132 4675 regni
2182 4607 2430 4673 partem,
2464 4605 2751 4673 quantum
2802 4605 3047 4672 poterat,
3082 4599 3464 4656 communivit
3495 4602 3615 4657 ¹³¹¹.

1565 4745 1810 4801 νΑΒΙιΕ
1846 4745 2256 4804 LECTIONES.

273 4859 375 4895 ³³³⁵
407 4858 551 4915 deest
570 4851 631 4914 ’3.
668 4859 720 4913 4.
754 4859 808 4912 5.
887 4858 976 4893 ¹²⁸⁷
1007 4856 1149 4911 deest
1178 4854 1230 4908 3.
1263 4854 1314 4908 4.
1345 4854 1398 4908 5.
1481 4852 1568 4890 ¹²ε⁸
1597 4851 1742 4908 deest
1770 4855 1823 4909 3.

176 4932 317 4987 ciis
347 4932 404 4984 3.
486 4930 581 4966 ¹²⁹²
611 4929 757 4985 deest
783 4931 836 4984 5.
917 4928 1007 4964 ¹²⁹³
1038 4926 1296 4982 obmissa
1324 4926 1375 4979 3.

178 5000 552 5060 dernachen
582 5001 634 5056 1.
661 5002 712 5055 4.
734 5002 788 5054 5.
815 5000 1152 5055 Andernaco
1183 4996 1363 5050 villal
1399 4995 1456 5051 b.

183 5076 304 5111 ⁶³⁰¹
343 5073 722 5129 occasionum
757 5073 806 5125 4.
882 5072 974 5106 ¹³⁰²
1005 5067 1232 5125 veritati
1265 5069 1316 5121 4.

188 5146 312 5184 130°
344 5161 471 5201 exc.
523 5173 592 5184 —-
643 5143 1040 5198 satisfactione
1087 5141 1278 5196 desunt
1321 5138 1375 5192 3.

1903 4853 1991 4888 ¹²⁸⁹
2023 4854 2277 4924 impetus
2305 4851 2358 4904 5.

1455 4924 1548 4958 “9‘
1577 4923 1718 4978 deest
1752 4926 1800 4978 4.
1835 4924 2014 4980 vitam
2048 4941 2080 4980 a
2108 4920 2289 4994 puero
2325 4926 2347 4974 1
2375 4920 2436 4994 _b.

1536 4996 1626 5068 fi"?
1661 5001 1957 5068 comperat
1979 4998 2027 5050 4.

1397 5067 1485 5102 1³0³
1517 5066 1758 5138 diripuit
1797 5066 1874 5122 Ρ.
1910 5067 2164 5137 disrupit
2198 5067 2221 5119 1
2259 5067 2313 5138 b.

1452 5138 1542 5171 ¹³⁰⁷
1574 5138 1884 5195 incomoda
1929 5141 1982 5194 4.

2441 4849 2530 4885 ¹²⁹⁰
2560 4848 2670 4903 sibi
2717 4864 2986 4919 superscr.
3031 4848 3115 4903 illi
3147 4850 3196 4906 4.
3278 4850 3364 4885 ¹²⁹¹
3399 4848 3616 4904 beneﬁ-

2521 4921 2612 4955 H95
2645 4925 2838 4955 nnciam}
2869 4937 2991 4955 ιιηνμ
3044 4921 3224 4955 ungui}
3263 4923 3284 4955 I.
3388 4920 3480 4955 1296
3517 4922 3616 4955 An-

2644 4925 2842 4989 posset
2868 4937 3009 4976 corr.
3043 4922 3228 4993 possit
3259 4923 3309 4975 4.
3388 4922 3480 4955 "9°
3509 4922 3620 4974 An-

2644 4992 2734 5026 ¹²⁹⁹
2763 4992 3124 5048 occasionem
3148 4993 3197 5046 4.
3280 4992 3372 5028 ¹³⁰⁰
3399 4991 3540 5046 deest
3565 4992 3617 5044 4.

2395 5063 2486 5097 ¹³⁰⁴
2515 5062 2846 5118 innocentie
2879 5064 2930 5118 4.
3009 5064 3097 5108 “‘05
3129 5063 3618 5135 predecessore_3.

2830 5135 3088 5205 13°"june
3129 5132 3188 5191 4.
3285 5135 3378 5172 ¹³¹⁰
3406 5132 3623 5206 Aquis-

2111 4991 2199 5031 ῖ²⁹⁸
2230 4991 2463 5049 nomine
2487 4992 2563 5044 1‘.

2077 5135 2166 5174 ί³⁰⁸
2197 5135 2432 5208 quidem
2483 5135 2630 5190 mori
2679 5136 2731 5190 3.

186 5216 393 5290 grani
425 5217 478 5272 3.
559 5215 651 5251 ¹³¹¹
684 5213 1068 5270 communivit
1097 5216 1208 5267 etc.
1241 5212 1292 5265 4.
1322 5213 1371 5265 et
1399 5211 1480 5264 ita
1506 5211 1711 5281 saepius
1741 5212 1801 5265 in
1828 5211 1938 5281 ﬁne
1968 5212 2150 5266 lineaz.

1808 5333 2038 5390 ΝΟΤλΕ.

189 5441 413 5494 tat-em
444 5435 700 5493 ecclesiae
719 5433 1097 5500 Germanicae,
1111 5435 1167 5488 et
1186 5429 1371 5486 excuti
1394 5428 1738 5500 diligentius
1760 5446 1878 5485 me-

183 5510 576 5581 retur,quod
586 5510 711 5580 jam
726 5515 818 5564 ten
828 5505 1296 5581 tavitSchilterus
1309 5503 1378 5556 de
1390 5501 1660 5581 libertate
1675 5501 1879 5581 eccles.

181 5573 458 5646 Germ};
488 5581 550 5636 L.
586 5573 671 5650 lV,
706 5597 754 5635 c.
788 5583 859 5648 2;
893 5584 1139 5634 Mascov.
1246 5591 1319 5645 c.,
1341 5590 1408 5650 p_.
1440 5573 1529 5650 5A4,
1561 5578 1680 5650 npt.
1710 5574 1764 5630 5.

313 5643 451 5718 358)
483 5643 858 5707 Tumultuan'e
911 5651 1111 5718 milite,
1168 5647 1230 5704 L.
1266 5643 1311 5717 1,
1337 5645 1426 5712 37,
1459 5643 1548 5713 35,
1579 5645 1634 5698 2.

313 5655 428 5709 358
483 5654 858 5707 Tumultuan’o
911 5655 985 5706 mi

284 5654 453 5803 13591
487 5725 529 5782 Ι.
562 5739 614 5783 e.
645 5722 985 5783 Bastardus.

2061 5430 2208 5501 (360)
2240 5428 2662 5501 Accusatz‘onum
2689 5428 2949 5501 strophas
2979 5428 3038 5498 (i.
3072 5428 3408 5501 e._fraudes,
3444 5428 3629 5501 dolos,

1994 5499 2493 5586 nequitiasuanq.
2519 5516 2688 5586 erant:
2821 5499 3030 5586 dirupit
3059 5499 3156 5568 (cf.
3189 5517 3241 5586 a.
3267 5501 3423 5586 1Q76,
3449 5500 3630 5586 1977).

1987 5570 2274 5635 Ιῐε.“ΡΙίη.,
2308 5572 2410 5642 Ep.
2447 5571 2496 5639 1,
2540 5570 2627 5634 18,
2659 5570 2711 5624 6.
2747 5570 2854 5639 Ego
2883 5573 3133 5641 aliquam
3160 5572 3449 5644 stropham
3479 5572 3632 5626 inve-

1984 5647 2160 5724 niam,
2195 5644 2273 5699 De
2307 5641 2694 5698 similitudine
2724 5642 2795 5724 cf.
2820 5641 3016 5724 ‘Plaut.
3054 5644 3262 5719 Stich.,
3309 5646 3379 5715 ll,
3430 5645 3493 5709 ιι)
3538 5641 3628 5698 25.

1987 5715 2356 5790 Deji‘eiamque
2386 5730 2579 5771 earum
2606 5715 2783 5771 omnis
2811 5715 2964 5774 telas.
