3962 6158
485 351 638 410 “6'7

1660 342 2059 404 LAMBEHTI
2108 340 2746 402 HERSFELDENSIS

3661 346 3775 407 “68

557 480 930 537 Ruothardus
964 477 1081 544 ‘3”,
1110 476 1292 531 abbas
1325 474 1728 531 Herveldensis
1762 473 2122 539 monasterii,
2155 474 2211 538 Α
2241 476 2482 528 ruerent.
2517 475 2639 537 Qua
2672 473 2765 506 ‘3"
2814 470 3161 527 necessitate
3194 470 3510 542 compulsus
3537 489 3633 541 rex,
3658 477 3776 534 nullo

480 572 516 625 5
548 571 685 626 Idus
714 568 873 622 Junii
905 566 1177 635 decessit,
1209 565 1298 619 vir
1346 566 1403 619 in
1454 565 1637 619 sacris
1676 564 1993 636 Scripturis
2025 564 2126 618 ad-

483 660 670 731 prime
691 656 957 711 eruditus
988 660 1044 711 et
1073 656 1156 711 sic
1188 655 1258 710 ad
1291 653 1651 726 loquendum
1677 655 1769 689 ¹³¹³
1800 652 2128 725 expeditus,

484 752 548 803 ut
573 761 741 801 nemo
764 744 865 801 illa
888 749 1053 800 aetate
1078 745 1319 800 verbum
1341 743 1440 798 Dei
1463 744 1776 814 c0piosius,
1798 759 1966 798 nemo
1994 742 2128 796 sub-

481 835 664 901 tilius,
697 850 868 889 nemo
899 833 1225 905 elegantius
1255 837 1551 888 tractaret.
1584 833 1739 889 Alias
1772 835 1831 888 in
1863 834 2129 887 observa-

477 925 636 980 tione
656 928 869 980 sanctaa
895 922 1112 996 regulas
1136 921 1439 993 paululum
1465 938 1642 992 quam
1679 938 1869 977 mores
1896 926 1951 976 et
1980 925 2126 975 tem-

482 1030 624 1085 pora
648 1016 986 1083 expeterent
1007 1011 1308 1066 remissior
1333 1016 1476 1066 erat.
1507 1012 1562 1065 Is
1586 1011 1733 1065 miro
1754 1010 1977 1081 judicio
2004 1009 2127 1077 Dei,

482 1102 584 1173 qui
617 1118 765 1172 quos
795 1100 986 1171 diligit
1018 1100 1277 1170 corripit,
1311 1104 1367 1153 et
1397 1098 1650 1171 flagellat
1675 1116 1906 1154 omnem
1941 1098 2125 1151 ﬁlium

482 1207 658 1262 quem
690 1189 895 1261 recipit
924 1189 1103 1259 (Hebr.
1136 1204 1233 1252 xu,
1265 1189 1341 1259 6),
1376 1193 1507 1243 ante
1552 1188 1706 1242 diem
1757 1187 1961 1242 mortis
2012 1202 2127 1240 sua1

484 1296 661 1336 sensu
692 1278 920 1345 defecit,
955 1283 1012 1332 et
1044 1293 1144 1348 per
1174 1277 1484 1332 continuos
1516 1280 1663 1332 duos
1695 1294 1879 1331 annos
1930 1280 1986 1329 et
2031 1291 2130 1329 sex

486 1384 718 1423 menses
749 1367 960 1422 frenesi
995 1366 1211 1438 pariter
1241 1371 1298 1421 et
1328 1365 1630 1438 epilempsi
1668 1368 1758 1401 ‘3”
1787 1364 2130 1438 gravissime

483 1456 818 1512 vexabatur.
847 1456 1165 1511 Defunctus
1189 1460 1277 1509 est
1297 1460 1493 1509 autem
1522 1472 1674 1511 anno
1702 1457 1791 1491 ¹³¹³
1822 1455 2046 1526 integro
2076 1457 2131 1508 et

481 1561 582 1599 sex
601 1544 903 1600 mensibus
920 1548 1157 1599 exactus
1176 1549 1560 1615 posteaquam
1574 1545 1808 1600 abbatia
1825 1560 1886 1598 se
1905 1542 2132 1598 abdica-

481 1638 658 1688 verat.
683 1633 843 1696 Quod
870 1636 1066 1688 tamen
1100 1632 1319 1686 factum
1352 1633 1492 1688 adeo
1542 1632 1830 1703 paenitens
1861 1630 2128 1698 deﬂebat,

486 1722 760 1793 quotiens
792 1738 825 1775 a
857 1726 1095 1793 stupore
1116 1724 1293 1791 atque
1314 1720 1666 1775 hebetudine
1693 1719 1905 1773 mentis
1928 1718 2131 1790 paulu-

478 1810 603 1866 lum
628 1810 1029 1882 respiraverat,
1056 1814 1118 1863 ut
1142 1809 1484 1879 ambiguum
1510 1812 1683 1874 esset,
1708 1808 1910 1863 morbo
1939 1808 2033 1843 ¹³¹⁶
2055 1825 2127 1864 an

482 1915 730 1959 maerore
758 1898 993 1970 gravius
1024 1897 1410 1968 acerbiusque
1441 1897 1783 1952 tabesceret.

555 1987 844 2043 Mediante
859 1985 1012 2041 Julio
1031 2001 1363 2057 regressum
1388 2002 1579 2056 regem
1604 1986 1675 2040 de
1692 1986 2023 2059 Luteringia
2038 1987 2129 2022 ‘3”

486 2076 879 2132 Wormaciam
912 2075 1124 2129 iterum
1156 2074 1427 2128 adierunt
1458 2072 1631 2145 legati
1666 2075 1816 2146 regis
1850 2075 2131 2147 Ungario-

484 2181 638 2231 rum,
674 2168 906 2219 orantes
938 2162 1146 2218 obnixe
1179 2167 1263 2232 ut,
1297 2178 1521 2217 memor
1554 2162 1880 2231 afﬁnitatis,
1908 2179 2132 2219 memor

485 2258 626 2309 acta:
647 2252 824 2307 simul
859 2270 893 2307 a
921 2268 1100 2323 puero
1122 2251 1329 2321 aetatis,
1356 2252 1645 2307 maturius
1672 2252 1765 2287 ¹³¹⁸
1798 2252 2131 2308 subveniret

483 2340 990 2414 expulso.Et,quia
1002 2356 1203 2411 preces
1218 2339 1443 2395 tardius
1464 2342 1773 2397 movebant
1789 2341 2029 2413 privatis
2044 2358 2132 2396 oc-

483 2429 1496 2502 cupationibusintentum,datis12
1517 2430 1819 2486 obsidibus
1844 2432 2017 2485 ﬁdem
2038 2432 2131 2467 ¹³¹⁹

483 2518 534 2574 ei
566 2518 879 2574 ﬁrmabant
905 2516 997 2551 ¹³²⁰
1026 2517 1206 2587 quod,
1240 2517 1289 2571 si
1323 2518 1449 2585 ejus
1481 2517 1761 2573 beneﬁcio
1791 2518 1850 2573 in
1883 2535 2127 2591 regnum

483 2608 912 2673 restitueretur,
943 2604 1218 2676 deinceps
1250 2605 1300 2659 ei
1336 2604 1686 2661 tributarius
1718 2606 1987 2677 dictoque
2026 2609 2125 2663 ob-

483 2702 817 2767 temperans
840 2694 1005 2763 t'oret,
1029 2698 1085 2748 et
1107 2710 1206 2749 sex
1227 2694 1276 2748 ei
1301 2694 1734 2750 munitissimas
1754 2697 2015 2767 Ungaria:
2046 2698 2129 2751 ci-

481 2786 689 2841 vitates
710 2784 769 2839 in
793 2787 1207 2855 argumentum
1233 2799 1555 2853 numquam
1580 2783 1972 2856 irrumpendae
1996 2786 2128 2841 ﬁdei

483 2875 760 2930 traderet.
787 2872 903 2928 Hac
934 2872 1200 2927 mercede
1231 2871 1590 2942 redemptus,
1620 2872 1775 2941 ilico,
1799 2874 1997 2930 missis
2019 2874 2127 2929 cir-

484 2976 859 3034 cumquaque
888 2958 1140 3027 nunciis,
1166 2958 1459 3030 principes
1488 2959 1547 3014 in
1578 2961 2003 3032 expeditionem
2037 2979 2128 3018 so-

482 3050 664 3107 lemni
696 3050 1017 3105 indictione
1047 3047 1319 3105 evocavit.
1351 3049 1461 3103 Sed
1503 3048 1600 3104 alii
1634 3052 1915 3122 temporis
1946 3068 2128 3124 angu-

483 3139 647 3211 stias,
664 3138 761 3194 alii
790 3138 870 3194 rei
899 3137 1208 3193 familiaris
1234 3136 1512 3209 inOpiam,
1529 3138 1789 3211 plerique
1813 3141 1967 3211 quod
1991 3157 2129 3212 opes

2160 1857 2207 1921 B

2236 562 2454 634 insigni
2503 562 2753 618 facinore
2808 565 3155 633 perpetrato,
3204 560 3444 633 Ungaria
3485 566 3698 633 excessit,
3738 574 3776 623 et

2238 656 2367 721 post
2397 651 2612 706 festum
2644 651 2828 706 sancti
2862 649 3164 705 Michaelis
3186 650 3550 707 Wormaciam
3577 671 3776 711 reversus

2238 740 2515 809 (Octo/nu),
2549 741 2833 795 ordinatis
2864 739 2942 794 ibi
2976 756 3078 811 pro
3111 745 3365 811 tempore
3410 745 3461 794 et
3502 742 3640 813 copia
3662 745 3779 814 regni

2238 829 2516 900 negociis,
2553 826 2929 900 Ratisponam
2981 828 3189 893 rediit;
3240 829 3565 900 dispositum
3598 830 3778 899 habens,

2237 918 2293 971 id
2327 919 2479 988 quod
2514 917 2807 989 reliquum
2840 922 2963 972 erat
2992 916 3274 989 temporis
3314 935 3487 988 usque
3530 919 3592 973 ad
3632 920 3779 974 nativi-

2237 1011 2417 1061 tatem
2459 1007 2688 1061 Domini
2745 1008 2799 1060 in
2853 1006 3230 1077 peragrandis
3263 1007 3352 1042 ¹³¹δ
3396 1007 3637 1077 Bajoarize
3662 1015 3780 1079 atque

2238 1095 2593 1149 Alemannis:
2629 1096 2719 1131 ¹³²⁶
2773 1094 3105 1149 civitatibus
3138 1095 3443 1151 insumere.

2315 1184 2739 1240 llildebrandus
2772 1201 2940 1256 papa,
2973 1201 3107 1239 cum
3147 1185 3431 1256 episcopis
3462 1186 3614 1239 Italia:
3640 1203 3781 1240 conve-

2242 1272 2405 1327 niens
2445 1274 2571 1343 jam
2620 1272 3026 1344 trequentibus
3060 1273 3303 1340 sinodis,
3335 1274 3629 1328 decreverat
3654 1278 3703 1327 ut
3722 1291 3782 1328 se-

2240 1362 2497 1416 cundum
2531 1362 2798 1417 instituta
2830 1361 3207 1433 antiquorum
3240 1379 3520 1418 canonum
3547 1363 3669 1433 (362)
3700 1380 3783 1434 pre-

2240 1450 2439 1505 sbiteri
2467 1466 2672 1505 uxores
2700 1467 2815 1505 non
2840 1450 3114 1520 habeant,
3140 1450 3416 1506 habentes
3438 1456 3531 1506 aut
3552 1452 3628 1487 ¹³²⁷
3653 1451 3785 1505 dimit-

2239 1546 2367 1596 tant
2398 1545 2498 1596 aut
2528 1542 2913 1612 deponantur,
2938 1557 3044 1596 nec
3073 1541 3385 1612 quisquam
3414 1541 3628 1596 omnino
3653 1541 3707 1596 ad
3727 1557 3784 1595 sa-

2240 1630 2560 1686 cerdotium
2584 1629 2949 1696 admittatur,
2973 1629 3069 1700 qui
3095 1646 3208 1685 non
3239 1630 3297 1684 in
3330 1636 3644 1702 perpetuum
3661 1630 3784 1684 conti-

2239 1718 2498 1773 nentiam
2520 1718 2817 1789 vitamque
2838 1717 3102 1779 ccelibem
3123 1718 3482 1789 proﬁteatur.
3505 1718 3609 1775 Hoc
3630 1719 3785 1774 decreto

2240 1823 2341 1878 per
2368 1812 2551 1862 totam
2585 1807 2809 1863 Italiam
2842 1806 3237 1880 promulgato,
3272 1810 3495 1864 crebras
3524 1807 3706 1863 litteras
3742 1808 3784 1860 ad

2240 1897 2542 1967 episcopos
2573 1895 2891 1952 Galliarum
2943 1897 3396 1967 transmittebat,
3427 1898 3716 1968 praecipiens
3747 1899 3787 1949 ut

2239 1984 2351 2056 ipsi
2383 2000 2616 2056 quoque
2648 1984 2705 2039 in
2748 1984 2871 2040 suis
2902 1984 3160 2041 ecclesiis
3190 1985 3463 2040 similiter
3490 1986 3712 2051 facerent,
3735 1990 3787 2037 δίο

2241 2090 2352 2144 que
2376 2090 2409 2128 a
2429 2072 2809 2128 contubernio
2832 2074 3204 2129 sacerdotum
3233 2090 3436 2130 omnes
3456 2074 3666 2130 omnino
3687 2070 3788 2127 temi-

2241 2180 2348 2217 nas
2379 2166 2656 2234 perpetuo
2690 2161 3059 2217 anathemate
3090 2168 3435 2219 resecat-ent.
3464 2163 3707 2218 Adversus
3722 2160 3787 2214 hoc

2239 2250 2537 2305 decretum
2570 2251 2838 2321 protinus
2868 2250 3241 2306 vehementer
3290 2252 3579 2307 infremuit
3618 2255 3713 2306 tota
3732 2247 3787 2283 ‘3"

2242 2340 2413 2394 factio
2455 2339 2839 2405 clericorum;
2892 2340 3190 2395 hominem
3243 2340 3413 2413 plane
3460 2341 3724 2396 hereticum
3755 2343 3790 2390 et

2239 2428 2435 2483 vesani
2460 2429 2749 2500 dogmatis
2781 2445 2908 2483 esse
2938 2428 3274 2496 clamitans,
3300 2431 3396 2501 qui
3425 2430 3620 2485 oblitus
3644 2441 3789 2483 sermo

2241 2517 2331 2571 nis
2363 2517 2609 2587 Domini,
2629 2534 2745 2588 quo
2766 2518 2847 2573 ait
2870 2535 2882 2572 :
2912 2521 3033 2573 Non
3057 2534 3247 2574 omnes
3266 2522 3484 2590 capiunt
3505 2519 3597 2574 hoc
3614 2518 3789 2573 verbum:

2236 2608 2331 2679 qui
2346 2610 2518 2677 potest
2541 2623 2750 2677 capere,
2770 2609 2957 2679 capiat
2983 2607 3198 2679 (Matth.
3226 2626 3345 2671 xxx.
3372 2610 3455 2671 11,
3489 2609 3600 2681 12);
3630 2611 3675 2662 et
3691 2611 3787 2676 Apo-

2240 2694 2425 2750 stolus
2460 2713 2471 2749 :
2507 2697 2613 2763 Qui
2640 2713 2695 2751 se
2721 2713 2831 2751 non
2859 2698 3119 2765 continet,
3152 2699 3333 2753 nubat
3352 2716 3372 2759 ,·
3402 2697 3591 2753 melius
3614 2702 3676 2752 est
3696 2696 3789 2750 enim

2236 2784 2440 2839 nubere
2471 2801 2638 2855 quam
2681 2787 2774 2839 uri
2823 2787 2872 2853 (Ι
2909 2785 3033 2841 Cor.
3066 2804 3165 2855 vn,
3198 2788 3281 2855 9),
3315 2787 3557 2843 violenta
3581 2783 3790 2842 exactione

2239 2874 2508 2929 homines
2554 2874 2741 2929 vivere
2800 2879 3030 2947 cogeret
3081 2875 3196 2930 ritu
3248 2875 3595 2949 angelorum,
3623 2879 3667 2931 et
3703 2873 3790 2926 dum

2239 2968 2583 3018 consuetum
2616 2980 2855 3018 cursum
2890 2967 3109 3019 natura:
3142 2970 3404 3038 negaret,
3439 2961 3738 3020 fornicationi
3757 2964 3789 3012 et

2239 3051 2627 3106 immunditiae
2648 3051 2810 3106 frena
2831 3050 3084 3119 laxaret;
3110 3053 3270 3123 quod
3294 3053 3342 3109 si
3372 3056 3616 3125 pergeret
3635 3054 3790 3105 senten-

2238 3140 2381 3195 tiam
2406 3140 2773 3209 conﬁrmare,
2790 3140 2966 3197 malle
2988 3157 3050 3196 se
3071 3142 3466 3197 sacerdotium
3493 3156 3647 3213 quam
3664 3138 3789 3204 conju-

480 3245 601 3284 suze
651 3226 801 3283 bello
852 3226 1132 3281 Saxonico
1163 3224 1414 3281 nimium
1446 3227 1653 3281 attrita:
1687 3229 1954 3298 fuissent,
1988 3230 2127 3285 item
2158 3227 2201 3294 C
2239 3230 2404 3302 gium
2436 3230 2721 3297 deserere,
2754 3234 2810 3285 et
2838 3233 2980 3285 tunc
3009 3230 3281 3286 visurum
3312 3248 3466 3299 eum,
3494 3232 3579 3285 cui
3606 3226 3787 3284 homines

480 3317 577 3373 alii
628 3316 786 3372 aliud
832 3315 1225 3371 excusationis
1267 3331 1454 3387 genus
1486 3315 1891 3385 obtendentes,
1922 3336 2125 3375 omnes

477 3406 695 3480 pariter
710 3403 979 3461 militiam
998 3404 1554 3475 detrectabant.Ipse
1575 3410 1793 3473 tamen,
1807 3425 1878 3463 ne
1897 3413 2121 3463 tantum

479 3496 561 3551 rei
617 3494 859 3566 publicas
910 3494 1309 3560 commodum,
1364 3510 1503 3547 casu
1537 3495 1627 3529 ¹³²¹
1681 3496 1965 3568 oblatum,
2019 3515 2125 3553 sua

475 3583 708 3656 ignavia
753 3586 1241 3653 corrumperetur,
1289 3582 1549 3653 gregario
1580 3585 1731 3652 (361)
1779 3589 2009 3641 tantum
2059 3604 2125 3643 ac

402 3692 407 3699 ί
479 3672 701 3746 privato
732 3670 916 3727 milite
943 3673 1274 3741 contentus,
1299 3670 1507 3725 infesto
1540 3672 1794 3727 exercitu
1823 3674 2124 3746 ingreSsus

480 3765 569 3818 est
589 3760 929 3834 Ungariam,
954 3764 1012 3814 et
1042 3757 1357 3815 nonnullas
1389 3760 1517 3829 ejus
1549 3761 1812 3833 regiones
1838 3763 2128 3821 hostiliter

480 3850 830 3922 peragravit.
865 3849 1038 3903 Porro
1067 3851 1223 3911 Joas,
1250 3848 1350 3919 qui
1383 3847 1693 3920 Ungariam
1723 3857 2126 3923 occupaverat,

483 3942 778 4010 comperto
800 3939 929 4008 ejus
950 3938 1223 4003 adventu,
1240 3953 1475 3992 summa
1497 3938 1787 3994 industria
1809 3940 1865 3994 id
1890 3958 2125 4012 operam

483 4028 646 4083 dedit
675 4032 762 4093 ut,
794 4026 855 4081 in
886 4025 1028 4081 locis
1060 4027 1119 4079 in
1152 4026 1368 4096 quibus
1402 4026 1644 4096 irruptio
1675 4027 1931 4083 hostium
1966 4030 2128 4086 time-

482 4115 676 4179 batur,
710 4114 855 4168 nihil
906 4112 1174 4168 homines
1204 4112 1640 4182 alimentorum,
1675 4115 1819 4169 nihil
1850 4118 2128 4175 animalia

478 4202 827 4276 pabulorum
859 4202 1199 4272 reperirent,
1222 4206 1278 4257 et
1307 4202 1388 4257 sic
1418 4202 1542 4273 ipse
1573 4220 1706 4258 cum
1731 4205 2007 4261 omnibus
2034 4209 2127 4243 ‘3”

475 4292 535 4347 in
560 4291 855 4363 quandam
878 4290 1406 4362 insulam,propter
1432 4290 1693 4347 locorum
1720 4294 2123 4353 difﬁcultatem

475 4380 714 4436 omnino
745 4379 1010 4435 hostibus
1049 4378 1505 4450 inacessibilem,
1539 4398 1601 4435 se
1649 4382 1917 4439 contulit.
1955 4386 2123 4441 Exer-

474 4471 626 4527 citus
659 4469 831 4541 regis,
857 4468 957 4539 qui
988 4469 1058 4523 ad
1092 4468 1240 4523 tanti
1269 4469 1359 4503 “’23
1390 4467 1526 4523 belli
1551 4470 2119 4530 administrationem

2238 3319 2562 3384 sorderent,
2588 3319 2741 3374 unde
2763 3319 3167 3390 gubernandis
3191 3337 3299 3392 per
3320 3320 3604 3376 ecclesiam
3624 3316 3697 3371 Dei
3713 3312 3786 3385 plc-

2234 3406 2409 3462 bibus
2431 3406 2668 3479 angelos
2698 3411 3143 3479 comparaturus
3169 3414 3352 3465 esset.
3379 3408 3716 3465 Nihilominus
3731 3400 3785 3456 ille

2236 3497 2514 3565 instabat,
2546 3500 2603 3551 et
2633 3495 2887 3551 assiduis
2917 3494 3317 3573 legationibus
3349 3499 3627 3570 episcopos
3652 3504 3781 3549 omnes

2235 3586 2510 3640 socordia
2542 3602 2607 3640 ac
2637 3585 2872 3640 desidiae
2901 3586 3205 3659 arguebat,
3232 3593 3291 3643 et
3325 3588 3435 3644 nisi
3466 3588 3611 3644 ocius
3634 3585 3781 3654 injunc‘

2234 3680 2391 3729 ctum
2424 3674 2535 3729 sibi
2588 3674 2895 3745 negocium
2950 3682 3403 3747 exequerentur,
3457 3674 3713 3747 apostolica
3750 3681 3783 3720 se

2237 3779 2485 3819 censura
2533 3762 2593 3817 in
2642 3780 2740 3818 eos
2787 3764 3347 3821 animadversurum
3400 3762 3782 3822 comminabatur.

2234 3851 2722 3923 Archiepiscopus
2746 3851 3163 3923 Mongontinus
3192 3856 3391 3911 sciens
3424 3872 3530 3910 non
3550 3866 3685 3925 parvo
3701 3860 3779 3901 con-

2237 3946 2391 3996 stare
2421 3957 2655 4011 operam
2690 3940 2839 3995 hanc
2874 3945 2939 3995 ut
2966 3946 3127 3997 tanto
3160 3946 3428 4017 tempore
3458 3942 3679 3999 inolitam
3701 3948 3780 3991 σου·

2237 4028 2612 4084 suetudinem
2646 4028 2943 4084 revelleret
2970 4031 3083 4097 m9,
3108 4036 3293 4103 atque
3322 4034 3394 4089 ad
3426 4032 3701 4088 rudimenta
3719 4037 3777 4075 na-

2236 4119 2452 4174 scentis
2482 4117 2734 4173 ecclesiaa
2766 4124 3168 4175 senescentem
3193 4123 3327 4192 jam
3362 4124 3452 4159 ¹³³⁰
3482 4118 3709 4177 mundum
3728 4124 3777 4164 re'

2236 4208 2533 4277 formaret,
2564 4207 2923 4263 moderatius
2948 4209 3159 4280 agebat
3185 4227 3323 4266 cum
3358 4212 3471 4279 eis;
3503 4216 3552 4265 et
3570 4206 3708 4280 primo
3729 4198 3776 4251 ei!

2234 4296 2294 4351 in
2317 4296 2628 4351 dimidium
2652 4313 2874 4351 annum
2898 4296 3168 4354 inducias
3192 4304 3252 4355 et
3276 4297 3609 4356 deliberandi
3628 4290 3773 4363 copiam

2234 4386 2413 4455 dedit,
2448 4384 2686 4439 hortans
2732 4400 2830 4440 eos
2880 4390 2963 4453 ut,
2997 4388 3151 4458 quod
3193 4390 3515 4445 necessario
3544 4379 3771 4441 faciendum

2234 4474 2330 4541 sit,
2355 4478 2563 4545 sponte
2588 4474 2826 4543 faciant,
2856 4480 2913 4531 et
2943 4481 3062 4530 tam
3095 4477 3209 4533 sibi
3244 4496 3420 4551 quam
3445 4479 3660 4534 Romano
3683 4480 3767 4540 pon-

472 4557 619 4614 nihil
650 4562 999 4656 sumptuum
1049 4563 1489 4629 praeparaverat,
1522 4559 1873 4630 gravissima
1924 4563 2119 4617 statim
2154 4594 2200 4658 D
2232 4563 2374 4618 tiﬁci
2399 4563 2803 4619 necessitatem
2833 4564 3098 4620 adimant
3126 4566 3355 4639 aliquid
3386 4570 3441 4623 in
3470 4583 3557 4622 eos
3583 4559 3695 4635 quod
3716 4568 3768 4658 δίει

470 4647 776 4704 laborabat
807 4645 1019 4713 inedia,
1053 4646 1195 4701 adeo
1239 4652 1303 4701 ut
1333 4646 1604 4703 homines
1634 4648 1965 4720 plerosque,
1998 4652 2123 4707 ani-

473 4735 653 4793 malia
676 4750 823 4809 pene
849 4733 1047 4791 omnia
1069 4734 1226 4790 brevi
1256 4734 1592 4807 pestilentia
1617 4740 1674 4791 et
1705 4737 1888 4793 fames
1911 4755 2119 4796 consu-

2233 4668 2335 4707 cus
2367 4652 2443 4707 sit
2472 4650 2841 4707 decernendi.
2865 4653 2949 4707 Ad
2984 4653 3265 4711 ultimum
3298 4658 3617 4729 congregata
3638 4640 3767 4705 simodo

2232 4742 2289 4796 in
2323 4739 2668 4811 Erphesfurt
2694 4741 2779 4776 ¹³³¹
2814 4742 2939 4813 363)
2972 4759 3171 4800 mense
3203 4745 3436 4801 Octobri
3465 4740 3677 4817 pressius
3691 4735 3764 4803 jam

1827 4872 2068 4928 VARI/E
2106 4872 2512 4933 LECTIONES.

543 4974 637 5062 ξω
668 4976 746 5062 ita
909 4975 1000 5011 1³1³
1028 4973 1446 5062 alloquendum
1559 5048 1570 5062 '
1612 4977 1702 5062 1:“
1731 4977 2080 5062 ephilempsi
2110 4982 2247 5062 11,5):
2276 5052 2303 5062 ﬂ
2330 4980 2421 5017 ¹³¹⁸
2442 4980 2671 5062 deestAS.
2714 4984 2845 5062 uti”
2875 5000 2947 5038 an
2981 4986 3264 5062 m._ang_5‘.
3338 4987 3424 5023 1³³⁷
3442 4969 3756 5062 _luther:_1_-__i'

469 5046 564 5083 ‘3”
586 5048 875 5102 maturius
898 5078 965 5088 -

988 5046 1226 5118 privatis
1248 5046 1446 5102 desunt
1471 5048 1522 5102 3.
1547 5048 1599 5102 4.
1625 5050 1678 5103 5.
1760 5046 1857 5084 ῖ³¹⁹
1877 5046 2011 5107 ﬁdei
2037 5054 2088 5108 4.
2153 5053 2247 5087 ¹³²⁰
2268 5052 2539 5107 ﬁrmabat
2563 5054 2638 5108 1".

2711 5054 2801 5091 ¹³²¹
2828 5070 3029 5111 casum
3054 5058 3105 5110 4.
3169 5058 3267 5092 ¹³²²
3292 5075 3344 5113 o.
3369 5056 3485 5114 suis
3510 5060 3547 5110 ι.
3599 5050 3668 5088 ¹³¹³
3685 5052 3755 5114 l3“)

462 5122 585 5201 tam
622 5120 677 5201 3:
711 5111 1125 5201 "me‘uiaEn
1161 5118 1272 5201 f3”
1302 5121 1741 5201 peragendisé.
1781 5122 1902 5201 :3“
1932 5122 2216 5201 alamanie
2327 5125 2379 5201 4_.
2461 5125 2555 5201 [³2⁷
2581 5130 2783 5201 autem
2815 5128 2866 5181 4.
2892 5128 2943 5184 5.
3029 5128 3119 5163 ¹³²⁸
3150 5111 3348 5185 omnis
3371 5111 3608 5201 superscr.
3628 5111 3751 5176 total

464 5190 557 5226 ¹³²⁹
586 5188 871 5246 refelleret
901 5192 951 5243 3.
1034 5190 1125 5224 ¹³³⁰
1147 5190 1272 5260 jam
1304 5188 1573 5247 deest'Zb.
1656 5193 1744 5228 ¹³³¹
1781 5194 2125 5266 Erpesfurht
2161 5200 2205 5250 ι.
2241 5195 2625 5267 Erphesfurdt
2656 5198 2705 5252 4.

2049 5301 2281 5357 NOTAE.

534 5392 681 5473 (36l)
798 5409 846 5449 e.
898 5394 1093 5473 forsan
1124 5394 1534 5451 conductitius.
1568 5397 1686 5453 KR.
1733 5398 1805 5453 cf.
1838 5398 2105 5473 Adelung

461 5463 868 5536 DirectOrium,
902 5482 959 5536 p.
991 5467 1080 5519 66.

533 5534 679 5615 (362)
704 5534 1200 5615 tioncil'LAncyr-n
1232 5554 1359 5615 can.
1395 5539 1501 5615 10;
1535 5538 1833 5615 Neocaas._,_
1856 5559 1982 5615 cap.
2038 5544 2097 5611 l;

458 5606 672 5683 Νίσᾳεηί
703 5607 744 5675 Ι,
769 5620 896 5659 can.
916 5607 984 5683 3;
1013 5606 1207 5683 Garth.
1232 5608 1303 5683 I_I,
1327 5626 1453 5664 can.
1478 5612 1542 5678 2;
1568 5610 1762 5683 Carth.
1786 5606 1855 5683 V,
1877 5606 2005 5669 can.
2030 5606 2094 5683 3;

456 5657 744 5761 statim;
764 5657 894 5736 eis;
915 5657 984 5734 37'
1001 5657 1510 5752 ίέὲόὶἓιῖἰξᾶὲξ
1530 5657 2005 5761 metiantur;
2028 5657 2095 5759 Ξξ

2214 5400 2568 5475 ΑίΙνυίεειπαο.
2600 5404 2642 5472 Ι,
2673 5420 2724 5458 c.
2748 5406 2817 5472 6;
2854 5406 3304 5475 Wormaciens.,
3330 5424 3376 5464 c.
3405 5408 3470 5475 9;
3500 5393 3743 5475 Moguntina

2212 5489 2264 5598 ἴ.
2292 5474 2359 5527 10
2383 5472 2747 5601 {agamque
2777 5475 2876 5533 lib°
2911 5495 2949 5546 Ῑν
2983 5494 3108 5550 cap.
3134 5480 3244 5549 33;
3280 5472 3465 5537 Serar.
3488 5493 3568 5532 an.
3586 5472 3741 5528 1031111..

2240 5584 2251 5596 ο
2288 5561 2329 5601 1.
2362 5562 2414 5601 n.
2570 5589 2582 5601 ,

2285 5562 2780 5691 (136%)?1l'i’lieine,
2814 5619 2943 5679 coll.
2979 5623 3335 5682 svnodorum
3364 5619 3578 5685 Ertord.,
3609 5629 3653 5688 ρ.
3686 5604 3740 5669 θον

2212 5702 2347 5765 δίιίίο
