3996 6158
227 281 382 344 “73

1499 279 1882 341 ANNALES.
1920 312 1998 324 —
2027 280 2158 341 AN.
2206 279 2387 343 1075.

3489 267 3646 337 11³74

217 415 395 470 nione
428 412 521 448 ¹³⁷²
553 410 836 468 maculari
864 430 876 481 ;
911 411 1010 485 qui
1042 428 1154 468 non
1179 415 1243 468 ut
1273 417 1472 484 pastor
1501 429 1602 485 per
1632 413 1869 480 ostium,
1904 412 1958 478 Α
1986 411 2135 470 iram
2165 417 2417 470 veterem
2452 409 2697 468 armavit
2725 413 2899 466 tantm
2931 407 3371 482 pollicitationis
3402 408 3638 466 ﬁducia-

214 506 313 560 sed
340 507 404 558 ut
434 503 529 558 fur
552 508 608 557 et
629 502 775 558 latro
795 520 896 575 per
913 502 1292 558 simoniacam
1313 502 1564 558 heresim
1599 507 1653 557 et
1672 503 1870 575 ingen-

212 594 362 649 tium
396 593 780 664 pecuniarum
836 592 1228 664 profusionem
1281 591 1582 663 irrepserit
1633 591 1690 645 in
1725 591 1870 647 ovile

211 683 440 749 ovium;
464 682 563 754 qui
588 683 740 754 apud
758 683 1242 754 praedecessorem
1258 682 1386 752 ejus
1404 682 1638 736 Nicolau
1652 683 1868 752 [11(373)

210 789 424 845 papam
475 773 624 827 tanti
679 771 944 827 criminis
998 769 1394 838 insimulatus,
1430 775 1493 824 ut
1542 771 1655 824 dici
1698 771 1863 835 solet,

210 869 409 942 ignem
441 867 636 941 gladio
668 870 834 941 (374),
880 869 987 924 hoc
1019 874 1107 925 est
1155 869 1406 925 heresim
1440 869 1694 941 perjurio
1728 886 1862 941 pur-

208 959 434 1031 gaverit
459 977 472 1027 ;
501 959 601 1031 qui
635 959 941 1014 cathedam
971 958 1360 1032 episcopalem
1392 963 1448 1013 et
1477 964 1690 1014 sancta)
1725 975 1864 1030 prte-

209 1049 525 1105 dicationis
553 1048 971 1118 ministerium,
1004 1065 1207 1120 expers
1231 1049 1354 1121 ipse
1384 1049 1620 1104 omnino
1643 1048 1864 1104 littera-

207 1155 364 1209 rum,
399 1143 602 1194 contra
643 1155 839 1194 sacros
891 1154 1144 1194 canones
1176 1138 1549 1210 impudenter
1579 1155 1862 1209 occupas-

202 1232 338 1294 set;
395 1227 496 1299 qui
552 1233 686 1282 ante
742 1227 1145 1300 episcopatum
1220 1227 1446 1282 cunctis
1513 1227 1862 1300 capitalibus

199 1315 552 1372 criminibus
575 1321 748 1388 atque
763 1316 922 1371 omni
946 1316 1262 1389 proborum
1278 1332 1490 1388 genere
1515 1316 1860 1388 Mogontinaa

192 1412 438 1481 civitati,
470 1415 530 1470 in
565 1432 680 1486 qua
710 1415 971 1470 nutritus
1019 1415 1115 1483 sit,
1148 1414 1437 1470 celebrem
1473 1431 1533 1469 se
1567 1414 1860 1485 spectabi-

196 1501 436 1576 lemque
467 1505 706 1572 fecerit;
742 1505 838 1576 qui
873 1504 1273 1575 pecuniariam
1307 1509 1482 1575 atque
1530 1504 1858 1558 usurariam

193 1597 408 1660 artem,
441 1593 542 1664 qui
589 1611 623 1648 θ.
669 1610 848 1664 puero
901 1593 978 1648 sit
1025 1593 1359 1664 institutus,
1408 1598 1717 1665 postquam
1755 1609 1861 1647 cce-

192 1683 434 1739 lestium
467 1682 820 1739 talentorum
853 1683 1191 1755 negociator
1219 1684 1582 1738 constitutus
1613 1684 1710 1752 sit,
1740 1700 1862 1737 mu-

192 1772 278 1828 lto
312 1771 621 1828 sollicitius
652 1778 934 1840 exerceat,
979 1773 1062 1828 ita
1092 1777 1157 1826 ut
1191 1771 1464 1827 abbatias
1497 1777 1553 1827 et
1583 1771 1858 1827 ecclesias
1887 1791 1935 1855 B

196 1871 361 1926 intra
395 1871 485 1906 ¹³τ³
517 1871 795 1927 diocesim
847 1887 1017 1925 suam
1049 1870 1212 1937 sitas,
1247 1887 1394 1941 quas
1447 1870 1596 1925 lmde
1626 1886 1858 1941 compa-

191 1959 512 2033 paraverit,
548 1959 870 2015 tmdissime
899 1960 1131 2026 vendat,
1166 1963 1222 2014 et
1255 1959 1535 2014 familiam
1569 1959 1716 2030 (375)
1750 1960 1854 2014 Ba-

191 2049 622 2121 benbergensis
674 2048 948 2114 ecclesiae,
979 2048 1152 2121 paulo
1183 2053 1316 2104 ante
1347 2047 1852 2119 opulentissimam

195 2165 264 2203 ac
297 2148 469 2203 bonis
505 2149 595 2187 1⁸⁷³
625 2147 900 2203 omnibus
923 2147 1426 2213 ﬂorentissimam,
1452 2146 1524 2201 ad
1560 2163 1854 2200 summam

193 2238 490 2309 redegerit
538 2241 941 2309 paupertatem
987 2235 1200 2308 (Matth.
1240 2253 1336 2301 νη,
1384 2236 1495 2305 ‘5);
1533 2235 1670 2306 quia
1702 2251 1858 2290 nunc

191 2344 379 2399 super
411 2326 608 2382 omnia
638 2326 793 2382 mala
819 2343 946 2391 sua,
982 2331 1048 2380 ut
1082 2324 1139 2380 in
1169 2325 1539 2380 vestimentis
1572 2325 1769 2380 ovium
1793 2323 1859 2378 li-

189 2416 399 2472 berius
423 2415 685 2488 lupinam
710 2420 972 2472 exerceat
999 2415 1290 2470 feritatem
1319 2419 1374 2470 et
1398 2413 1626 2470 facilius
1649 2414 1859 2468 illudat

184 2505 561 2578 simplicium
579 2504 1401 2576 innocentim,transﬁguratus
1415 2503 1470 2558 in
1489 2502 1761 2575 angelum
1778 2503 1860 2557 lu-

184 2597 280 2651 cis
301 2595 550 2667 angelus
569 2600 784 2650 satana:
807 2596 879 2666 (II
899 2595 1206 2661 Cor.xi,1li)
1231 2593 1472 2648 clericos
1496 2593 1716 2664 absque
1741 2592 1860 2648 ulla

185 2685 572 2742 discussione
595 2687 666 2740 de
689 2684 949 2740 ecclesiis
983 2684 1107 2740 suis
1140 2684 1354 2754 ejiciat,
1383 2688 1559 2755 atque
1583 2682 1859 2738 omnibus

186 2777 256 2832 in
284 2775 505 2847 quibus
536 2775 721 2846 possit
753 2773 894 2829 locis
936 2774 1115 2828 vitam
1151 2772 1560 2838 monasticam,
1592 2789 1707 2827 non
1738 2776 1858 2827 tam

192 2877 432 2929 amator
462 2872 760 2944 religionis
793 2889 970 2944 quam
995 2869 1282 2927 subdolus
1311 2872 1403 2907 ¹³τ⁶
1425 2869 1754 2936 simulator,
1777 2869 1861 2923 in-

191 2962 430 3019 stituat.
465 2966 771 3017 Postremo
799 2977 900 3033 per
929 2961 1112 3016 Deum
1143 2959 1598 3030 omnipotentem
1623 2962 1862 3014 exorant

201 3056 295 3119 ut,
332 3052 570 3106 tandem
604 3050 920 3122 aliquando
951 3049 1410 3122 expergefactus,
1434 3048 1632 3103 Simon
1657 3048 1861 3102 Petrus

1983 503 2286 559 Occultata
2317 503 2550 558 interim
2583 501 2916 574 apostolica:
2956 500 3114 555 sedis
3162 497 3473 571 legatione,
3501 500 3638 557 mit-

1980 596 2116 646 tunt
2149 593 2219 647 ad
2253 592 2616 664 episcopum,
2652 591 2751 663 qui
2802 597 2942 646 tunc
2989 589 3269 660 temporis
3299 590 3634 663 Babenberg

1983 682 2364 748 consistebat,
2399 682 2570 752 eique
2591 681 2946 736 denunciant
2962 685 3026 733 ut
3057 678 3406 750 quantocius
3439 679 3508 733 de
3531 695 3627 733 ur-

1978 770 2048 824 be
2079 770 2378 839 discedat;
2415 788 2528 825 non
2563 786 2732 840 posse
2763 786 2896 824 cum
2948 767 3105 823 ultra
3136 767 3247 823 sibi
3279 767 3620 840 episcopum

1976 875 2125 928 esse,
2159 859 2439 931 quoniam
2463 865 2520 914 et
2550 859 2953 931 episcopatum
2987 874 3088 928 per
3118 856 3498 912 simoniacam
3522 856 3624 912 he-

1978 948 2152 1003 resim
2185 953 2385 1004 contra
2415 948 2836 1003 ecclesiasticas
2868 946 3199 1002 sanctiones
3223 945 3534 1012 cmmisset,
3564 949 3620 1000 et

1974 1054 2108 1093 eum
2141 1037 2572 1104 administrare,
2595 1038 2850 1108 ignarus
2873 1034 3110 1091 omnino
3142 1034 3622 1100 litterarum,non

1975 1132 2189 1199 posset.
2243 1127 2638 1182 Atrocissimae
2695 1143 2796 1199 per
2845 1141 2906 1180 se
2937 1122 3214 1197 legationi
3262 1122 3491 1193 adjecta
3538 1127 3626 1178 est

1973 1217 2166 1288 gravis
2197 1215 2570 1271 contumelia.
2605 1214 2960 1271 Adolescens
3009 1214 3250 1286 quidam
3283 1229 3348 1267 ex
3381 1226 3625 1266 numero

1973 1304 2338 1373 clericorum,
2373 1309 2428 1360 et
2477 1304 2692 1360 animis
2741 1306 2898 1359 ferox
2929 1308 2986 1358 et
3038 1306 3226 1366 aetate,
3269 1298 3623 1355 versiculum

1972 1395 2203 1450 brevem
2236 1411 2304 1449 ex
2338 1394 2611 1467 psalterio
2664 1392 2967 1465 proposuit
3001 1408 3013 1448 :
3048 1393 3243 1461 Hujus,
3277 1389 3492 1460 inquit,
3523 1405 3622 1444 ca-

1967 1484 2137 1555 pituli
2165 1500 2273 1538 non
2304 1485 2582 1538 misticum
2613 1499 2857 1547 sensum,
2878 1497 2984 1536 non
3016 1480 3381 1549 allegoricum
3399 1479 3615 1549 signiﬁ-

1970 1575 2259 1639 cationem,
2293 1573 2386 1627 sed
2417 1574 2640 1628 verbum
2671 1588 2742 1626 ea:
2770 1571 2931 1627 verba
2960 1571 3099 1641 ﬁdus
3121 1571 3388 1640 interpres
3407 1569 3460 1622 si
3479 1568 3619 1622 mihi

1971 1670 2111 1716 recte
2148 1662 2537 1733 explicaveris,
2569 1677 2662 1731 ego
2691 1665 2744 1714 te
2775 1662 2926 1715 omni
2969 1660 3265 1730 quastione
3296 1657 3613 1723 liberatum,

1969 1752 2178 1806 cunctis
2217 1749 2541 1804 criminibus
2591 1749 2786 1820 quibus
2819 1753 2869 1802 te
2915 1749 3254 1818 impetimus,
3286 1747 3613 1815 absolutum,

1965 1840 2357 1910 dignissimum
2382 1838 2549 1909 plane
2573 1839 2892 1908 episcopatu
2921 1834 3363 1906 pronunciabo...
3399 1833 3496 1888 Ille
3527 1832 3612 1887 in-

1966 1928 2138 1985 solita
2169 1945 2227 1982 re
2258 1927 2565 1996 attonitus,
2599 1942 2734 1981 cum
2769 1924 2906 1996 quid
2944 1926 3048 1978 lioc
3079 1927 3255 1989 esset,
3287 1922 3441 1978 unde
3473 1937 3622 1976 nova

1967 2019 2086 2073 haec
2118 2023 2173 2074 et
2206 2017 2486 2072 inusitata
2518 2015 2749 2070 mitium
2780 2013 3039 2083 ,antehac
3070 2011 3413 2068 clericorum
3447 2025 3620 2082 aspe-

1967 2107 2108 2162 ritas
2139 2106 2498 2178 procederet,
2533 2103 2910 2159 turbulentus
2933 2102 3349 2170 sciscitaretur,
3365 2103 3421 2155 et
3450 2098 3623 2154 dictis

1967 2196 2264 2252 atrocibus
2312 2211 2594 2266 responsa
2647 2193 2932 2249 atrociora
2979 2191 3261 2260 redderet,
3294 2192 3530 2261 repente
3562 2187 3621 2243 in

1970 2285 2227 2340 medium
2250 2284 2573 2356 procedunt
2602 2282 2778 2355 legati
2802 2281 2959 2338 sedis
2983 2278 3310 2350 apostolicae
3333 2282 3624 2349 et,praeler

1968 2374 2193 2430 litteras
2222 2390 2368 2444 quas
2418 2373 2694 2428 manibus
2744 2370 3076 2442 prmferunt,
3109 2367 3238 2422 viva
3267 2382 3403 2422 voce
3453 2366 3505 2420 ei
3553 2383 3621 2420 ex

1969 2463 2204 2519 nomine
2237 2462 2482 2517 Romani
2531 2460 2828 2532 pontiﬁcis
2875 2457 3235 2514 denunciant
3266 2460 3331 2510 ut
3384 2453 3614 2509 nullum

1969 2553 2243 2624 deinceps
2276 2549 2626 2623 pontiﬁcalis
2658 2547 2831 2602 ofﬁcii
2880 2547 2980 2616 jus
3015 2547 3480 2618 potestatemque
3509 2543 3613 2597 ha-

1967 2643 2120 2710 beat,
2180 2642 2443 2712 sciatque
2499 2655 2562 2694 se
2615 2635 2946 2709 apostolicae
2996 2630 3619 2689 cxcommunicationis

1969 2731 2163 2805 gladio
2187 2731 2257 2784 de
2280 2745 2520 2800 corpore
2542 2725 2888 2782 universalis
2911 2723 3167 2780 ecclesia:
3195 2721 3500 2795 priscisum
3529 2719 3620 2756 1³⁷⁸

1969 2838 2119 2888 esse,
2153 2824 2459 2892 propterea
2506 2816 2662 2888 quod
2693 2815 2985 2886 objectum
3017 2812 3128 2868 sibi
3176 2811 3396 2866 crimen
3441 2809 3619 2864 simo-

1972 2911 2147 2965 niacze
2175 2909 2454 2971 haereses,
2485 2905 2700 2960 totiens
2722 2901 3060 2976 apostolicis
3082 2898 3345 2972 epistolis
3374 2899 3620 2953 Romam

1970 3003 2262 3068 evocatus,
2296 3012 2545 3068 purgare
2567 2994 2916 3049 distulisset.
2945 2989 3296 3061 Prtecipiunt
3317 2987 3491 3043 etiam
3517 2985 3625 3042 cle-

1972 3087 2109 3141 ricis
2133 3082 2810 3155 Babenbergensibus,ut
2834 3077 3063 3135 nullum
3077 3076 3293 3132 ultraei
3318 3080 3622 3145 tamquam

195 3138 1624 3248 ΡῗθῷυξῐῗΡῗῒοῗξλιιῗ,Ῠῗιριμῗξῗῖῗξῗοξλξῗ
1651 3153 1861 3248 ιξηρξξξ
1892 3164 1934 3231 C
1973 3175 2240 3248 episcopo
2272 3137 2553 3228 honorem
2586 3169 3089 3238 reverentiamque
3110 3167 3396 3232 deterant,
3422 3164 3522 3218 sed
3552 3161 3624 3217 ab

199 3230 280 3284 be
313 3229 638 3300 rapientem
688 3233 745 3284 et
788 3229 1217 3299 dispergentem
1269 3242 1406 3283 oves
1438 3228 1618 3298 (Joan.
1666 3243 1720 3290 x,
1772 3226 1860 3296 12)

197 3328 310 3384 Dei
339 3345 354 3395 ;
388 3332 448 3382 et
476 3327 775 3382 Simonem
807 3343 1048 3399 magum
1098 3325 1232 3396 (Act.
1284 3343 1406 3392 vm,
1438 3327 1493 3390 9,
1520 3325 1628 3392 18),
1652 3325 1865 3379 iterum

194 3417 265 3472 in
289 3415 538 3473 ecclesia
559 3415 658 3472 Dei
683 3415 1217 3471 nummulariorum
1245 3431 1480 3468 mensas
1503 3414 1713 3482 (Matth.
1751 3431 1867 3480 xxx,

201 3515 296 3585 12)
332 3519 390 3568 et
418 3531 533 3568 aera
553 3517 998 3586 proponentem,
1024 3529 1158 3566 cum
1184 3511 1430 3582 pecunia
1461 3528 1566 3566 sua
1591 3511 1786 3565 mittat
1809 3511 1866 3564 in

199 3603 626 3676 perditionem.
653 3603 956 3657 Romanus
979 3601 1238 3672 pontifex
1260 3601 1385 3668 jam
1420 3599 1640 3670 pridem
1675 3616 1807 3654 eum
1840 3617 1872 3652 a

204 3693 366 3748 sacri
389 3691 590 3747 altaris
609 3689 931 3746 ministerio
955 3690 1358 3760 suspenderat.
1374 3688 1648 3742 Przesenti
1673 3692 1871 3742 autem

206 3781 503 3838 relatione
535 3779 1064 3849 elferatus,absque
1093 3776 1371 3832 dilatione
1403 3777 1872 3832 excommunica-

207 3871 298 3926 vit
328 3887 489 3936 eum,
524 3886 592 3925 ea
631 3868 849 3925 scilicet
880 3883 948 3922 ex
978 3883 1156 3922 causa
1187 3867 1363 3937 quod,
1405 3867 1474 3922 de
1512 3864 1876 3938 gravissimis

211 3959 714 4031 criminibusjam
748 3957 886 4013 olim
913 3959 1222 4011 accusatus
1244 3959 1298 4010 et
1319 3960 1382 4009 ut
1403 3972 1640 4011 causam
1661 3955 1878 4010 diceret

211 4060 430 4115 crebro
461 4075 564 4131 per
593 4056 893 4112 biennium
917 4055 1161 4111 Romam
1198 4059 1492 4122 evocatus,
1517 4053 1713 4110 venire
1742 4070 1878 4108 con-

210 4147 586 4219 tempsisset.
611 4145 844 4201 Clericis
867 4144 1236 4216 quoque,qui
1269 4161 1330 4200 se
1357 4160 1455 4215 per
1484 4143 1879 4214 calumpniam

212 4244 503 4318 expulsos
530 4242 1268 4316 querebantur,ecclesiam
1292 4258 1460 4296 suam
1487 4240 1712 4295 restitui
1738 4257 1879 4312 prae-

215 4336 405 4408 cepit,
438 4340 496 4390 et
526 4333 838 4390 destinatis
871 4333 942 4386 ad
977 4331 1195 4387 clerum
1222 4331 1763 4400 Babenbergensem
1798 4327 1886 4384 lit-

219 4425 374 4480 teris
408 4423 711 4478 mandavit
744 4426 807 4476 ut
840 4436 901 4476 se
932 4438 965 4474 a
993 4419 1404 4475 communione
1435 4418 1593 4472 illius
1628 4417 1883 4471 abstine-

1975 3267 2104 3335 ejus
2135 3261 2547 3318 communione
2580 3259 2737 3314 omni
2771 3258 2944 3312 modo
2978 3257 3068 3292 “7°
3097 3271 3159 3308 se
3181 3253 3532 3318 abstineant,
3555 3266 3629 3305 ne

1977 3351 2322 3424 deprehensi
2351 3354 2653 3419 tamquam
2677 3344 3081 3402 ecclesiasticae
3102 3341 3426 3397 sanctionis
3442 3343 3632 3394 trans-

1979 3458 2298 3516 gressores,
2332 3438 2585 3495 similem
2629 3453 2764 3490 cum
2815 3451 2880 3488 eo
2928 3433 3252 3488 sortiantur
3281 3430 3372 3466 ¹³⁸⁰
3401 3443 3630 3484 excom-

1983 3528 2395 3586 municationis
2426 3525 2764 3581 vindictam.
2785 3523 2867 3576 lbi
2895 3522 3151 3594 primum
3183 3519 3496 3591 episcopus
3518 3516 3630 3571 cir-

1982 3624 2359 3676 cumventum
2389 3634 2447 3672 se
2480 3615 2682 3670 fraude
2713 3613 3057 3668 clericorum
3092 3624 3333 3664 suorum
3361 3605 3631 3663 advertit.

1983 3709 2206 3774 Quibus
2237 3707 2445 3761 acriter
2475 3702 2888 3760 insistentibus
2935 3705 2999 3754 ut
3030 3698 3376 3771 quantocius
3406 3694 3630 3766 episco-

1988 3803 2126 3870 patu
2155 3796 2459 3852 abdicatus
2489 3781 2846 3862 abscederet,
2871 3806 3003 3844 cum
3038 3787 3200 3843 nulla
3221 3785 3442 3842 ratione
3463 3783 3634 3838 satis-

1988 3889 2175 3944 facere
2226 3888 2443 3956 posset,
2479 3885 2856 3952 asserentque
2907 3879 3018 3934 sub
3066 3873 3478 3932 testiﬁcatione
3525 3889 3634 3928 no-

1991 3977 2166 4032 minis
2197 3973 2374 4030 divini
2400 3971 2628 4028 nullum
2653 3987 2715 4026 se
2748 3969 2804 4024 in
2840 3966 3084 4023 ecclesia
3104 3981 3250 4038 opus
3280 3963 3376 4019 Dei
3404 3965 3636 4018 acturos

1992 4067 2132 4134 fore,
2166 4065 2294 4137 ipso
2325 4063 2384 4116 in
2419 4079 2486 4117 ea
2525 4059 2871 4132 persistente
2906 4073 2918 4111 :
2951 4055 3210 4110 incertus
3242 4053 3640 4123 confususque

1993 4154 2172 4211 animi
2196 4151 2443 4208 misitad
2468 4150 2806 4222 episcopum
2833 4144 3258 4218 Mogontinum,
3284 4141 3638 4198 ﬁdissimum

1994 4244 2103 4300 sibi
2137 4243 2415 4307 amicum,
2441 4255 2613 4311 quem
2638 4235 2841 4292 multis
2865 4251 3015 4307 saepe
3047 4232 3346 4289 beneﬁciis
3368 4228 3640 4302 privatim

1994 4339 2049 4388 et
2082 4331 2312 4403 publice
2343 4329 2451 4383 sibi
2482 4325 2854 4394 devinxisset,
2879 4324 3097 4396 quique
3127 4320 3390 4377 omnium
3423 4335 3549 4392 quae
3583 4318 3642 4374 in

1996 4420 2356 4491 adquirendo
2381 4417 2464 4472 vel
2499 4413 2965 4470 administrando
2983 4411 3320 4482 episcopatu
3343 4407 3644 4479 gessisset,

221 4519 384 4592 rent,
420 4515 786 4568 contestatus
833 4527 1010 4581 quam
1061 4513 1278 4573 sancte,
1313 4509 1489 4579 quod,
1520 4507 1569 4562 si
1607 4509 1698 4542 ¹³⁷⁶
1728 4522 1884 4560 com-
1920 4534 1965 4598 Β
1997 4509 2268 4564 conscius
2302 4506 2409 4562 sibi
2444 4505 2852 4578 particepsque
2875 4501 3183 4565 extitisset,
3213 4496 3552 4568 rogavitque
3581 4497 3647 4548 ut

219 4603 580 4660 munionem
631 4600 968 4673 aliquando,
1022 4603 1084 4655 at
1115 4599 1204 4635 1""
1255 4597 1681 4670 pontiﬁcatum,
1714 4611 1888 4667 quem

222 4695 443 4750 contra
498 4689 924 4747 ecclesiasticas
955 4688 1121 4761 leges
1174 4686 1505 4753 invasisset,
1566 4701 1888 4755 numquam

221 4791 514 4863 deinceps
545 4805 606 4845 se
661 4788 788 4844 vivo
833 4790 1173 4858 recepturus
1223 4785 1367 4840 foret
1397 4784 1565 4854 (376).
1599 4781 1760 4845 Quod
1793 4781 1893 4835 ubi

229 4879 466 4938 clericis
503 4875 1086 4949 Babenbergensibus
1116 4873 1290 4947 legati
1321 4873 1409 4929 sui
1461 4872 1807 4938 retulerunt,
1841 4875 1897 4924 et

2002 4615 2177 4671 quam
2211 4595 2493 4652 citissime
2515 4593 2754 4658 veniret,
2783 4595 2839 4646 et
2866 4586 3325 4644 tumultuantem
3352 4580 3645 4638 intestinis

2003 4686 2405 4744 simultatibus
2437 4683 2654 4738 clerum
2691 4695 2926 4752 quoquo
2958 4678 3157 4748 posset
3208 4673 3378 4727 modo
3408 4684 3644 4740 compe-

2005 4783 2212 4834 sceret.
2250 4774 2346 4829 llle
2378 4771 2523 4827 nihil
2574 4772 2836 4825 moratus
2881 4765 3069 4829 affuit,
3103 4762 3355 4834 egitque,
3390 4763 3454 4814 ut
3485 4773 3647 4828 roga-

2005 4869 2197 4933 batur,
2231 4879 2362 4918 cum
2398 4859 2644 4927 clericis,
2677 4874 2748 4912 ne
2777 4855 2940 4912 obliti
2984 4851 3224 4926 pudoris
3255 4865 3321 4906 ac
3351 4846 3647 4904 modestia:

1590 5005 1840 5059 VARIJE
1881 4999 2296 5058 LECTIONES.

1126 5107 1219 5142 ¹³⁷³
1277 5105 1427 5160 inter
1483 5105 1534 5160 4.

1368 5177 1458 5213 ¹³⁸⁶
1487 5193 1608 5232 exc.
1643 5178 1781 5232 sort.
1816 5175 1868 5227 4.

306 5114 401 5151 ¹³⁷²
461 5108 935 5168 communicione
992 5109 1044 5162 4.

229 5187 330 5224 ³³⁷⁸
360 5184 690 5260 prescisum
719 5183 774 5239 3.
854 5181 944 5216 ³³⁷⁸
972 5179 1210 5236 omnino
1235 5179 1288 5234 4.

1618 5104 1708 5139 1³⁷⁸
1766 5119 1818 5158 ο.
1878 5099 2047 5158 bonis
2105 5100 2157 5153 3.

2239 5096 2330 5132 t3"
2379 5090 2621 5149 sudolus
2666 5092 2719 5145 5.
2802 5088 2892 5125 ¹³⁷⁶
2921 5087 3154 5143 deletum
3188 5084 3243 5138 3.
3322 5081 3411 5116 ¹³⁷⁷
3459 5083 3561 5136 aut
3597 5081 3653 5135 3.

1843 5296 2072 5352 NOTIE.

315 5408 473 5482 (373)
519 5405 915 5465 Alexandrum
969 5402 1205 5476 potius;
1256 5399 1348 5455 vid
1398 5399 1684 5466 Usserm.,
1733 5395 1772 5450 1.
1825 5412 1898 5465 c.,

255 5482 472 5622 Ρ’(ἒὲᾶ)
504 5549 648 5607 Vide
676 5565 857 5622 supra
888 5552 1004 5622 not.
1043 5547 1164 5622 177.

320 5613 476 5698 (375)
507 5623 591 5681 Cf.
626 5613 809 5680 Furth
842 5617 1306 5688 ministerialem,
1339 5632 1396 5688 p.
1429 5613 1518 5669 59.

2083 5392 2232 5462 (376)
2266 5390 2508 5462 Litteras
2540 5386 2700 5462 ipsas
2748 5381 3028 5462 exhibent
3051 5369 3661 5462 Harduini'ancilu"

2010 5446 2192 5590 Ylgp.
2217 5446 2253 5516 ἰ
2282 5479 2296 5530 ;
2329 5461 2512 5532 Epist.
2563 5446 2802 5528 Cregor.
2836 5453 2938 5508 vn
2971 5451 3072 5507 lib.
3108 5467 3147 5522 ι,
3176 5449 3283 5518 84ς
3316 5449 3526 5519 11,75;
3561 5446 3658 5503 In:

2046 5577 2150 5605 ,ω
