3962 6158
202 364 355 428 1177

1460 366 1846 429 ANNALES.
1873 398 1952 412 —
1979 366 2109 429 AN.
2155 367 2336 430 1075.

3443 366 3600 430 1178

199 500 703 574 Babenbergensis
757 502 1013 560 ecclesiae
1102 503 1600 575 possessionibus,
1687 501 1841 557 mili-
1870 502 1925 568 Α
1955 502 2212 557 veniendi
2230 511 2283 559 et
2311 504 2425 559 tuto
2455 519 2678 560 causam
2705 501 2945 568 dicendi,
2969 505 3030 558 ut
3074 500 3371 559 secundum
3398 487 3603 576 palati?-

197 594 324 644 tum
357 606 598 645 suorum
630 592 900 663 praesidio
932 592 1133 661 fultus,
1167 593 1373 664 exegit.
1407 592 1624 647 Verum
1658 608 1846 663 neque

201 695 298 734 rex
329 695 520 750 neque
568 681 901 754 episcopus,
953 698 1142 753 neque
1188 682 1338 738 alius
1382 683 1698 754 quisquam
1749 681 1845 752 qui

203 785 414 823 sanum
448 775 702 841 saperet,
727 772 778 824 ei
810 771 1246 827 communicare
1268 771 1517 827 volebat.

273 859 388 912 Rex
418 858 635 928 pascha
663 859 1008 915 Wormacite
1069 861 1383 917 celebravit
1414 861 1564 933 (Apr.
1596 861 1674 929 5).
1725 862 1848 926 Quo

203 947 344 1001 dum
379 947 448 1001 ad
479 948 858 1004 salutandum
891 966 1025 1004 eum
1084 950 1349 1022 quidam,
1378 967 1446 1006 ex
1479 948 1848 1022 principibus

199 1035 460 1091 Saxoniae
492 1053 730 1110 pergere
763 1038 1365 1107 instituissent,missi
1400 1040 1628 1095 obviam
1662 1038 1745 1094 eis
1768 1038 1848 1093 le-

199 1124 320 1197 gati
352 1125 855 1183 denunciaverunt
885 1132 949 1182 ut
980 1129 1147 1183 ocius
1177 1129 1235 1183 in
1261 1146 1368 1184 sua
1391 1127 1670 1191 redirent,
1703 1127 1848 1183 alio-

198 1214 344 1284 quin
376 1213 522 1269 haut
539 1220 668 1271 tuto
691 1217 922 1272 visuros
945 1234 1073 1272 esse
1105 1218 1308 1272 faciem
1341 1218 1700 1290 regis,quem
1722 1224 1850 1288 post

198 1305 319 1357 tam
353 1319 558 1375 graves
591 1305 978 1361 contumelias
1014 1307 1190 1379 digna
1229 1307 1421 1362 adhuc
1448 1306 1850 1362 satisfactione

199 1407 318 1447 non
354 1393 687 1463 placassent
715 1396 826 1450 ‘3“.
861 1395 942 1451 Ibi
976 1396 1166 1467 primo
1201 1395 1448 1464 malum,
1485 1396 1638 1467 quod
1670 1395 1849 1450 cervi-

199 1479 372 1536 cibus
405 1481 804 1553 impendebat,
837 1485 1230 1540 adverterunt.
1251 1486 1390 1554 Rex,
1423 1485 1701 1540 omnibus
1725 1501 1851 1556 quae

200 1569 359 1624 bello
391 1571 855 1628 administrando
886 1575 1220 1630 necessaria
1240 1575 1636 1630 erantaﬂatim
1663 1574 1851 1646 provi-

201 1657 290 1711 sis
325 1659 413 1696 ¹³⁹⁷
437 1659 562 1728 jam
597 1665 653 1715 et
685 1661 1262 1732 instructis,solemni
1291 1665 1481 1720 edicto
1513 1662 1852 1734 cunctisqui

198 1744 264 1801 in
299 1761 476 1818 regno
507 1764 613 1803 suo
643 1756 807 1804 erant
837 1751 1267 1821 expeditionem
1323 1753 1532 1807 indixit
1587 1751 1645 1806 in
1675 1755 1852 1806 Saxo-

198 1834 664 1910 niam;diemque
694 1843 750 1893 et
779 1837 972 1893 locum
1005 1840 1211 1894 statuit
1239 1839 1613 1895 coadunandi
1639 1839 1852 1895 exerci-
1882 1875 1929 1940 B

197 1929 301 1979 tus
330 1924 601 1981 videlicet
629 1928 663 1980 6
697 1928 834 1982 ldus
863 1927 1046 1994 Junii,
1080 1928 1140 1982 in
1196 1930 1572 2001 possessione
1618 1927 1852 1984 Hervel-

198 2013 405 2068 densis
435 2015 774 2070 monasterii
805 2016 864 2070 in
897 2015 1022 2071 loco
1076 2018 1164 2053 ¹³⁹⁸
1195 2018 1296 2089 qui
1355 2018 1572 2072 dicitur
1617 2018 1854 2073 Bredin-

201 2102 306 2175 gin
343 2104 452 2156 ‘3”.
488 2103 648 2159 Misit
677 2105 855 2160 etiam
886 2105 1109 2178 legatos
1140 2108 1210 2162 ad
1265 2109 1545 2175 Saxones,
1580 2109 1682 2179 qui
1714 2112 1854 2162 tunc

205 2192 450 2247 ineundi
483 2192 712 2249 consilii
744 2195 931 2267 gratia
962 2197 1298 2268 frequentes
1330 2196 1654 2253 Goslariam
1676 2212 1854 2252 conve

204 2286 439 2353 nerant,
473 2282 664 2338 dicere
696 2283 801 2353 eis,
835 2301 1155 2340 memorem
1189 2302 1250 2341 se
1281 2286 1546 2359 gravium
1607 2285 1853 2356 injuria-

203 2387 342 2425 rum
371 2371 597 2427 violatae
629 2374 799 2444 regia:
831 2374 1180 2444 majestatls,
1215 2379 1272 2430 et
1303 2376 1495 2446 turpis
1556 2376 1704 2447 fugae
1739 2391 1858 2446 qua

201 2465 467 2516 extremo
499 2461 557 2515 in
587 2461 846 2532 periculo
878 2462 1004 2516 vitae
1028 2463 1333 2518 consulere
1364 2467 1600 2518 coactus
1627 2464 1852 2531 fuisset;

199 2565 314 2605 nec
345 2565 407 2604 se
439 2550 667 2605 cunctis
698 2551 1047 2623 generaliter
1099 2553 1423 2608 Saxonibus
1475 2551 1696 2608 crimen
1747 2552 1856 2608 hoc

196 2638 504 2694 intendere
537 2657 551 2707 ;
588 2656 805 2711 paucos
837 2641 1017 2696 fuisse
1049 2641 1362 2712 principes,
1389 2642 1488 2714 qui
1520 2641 1855 2712 imperitam

200 2727 652 2784 multitudinem
682 2734 739 2784 et
773 2729 1029 2784 naturali
1063 2729 1290 2785 levitate
1313 2718 1546 2803 semper
1574 2747 1856 2785 novarum

201 2833 405 2872 rerum
442 2817 670 2873 avidam
702 2818 811 2873 hac
844 2817 1107 2874 “oorabie
1138 2819 1634 2887 inﬂammassent;
1667 2820 1739 2874 ab
1765 2818 1858 2874 his

205 2905 516 2962 concitatae
542 2907 846 2963 seditionis
873 2911 931 2965 et
959 2909 1204 2964 turbata
1237 2909 1317 2963 rei
1349 2908 1594 2980 publicae
1626 2925 1858 2981 poenam

208 3011 296 3063 se,
334 2995 616 3066 quoniam
646 2995 876 3068 legibus
915 3013 1032 3051 non
1091 2997 1369 3068 potuerit,
1402 3003 1628 3053 armata
1680 3015 1858 3052 manu

201 3090 553 3140 exacturum
591 3086 676 3122 ¹⁴⁰¹
711 3111 725 3154 ς
758 3086 1001 3157 proinde
1031 3101 1234 3158 rogare
1266 3102 1327 3141 se
1385 3090 1604 3142 ceteros
1637 3091 1693 3142 et
1749 3087 1858 3142 sub

197 3174 686 3231 interminatione
717 3176 915 3248 gratiae
949 3192 1067 3230 suae
1102 3177 1192 3212 ¹⁴⁰²
1223 3175 1534 3248 prtecipere
1564 3193 1636 3231 ne
1663 3176 1860 3231 hostes

201 3263 479 3336 publicos
510 3265 690 3320 armis
718 3242 819 3320 aut
861 3265 1070 3338 opibus
1130 3242 1449 3334 tue—antur';
1486 3266 1535 3321 si
1566 3265 1858 3329 obediant,
1893 3242 1937 3310 (ἶ

204 3353 440 3408 veniam
473 3369 536 3408 se
568 3355 654 3410 eis
683 3354 821 3409 dare
849 3355 1062 3410 veteris
1092 3353 1298 3427 culpae,
1332 3356 1487 3427 quod
1518 3360 1640 3410 tam
1671 3355 1860 3410 inusi-

204 3441 315 3498 tati
343 3442 618 3499 facinoris
643 3444 784 3499 socii
811 3443 1244 3516 participesque
1265 3445 1510 3500 antehac
1532 3443 1864 3499 extitissent

200 3531 301 3587 sin
351 3536 568 3600 autem,
620 3533 993 3588 excusatione
1041 3533 1314 3605 deinceps
1378 3550 1490 3588 non
1556 3533 1862 3589 habituros

196 3636 336 3677 esse
384 3620 604 3692 peccati
661 3621 814 3692 quod
875 3621 1128 3677 scientes
1187 3620 1630 3694 praemonitique
1674 3623 1860 3678 admi-

186 3710 451 3766 sissent.
484 3711 567 3765 Ad
591 3711 715 3766 haec
739 3711 996 3766 Saxones
1032 3729 1044 3767 ε
1079 3710 1467 3767 Gratissimam
1490 3712 1858 3779 “03,aiebant,

1957 607 2056 645 nas
2085 594 2236 665 teges
2267 594 2415 666 (378)
2436 595 2602 665 justa
2624 596 3034 650 examinatione
3062 593 3266 661 habita,
3295 595 3375 650 vel
3401 595 3606 666 puniat

1956 683 2224 737 convictos
2250 683 2330 738 vel
2361 683 2602 739 absolvat
2631 687 2964 740 innocentes.
3000 682 3151 752 Quod
3193 684 3242 738 si
3269 684 3361 738 ira
3409 684 3607 739 immo-

1955 767 2200 825 deratior
2255 773 2472 826 nullam
2529 773 2771 828 admittit
2822 773 3272 842 satis/actionem,
3342 788 3441 828 nec
3497 771 3609 829 alio

1953 863 2112 928 pacto
2141 876 2307 929 quam
2337 864 2617 934 sanguine
2633 864 2953 934 principum
2998 864 3308 918 nostrorum
3336 863 3617 934 restingui

1953 952 2173 1019 poterit,
2206 952 2341 1020 quid
2363 951 2578 1022 prodest
2599 952 2870 1020 ambiguis
2911 950 3360 1021 responsionibus
3388 954 3615 1007 senten-

1960 1045 2064 1100 u‘as
2095 1042 2368 1097 involvere
2397 1045 2422 1094 .9
2452 1043 2722 1097 Extrema
2753 1041 2846 1076 “0‘
2885 1040 3190 1109 impietatis
3220 1039 3339 1109 fore
3386 1040 3609 1112 judica-

1958 1150 2102 1199 mus,
2130 1140 2190 1187 ut
2218 1133 2496 1202 principes
2524 1139 2732 1186 nostros
2761 1130 3072 1185 deseramus
3100 1131 3151 1184 et
3199 1144 3286 1184 eos
3328 1144 3429 1200 pro
3458 1127 3615 1184 nobis

1949 1220 2283 1294 jugulandos
2314 1221 2640 1292 objiciamus
2670 1227 2797 1291 quot
2826 1220 2958 1274 haut
2987 1218 3152 1273 dubie
3197 1218 3402 1273 scimus
3447 1217 3603 1272 nullo

1956 1313 2174 1384 privato
2205 1311 2327 1365 odio
2357 1312 2441 1364 vet
2470 1311 2684 1378 gratia,
2735 1309 2828 1364 sed
2877 1306 2998 1363 sola
3031 1308 3121 1348 ίδοθ
3172 1305 3387 1362 tuendae
3416 1305 3613 1361 salutis

1959 1409 2164 1456 nostra:
2194 1403 2245 1454 et
2275 1398 2627 1456 vindicandw
2657 1399 2936 1454 libertatis
2965 1400 3170 1453 nvslrw
3197 1411 3384 1461 causa,
3415 1397 3613 1450 contra

1962 1505 2140 1560 regem
2172 1505 2332 1543 arma
2361 1489 2671 1559 sumpsisse.
2707 1488 3060 1559 Quapropter
3089 1485 3144 1540 id
3173 1483 3450 1556 supplices
3477 1484 3612 1554 peti-

1962 1595 2100 1646 mus,
2134 1588 2194 1633 ut
2216 1579 2416 1634 eadem
2444 1579 2601 1648 nobis
2629 1582 2682 1632 et
2710 1577 2826 1632 illis
2854 1577 3014 1632 venia
3050 1573 3377 1630 concedatur
3399 1572 3612 1627 admis-

1961 1684 2041 1725 sae
2068 1669 2538 1739 praesumptionis,
2560 1670 2656 1721 aut
2685 1669 2734 1721 si
2755 1664 2925 1721 nulla
2953 1665 3418 1736 supplicationum
3446 1662 3608 1717 victi-

1963 1774 2054 1812 ma
2073 1759 2295 1827 ειερίανί
2319 1759 2492 1828 potest
2521 1755 2661 1827 quod
2688 1757 2940 1826 fecimus,
2964 1754 3156 1809 eodem
3185 1754 3245 1807 in
3272 1767 3371 1807 nos
3399 1755 3451 1806 et
3479 1749 3609 1806 illes

1961 1847 2230 1918 supplicio
2259 1845 2737 1900 animadvertatur
2757 1843 3040 1897 “0".Tunc
3062 1842 3248 1897 Bucco
3275 1839 3609 1895 Halbersta-

1960 1935 2148 1992 tensis
2179 1934 2512 2006 episcopus,
2548 1932 2742 1988 Wecel
2781 1933 2869 1967 ¹⁴⁰⁸
2901 1929 3377 2002 archiepiscopus
3407 1929 3610 2000 Maga-

1961 2024 2372 2096 daburgensis,
2407 2024 2656 2095 Magnus
2686 2021 2803 2076 dux
2831 2019 3259 2084 Saxoniaa,0tto
3282 2019 3400 2074 dux
3431 2032 3613 2088 quon-

1962 2115 2098 2170 dam
2131 2112 2494 2183 Bajoariae,et
2516 2111 2689 2166 ceteri
2724 2109 3021 2182 principes
3047 2124 3194 2180 quos
3217 2124 3314 2162 rex
3342 2105 3610 2178 speciali-

1962 2207 2050 2258 ter
2080 2206 2199 2256 tam
2231 2199 2564 2255 truculenta
2593 2197 3050 2254 comminatione
3080 2196 3421 2267 impetebat,
3452 2195 3612 2249 dixe-

1963 2295 2098 2347 runt
2127 2305 2502 2362 nequaquam
2530 2305 2592 2344 se
2623 2288 2737 2344 sibi
2759 2286 3028 2342 conscios
3059 2301 3188 2340 esse
3219 2285 3372 2356 quod
3405 2297 3608 2356 pacem

1965 2397 2091 2453 quae
2117 2397 2270 2435 anno
2302 2378 2492 2451 priore
2515 2377 2571 2431 in
2591 2377 2948 2448 Gerstingun
2974 2375 3063 2411 “0°
3084 2372 3610 2444 convenerat,facto

1963 2469 2158 2541 aliquo
2190 2467 2276 2523 vel
2309 2468 2460 2523 dicto
2490 2465 2826 2522 violassent.
2862 2465 3009 2522 Nam
3068 2463 3115 2518 si
3174 2479 3274 2517 rex
3325 2461 3612 2516 instinctu

1966 2575 2168 2615 eorum
2201 2557 2288 2613 vel
2320 2556 2565 2612 consilio
2596 2556 2813 2609 factum
2844 2553 3244 2624 suspicaretur
3273 2555 3338 2606 ut
3367 2549 3613 2606 ecclesia

1965 2646 2025 2701 in
2056 2646 2409 2702 Hartesburc
2433 2640 3358 2708 13‘0incenderetur,tbesauri1“u
3393 2638 3613 2710 diripe-

1966 2739 2189 2802 rentur,
2242 2750 2484 2808 corpora
2530 2732 2859 2804 sepulchris
2911 2731 3256 2796 eicerentur,
3313 2732 3414 2785 aut
3453 2727 3611 2784 aliud

1967 2824 2187 2896 aliquid
2221 2828 2424 2879 contra
2454 2827 2742 2879 statutum
2775 2820 2935 2876 illius
2981 2817 3379 2875 conventionis
3407 2833 3610 2889 perpe-

1965 2917 2220 2969 traretur
2252 2931 2264 2968 :
2302 2917 2536 2985 paratos
2557 2928 2618 2968 se
2651 2927 2781 2967 esse
2807 2915 2872 2965 ut
2903 2909 3110 2982 quavis
3133 2908 3227 2950 ¹ι¹²
3259 2905 3612 2974 conditione,

1969 3019 2144 3074 quam
2175 3003 2346 3058 modo
2377 3002 2550 3058 ceteri
2595 3000 2888 3073 principes
2947 2998 3110 3071 regni
3170 3012 3398 3068 aequam
3450 2994 3612 3066 judi-

1969 3097 2224 3161 cassent,
2254 3092 2476 3146 crimen
2509 3089 2844 3145 refellerent
2893 3092 2950 3142 et
2994 3087 3390 3143 innocentiam
3441 3100 3610 3140 suam

1971 3183 2296 3235 assercrent
2315 3198 2327 3246 ;
2345 3179 2784 3250 insuperipsam
2803 3177 3106 3232 ecclesiam
3127 3175 3377 3247 propriis
3394 3174 3617 3245 impen-

1971 3269 2052 3326 sis
2083 3267 2454 3323 ambitiosius
2482 3284 2660 3339 quam
2701 3267 2890 3321 fuerat
2936 3265 3336 3320 instaurarent
3369 3265 3614 3330 “ﬁam-

1970 3357 2256 3431 plioribus
2277 3356 2636 3413 ornamentis
2670 3354 2999 3410 excolerent
3022 3372 3036 3422 ;
3061 3351 3261 3407 omnia
3279 3351 3611 3421 etiam,quae

1969 3447 2235 3518 ineptum
2263 3445 2496 3518 vulgus,
2530 3443 2787 3515 maligno
2820 3442 3025 3515 spiritu
3060 3439 3433 3506 suscitatum,
3465 3455 3614 3494 ausu

1972 3537 2190 3592 nefario
2222 3535 2578 3607 infregisset,
2613 3531 2975 3606 diripuisset,
3017 3532 3381 3600 temerasset,
3415 3527 3616 3584 multi-

1970 3626 2181 3699 plicius
2213 3623 2586 3681 restituerent
2618 3626 2630 3677 ε
2667 3638 2843 3693 super
2871 3621 2994 3677 haec
3035 3619 3236 3675 omnia
3263 3617 3392 3674 auri
3423 3621 3481 3672 et
3521 3634 3615 3672 ar-

1971 3715 2132 3789 genti
2163 3719 2220 3770 et
2245 3713 2594 3786 praediorum
2619 3712 3188 3783 suorum,quantum
3211 3705 3369 3763 salvo
3398 3707 3619 3778 pudore

184 3799 469 3856 habemus
498 3800 831 3870 legationem
861 3817 881 3861 ,'
902 3809 954 3856 et
982 3802 1094 3855 nisi
1121 3802 1397 3871 principes
1426 3803 1599 3856 nostri
1649 3802 1712 3857 de
1742 3817 1862 3857 om-

185 3888 374 3945 nibus
409 3903 537 3960 quae
566 3889 903 3959 objiciuntuv
923 3891 1092 3961 juxta
1146 3886 1618 3961 magniﬁcentiam
1644 3894 1861 3964 regiam

184 3980 259 4035 ei
288 3979 608 4048 satisfacere
632 3978 945 4050 spondeant
973 3995 1064 4034 eos
1093 3979 1214 4034 sine
1261 3995 1419 4034 mora
1469 3981 1552 4035 vel
1596 3985 1784 4052 captos
1812 3986 1862 4037 et

185 4070 266 4124 in
294 4067 520 4121 vincula
550 4067 814 4138 conjectos
840 4068 933 4104 “0‘
963 4069 1085 4138 ejus
1142 4070 1392 4123 examini
1421 4070 1858 4126 reservabimus.

183 4157 292 4213 vel
324 4157 389 4210 in
442 4154 706 4226 favillam
758 4155 993 4211 redactis
1025 4159 1279 4213 omnibus
1326 4173 1452 4229 quae
1480 4159 1551 4213 ad
1578 4175 1666 4216 eos
1690 4161 1859 4231 perti-

184 4250 364 4315 nent,
396 4244 642 4301 Saxonia
665 4245 858 4317 procul
887 4245 1280 4316 e/fugabimus.
1348 4248 1501 4314 Quod
1545 4250 1595 4302 si
1612 4248 1784 4319 justis
1811 4258 1865 4305 et

187 4336 364 4406 regio
393 4336 620 4391 nomine
659 4334 843 4403 dignis
898 4334 1305 4391 conditionibus
1358 4338 1548 4404 parati
1596 4341 1725 4392 sunt
1779 4337 1864 4392 vel

185 4425 420 4496 objecta
454 4439 695 4496 purgare
723 4425 807 4480 vel
827 4441 946 4497 quae
972 4426 1320 4496 peccaverint
1368 4427 1618 4496 expiare,
1646 4442 1865 4482 oramus
1972 4428 2368 4482 instructuros
2399 4426 2499 4481 sed
2547 4425 2722 4480 nudis
2780 4423 3028 4495 pedibus
3075 4419 3328 4477 venienti
3386 4417 3617 4474 obviam

187 4519 255 4572 et
281 4528 388 4584 per
413 4514 586 4569 Deum
617 4515 981 4569 obstestamur
1008 4523 1069 4569 ut
1100 4513 1296 4569 honori
1319 4515 1509 4586 pocius
1564 4531 1664 4570 suo
1693 4532 1862 4587 quam
1973 4533 2372 4589 processuros,
2395 4519 2453 4570 et
2481 4512 3298 4583 sententiam,quamcumque
3312 4506 3402 4563 vel
3433 4508 3620 4561 iratus

194 4602 528 4660 iracundiae
572 4603 848 4670 consulat,
896 4620 997 4658 nec
1042 4610 1171 4659 ante
1205 4603 1487 4675 publicam
1545 4606 1863 4677 principum
1893 4612 1939 4676 1)
1971 4607 2270 4670 dictasset,
2301 4607 2566 4677 porrecto
2592 4603 2801 4674 jugulo
2819 4604 3178 4671 excepturos.
3202 4599 3265 4652 In
3297 4596 3419 4650 haec
3441 4595 3620 4650 verba

183 4697 518 4749 ceterorum
546 4692 892 4747 audientiam
921 4697 972 4746 et
995 4692 1301 4763 legitimam
1322 4693 1714 4749 discussionem
1743 4696 1863 4751 ali-
1975 4694 2222 4751 nuncios
2241 4694 2394 4766 regis
2407 4688 2963 4759 dimiserunt,etipsi
2981 4687 3248 4760 protinus
3265 4701 3402 4740 suos
3416 4684 3619 4739 eadem

181 4780 341 4856 quid
369 4783 427 4836 in
456 4797 564 4837 eos.
593 4781 734 4854 quod
791 4781 884 4837 sed
910 4797 1023 4837 non
1050 4781 1572 4855 deceat,decernat.;
1601 4783 1749 4839 diem
1771 4801 1867 4856 po-
1975 4786 2046 4841 ad
2078 4801 2212 4840 eum
2248 4783 2340 4818 ¹³¹⁶
2370 4797 2653 4852 responsa
2688 4778 3013 4834 deferentes
3043 4775 3434 4831 destinarant.
3467 4772 3623 4836 Quos

173 4876 324 4928 ctus
354 4873 583 4943 statuat,
617 4871 798 4928 locum
826 4870 1088 4944 designet,
1138 4873 1355 4943 copiam
1400 4871 1489 4928 det
1536 4877 1654 4930 tuto
1682 4889 1867 4932 coram
1976 4876 2076 4931 ubi
2108 4889 2205 4930 rex
2251 4871 2523 4928 advenire
2570 4867 2857 4941 comperit
2903 4864 3178 4939 pracepit
3225 4867 3290 4920 ut
3338 4860 3501 4918 nulla
3529 4877 3622 4917 ra-

1573 5015 1813 5074 VARIE
1843 5019 2142 5076 LECTION
2151 5017 2253 5073 ES.

2013 5135 2104 5169 139°
2133 5130 2459 5202 Dredingen
2502 5130 2552 5184 1.
2588 5131 2639 5184 4.
2671 5130 2725 5183 5.
2768 5201 2779 5202 η
2807 5128 2897 5202 ¹⁶ξ⁰
2926 5144 2993 5183 ac
3024 5128 3074 5183 4.

2213 5204 2304 5247 ¹ι⁰⁴
2355 5199 2504 5258 deest
2560 5203 2612 5256 4.
2694 5201 2784 5236 1⁸0⁵
2843 5199 3083 5255 Exrema
3141 5200 3191 5254 3.

2444 5273 2535 5308 ¹⁸¹⁰
2590 5272 2966 5342 Hartesbusg.
3027 5275 3077 5326 1.
3135 5271 3183 5325 4.
3217 5270 3272 5325 5.

2491 5347 2686 5410 repetit
2745 5345 2796 5398 4.
2879 5345 2974 5378 υίθ
3007 5342 3166 5415 regia
3218 5342 3270 5396 3.

2961 5359 2974 5377 ⁵
3007 5359 3166 5398 regia
3218 5359 3270 5396 ὁ.

1973 3821 2078 3861 suo
2108 3808 2165 3859 et
2194 3802 2356 3875 regni
2378 3803 2471 3838 ¹⁴¹⁴
2492 3802 2798 3873 majestate
2824 3799 3087 3871 accipere
3110 3796 3301 3866 vellet,
3344 3798 3616 3868 prompta

1972 3899 2166 3950 mente
2195 3891 2748 3961 darent,dummodo
2779 3888 2838 3943 in
2873 3887 3123 3960 gratiam
3149 3885 3379 3951 rediret,
3404 3888 3462 3939 et
3490 3884 3616 3957 gla-

1971 3984 2339 4053 dium,quem
2370 3981 2428 4035 in
2460 3980 2708 4036 cervices
2737 3995 2939 4034 eorum
2972 3982 3028 4032 et
3056 3976 3114 4031 in
3147 3974 3504 4031 eversionem
3528 3977 3617 4028 to-

1973 4074 2098 4128 cius
2127 4071 2378 4129 Saxonise
2411 4071 2597 4125 iratus
2627 4068 2986 4133 extenderat,
3009 4065 3274 4138 placatus
3297 4062 3618 4119 remitteret

1973 4160 2031 4216 in
2062 4157 2720 4233 vaginam.(April.Mai.)
2749 4157 2911 4224 Quod
2936 4154 2984 4210 si
3017 4154 3381 4210 obstinatum
3413 4151 3615 4207 adver-

1974 4267 2074 4306 sus
2092 4266 2295 4305 omnes
2308 4264 2510 4320 preces
2532 4251 2588 4303 et
2609 4245 3065 4319 supplicationes
3083 4243 3348 4299 animum
3371 4243 3618 4314 gereret,

1974 4356 2036 4396 se
2065 4338 2340 4409 deinceps
2361 4342 2565 4392 contra
2586 4353 2721 4392 eum
2745 4351 2852 4390 nec
2874 4351 3040 4389 arma
3060 4331 3284 4389 laturos
3307 4347 3412 4387 nec
3435 4330 3619 4386 aciem

3156 5127 3245 5163 ¹⁸⁰¹
3279 5129 3620 5181 coacturum

3273 5198 3363 5234 ¹⁸⁰⁶
3421 5195 3542 5252 sole
3571 5195 3623 5250 4.

3352 5270 3439 5314 is“
3474 5267 3627 5323 thes.

3353 5341 3447 5380 ms
3477 5357 3524 5396 ιι.
3553 5338 3626 5396 ad

1538 5133 1626 5168 ‘3”
1657 5131 1850 5189 locum
1876 5135 1932 5190 3.

1403 5204 1811 5275 gravissimam
1873 5207 1923 5260 1.
1969 5206 2020 5260 4.
2082 5205 2110 5259 ‘?

1459 5276 1548 5310 "0°
1572 5279 1944 5348 Gerstungun
1995 5278 2047 5331 3.
2105 5292 2337 5348 semper.

1511 5349 1605 5388 ¹δ¹³
1635 5345 1877 5420 insupe'r
1904 5347 2096 5420 ipsam
2127 5345 2430 5403 ecclesiam
2491 5347 2686 5410 repetit
2745 5345 2796 5398 4.

286 5131 380 5167 ¹³⁹⁶
409 5130 772 5203 placuissent
801 5132 855 5187 4.

173 5205 263 5259 4.
299 5219 402 5258 eos
433 5208 701 5258 acturum
732 5204 785 5258 5.

179 5275 305 5314 ί⁴⁰⁴
338 5274 828 5331 animadverterat
858 5274 909 5328 4.

164 5377 278 5393 ---
311 5346 640 5403 eicerentur
667 5345 862 5402 desunt
891 5346 944 5402 3.

154 5434 348 5479 eum
379 5419 433 5472 3.

936 5131 1027 5167 ¹³⁹⁷
1061 5129 1368 5202 promissis
1397 5132 1451 5186 5.

893 5201 984 5238 16οἳ
1012 5201 1120 5257 δύα
1149 5203 1202 5256 3⁶
1283 5203 1372 5243 140³

988 5274 1081 5309 ¹⁶⁰⁸
1113 5272 1291 5328 V‘Vecil
1325 5275 1380 5329 3.

1026 5346 1119 5382 ¹⁴¹²
1149 5346 1356 5417 quavis
1375 5347 1430 5402 5.

1809 5525 2037 5581 NOTE.

287 5640 435 5710 (378)
464 5640 604 5696 Mihi
635 5640 872 5714 quidem
902 5656 1016 5695 non
1048 5641 1168 5694 tam
1189 5638 1346 5714 leges
1380 5639 1608 5712 scriptae
1626 5656 1754 5714 esse
1785 5641 1863 5714 vi-

1971 5639 2366 5712 dijudicandis
2396 5637 2593 5712 causis
2624 5636 3156 5712 principu_m,_quod
3181 5638 3249 5712 in
3263 5635 3478 5712 palatio
3500 5633 3620 5712 sive

141 5716 448 5780 dentur,
481 5709 671 5785 quam
693 5721 931 5784 receptas
964 5709 1421 5770 consuetudines
1452 5709 1596 5770 usus
1637 5712 1766 5782 fori,
1801 5712 1859 5769 in
1971 5709 2166 5770 coram
2182 5709 2680 5785 regejudiciopa’ri

1971 5704 2166 5770 couram
2182 5729 2314 5786 rege
2320 5711 2546 5784 judicio
2559 5704 2789 5784 pa'rium
2806 5704 2873 5767 ex
2885 5704 3115 5784 legibus
3128 5704 3614 5768 ﬁeridebuit.KR.
