3996 6158
107 339 254 402 1181

110 564 443 626 exercitum,
480 569 602 619 tam
636 565 993 633 fortem,tam
1027 565 1757 632 militariterinstructum,

103 654 159 709 in
211 669 388 725 regno
440 654 762 710 Teutonico
817 672 849 710 a
878 672 1179 726 quoquam
1224 671 1356 726 rege
1389 660 1755 710 contractum

106 743 303 798 fuisse.
336 741 622 812 Quicquid
654 742 714 796 in
761 760 937 816 regno
969 743 1378 815 episcoporum
1414 749 1556 808 erat,
1592 743 1756 815 quic-

107 830 239 905 quid
273 831 516 899 ducum,
550 831 830 902 quicquid
867 833 1459 904 comitum,quicquid
1491 832 1760 888 ecclesia-

111 920 384 976 sticarum
408 925 507 974 aut
527 919 884 974 secularium
908 921 1499 992 dignitatum,omnes
1521 937 1758 976 summa

104 1009 173 1076 vi,
209 1025 445 1064 summa
476 1024 582 1079 ope
613 1007 671 1062 in
705 1007 815 1063 hoc
860 1009 1079 1064 bellum
1134 1010 1281 1064 enisi
1337 1017 1747 1066 convenerant.

105 1098 281 1153 Nemo
311 1113 575 1169 prorsus,
611 1096 723 1152 nisi
758 1115 932 1168 quem
978 1099 1123 1154 forte
1153 1098 1311 1170 gravi
1347 1100 1667 1155 admodum
1700 1105 1758 1155 et

105 1186 336 1242 omnino
359 1185 784 1256 inexplicabilis
817 1187 1136 1242 necessitas
1168 1189 1754 1258 excusasset,aberat,

106 1276 426 1346 Episcopus
457 1274 840 1347 Coloniensis,
874 1282 1150 1332 causatus
1176 1278 1268 1313 “‘3
1288 1277 1538 1350 impium
1565 1278 1682 1333 fore
1707 1278 1754 1333 si

110 1363 462 1419 catamitatis
479 1381 610 1435 quas
626 1381 981 1436 oppressura
1002 1370 1157 1422 esset
1178 1367 1418 1422 fratrem
1443 1383 1617 1422 suum
1642 1367 1759 1423 Ma-

107 1454 611 1526 gadaburgensem
643 1453 984 1526 episcopum
1019 1459 1077 1510 et
1115 1457 1528 1511 consobrinum
1581 1473 1755 1512 suum

104 1542 636 1598 Halberstatensem
689 1544 779 1585 “5‘
807 1543 1155 1617 episcopum
1187 1550 1478 1616 spectator
1509 1547 1756 1616 adesset,

110 1631 471 1687 vacationem
503 1631 937 1703 impetraverat,
972 1633 1117 1688 haut
1147 1639 1380 1706 gravate
1412 1634 1519 1690 hoc
1550 1651 1759 1690 conce-

107 1721 274 1775 dente
306 1736 534 1793 rege,eo
567 1721 720 1790 quod
755 1729 885 1792 post
916 1722 1168 1792 primam
1205 1722 1588 1779 defectionem
1611 1724 1760 1778 invi-

109 1826 236 1864 sum
273 1826 508 1880 semper
536 1825 671 1865 eum
695 1816 1157 1883 suspectumque
1181 1814 1273 1847 “‘5
1297 1812 1760 1868 habuisset.Leo-

108 1899 328 1954 diensis
372 1899 462 1934 1‘“
517 1900 852 1970 episcopus,
884 1901 972 1954 vir
1001 1905 1207 1972 praeter
1239 1902 1590 1972 decrepitam
1623 1907 1762 1957 aeta-

106 1993 216 2042 tem
253 1987 434 2060 longa
461 1988 636 2043 etiam
668 1987 1017 2060 aegritudine
1040 1990 1658 2062 exbaustus,reginam
1680 1992 1764 2046 in-

106 2077 278 2131 terim
316 2077 665 2132 servandam
699 2083 1057 2148 susceperat,
1091 2084 1147 2134 et
1177 2079 1286 2134 hac
1317 2079 1620 2135 occasione
1642 2079 1766 2150 ipse

105 2182 339 2237 quoque
373 2165 585 2220 militia
615 2165 1061 2239 defungebatur.
1101 2167 1352 2240 Uterque
1386 2174 1583 2224 tamen
1617 2168 1766 2223 mili-

106 2259 189 2310 tes
213 2271 356 2309 suos
375 2253 741 2324 amplissimo
764 2273 1007 2311 numero
1027 2257 1511 2312 transmisit.Dux
1533 2273 1766 2330 quoque

107 2347 458 2398 Boemorum
492 2343 710 2412 aderat,
745 2348 909 2399 tanto
943 2345 1195 2416 stipatus
1229 2346 1558 2418 agmine,ut
1581 2363 1642 2399 se
1674 2358 1767 2401 so-

103 2431 227 2487 lum
261 2431 417 2487 bello
447 2431 728 2487 Saxonico
755 2433 1023 2489 sufficere
1049 2448 1397 2505 posse,vana
1415 2451 1517 2506 spe
1541 2433 1786 2510 elusus,

104 2521 512 2578 arbitraretur.
548 2521 897 2577 Wideradus
947 2523 1131 2579 abbas
1183 2523 1510 2590 Fuldensis,
1563 2528 1772 2596 praeter

105 2612 266 2683 quod
303 2611 377 2665 ab
409 2611 646 2665 ineunte
679 2616 846 2666 aetate
878 2629 995 2667 uno
1028 2613 1172 2684 pede
1203 2614 1456 2684 graviter
1476 2612 1770 2669 claudica-

104 2700 416 2770 verat,jam
443 2716 544 2770 per
569 2699 876 2754 biennium
902 2700 981 2755 ita
1003 2701 1613 2772 paralisisdissolutus
1628 2706 1770 2770 erat,

114 2793 180 2844 ut
209 2788 330 2844 nisi
393 2788 600 2844 baculo
659 2792 762 2843 aut
791 2789 1200 2846 ministrorum
1245 2789 1509 2847 humeris
1540 2791 1776 2846 innixus

112 2894 415 2948 nusquam
442 2877 707 2950 progredi
731 2883 948 2950 posset.
982 2880 1130 2935 Eum
1152 2885 1347 2936 tamen
1389 2897 1493 2936 nec
1515 2885 1634 2935 tam
1660 2897 1780 2936 mo-

112 2967 262 3023 lesta
292 2967 555 3022 valitudo
586 2983 862 3022 excusare
890 2972 1123 3040 poterat
1146 2987 1178 3024 a
1211 2969 1503 3040 militia,id
1538 2969 1778 3041 potissi-

119 3072 282 3110 mum
319 3060 559 3111 curante
610 3072 741 3128 rege
773 3061 837 3110 ut
869 3057 1134 3112 omnium
1169 3057 1501 3130 principum
1536 3075 1778 3114 suorum

115 3143 315 3199 titulis
344 3160 410 3198 ac
436 3143 692 3199 fascibus
729 3162 906 3216 quam
958 3147 1212 3202 maxime
1243 3147 1534 3219 insignem
1567 3147 1781 3201 faceret

1368 340 1756 404 ANNALES.
1790 373 1868 386 —
1898 340 2028 402 AN.
2078 340 2264 405 1075.

109 473 271 530 nulla
317 490 602 547 umquam
654 479 802 532 retro
853 477 1140 549 majorum
1189 477 1476 533 memoria
1516 479 1748 532 tantum
1781 476 1835 541 Α
1866 490 1979 545 que
2007 478 2240 548 tempus
2267 479 2543 550 sumptus
2593 475 2932 533 convexisse

3362 342 3520 406 1182

2981 491 2993 530 :
3031 474 3176 532 nihil
3222 480 3520 549 permotos

1867 568 2164 620 tantorum
2199 565 2458 622 hostium
2492 567 2766 631 adventu,
2800 567 2859 620 in
2903 566 3168 638 proximo
3201 569 3393 621 castra
3436 565 3519 622 lo-

1867 669 2070 721 casse;
2105 659 2236 726 post
2266 654 2523 710 laborem
2558 654 2783 709 itineris
2815 654 3005 710 otioso
3037 655 3163 726 jam
3198 655 3416 722 animo,
3451 656 3518 710 fi-

1866 743 1954 798 xis
1986 744 2074 778 “‘8
2105 745 2392 811 tentoriis,
2428 745 2739 799 recreando
2771 743 2999 814 corpori
3031 744 3332 816 indulgere
3362 763 3374 812 ;
3404 744 3515 800 hoc

1867 832 2162 900 statuisse,
2196 837 2262 888 ut
2291 832 2512 904 legatos
2545 832 2839 904 supplices
2897 833 2967 886 de
3000 849 3141 904 pace
3174 832 3429 900 mittant,
3465 832 3516 888 si

1870 938 1986 976 non
2016 921 2350 992 impetrent,
2391 939 2557 993 aequo
2592 921 2910 977 certamine
2939 921 3280 977 adoriantur
3301 923 3533 978 venien-

1872 1015 1980 1066 tes.
2017 1011 2203 1066 Facile
2233 1016 2288 1066 et
2318 1011 2719 1084 comtemptim
2781 1011 2871 1046 “‘9
2902 1010 3010 1065 hoc
3041 1011 3306 1066 auditum
3340 1016 3430 1066 est
3459 1012 3529 1067 ab

1883 1099 1975 1155 his
2007 1100 2105 1171 qui
2137 1117 2268 1156 cum
2306 1118 2436 1174 rege
2475 1105 2662 1167 erant,
2721 1100 2942 1173 passim
2996 1100 3375 1169 jactantibus
3429 1117 3535 1156 nec

1871 1191 2088 1244 ferreas
2119 1190 2205 1244 vel
2242 1192 2332 1226 ¹⁴⁵⁰
2362 1190 2772 1246 adamantinas
2803 1189 2958 1245 acies
2981 1188 3334 1244 multiudini
3361 1190 3449 1225 ¹⁴⁵¹
3470 1193 3528 1245 et

1865 1277 2067 1333 virtuti
2099 1296 2216 1333 sua:
2240 1277 2722 1351 inexpugnabiles
2749 1278 2868 1334 fore
2893 1294 3092 1333 secum
3117 1293 3247 1332 esse
3265 1275 3512 1332 militem

1867 1368 2276 1433 lectissimum,
2315 1368 2414 1439 qui
2438 1369 2494 1422 in
2521 1368 2800 1424 faciendis
2822 1366 3129 1440 stipendiis
3149 1369 3374 1421 aetatem
3402 1382 3532 1422 exe-

1871 1458 2073 1529 gisset,
2107 1474 2281 1528 quem
2306 1457 2523 1530 singuli
2556 1457 2876 1529 principes,
2899 1455 3164 1528 diligenti
3191 1454 3415 1511 delectu
3441 1455 3531 1492 1⁸⁵³

1872 1545 2171 1614 habito,de
2204 1550 2321 1602 toto
2352 1547 2489 1602 orbe
2509 1544 2908 1617 exquisissent
2933 1563 2945 1612 ;
2981 1544 3142 1600 illinc
3171 1543 3381 1617 vulgus
3405 1559 3536 1601 esse

1870 1634 2134 1707 ineptum
2147 1634 2534 1707 ,agriculturze
2552 1634 2759 1706 pocius
2776 1650 2954 1705 quam
2971 1633 3188 1687 militia
3200 1637 3525 1701 assuetum,

1872 1725 2024 1796 quod
2081 1740 2196 1778 non
2245 1723 2440 1779 animo
2493 1723 2738 1778 militari
2788 1723 2891 1778 sed
2946 1722 3282 1794 principum
3324 1726 3542 1778 terrore

1872 1818 2160 1877 coactum,
2195 1819 2399 1868 contra
2431 1828 2622 1867 mores
2669 1815 2727 1866 et
2775 1810 3046 1866 instituta
3100 1828 3208 1866 sua
3254 1811 3312 1865 in
3357 1811 3540 1866 aciem

1873 1900 2340 1973 processisset,et
2359 1901 2488 1955 ideo
2515 1916 2631 1955 non
2660 1903 3103 1971 expectaturum
3130 1904 3195 1954 ut
3224 1899 3540 1956 commisso

1873 1989 2189 2046 certamine
2212 1989 2542 2046 comminus
2571 1989 2772 2045 stricto
2800 2005 2937 2044 ense
2953 1988 3216 2043 feriretet
3235 1987 3526 2058 feriretur,

1876 2080 1979 2136 sed
2012 2083 2144 2135 ante
2175 2079 2564 2135 commissum
2628 2078 2893 2151 praelium
2953 2076 3075 2132 solo
3131 2077 3532 2132 concurrentis

1875 2169 2134 2225 exercitu
2167 2168 2413 2239 strepitu
2446 2172 2503 2224 et
2534 2167 2790 2223 clamore
2819 2167 3159 2222 terrendum
3204 2165 3530 2238 fugandum

1876 2263 1933 2313 et
1989 2259 2354 2313 fundendum
2388 2275 2518 2314 esse
2565 2258 2676 2313 “‘3.
2736 2258 2850 2312 Rex
2910 2273 3024 2311 non
3082 2260 3202 2310 tam
3236 2255 3537 2311 metuebat

1880 2363 1951 2402 ne
1983 2345 2177 2418 praelio
2212 2363 2387 2418 quam
2450 2364 2520 2401 ne
2555 2344 2985 2418 supplicatione
3035 2344 3389 2409 vinceretur,
3422 2360 3536 2400 neu

1881 2435 2172 2508 principes
2199 2437 2289 2491 sui
2313 2435 2395 2491 eis
2419 2435 2640 2491 bellum
2672 2436 2888 2490 inferre
2910 2433 3302 2506 irreligiosum
3324 2435 3412 2469 “5‘
3430 2434 3536 2489 du-

1882 2531 2077 2581 cerent
2111 2525 2209 2596 qui
2242 2542 2302 2580 se
2331 2526 2401 2580 ad
2436 2541 2843 2597 quascumque
2875 2523 3241 2579 conditiones
3282 2522 3537 2595 pacatis-

1884 2615 2066 2670 simos
2100 2615 2190 2648 “’5
2222 2614 2566 2686 praeberent,
2629 2617 2688 2667 et
2743 2612 3078 2685 ignominiaa
3109 2629 3228 2668 suae
3259 2612 3539 2681 vindicta,

1884 2703 2024 2775 quia
2044 2701 2190 2758 nihil
2215 2703 2516 2759 ardentius
2531 2701 2859 2774 cupiebat,e
2877 2701 3151 2756 manibus
3165 2700 3277 2755 sibi
3303 2716 3534 2774 rapere-

1884 2794 2002 2848 tur.
2037 2791 2154 2847 Hoc
2211 2807 2564 2863 praecavens,
2597 2806 2776 2863 quam
2805 2789 3058 2866 maxime
3117 2789 3419 2862 satagebat
3470 2791 3537 2846 ut

1887 2886 2022 2936 ante
2053 2883 2338 2938 exercitus
2360 2881 2998 2952 committerent,quam
3040 2879 3214 2952 legati
3240 2883 3535 2935 Saxonum

1887 2987 2087 3042 pacem
2107 2969 2455 3042 postulaturi
2477 2969 2768 3039 venirent;
2795 2968 3114 3040 plurimum
3141 2967 3200 3023 in
3215 2968 3322 3031 hoc
3339 2968 3535 3040 ipsum

1889 3060 2185 3114 annitente
2214 3060 2304 3100 “56
2331 3061 2477 3115 duce
2525 3065 2848 3115 Suevorum
2891 3057 3200 3123 Ruodolfo,
3233 3061 3538 3129 propterea

1891 3149 2070 3220 quod,
2100 3166 2250 3204 anno
2300 3148 2490 3220 priore
2540 3164 2786 3220 regnum
2838 3149 3139 3204 affectasse
3189 3147 3533 3214 infamatus,

114 3232 568 3306 expeditionem.
601 3237 864 3304 Cumque
897 3235 968 3289 ad
1000 3234 1193 3290 locum
1218 3235 1586 3290 coadunandi
1619 3252 1776 3290 exer-
1807 3224 1851 3292 C
1891 3237 2282 3308 suspicionem
2318 3237 2465 3292 banc
2487 3237 2654 3292 novis
2683 3253 2820 3309 erga
2851 3252 3044 3310 regem
3067 3235 3281 3292 studiis
3312 3236 3537 3290 abster-

114 3322 273 3377 citus
295 3322 730 3377 ferventissima
751 3325 947 3379 testate
968 3323 1234 3379 vehiculo
1259 3325 1469 3379 sedens
1494 3326 1778 3396 pergeret,

115 3411 369 3482 strepitu
395 3409 764 3480 circumfusae
791 3411 1190 3467 multitudinis
1213 3417 1268 3467 et
1287 3413 1340 3467 vi
1367 3412 1639 3467 concitati
1659 3411 1786 3484 pul-

108 3499 263 3555 veris
294 3500 643 3567 suffocatus,
678 3517 825 3572 pene
861 3501 1137 3573 spiritum
1170 3501 1519 3557 exalaverat.
1544 3501 1785 3556 ltelatus

108 3589 168 3643 in
201 3590 700 3652 monasterium,a
723 3594 963 3662 stupore
990 3590 1232 3662 quidem
1258 3590 1472 3646 mentis
1495 3594 1625 3662 post
1649 3607 1788 3660 pau-

107 3677 303 3733 lulum
341 3679 669 3750 respiravit,
711 3678 942 3734 nullum
971 3686 1167 3734 tamen
1201 3678 1356 3734 ultra
1385 3680 1626 3735 verbum
1661 3696 1788 3750 pro-

108 3767 274 3839 loqui
310 3767 520 3838 potuit,
557 3773 736 3839 atque
772 3769 853 3822 ita
884 3768 1165 3839 deinceps
1219 3786 1321 3840 per
1367 3770 1400 3822 6
1431 3768 1788 3824 ebdomadas

107 3856 470 3928 gravissima
501 3857 764 3929 corporis
799 3857 1071 3912 molestia
1092 3859 1466 3926 decoctus,”
1495 3857 1788 3912 Kalendas

111 3945 368 4018 Augusti
403 3945 683 4002 humanis
735 3948 910 4002 rebus
955 3953 1260 4019 exemptus
1304 3951 1412 4002 est.
1466 3947 1566 4000 Vir
1614 3947 1789 4019 plane

109 4034 396 4090 ferventis
425 4035 485 4089 in
517 4039 702 4090 Deum
735 4036 1028 4104 fidei,suis
1055 4041 1251 4092 tamen
1282 4035 1558 4092 omnibus
1590 4037 1791 4092 admo-

108 4123 260 4179 dum
294 4123 543 4192 invisus,
578 4128 891 4196 propterea
922 4126 1078 4196 quod
1142 4127 1200 4180 in
1235 4126 1444 4180 diebus
1486 4127 1615 4195 ejus
1648 4126 1788 4181 Ful-

106 4213 298 4268 dense
324 4229 536 4269 nomen
560 4213 764 4269 multis
779 4213 1220 4269 calamitatibus
1233 4214 1612 4270 vehementer
1632 4215 1792 4270 attri-

107 4307 244 4356 tum
279 4307 337 4357 et
390 4319 536 4373 pene
570 4305 810 4358 omnino
844 4303 1250 4359 oblitteratum
1283 4304 1512 4358 fuisset.
1546 4304 1655 4358 Sed
1716 4305 1786 4360 ad

108 4395 404 4463 emptum,
436 4391 592 4446 unde
623 4391 886 4464 degressi
919 4409 1151 4461 sumus,
1186 4392 1516 4447 redeamus.

179 4481 357 4536 Missi
409 4497 440 4534 a
492 4497 629 4554 rege
677 4481 1070 4552 exploratores
1114 4480 1404 4552 speculari
1467 4481 1785 4538 exercitum

1889 3343 2025 3400 gere
2055 3325 2437 3397 cupidissime
2465 3325 2691 3380 volebat
2721 3324 2888 3396 (381).

1962 3415 2259 3470 Profectus
2289 3430 2388 3470 rex
2417 3414 2487 3470 de
2521 3413 2828 3485 Bredingin
2873 3413 2981 3480 ηδτ,
3033 3412 3125 3467 die
3156 3410 3345 3483 prima
3373 3409 3536 3466 venit

1892 3504 1952 3558 in
1986 3504 2194 3559 Elenen
2223 3504 2389 3576 (382).
2425 3503 2700 3574 Sequenti
2741 3502 2833 3557 die
2875 3499 3232 3574 praecipitato
3273 3497 3526 3554 nimium

1893 3593 2078 3666 gradu
2108 3594 2359 3648 duorum
2391 3610 2536 3665 pene
2561 3592 2788 3648 dierum
2823 3591 2933 3648 iter
2961 3589 3207 3646 confecit
3230 3589 3534 3661 “57,atque

1894 3683 1954 3736 in
1989 3683 2234 3754 Beringe
2265 3683 2410 3754 (383)
2444 3686 2636 3738 castra
2667 3682 2864 3754 posuit
2893 3679 3040 3752 (Jun.
3074 3679 3152 3750 8),
3185 3678 3329 3752 haut
3350 3678 3538 3733 multo

1897 3789 1930 3827 a
1959 3771 2287 3828 Saxonibus
2320 3770 2640 3826 intervallo.
2673 3771 2826 3834 Jam,
2860 3769 2992 3824 lixis
3018 3769 3108 3805 “5°
3130 3767 3541 3829 tentoriis.sin-

1896 3849 2014 3936 guli
2051 3879 2177 3932 quae
2225 3861 2476 3915 exaustit
2504 3859 2857 3914 lassitudine
2897 3857 3243 3930 corporibus
3274 3873 3542 3912 necessa-

1898 3953 1984 4006 ria
2011 3952 2198 4006 forent
2237 3951 2694 4021 circumquaque
2725 3947 2975 4018 dispersi
3009 3946 3413 4018 providebant,
3447 3962 3545 4000 rex

1897 4040 2072 4095 etiam
2101 4039 2480 4110 refrigerandi
2512 4037 2700 4110 gratia
2721 4053 2781 4092 se
2814 4036 2873 4092 in
2902 4036 3115 4093 lectum
3142 4035 3540 4106 reclinaverat,

1899 4145 2033 4184 cum
2051 4128 2244 4183 subito
2268 4127 2386 4182 dux
2408 4125 2732 4182 Ruodolfus
2753 4125 3086 4198 ingrediens
3110 4123 3350 4180 nunciat
3368 4124 3542 4179 Saxo-

1899 4233 2003 4273 nes
2021 4217 2367 4272 brevissimo
2390 4217 2588 4289 spacio
2611 4215 3213 4284 abesse,et,ineertum
3239 4213 3544 4286 negligen-

1901 4313 1984 4363 tes
2014 4325 2086 4360 an
2117 4306 2353 4378 ignaros
2386 4305 2816 4361 advenientium
2844 4305 3128 4370 hostium,
3163 4303 3316 4358 inter
3337 4301 3544 4375 epulas

1899 4401 1956 4451 et
1986 4394 2195 4466 pocula
2227 4395 2440 4466 ineptis
2472 4395 2734 4449 lascivire
2764 4393 3014 4461 lusibus,
3041 4391 3209 4462 quasi
3243 4391 3438 4446 moved
3471 4391 3544 4446 ad

1897 4488 2183 4556 punctum
2215 4483 2494 4554 temporis
2538 4481 2794 4536 inultum
2824 4481 3078 4536 habeant
3121 4479 3275 4549 quod
3308 4481 3545 4549 sumpta

107 4569 422 4626 Saxonum
456 4571 570 4635 ιω,
604 4569 931 4626 retulerunt
959 4587 1079 4642 eos,
1103 4569 1484 4625 multitudine
1515 4575 1571 4625 et
1600 4573 1782 4628 armis
1809 4596 1857 4660 D
1899 4577 2102 4630 contra
2157 4588 2280 4626 rem
2343 4570 2636 4641 publicam
2695 4569 2851 4642 leges
2907 4569 3193 4638 majorum
3249 4583 3411 4620 arma
3457 4567 3543 4620 sic

107 4658 278 4715 haud
303 4659 583 4731 impares,
617 4664 806 4714 cetero
837 4658 974 4715 belli
996 4663 1278 4732 apparatu
1313 4659 1492 4715 etiam
1515 4662 1779 4733 superio-

106 4764 202 4827 res
240 4765 409 4816 esse;
433 4765 571 4821 opes
596 4747 815 4804 multas
839 4752 896 4805 et
915 4749 1275 4805 sufﬁcientes
1297 4747 1358 4804 in
1379 4747 1622 4823 longum
1642 4767 1781 4824 quo-

1888 4660 2152 4735 improbe
2182 4659 2592 4731 conspectibus
2624 4657 2776 4730 regis
2806 4659 2894 4694 “51
2936 4654 3294 4711 invexissent
3326 4678 3341 4722 ;
3372 4652 3540 4726 igno-

1889 4749 2134 4808 miniam
2159 4749 2309 4806 hanc
2326 4747 2632 4806 Teutonici
2650 4747 2813 4820 regni
2831 4745 3010 4802 nullis
3028 4745 3304 4816 deinceps
3327 4740 3542 4799 seculis

1483 4913 1730 4972 VARI/ﬁ
1769 4911 2074 4970 LECTION
2083 4912 2186 4968 ES.

758 5009 853 5053 1"“
872 5007 1426 5064 Halberstadensem
1458 5011 1510 5064 4.
1530 5011 1582 5065 5.

731 5081 819 5115 “‘8
841 5080 1032 5153 Facile
1060 5081 1118 5153 _i_n
1145 5085 1554 5153 contemptum
1596 5081 1703 5136 hoc
1733 5083 1787 5136 5.

439 5153 536 5188 “‘3
558 5156 714 5208 esset
743 5153 791 5206 1.

178 5009 286 5046 1⁸⁸³
317 5011 600 5063 causatur
621 5009 676 5063 5.

107 5081 153 5136 4.
191 5080 561 5136 Saxonicum
592 5081 646 5134 5.

105 5151 270 5208 lectu
309 5153 361 5207 4.

1667 5011 1753 5045 “‘5
1784 5016 2244 5082 susceptumque
2271 5009 2327 5065 5.

2984 5005 3074 5042 ωδ
3102 5008 3391 5060 Saxonum
3414 5006 3543 5058 tum

2975 5078 3064 5123 ¹ι⁸²
3090 5077 3385 5132 Saxonum
3415 5079 3542 5128 tum

2410 5007 2500 5045 ⁸⁸⁸⁸
2530 5007 2828 5063 Lediensis
2844 5007 2901 5062 5.

1867 5081 2091 5138 “mineo
2122 5081 2172 5137 4.
2252 5083 2339 5118 ¹⁴⁵¹
2379 5097 2458 5136 m.
2494 5097 2598 5135 sue
2630 5085 2686 5134 et
2732 5097 2783 5133 ν.
2840 5081 2894 5134 5·

874 5151 967 5227 ξ⁴⁶ξ
992 5150 1332 5227 religiosum
1361 5146 1436 5227 1ἶΔ
1491 5153 1581 5227 ίξδδ
1612 5153 2022 5227 paratissimos
2051 5155 2200 5227 ed.73
2225 5155 2408 5227 Krase.
2437 5223 2448 5227 Α
2489 5152 2580 5227 1f“
2609 5156 2902 5227 annuente
2931 5151 2984 5206 4.
3065 5148 3152 5186 ¹⁴⁶⁷
3194 5146 3542 5227 Breidingen

107 5223 157 5277 3'
199 5223 560 5296 Bredingem
594 5224 646 5278 1.
678 5225 732 5279 5.
813 5223 902 5258 ¹⁴⁵⁸
932 5222 1068 5279 fecit
1097 5222 1148 5278 4.
1228 5223 1318 5260 “‘9
1347 5223 1472 5281 suis
1501 5226 1555 5280 3.
1612 5222 1728 5263 '1‘“
1756 5226 1859 5298 qui
1885 5225 1932 5282 si
1964 5227 2014 5281 1.
2095 5226 2182 5262 ¹⁴⁶¹
2217 5225 2370 5298 regis
2403 5223 2487 5281 sic
2517 5224 2634 5280 inv.
2666 5225 2720 5279 5.

1716 5355 1952 5412 NOTAE.

188 5454 340 5524 Z381)
368 5453 453 5509 Cf.
492 5452 734 5509 Gerbert
763 5453 833 5509 de
863 5451 1174 5524 Rudolpho
1206 5453 1398 5521 Suev.,
1459 5469 1514 5523 p.
1546 5453 1635 5506 30.

203 5477 340 5520 001)
368 5477 453 5509 υἱ.
492 5477 734 5509 υυΓυῧῐἹο
763 5477 833 5509 UB
865 5477 1174 5524 τιυυυψυυ
1207 5477 1398 5521 ῦιιδν.,
1459 5477 1514 5523 μ.
1546 5477 1635 5506 ου.

177 5477 340 5596 1382)
372 5523 675 5598 Qberellen
699 5529 787 5580 est
836 5541 1021 5598 pagus
1044 5525 1117 5598 in?
1162 5526 1504 5596 praefectura
1537 5523 1782 5598 Meinin-

113 5594 284 5667 gensi
320 5594 674 5668 Salzungen,
707 5594 992 5668 ubiquea
1016 5594 1237 5652 ditione
1277 5595 1603 5651 Isenacensi
1656 5594 1775 5648 cin-

114 5674 245 5727 ctus
268 5687 291 5725 :
328 5669 659 5726 Unterellen
693 5685 879 5741 pagus
910 5670 982 5725 ad
1013 5670 1421 5742 praefecturam
1468 5669 1779 5724 Isenacen-

1893 5470 2017 5511 sem
2051 5458 2345 5511 snectans.

1965 5527 2120 5610 (283).
2167 5527 2471 5610 Grossep-,
2521 5527 2829 5610 Wolfs-etﬂ
2863 5532 3447 5610 OEstfrfbehringen
3479 5537 3540 5593 in

1893 5597 2240 5676 praefectura
2269 5599 2458 5654 Gotha
2479 5672 2489 5676 _
2513 5601 2763 5676 ducatus
2795 5602 2930 5676 sax.
2982 5604 3178 5676 Goth.,
3212 5597 3542 5664 sedvultimi

1892 5669 2070 5726 etiam
2105 5669 2236 5744 pagi
2266 5687 2401 5745 pars
2423 5672 2493 5729 ad
2526 5671 2804 5730 ducatum
2829 5669 3232 5758 Isenacensem
3262 5680 3538 5758 pertinet.
