3996 6158
161 268 332 330 1185

1428 270 1813 331 ANNALES.
1847 301 1922 316 —
1953 271 2086 331 AN.
2133 273 2311 335 1075.

3419 288 3574 356 1186

161 401 621 474 prazclarissime
639 401 852 458 enituit
865 402 1050 458 virtus
1066 402 1317 470 Ottonis,
1337 403 1504 459 ducis
1522 404 1818 475 quondam
1851 405 1906 472 Α
1935 404 2208 467 evadunt,
2228 409 2352 459 tum
2373 405 2877 478 peritialocorum,
2892 414 3018 468 tum
3043 414 3402 472 obtenebrati
3423 420 3576 476 aeris

165 490 472 562 Bajoariae.
503 492 578 556 Is,
603 491 940 548 fortissimis
966 492 1387 564 “75juvenibus
1411 499 1631 564 septus,
1650 493 1822 548 modo

165 582 233 637 in
267 581 456 653 prima
486 581 610 636 acie
650 597 906 653 pugnam
956 579 1242 638 lacessere
1271 581 1442 654 (389),
1491 582 1825 654 ubicunque

169 670 369 726 acrior
398 670 486 724 vis
516 669 778 725 hostium
809 670 1174 726 incubuisset
1220 671 1551 726 comminus
1598 672 1822 738 adesse,

169 758 580 815 insistentium
611 757 810 813 vultus
838 757 1030 830 gladio
1064 759 1251 831 ferire,
1299 777 1400 831 per
1451 759 1694 815 hostiles
1725 777 1822 815 cu-

171 865 322 904 neos
362 864 830 918 quaquaversum
879 848 1032 902 viam
1083 848 1193 904 sibi
1244 850 1392 904 ferro
1452 849 1542 884 “75
1598 866 1822 921 parare,

173 937 356 992 modo
386 937 445 991 in
477 935 790 1008 postremis
819 942 1116 993 cessantes
1149 937 1466 1004 adhortari,
1500 956 1688 994 causa;
1711 954 1828 1009 qua

173 1043 347 1083 arma
377 1030 753 1096 sumpserant
781 1025 1118 1092 admonere,
1141 1031 1198 1081 et
1218 1032 1282 1081 ut
1301 1045 1475 1098 nunc,
1500 1027 1653 1099 quod
1678 1044 1828 1099 sape

174 1132 362 1188 quam
397 1119 595 1170 sancte
607 1114 929 1185 jurassent,
954 1113 1284 1170 libertatem
1308 1133 1476 1172 suam
1505 1133 1682 1171 manu
1709 1116 1830 1170 vin-

175 1205 465 1271 dicarent,
499 1220 704 1259 omnes
736 1203 794 1257 in
821 1219 1132 1260 commune
1164 1221 1267 1276 per
1293 1205 1478 1261 Deum
1503 1206 1824 1261 obsecrare.

173 1295 428 1349 Strenue
458 1294 712 1365 profecto
745 1297 802 1348 et
829 1292 1041 1364 egregii
1072 1293 1277 1350 militis
1308 1299 1366 1350 et
1407 1294 1610 1367 optimi
1663 1294 1829 1350 ducis

1934 492 2239 563 densitate,
2270 499 2397 550 tum
2429 510 2716 567 equorum
2747 498 3050 558 velocitate
3099 508 3576 566 commodissime

1934 581 2044 636 usi.
2083 582 2256 638 Porro
2302 583 2360 637 in
2407 583 2620 657 vulgus
2673 589 2962 659 pedestre,
3010 593 3186 663 quod,
3245 600 3576 668 congressis

1933 670 2252 741 equitibus,
2285 672 2476 728 adhuc
2499 675 2552 729 in
2578 677 2785 733 castris
2809 681 3122 749 resederat,
3157 684 3236 739 ita
3267 686 3421 743 ultra
3452 706 3574 746 mo-

1935 759 2076 814 dum
2108 776 2341 816 omnem
2375 764 2843 838 modestiamque
2874 769 3196 827 debachata
3225 779 3315 830 est
3343 776 3576 835 hostilis

1935 847 2154 920 feritas,
2189 853 2271 920 ut,
2305 851 2637 908 christiana;
2697 859 3056 913 verecundus
3087 861 3273 932 obliti,
3327 869 3577 937 pecudes

1935 937 2069 1001 sibi,
2102 954 2216 993 non
2251 939 2517 996 homines
2540 943 2816 1014 jugulare
2847 946 3198 1006 viderentur.
3257 953 3576 1015 Plurimum

1935 1026 2108 1081 etiam
2142 1033 2366 1099 partem
2400 1030 2612 1086 ﬂuvius
2637 1032 2900 1104 Unstrut,
2923 1037 3062 1092 dum
3089 1045 3246 1095 metu
3269 1043 3444 1114 gladii
3468 1047 3578 1102 im-

1937 1116 2217 1172 minentis
2230 1119 2689 1190 praecipitantius
2703 1121 2953 1196 irruunt,
2969 1127 3287 1187 obsorbuit.
3306 1135 3454 1190 Caedi
3469 1154 3582 1193 nox

1937 1205 2112 1297 ﬁnem
2147 1206 2300 1277 fecit,
2325 1212 2391 1297 et
2420 1209 2572 1280 quod
2602 1209 2749 1265 ultra
2786 1212 3027 1270 ﬂuvium
3058 1222 3329 1293 persequi
3361 1224 3584 1297 fugien-

1938 1298 2028 1350 tes
2058 1294 2198 1349 haut
2224 1296 2366 1351 satis
2398 1301 2590 1353 tutum
2616 1305 2938 1370 putaretur.
2965 1305 3237 1365 Conversi
3267 1294 3488 1371 milites
3510 1317 3584 1372 ad

178 1382 378 1439 ofﬁcio
402 1381 758 1455 fungebatur
786 1381 954 1453 (390).
1007 1382 1369 1438 Protractum
1420 1400 1453 1438 a
1501 1383 1694 1439 media
1739 1383 1832 1439 die
1941 1383 2127 1455 spolia
2158 1385 2507 1457 diripienda,
2537 1389 2759 1445 tantam
2802 1391 2861 1446 in
2895 1397 3104 1451 castris
3136 1399 3397 1458 hostium
3429 1405 3590 1462 inve-

181 1487 376 1544 usque
407 1472 465 1526 in
498 1471 706 1527 horam
738 1488 952 1526 nonam
993 1476 1288 1527 certamen
1329 1473 1456 1543 jam
1489 1472 1548 1527 in
1597 1489 1662 1528 eo
1711 1477 1836 1528 erat
1944 1476 2158 1528 nerunt
2185 1473 2448 1529 ciborum
2482 1475 2866 1550 afﬂuentiam,
2891 1487 3115 1541 tantam
3135 1490 3260 1544 auri
3285 1497 3341 1546 et
3362 1495 3594 1565 argenti

181 1567 254 1618 ut
283 1562 398 1616 duo
430 1561 685 1616 duorum
717 1576 1028 1632 regnorum
1053 1561 1363 1632 exercitus,
1387 1561 1605 1617 Sueviae
1636 1566 1693 1616 et
1722 1563 1835 1616 Ba-

176 1649 408 1722 joariaa,
455 1655 620 1722 terga
667 1652 964 1716 veterent;
997 1653 1054 1704 et
1102 1648 1221 1720 regi
1271 1649 1603 1722 frequentes
1638 1649 1835 1704 nuncii

185 1739 441 1796 salutem
473 1753 718 1794 suorum
785 1736 844 1793 in
897 1743 1154 1793 extremo
1215 1737 1388 1793 sitam
1439 1739 1836 1794 nunciabant:

185 1845 324 1885 cum
368 1832 603 1900 repente
633 1843 703 1883 ex
733 1843 847 1882 uno
882 1825 1061 1882 latere
1107 1826 1502 1883 Herimannus
1549 1844 1743 1883 comes
1775 1827 1845 1882 de

185 1917 460 1990 Glizberg
491 1917 579 1952 “77
611 1916 780 1988 (391),
810 1932 876 1970 ex
908 1916 1000 1950 “73
1033 1914 1146 1970 alio
1174 1914 1354 1971 latere
1403 1915 1846 1989 Babenbergen-

188 2024 288 2063 ses
309 2005 526 2060 milites
542 2005 712 2077 signa
731 2004 1012 2060 inferunt.
1031 2005 1182 2060 Tum
1198 2005 1318 2060 dux
1330 2005 1699 2074 Boemorum,
1718 2009 1845 2060 tum

187 2095 399 2152 Gozelo
431 2095 551 2150 dux
581 2093 1028 2166 Luleringorum
1063 2095 1172 2162 “79,
1200 2093 1404 2150 multis
1437 2094 1602 2165 prius
1623 2092 1848 2166 pericli-

193 2185 450 2241 tantium
479 2183 538 2238 in
567 2183 763 2255 praelio
794 2181 1189 2254 legationibus
1229 2187 1287 2238 et
1313 2181 1848 2254 supplicationibus

196 2274 502 2347 fatigatus,
537 2289 675 2328 suas
708 2277 950 2343 uterque
971 2271 1188 2344 copias,
1223 2271 1480 2327 incitatis
1505 2272 1576 2326 ad
1609 2286 1848 2327 cursum

197 2363 389 2435 equis,
419 2361 701 2417 immittit.
727 2361 854 2416 Non
869 2359 1022 2416 ultra
1036 2365 1291 2416 Saxones
1312 2359 1429 2415 vim
1455 2359 1850 2416 multitudinis

198 2451 494 2508 sustinere
525 2453 792 2522 poterant
816 2467 828 2517 ;
865 2450 1271 2521 paulatimque
1293 2451 1589 2517 cedentes,
1612 2465 1746 2504 cum
1770 2448 1852 2502 in-

197 2541 450 2596 clinatas
473 2540 598 2610 jam
629 2538 720 2574 “8°
751 2539 821 2594 ad
842 2538 1038 2611 fugam
1057 2538 1210 2594 acies
1232 2539 1352 2593 dux
1372 2539 1503 2594 Otto
1526 2538 1849 2605 restituere,

200 2629 587 2697 obsecrando,
619 2628 997 2700 increpando,
1030 2627 1301 2683 inertiam
1325 2627 1731 2698 desidiamque
1762 2642 1854 2680 ex-

200 2717 559 2792 probrando,
584 2717 685 2772 diu
705 2715 1080 2788 multumque
1104 2721 1347 2773 conatus
1367 2716 1594 2783 fuisset,
1617 2715 1853 2770 tandem

201 2808 391 2864 versis
425 2806 604 2861 frenis
635 2822 838 2867 omnes
869 2804 1130 2861 diversas
1161 2805 1220 2860 in
1253 2809 1447 2877 partes
1478 2805 1853 2877 aufugerunt.

201 2897 353 2952 Tum
390 2895 482 2932 ¹⁴⁸¹
515 2911 740 2951 vero—
772 2899 836 2949 ut
865 2911 1097 2967 semper
1126 2894 1184 2949 in
1218 2895 1355 2966 fuga
1399 2893 1658 2950 hostium
1689 2893 1855 2966 igna-

202 2984 470 3042 vissimis
500 2988 556 3040 et
585 2983 919 3040 fortissimis
949 3001 1055 3056 par
1100 2982 1251 3039 solet
1280 2999 1408 3040 esse
1458 2982 1721 3050 audacia,
1756 2999 1861 3054 par

1945 1561 2320 1649 vestiumque
2351 1565 2748 1635 preciosarum
2783 1570 3247 1649 multitudinem,
3274 1585 3339 1635 ut
3370 1561 3481 1636 non
3517 1584 3589 1638 ad

1948 1647 2171 1704 bellum
2220 1649 2612 1723 inferendum,
2649 1657 2748 1710 sed
2795 1659 2865 1712 ad
2928 1661 3167 1732 epulum
3216 1647 3594 1737 praebendum

1951 1737 2107 1808 regis
2135 1738 2409 1794 exercitui
2441 1745 2500 1795 et
2533 1746 2946 1800 ostentandam
2979 1765 3154 1820 opum
3190 1770 3434 1812 suarum
3476 1776 3599 1814 ma-

1953 1826 2373 1898 gniﬁcentiam,
2407 1830 2732 1886 occurrisse
2765 1833 3120 1892 viderentur.

2026 1915 2145 1970 Rex
2177 1915 2350 1987 paulo
2382 1921 2514 1988 post
2543 1935 2812 1976 occasum
2870 1923 3010 1979 solis
3057 1926 3209 1984 inter
3255 1931 3501 2001 faustas,
3535 1938 3602 1988 ut

1956 2003 2216 2059 solemne
2246 2009 2355 2072 est,
2415 2006 2668 2063 militum
2701 2009 3153 2073 acclamationes
3182 2018 3239 2074 in
3289 2026 3480 2076 castra
3510 2038 3600 2078 re-

1955 2093 2219 2164 vertitur,
2251 2096 2422 2150 lzstus
2453 2101 2509 2150 et
2551 2101 2806 2154 aestuans
2835 2103 3049 2173 gaudio
3086 2107 3178 2142 “39
3208 2110 3361 2180 quod
3394 2110 3598 2167 hostes

1958 2182 2368 2239 infestissimos
2399 2184 2615 2256 insigni
2657 2187 2897 2243 victoria
2949 2195 3298 2265 subegisset,
3348 2199 3602 2255 maxime

1950 2271 2313 2342 jactantibus
2344 2273 2564 2344 passim
2600 2275 2887 2334 militibus
2919 2282 3072 2350 quod
3107 2284 3239 2339 illos
3270 2289 3327 2341 et
3371 2287 3501 2344 illos
3532 2289 3603 2344 de

1960 2359 2167 2431 primis
2193 2360 2556 2433 principibus
2573 2363 2834 2421 Saxonis:
2858 2385 3035 2424 manu
3059 2374 3295 2444 pr0pria
3326 2378 3604 2447 peremis-

1961 2453 2109 2504 sent.
2131 2449 2414 2522 Cumque.
2437 2451 2506 2505 ad
2526 2450 2718 2508 locum
2738 2459 3171 2528 congressionis
3193 2464 3431 2530 reversi,
3455 2465 3607 2522 alius

1963 2537 2267 2592 dominum
2302 2555 2496 2606 suum,
2526 2541 2675 2597 alius
2705 2549 2951 2614 patrem,
2984 2546 3135 2604 alius
3159 2550 3419 2623 fratrem,
3452 2553 3606 2610 alius

1963 2632 2300 2698 cognatum,
2333 2636 2436 2683 aut
2462 2628 2576 2684 alia
2621 2633 2825 2702 quavis
2877 2638 3309 2696 necessitudine
3357 2642 3468 2697 sibi
3500 2643 3603 2699 de-

1962 2715 2245 2782 vinctum,
2269 2715 2327 2770 in
2349 2718 2471 2773 acie
2493 2720 2781 2776 corruisse
2799 2725 3178 2794 reperissent:
3201 2728 3403 2786 laetitia
3417 2731 3608 2787 omnis

1966 2804 2022 2860 in
2057 2821 2384 2874 maerorem,
2420 2812 2626 2864 cantus
2647 2826 2850 2867 versus
2871 2817 2960 2868 est
2990 2813 3049 2869 in
3079 2833 3277 2873 vocem
3311 2820 3612 2888 ﬂentium;

1968 2893 2200 2966 planctu
2237 2899 2294 2949 et
2324 2894 2548 2952 ululatu
2582 2904 2774 2954 castra
2825 2902 3097 2960 universa
3146 2909 3611 2980 perstrepebant.

1967 2983 2312 3055 Sequentem
2342 2985 2497 3040 diem
2520 2987 2577 3040 in
2598 2986 2816 3044 eisdem
2841 2994 3050 3049 castris
3072 3001 3311 3066 agentes
3332 2997 3482 3069 (Jun.
3506 2999 3618 3069 10),

205 3074 396 3149 gloria
419 3105 484 3114 —
517 3089 721 3129 omnes
753 3072 812 3128 in
846 3072 1099 3128 exercitu
1125 3071 1280 3144 regis
1315 3070 1570 3142 legiones
1601 3071 1860 3127 confusis
1901 3137 1937 3149 Α
1971 3071 2193 3126 occisos
2222 3077 2376 3127 terra
2397 3074 2691 3144 obruunt;
2727 3078 2827 3149 qui
2854 3080 3130 3138 clariores
3153 3084 3305 3141 inter
3323 3101 3422 3141 eos
3450 3087 3619 3143 ditio-

203 3163 540 3231 ordinibus,
575 3178 778 3218 omnes
809 3160 983 3218 etiam
1015 3161 1204 3234 plebei
1235 3178 1302 3216 ac
1342 3160 1569 3225 rustici,
1601 3161 1696 3230 qui
1733 3176 1865 3215 cas-
1895 3137 1939 3203 (ἶ
1970 3175 2180 3229 resque
2209 3161 2540 3228 extiterant,
2573 3162 2633 3217 in
2659 3137 2926 3238 patriam,
2947 3172 3100 3226 unde
3131 3173 3380 3244 quisque
3411 3175 3610 3231 oriun-

205 3258 437 3309 trorum
461 3251 668 3307 usibus
696 3250 963 3307 servilem
992 3266 1227 3322 operam
1246 3250 1672 3322 dependebant,
1699 3249 1862 3304 ocius

211 3358 275 3399 se
306 3343 378 3397 ad
415 3343 850 3413 persequendos
879 3340 1169 3413 fugientes
1191 3340 1527 3412 expediunt,
1550 3356 1730 3410 equos
1753 3337 1864 3393 cal-

211 3431 453 3487 caribus
483 3435 748 3498 enecant,
803 3429 1123 3485 latissimos
1180 3445 1420 3500 campos
1476 3429 1628 3484 dicto
1687 3427 1862 3482 citius

213 3519 608 3585 transvolant,
641 3519 934 3574 obstantia
964 3535 1208 3590 quasque
1239 3517 1601 3588 conculcant,
1634 3516 1862 3589 fugien-

210 3614 325 3681 tes,
353 3625 488 3664 cum
513 3609 570 3662 in
598 3612 791 3664 castra
810 3613 1111 3678 tamquam
1139 3606 1582 3662 illiciatibulum
1607 3606 1863 3661 habituri

211 3717 275 3756 se
308 3698 686 3771 recepissent,
718 3697 905 3769 captis
937 3695 1145 3752 castris
1175 3702 1232 3752 et
1264 3696 1505 3768 direptis
1535 3695 1861 3768 exagitant;

208 3787 346 3844 loca
377 3787 577 3842 omnia
605 3803 709 3857 per
734 3803 858 3858 quae
892 3787 1029 3858 fuga
1055 3791 1163 3852 est,
1197 3803 1299 3857 per
1353 3785 1606 3840 miliaria
1636 3786 1751 3840 duo
1777 3784 1865 3841 vel

210 3878 349 3948 tria,
381 3875 840 3947 circumquaque
871 3875 1129 3930 cadibus
1161 3879 1491 3941 cruentent,
1516 3875 1863 3930 cadaverum

207 3965 436 4022 acervis
460 3968 840 4037 exaggerant;
861 3970 937 4032 et,
954 3963 1094 4036 quia
1106 3966 1430 4019 concitatus
1443 3963 1681 4036 ungulis
1694 3979 1866 4036 equo-

207 4071 343 4110 rum
376 4053 568 4126 pulvis
628 4051 814 4108 oculis
870 4059 1266 4124 prospectum,
1321 4053 1496 4108 rebus
1549 4053 1863 4109 discrimen

206 4144 531 4216 eripuerat.
588 4147 654 4197 ut
683 4142 828 4197 haut
859 4141 1026 4197 facile
1076 4142 1269 4198 socios
1299 4143 1371 4198 ab
1425 4141 1694 4198 hostibus
1735 4144 1864 4198 visu

207 4232 506 4303 caligante
566 4247 866 4288 secernere
923 4236 1184 4302 possent,
1239 4248 1412 4302 quam
1472 4231 1758 4303 plurimos
1799 4247 1867 4286 ex

208 4321 390 4377 sociis
423 4321 570 4389 suis,
604 4321 744 4375 dum
799 4320 998 4376 hostes
1046 4320 1424 4386 arbitrantur,
1483 4320 1864 4375 interficiunt.

209 4409 515 4481 Principes
545 4411 695 4480 (Jun.
727 4409 807 4480 9.)
839 4409 1100 4464 Saxonica
1129 4414 1186 4464 et
1217 4408 1462 4476 nobiles,
1487 4415 1697 4482 praeter
1721 4409 1866 4464 duos

1973 3248 2083 3302 dus
2114 3252 2256 3315 erat,
2290 3249 2655 3320 sepeliendos
2683 3255 3026 3325 remittunt;
3062 3259 3382 3317 vulneratis
3413 3279 3612 3320 curam

1973 3336 2254 3392 adhibent
2279 3355 2292 3405 ;
2312 3354 2459 3410 quos
2479 3340 2698 3396 militias
2721 3343 2778 3397 in
2801 3344 3094 3416 reliquum
3110 3347 3350 3406 inutiles
3372 3352 3616 3409 vulnera

1973 3426 2367 3494 reddiderant,
2401 3429 2525 3484 suis
2556 3429 2615 3484 in
2665 3432 2913 3502 patriam
2954 3437 3246 3492 curandos
3297 3439 3615 3498 destinant.

1973 3515 2086 3570 Nec
2119 3515 2284 3571 facile
2316 3517 2589 3572 aestimari
2625 3525 2854 3590 poterat
2899 3528 3042 3593 quot
3069 3524 3199 3594 hac,
3236 3531 3379 3598 quot
3426 3528 3526 3584 illa
3555 3529 3616 3585 in

1974 3605 2094 3660 acie
2115 3622 2262 3661 czssa
2279 3610 2476 3661 essent
2499 3606 2710 3677 millia;
2735 3609 2842 3666 hoc
2860 3615 3052 3667 tamen
3073 3613 3268 3685 palam
3291 3621 3620 3687 constante,

1973 3694 2107 3766 plus
2132 3694 2225 3749 hic
2253 3694 2560 3766 nobilium,
2586 3696 2718 3768 plus
2740 3698 2858 3754 illic
2878 3701 3618 3774 cecidisseplebeiemulti-

1972 3784 2216 3849 tudinis,
2239 3788 2295 3839 et
2323 3790 2557 3856 propter
2577 3787 2957 3844 amissionem
2981 3789 3442 3850 clarissimorum
3465 3796 3616 3851 viro-

1975 3888 2106 3926 rum
2137 3874 2329 3941 majus
2367 3872 2614 3930 victores
2646 3891 2823 3944 quam
2875 3875 3055 3932 victos
3115 3879 3321 3937 tulisse
3381 3881 3620 3955 dispen-

1973 3962 2136 4017 dium
2169 3961 2340 4042 (393).
2374 3961 2618 4018 Moerore
2647 3969 2703 4019 et
2729 3963 2890 4020 luctu
2923 3967 3146 4024 affectis
3166 3971 3464 4042 omnibus,
3497 3989 3623 4043 gra-

1973 4050 2096 4106 vior
2123 4051 2368 4106 accessit
2413 4051 2579 4107 dolor
2626 4057 2684 4108 et
2723 4054 2858 4110 facti
2909 4057 3270 4128 pmnitentia,
3324 4065 3622 4134 comperto

1974 4141 2130 4212 quod
2165 4139 2456 4212 principes
2478 4141 2760 4213 Saxoniee,
2783 4160 2932 4214 quos
2964 4147 3035 4202 ad
3061 4165 3244 4204 unum
3280 4150 3622 4206 interfectos

1976 4229 2162 4300 pridie
2190 4245 2335 4284 vano
2365 4247 2598 4286 rumore
2618 4231 3018 4306 vulgaverant,
3043 4254 3245 4295 omnes
3270 4240 3496 4312 integro
3521 4257 3627 4295 nu-

1977 4334 2136 4372 mero
2156 4317 2434 4385 viverent,
2466 4323 2642 4391 atque
2673 4323 2745 4376 ad
2779 4323 3109 4381 iterandum
3143 4328 3405 4398 praelium
3443 4344 3620 4384 novas

1978 4407 2168 4461 denuo
2200 4407 2397 4479 cOpias
2424 4407 2576 4478 pleni
2597 4411 2932 4467 animorum
2955 4416 3386 4472 contraherent.
3422 4417 3623 4472 Gravi-

204 4497 491 4554 mediocri
523 4498 650 4555 loco
681 4503 850 4553 natos
879 4498 1054 4570 (392)‘
1111 4515 1315 4555 omnes
1363 4499 1479 4555 vivi
1536 4498 1864 4570 integrique
1895 4508 1940 4572 ι)
1972 4502 2059 4550 ter
2089 4495 2268 4551 nimis
2300 4496 2560 4552 ferebant
2589 4503 2645 4552 et
2671 4499 2822 4554 inter
2847 4517 2909 4556 se
2938 4501 3084 4557 haut
3111 4503 3377 4559 obscuris
3427 4503 3615 4559 musi-

1564 4637 1806 4692 VARUE
1854 4635 2264 4693 LECTIONES.

286 4747 384 4826 ξιῖδ
408 4744 767 4826 fortissimus
1008 4745 1108 4826 ξιτθ
1131 4744 1299 4826 Adeesi
1312 4745 1367 4800 3.
1446 4745 1537 4826 ξ⁴⁷⁷
1569 4743 1917 4826 qlisbergﬁ.
1941 4743 2089 4826 “1‘73
2130 4747 2187 4799 et
2218 4744 2271 4798 3.
2351 4745 2442 4780 “79
2475 4745 2930 4820 Lutoringorum
2970 4749 3023 4806 3.
3059 4750 3536 4826 Lutteringorum
3567 4754 3620 4812 1.

209 4819 310 4857 1⁴⁸⁰
340 4819 382 4874 i.
411 4818 483 4875 ad
513 4818 554 4874 f.
589 4818 669 4873 bis
697 4817 965 4889 scriptum
996 4817 1048 4871 4.
1127 4817 1217 4851 “31
1254 4817 1418 4872 Tunc
1442 4817 1494 4872 4.
1574 4815 1668 4852 ¹⁴⁸²
1706 4815 1900 4887 gladio
1933 4816 2010 4871 1·.

1806 4939 2040 4998 ΝΟΤΛΕ.

282 5040 439 5167 (328591)
471 5041 720 5112 Pugnam
754 5038 1039 5110 lacessere,
1090 5039 1163 5094 cf.
1216 5037 1420 5112 Virgil.
1472 5039 1580 5111 Αἰ,
1625 5055 1680 5108 v,
1724 5038 1866 5107 426;

207 5131 294 5181 x1,
329 5131 457 5167 ιοιι.

307 5184 438 5255 390)
469 5182 552 5238 Cf.
585 5182 848 5253 Sallust.,
869 5181 1073 5255 ,Catil.,
1105 5199 1153 5238 c.
1187 5183 1280 5236 60.

309 5251 440 5322 391)
471 5258 538 5309 V.
588 5251 882 5310 Gebhardi
938 5251 1087 5309 Hist.
1139 5269 1273 5325 gen.
1333 5251 1485 5309 Abh.
1519 5251 1591 5318 II,
1651 5270 1708 5325 ιι.
1745 5255 1866 5308 107.

211 5325 468 5382 \Venck.
501 5325 647 5381 Hist.
682 5325 874 5396 Hass.,
905 5326 1006 5390 Ill,
1040 5341 1095 5396 p.
1127 5325 1251 5378 217.

292 5397 444 5470 (392)
475 5394 874 5470 Gebehardus,
933 5394 1118 5470 pater
1147 5394 1404 5470 Lotharii
1459 5394 1630 5470 impl,
1666 5398 1738 5470 _et
1766 5396 1867 5470 Er-

218 5465 454 5536 nestus,
479 5475 640 5540 pater
658 5468 875 5524 Alberti
901 5465 1276 5540 marchionis.
1311 5467 1426 5540 KR.
1459 5465 1564 5521 Cf.’
1583 5465 1868 5540 Deliusiin

215 5541 371 5597 diss.
403 5538 818 5597 de'comitibus
847 5538 1541 5610 Velthemio-Osterburg.
1576 5538 1670 5610 (ap
1691 5539 1868 5610 Ledee

212 5613 386 5686 bum,
409 5612 667 5687 Arohiv.,
695 5615 740 5670 t.
794 5611 855 5684 V,
888 5611 1029 5671 fasc.
1063 5615 1113 5683 Ι,
1152 5627 1209 5690 p.
1250 5611 1344 5680 53,
1389 5609 1590 5668 ann’ot.’
1621 5609 1735 5685 44),
1769 5609 1870 5687 qui

1980 5039 2660 5122 secundum'ﬂrunonem
2681 5059 2750 5122 ex
2767 5045 2974 5122 mediis
2995 5044 3360 5122 Folcmarum
3383 5052 3440 5104 et
3452 5047 3627 5122 Liud-

1978 5127 2182 5184 gerum
2216 5112 2494 5184 cecidisse
2554 5120 2772 5177 monet,
2814 5121 2870 5171 et
2924 5118 3171 5174 fortasse
3225 5118 3286 5174 in
3340 5120 3628 5176 Lamberti

1979 5182 2187 5270 9hron.
2215 5199 2389 5270 unam
2413 5182 2632 5270 lineam
2651 5187 3230 5270 exci'disse‘putat_,._in
3263 5207 3382 5262 qua
3407 5193 3629 5270 mentio

1978 5253 2130 5309 facta
2159 5259 2315 5310 esset
2343 5255 2636 5311 Gebhardi
2669 5261 2726 5312 et
2755 5253 2983 5315 Ernesti
3006 5253 3314 5318 nobilium.
3339 5295 3406 5305 ——
3426 5263 3627 5320 Medio-

1976 5326 2228 5450 lcgéitrco
2283 5329 2446 5381 natus
2511 5327 2664 5383 infra
2720 5344 2952 5400 quoque
3007 5332 3065 5387 h.
3141 5350 3195 5389 a.
3255 5339 3312 5390 et
3374 5352 3427 5390 a.
3486 5336 3626 5391 1076

2166 5415 2211 5450 r.

2001 5413 2155 5469 egitu
2166 5415 2211 5452 r.

2049 5469 2197 5551 (393)
2228 5473 2306 5524 Ex
2333 5469 2964 5551 Saxonibusfermead
2988 5477 3116 5529 octo
3139 5475 3345 5544 millia,
3374 5493 3443 5534 ex
3464 5477 3619 5551 regis

1977 5540 2523 5674 iggfgittéoqgitnque
2555 5542 2744 5602 millia
2771 5544 3075 5618 cecidisse,
3108 5554 3312 5610 auctor
3333 5540 3438 5617 est
3483 5540 3619 5612 Βδτ·
