3996 6158
215 269 368 336 H89

1473 281 1861 342 ANNALES.
1895 311 1974 326 -—
2002 283 2129 342 AN.
2180 287 2359 346 1075.

3464 293 3621 357 1190

211 405 312 462 alii
346 406 593 462 diversis
615 406 996 481 principibus,
1022 411 1178 466 utad
1196 415 1430 484 tempus
1463 419 1858 480 servarentur.
1891 415 1946 481 Α
1978 415 2123 471 fecto
2156 420 2344 488 major
2373 424 2588 476 restare
2619 421 2938 477 timebatur
2960 419 3074 492 ‘5”,
3108 422 3306 480 minus
3343 426 3616 481 devotum

217 497 616 552 commendati
633 502 792 552 sunt.

287 586 405 640 Rex
436 602 624 657 usque
665 586 995 644 Halberstat
1054 590 1139 630 ¹⁵⁰¹
1201 606 1334 646 cum
1395 593 1656 648 exercitu
1703 592 1863 648 venit

188 675 404 746 ’(Jul.),
437 674 652 743 omnia,
690 682 754 730 ut
784 683 1056 749 coeperat,
1093 679 1556 753 circumquaque
1607 683 1757 737 ferro
1805 686 1863 736 et

212 765 350 838 igne
383 764 768 836 depopulans.
820 767 1142 823 Goslariam
1195 785 1429 841 quoque
1479 787 1611 826 cum
1661 770 1863 844 paucis

213 852 491 926 perrexit,
526 871 768 925 parcens
788 853 914 910 loco
941 857 1237 914 ditissimo
1264 864 1322 914 et
1348 859 1457 915 sibi
1482 876 1714 932 semper
1733 876 1862 932 gra-

213 943 470 1009 tissimo,
499 959 570 998 ne
603 944 694 978 ¹¹⁰²
724 960 899 1015 quam
928 947 1189 1002 admissa
1219 948 1597 1004 multitudine
1620 949 1865 1005 sentiret

212 1032 669 1103 depraedationis
699 1032 1000 1103 injuriam.
1033 1036 1300 1108 Cumque
1329 1038 1616 1093 exercitus
1650 1039 1705 1093 in
1741 1038 1865 1093 dies

210 1119 370 1176 fame
400 1126 458 1176 et
486 1121 586 1177 siti
619 1122 924 1194 deperiret,
959 1125 1136 1180 veteri
1158 1126 1449 1182 frumento
1472 1128 1685 1198 partim
1710 1128 1862 1200 igne,

215 1211 432 1282 partim
462 1215 635 1266 tantas
669 1211 1066 1269 multitudinis
1099 1215 1306 1271 usibus
1335 1216 1668 1288 absumpto,
1721 1233 1865 1272 novo

211 1305 410 1354 autem
445 1297 695 1355 necdum
726 1305 992 1368 maturo;
1029 1318 1281 1373 cumque
1316 1321 1450 1375 spes
1504 1304 1665 1360 nulla
1714 1308 1869 1360 esset

215 1388 345 1443 sine
375 1387 728 1459 largioribus
747 1388 1002 1446 induciis
1023 1395 1078 1445 et
1094 1392 1422 1462 majoribus
1443 1392 1728 1465 impensis
1742 1393 1866 1450 bel-

213 1475 340 1532 lum
373 1476 482 1532 hoc
513 1477 717 1532 conﬁci
751 1494 958 1549 posse:
989 1485 1262 1537 exoratus
1304 1497 1403 1536 rex
1439 1499 1472 1537 a
1503 1483 1868 1555 principibus

211 1565 468 1621 Saxonia
510 1567 776 1632 excessit,
819 1571 875 1621 et
920 1568 1188 1625 transitis
1239 1570 1458 1626 finibus
1509 1571 1867 1644 Thuringiaa,

212 1655 317 1710 ubi
349 1654 780 1728 Eschenewege
812 1656 902 1692 “‘03
927 1659 1216 1728 pervenit,
1249 1659 1564 1714 exercitum
1623 1660 1866 1731 dimisit,

211 1749 454 1815 accepta
477 1761 509 1798 a
531 1743 896 1816 principibus
917 1746 1258 1802 firmissima
1281 1750 1596 1820 sponsione
1619 1750 1771 1820 quod
1795 1749 1866 1804 ad

212 1834 646 1888 m‘iterandam
661 1835 1088 1906 expeditionem
1106 1837 1165 1889 11
1195 1837 1287 1872 ¹⁵ο⁵
1309 1836 1601 1893 Kalendas
1623 1838 1862 1894 Novem-

215 1923 342 1977 bris
369 1923 622 1993 majores
653 1929 710 1978 et
739 1924 1112 1980 ambitiosius
1142 1925 1462 1982 instructas
1495 1927 1607 1982 sibi
1642 1928 1701 1982 in
1732 1933 1865 1982 Ger-

215 2015 461 2084 stingun
497 2012 586 2048 ¹⁶⁰⁶
616 2014 813 2085 copias
845 2014 1150 2069 adducturi
1183 2021 1397 2072 essent.

291 2103 417 2167 Quo
448 2101 508 2156 in
539 2105 801 2174 tempore
834 2103 1175 2159 nunciatum
1207 2109 1296 2160 est
1336 2105 1456 2177 regi
1505 2105 1861 2161 Dietwinum

215 2189 600 2246 Leodiensem
653 2191 1015 2262 episcopum,
1075 2193 1265 2248 virum
1315 2192 1519 2248 multis
1591 2199 1862 2249 ornatum

214 2279 538 2334 virtutibus
568 2284 624 2335 et
653 2297 755 2351 per
783 2279 981 2352 plures
1011 2283 1130 2352 jam
1164 2298 1348 2337 annos
1378 2283 1702 2338 sacerdotio
1735 2299 1862 2354 per-

218 2369 513 2434 functum,
545 2369 617 2423 ab
649 2369 756 2424 hac
788 2369 916 2425 luce
944 2369 1227 2442 migrasse
1261 2371 1430 2442 (394).
1467 2372 1566 2426 Cui
1596 2371 1865 2443 protinus

217 2471 321 2512 rex
350 2473 454 2529 per
484 2457 875 2514 interventum
905 2458 1210 2515 Gozelonis
1240 2460 1430 2529 ducis,
1472 2466 1709 2532 pr0pter
1738 2462 1866 2532 ejus

217 2545 511 2602 excellens
540 2547 601 2602 in
632 2547 844 2602 militia
875 2547 1170 2617 meritum,
1204 2565 1605 2605 successorem
1648 2550 1863 2605 consti-

216 2636 336 2690 tuit
365 2634 702 2690 Heinricum
730 2639 1024 2708 quendam
1055 2636 1484 2693 Vertunensem
1517 2639 1604 2673 ¹⁵⁰⁷
1637 2638 1868 2694 canoni-

217 2739 378 2789 cum,
411 2724 525 2795 ipsi
573 2724 706 2780 duci
755 2726 1265 2798 consanguinitate
1313 2727 1644 2798 proximum
1694 2727 1862 2799 (395).

219 2813 345 2876 Quo
374 2812 475 2868 ille
513 2813 791 2870 beneficio
850 2815 970 2887 regi
1022 2816 1347 2880 devinctus,
1401 2833 1636 2887 operam
1695 2833 1864 2872 suam

217 2902 432 2957 futurae
461 2903 810 2974 expeditioni
841 2921 1018 2975 quam
1052 2905 1365 2960 maximam
1390 2904 1791 2976 pollicebatur.

297 2991 439 3058 Rex,
471 2990 716 3047 dimisso
747 2992 1025 3058 exercitu,
1056 2991 1319 3048 concitus
1348 2993 1742 3049 Wormaciam
1773 3011 1865 3050 ve-

222 3079 334 3136 nit.
379 3079 495 3136 Nec
526 3079 710 3136 multo
759 3087 890 3153 post
947 3081 1321 3137 Burchardua
1371 3083 1718 3154 praepositus
1777 3084 1867 3126 ¹⁵ο⁸

1971 503 2284 563 habiturus
2305 512 2478 565 esset.

2042 593 2417 666 Mogontinus
2447 597 2940 671 archiepiscopus,
2974 601 3249 657 efferatus
3277 601 3336 656 in
3369 601 3613 658 Halber-

1970 686 2286 738 statensem
2323 686 2414 720 ¹⁶¹⁶
2443 687 2804 759 episcopum,
2850 706 2951 760 pro
3002 707 3068 746 eo
3117 691 3270 762 quod
3314 707 3416 762 per
3473 707 3607 748 eum

1971 771 2343 841 potissimum
2377 775 2606 830 stetisse
2637 775 2926 832 videretur
2949 795 3018 834 ne
3040 780 3294 835 Saxones
3323 780 3614 835 dedicioni

1972 862 2385 928 consentirent,
2421 865 2709 936 spirituali
2755 871 3054 922 armatura
3110 867 3398 924 debellare
3446 874 3614 940 parat

1973 965 2145 1019 quem
2183 951 2416 1006 militari
2459 969 2633 1008 manu
2670 971 2784 1008 non
2818 960 3084 1025 potuerat
3117 955 3230 1010 “17.
3257 958 3536 1028 Legatum
3563 957 3616 1013 ei

1975 1038 2176 1104 mittit,
2209 1056 2462 1111 eumque
2493 1041 2564 1096 ad
2624 1042 2900 1097 sinodum
2951 1049 3168 1113 evocat,
3221 1044 3519 1100 intentans
3563 1046 3617 1100 ei

1974 1127 2192 1182 crimen
2229 1130 2488 1200 perjurii,
2521 1147 2588 1186 ea
2617 1131 2686 1186 de
2717 1148 2896 1187 causa
2931 1133 3085 1202 quod
3113 1137 3313 1188 contra
3346 1150 3467 1189 rem
3509 1151 3620 1206 pu-

1976 1215 2189 1272 blicam
2221 1223 2278 1273 et
2308 1219 3144 1291 regem,cuisubjurejurando
3168 1222 3342 1276 fidem
3361 1239 3619 1294 spopon-

1976 1305 2184 1371 disset,
2217 1307 2567 1364 instructam
2600 1309 2781 1363 aciem
2826 1311 2941 1363 dux
2980 1309 3103 1380 ipse
3137 1310 3270 1366 belli
3316 1309 3619 1367 direxisset

1980 1394 2072 1430 ¹⁶¹⁸
2101 1411 2114 1461 ;
2146 1401 2204 1450 et
2237 1395 2340 1450 hac
2363 1396 2670 1452 occasione
2704 1399 2793 1432 ¹⁵¹⁹
2839 1399 3176 1468 episcopatu
3233 1415 3368 1455 eum
3419 1400 3620 1455 detur-

1977 1483 2134 1554 bare,
2169 1484 2215 1538 si
2241 1488 2372 1540 vota
2394 1489 2675 1556 sequatur
2695 1488 2951 1552 effectus,
2978 1488 3350 1543 machinatur
3373 1506 3386 1556 ;
3413 1505 3620 1560 parum

1979 1571 2238 1627 recolens
2268 1588 2330 1628 se
2360 1574 2555 1645 ipsum
2589 1575 2790 1647 eadem
2815 1592 2960 1630 noxa
2989 1577 3191 1646 teneri,
3226 1577 3366 1648 quia
3397 1581 3452 1632 et
3495 1578 3619 1649 ipse

1978 1664 2035 1715 et
2064 1661 2258 1715 cuncti
2292 1662 2584 1733 principes
2610 1664 2795 1734 regni,
2831 1663 2928 1734 qui
2963 1681 3119 1719 nunc
3159 1665 3414 1736 partium
3465 1665 3620 1739 regis

1899 1781 1946 1846 B
1981 1755 2164 1815 erant,
2195 1749 2254 1804 in
2295 1749 2415 1804 haec
2438 1751 2636 1805 eadem
2662 1757 2864 1807 contra
2889 1768 3080 1823 regem
3106 1753 3258 1808 bella
3280 1771 3312 1807 a
3335 1755 3621 1826 principio

1975 1839 2439 1908 conjuraverant.
2459 1839 2567 1893 Sed
2596 1843 2845 1894 nuncius
2869 1845 3025 1894 metu
3050 1840 3457 1912 hostium.per
3477 1859 3622 1913 quo-

1976 1943 2105 1981 rum
2137 1933 2320 1982 terras
2344 1928 2769 1983 transeundum
2793 1935 2935 1994 erat,
2962 1929 3290 1984 retardatus
3314 1934 3422 2000 est,
3446 1947 3516 1985 ne
3543 1931 3613 1985 ad

1975 2016 2268 2087 legitimas
2300 2016 2585 2086 inducias,
2619 2017 2770 2072 sicut
2800 2016 3058 2073 solemne
3079 2022 3186 2083 est,
3211 2017 3262 2072 ei
3286 2019 3441 2073 diem
3467 2019 3620 2074 dice-

1974 2109 2101 2172 ret;
2138 2111 2311 2176 atque
2342 2105 2424 2158 ita
2455 2105 2717 2177 ineptum
2779 2105 3091 2161 consilium
3133 2108 3336 2162 eadem
3386 2107 3616 2164 levitate

1974 2194 2209 2248 evanuit
2247 2211 2364 2264 qua
2392 2199 2645 2266 cceptum
2670 2195 3168 2250 fuerat.Sinodum
3192 2199 3390 2250 tamen
3411 2197 3615 2252 eodem

1975 2299 2128 2337 anno
2162 2299 2362 2337 mense
2391 2282 2624 2338 Octobri
2674 2283 2978 2354 Mogontiie
3013 2283 3161 2353 (397)
3201 2285 3610 2356 congregavit:

1977 2371 2076 2426 ubi
2107 2371 2260 2426 inter
2279 2370 2424 2426 alios
2450 2372 2543 2406 ¹⁵²⁰
2564 2372 2661 2443 qui
2691 2376 3081 2427 convenerant
3101 2373 3301 2427 aderat
3320 2372 3616 2428 Curiensis

1975 2461 2305 2532 episcopus,
2339 2460 2665 2530 apostolicae
2699 2461 2786 2496 ¹⁸²¹
2823 2461 2979 2515 sedis
3010 2459 3234 2515 litteras
3255 2466 3312 2515 et
3342 2462 3620 2517 mandata

1977 2549 2273 2604 deferens:
2309 2548 2523 2618 quibus
2554 2548 2604 2603 ei
2635 2549 2745 2603 sub
2786 2547 3258 2603 interminatione
3299 2549 3518 2620 gradus
3565 2553 3622 2605 et

1977 2637 2200 2692 ordinis
2233 2637 2323 2692 sui
2356 2637 2746 2708 praecipiebat,
2782 2637 2936 2692 sicut
2962 2641 3130 2692 antea
3162 2652 3396 2708 quoque
3420 2637 3622 2695 multis

1977 2725 2366 2798 legationibus
2399 2729 2767 2797 praeceperat,
2794 2729 2857 2780 ut
2879 2727 3246 2798 presbyteros
3269 2743 3493 2796 omnes,
3519 2727 3619 2799 qui

1977 2817 2128 2870 intra
2159 2831 2328 2869 suam
2360 2814 2639 2870 diocesim
2663 2818 2878 2884 essent,
2899 2819 3126 2886 cogeret
3154 2819 3255 2869 aut
3284 2813 3342 2868 in
3376 2832 3622 2886 praesen-

1975 2904 2190 2959 tiarum
2216 2902 2567 2975 conjugibus
2589 2903 2953 2968 renunciare,
2978 2908 3078 2958 aut
3100 2919 3162 2960 se
3185 2903 3240 2958 in
3265 2908 3613 2975 perpetuum

1977 2993 2128 3048 sacri
2159 2991 2356 3048 altaris
2389 2992 2714 3048 ministerio
2739 2992 2831 3026 ¹⁶²²
2854 2993 3124 3048 abdicare
3155 2990 3267 3047 “‘93.
3291 2993 3453 3057 Quod
3476 2993 3616 3049 dum

1977 3081 2164 3138 facere
2193 3080 2382 3148 vellet,
2413 3084 2776 3153 exurgentes,
2807 3081 2907 3152 qui
2947 3081 3207 3153 undique
3255 3081 3614 3152 assidebant,

217 3170 594 3226 Treverensis
623 3148 897 3238 ecclesiis,
925 3171 1023 3243 qui
1055 3171 1129 3226 ad
1160 3187 1354 3244 regem
1387 3170 1754 3227 Ruzenorum
1778 3173 1867 3208 ¹⁶⁰⁹
1897 3148 1940 3216 C
1980 3169 2173 3226 clerici
2203 3169 2283 3224 ita
2313 3185 2446 3224 eum
2473 3169 2664 3224 verbis
2695 3171 3095 3236 confutabant,
3129 3171 3209 3224 ita
3240 3172 3515 3227 manibus
3564 3176 3622 3228 et

208 3258 506 3332 legatione
537 3259 696 3332 regia
728 3260 963 3316 functus
994 3260 1158 3327 ierat,
1195 3277 1462 3316 reversus
1489 3265 1598 3328 est,
1631 3267 1862 3318 tantum

207 3349 332 3421 regi
371 3349 637 3404 deferens
669 3350 793 3404 auri
825 3354 881 3404 et
910 3351 1133 3423 argenti
1172 3351 1264 3386 ¹⁵¹⁰
1293 3354 1350 3407 et
1375 3349 1619 3405 vestium
1648 3351 1865 3422 precio-

209 3453 439 3502 sarum,
473 3441 538 3492 ut
568 3436 729 3492 nulla
760 3448 912 3493 retro
945 3440 1227 3494 memoria
1257 3443 1485 3493 tantum
1510 3456 1688 3510 regno
1711 3440 1859 3494 Teu-

205 3528 408 3582 tonico
441 3543 558 3581 uno
591 3531 853 3599 tempore
902 3528 1130 3582 illatum
1181 3527 1468 3582 referatur
1514 3529 1683 3598 (396).
1739 3527 1862 3591 Qua

212 3632 412 3688 regem
448 3617 713 3671 mercede
734 3617 804 3671 ad
829 3616 938 3672 hoc
959 3621 1187 3672 tantum
1209 3615 1493 3672 redimere
1513 3616 1742 3672 volebat
1765 3634 1861 3673 rex

211 3705 610 3776 Ruzenorum,
645 3710 710 3759 ut
733 3706 899 3760 fratri
933 3722 1059 3772 suo,
1091 3721 1263 3776 quem
1298 3721 1476 3778 regno
1535 3705 1859 3778 expulerat,

210 3795 528 3849 adversum
563 3811 624 3850 se
656 3811 768 3849 non
812 3795 1093 3866 praeberet
1141 3793 1447 3850 auxilium.
1497 3795 1658 3858 Quod
1709 3800 1861 3851 certe

204 3883 395 3955 gratis
426 3883 604 3938 etiam
637 3883 950 3954 impetrare
975 3883 1462 3956 potuisset,quia,
1485 3883 1777 3940 intestinis
1797 3900 1861 3939 ac

201 3973 551 4028 domesticis
586 3972 756 4027 bellis
788 3977 1107 4044 occupatus
1139 3974 1247 4042 “5”,
1272 3974 1343 4029 ad
1367 3978 1603 4029 externa
1624 3978 1862 4045 tamque

193 4063 447 4117 remotis
479 4063 760 4134 gentibus
793 4061 1098 4118 inferenda
1127 4061 1281 4117 bella
1305 4062 1464 4118 nullo
1498 4064 1668 4118 modo
1700 4080 1860 4118 vaca-

190 4151 315 4205 bat.
354 4150 465 4205 Per
506 4167 567 4206 se
609 4167 822 4222 magno
874 4150 1101 4206 muneri
1154 4166 1436 4222 magnum
1488 4151 1715 4206 addidit
1768 4151 1860 4188 ⁸⁵³2

192 4240 467 4311 precium
497 4241 776 4300 temporis
808 4239 1194 4311 oportunitas.
1225 4239 1370 4294 Nam
1405 4239 1746 4310 ingentibus
1770 4242 1862 4276 “"3

198 4329 459 4384 recentis
487 4328 623 4384 belli
667 4329 937 4401 expensis
985 4327 1256 4383 marium
1307 4327 1459 4400 regis
1509 4327 1859 4384 exhaustum

197 4417 420 4488 fuerat,
455 4421 510 4473 et
539 4417 710 4474 miles
742 4418 1118 4474 vehementer
1138 4417 1416 4486 instabat,
1441 4433 1628 4488 nuper
1648 4422 1861 4472 exactae

1971 3259 2162 3315 tocius
2193 3257 2455 3329 corporis
2486 3260 2655 3328 gestu
2686 3256 2746 3312 in
2778 3273 2913 3312 eum
2946 3258 3443 3327 debachabantur,
3478 3266 3542 3315 ut
3557 3277 3620 3316 se

1971 3349 2091 3402 vita
2107 3347 2317 3402 comite
2349 3346 2554 3401 sinodo
2576 3361 2954 3401 excessurum
2985 3347 3338 3418 desperaret.
3368 3349 3463 3403 Sic
3488 3354 3618 3404 tan-

1972 3438 2127 3503 dem,
2154 3437 2231 3491 rei
2265 3434 2607 3490 difficultate
2629 3438 2962 3506 superatus,
2986 3435 3316 3490 statuitsibi
3341 3436 3615 3509 deinceps

1969 3526 2074 3581 tali
2115 3523 2432 3597 quaestione
2461 3523 2700 3578 omnino
2726 3523 3251 3594 supersedendum,
3273 3530 3329 3580 et
3351 3525 3615 3583 Romano

1971 3614 2227 3687 pontifici
2261 3613 2734 3684 relinquendum,
2769 3618 2833 3666 ut
2863 3628 3124 3680 causam,
3159 3630 3336 3684 quam
3374 3614 3502 3686 ipse
3531 3620 3614 3672 to-

1969 3705 2121 3760 tiens
2154 3703 2244 3738 “‘9‘
2275 3701 2558 3756 inutiliter
2588 3692 3010 3772 proposuisset,
3045 3701 3142 3756 ille
3174 3717 3278 3773 per
3333 3703 3613 3775 semetip-

1976 3809 2134 3857 sum,
2194 3791 2426 3862 quando
2486 3789 2656 3845 vellet
2712 3794 2769 3844 et
2827 3791 3122 3860 quomodo
3179 3789 3370 3857 vellet,
3448 3807 3620 3863 pero-

1975 3886 2130 3937 raret
2142 3923 2154 3935 .

2043 3965 2348 4023 Heinricus
2367 3957 2660 4038 Spirensis
2674 3965 3145 4036 episcopus,cum
3162 3968 3286 4037 jam
3310 3966 3620 4023 thesauros

1970 4057 2224 4115 ecclesia:
2257 4055 2549 4128 Spirensis
2582 4071 2724 4126 pene
2747 4070 2952 4110 omnes
2979 4054 3187 4126 puerili
3219 4055 3451 4112 levitate
3472 4055 3618 4112 dila-

1971 4148 2233 4220 pidasset
2265 4149 2322 4199 et
2368 4145 2586 4215 praedia
2643 4142 2928 4199 militibus
2983 4145 3107 4199 suis
3161 4145 3217 4198 in
3268 4146 3615 4202 beneficium

1971 4239 2289 4308 erogasset,
2321 4233 2379 4287 in
2411 4238 2637 4288 tantum
2670 4238 2735 4288 ut
2777 4232 2870 4288 vix
2925 4233 2984 4287 in
3034 4234 3347 4289 dimidium
3393 4251 3616 4291 annum

1972 4329 2248 4396 sumptus
2271 4323 2318 4378 ei
2345 4321 2714 4377 exreditibus
2730 4322 2985 4378 ecclesia:
3011 4323 3327 4378 ministrari
3352 4327 3615 4396 possent,

1972 4414 2273 4485 inopinata
2304 4414 2488 4466 morte
2519 4411 2852 4465 subtractus
2882 4416 2989 4466 est.
3024 4411 3102 4466 De
3133 4413 3302 4481 cujus
3333 4411 3495 4467 obitu
3528 4411 3618 4465 di-

195 4506 423 4561 militiaa
458 4507 748 4579 premium
779 4507 1112 4578 efﬂagitans
1144 4507 1237 4542 ‘5“
1263 4524 1276 4573 ;
1305 4505 1397 4561 cui
1425 4506 1538 4560 nisi
1562 4506 1632 4560 ad
1655 4510 1852 4562 votum
1886 4511 1935 4578 D
1967 4521 2141 4580 gnam
2176 4499 2456 4556 memoria
2485 4499 2765 4553 visionem
2787 4499 2932 4552 vidit
2954 4499 3204 4553 clericus
3227 4499 3491 4569 quidam,
3515 4498 3618 4568 qui

193 4595 363 4667 regia
394 4594 702 4668 largitione
731 4596 1136 4663 satisfecisset,
1167 4596 1311 4650 haut
1339 4593 1516 4650 dubie
1545 4596 1854 4652 constabat
1963 4597 2013 4652 ei
2047 4593 2317 4648 defuncto
2350 4587 2613 4659 protinus
2645 4584 2703 4638 in
2737 4585 3139 4657 episcopatum
3176 4586 3478 4653 successit,
3513 4602 3617 4640 no-

191 4685 355 4754 quod
386 4699 520 4739 eum
553 4686 623 4741 ad
657 4684 965 4757 reliquiam
999 4684 1223 4756 negocii
1266 4688 1494 4754 partem
1545 4700 1670 4756 quis
1718 4701 1850 4757 pro-

1963 4685 2120 4740 mine
2154 4682 2528 4732 Huzmannus
2557 4673 2664 4736 ωδ.
2700 4672 2948 4728 Putabat
2977 4690 3038 4729 se
3058 4673 3115 4728 in
3139 4673 3314 4729 choro
3351 4671 3614 4744 Spirensi

1560 4817 1798 4888 VARL’E
1853 4813 2262 4878 LEGTIONES.

269 4915 362 4950 ποί
399 4912 738 4970 Halberstad
772 4916 823 4970 4.
929 4915 1020 4950 ¹⁵⁰²
1053 4930 1124 4970 ne
1159 4943 1226 4955 --
1257 4914 1532 4985 injuriam
1558 4914 1752 4969 desunt
1782 4917 1833 4970 4.

194 4987 292 5021 ¹⁶⁰⁶
321 4985 697 5058 Gerstungun
727 4987 778 5040 3.
888 4987 975 5022 ι⁸⁰⁷
1006 4988 1314 5058 ίίαγοτηηεδ.

197 5057 430 5129 argenti
460 5062 516 5112 et
545 5057 670 5112 auri
702 5059 756 5129 3.
837 5058 923 5093 ¹⁵¹¹
958 5057 1296 5128 implicatus
1325 5058 1378 5112 3.
1460 5058 1554 5093 ‘5”
1586 5059 1770 5113 adidit
1800 5059 1851 5114 4.

197 5128 332 5182 tim.
352 5128 437 5199 ,4.
517 5129 609 5164 ¹⁶¹⁶
639 5128 1184 5185 llalberstadensem
1213 5131 1266 5184 4.
1374 5129 1461 5164 ί⁵¹⁷
1493 5134 1717 5199 poterat
1747 5131 1796 5183 4-

1940 4917 2032 4952 1³0³
2058 4912 2452 4976 Eschenwege
2479 4904 2534 4958 3.

1420 4987 1507 5020 ¹⁶⁰⁸
1539 4987 1632 5042 Tr.
1659 4987 1913 5044 ecclesiis
1944 5005 2002 5060 p.
2034 4988 2090 5040 3.
2195 4987 2283 5016 ¹⁸⁰⁹
2332 4987 2398 5032 ul

1460 5058 1554 5093 1519
1586 5059 1770 5106 adidit
1800 5059 1850 5106 li-
1931 5061 2027 5102 1:13
2060 5051 2315 5106 incentis
2347 5051 2398 5102 1'

1931 5063 2027 5102 1:13
2060 5063 2315 5125 ingentis
2347 5063 2424 5102 1‘.
2505 5063 2595 5081 ’σι’
2623 5063 2922 5172 exagitans
2956 5063 3008 5102 4.
3087 5063 3189 5102 1°"
3219 5063 3614 5128 Videbatur.“

1904 5132 1996 5168 ¹⁶¹³
2029 5129 2271 5184 dixisset
2304 5124 2352 5176 1.
2387 5117 2648 5173 duxisset
2675 5135 2718 5174 ϐ(
2747 5163 2758 5174 .
2790 5121 2844 5174 2.
2924 5120 3018 5155 ¹⁶¹⁹
3065 5125 3121 5175 et
3152 5118 3209 5174 h.
3241 5137 3294 5174 ο.
3326 5119 3409 5190 bis
3437 5133 3614 5190 scrip-

2195 4982 2283 5016 ¹⁸⁰⁹
2332 4974 2697 5048 Rusenorum
2750 4978 2909 5048 regia
2953 4978 3003 5032 1.
3037 4977 3090 5030 4.
3180 4977 3291 5048 γ¹⁶¹Α⁰
3323 4975 3437 5031 def.
3487 4974 3610 5046 regi

2504 5047 2595 5081 ‘5“
2623 5046 2922 5104 exagitans
2956 5049 3008 5102 4.
3087 5047 3189 5102 1⁶¹⁵
3219 5046 3527 5103 videbatur
3555 5048 3614 5102 et

201 5204 329 5272 tum
493 5199 582 5235 ¹⁸²⁰
613 5200 758 5256 alios
790 5200 1093 5272 episcopos
1126 5184 1176 5256 1.
1259 5200 1346 5236 ¹⁵²¹
1382 5184 1634 5256 Ηοίιοσο
1665 5184 1721 5255 in
1752 5204 1804 5256 3.
1836 5203 1955 5258 alia
1981 5214 2180 5257 manus
2205 5193 2416 5264 incipit.
2499 5190 2592 5224 ¹⁶²²
2625 5190 2945 5247 ministerio
2971 5192 3024 5246 3.
3103 5192 3196 5226 ¹⁵²³
3226 5189 3528 5247 abdicaret
3547 5184 3611 5248 ’4.

205 5271 306 5306 “9‘
340 5269 557 5327 timens
587 5272 638 5325 4.
719 5269 1223 5329 “"Husmannus
1250 5273 1301 5325 4.

1798 5369 2033 5428 NOT/E.

304 5465 433 5536 394)
466 5465 621 5522 Obiit
650 5469 707 5524 d.
732 5469 792 5522 2|
833 5469 968 5525 Mai.

300 5536 430 5606 395)
457 5538 667 5594 Filium
693 5540 967 5596 Friderici
999 5538 1238 5596 comitis
1261 5535 1580 5593 Tullensis.

299 5605 430 5685 296)
462 5609 536 5668 et“.
570 5626 750 5686 supra
768 5611 878 5669 col.
915 5611 1090 5686 1170;
1117 5616 1175 5670 et
1194 5609 1317 5668 vid.
1343 5607 1676 5686 Karamsin,
1708 5607 1857 5678 Hist.

2042 5473 2214 5523 Buss.
2247 5461 2314 5523 II.
2346 5460 2418 5516 65
2448 5462 2505 5516 et
2531 5458 2776 5515 Stenzel.
2814 5459 2854 5526 Ι,
2885 5459 3010 5528 334,
3045 5477 3135 5528 sq.

2042 5477 2214 5523 Buss.
2249 5477 2314 5523 ιι.
2346 5477 2418 5516 ος)
2448 5477 2505 5516 et
2531 5477 2776 5515 utenzei.
2814 5477 2854 5526 ι,
2885 5477 3010 5528 δδ4,
3045 5478 3072 5517 s
3124 5502 3135 5514 .

2039 5539 2185 5614 (397)
2217 5533 2344 5590 Vid.
2381 5533 2424 5591 Ι.
2455 5535 2525 5591 Α.
2553 5531 2793 5588 Schmid
2822 5531 2862 5594 Ι.
2898 5549 2972 5607 c.,
3003 5477 3222 5607 p.‘§91,
3267 5549 3357 5617 sq.
