  <div class='ocr_page' id='page_1' title='image "/cluster/home/n/w/nwhite01/storage/ocr_20150623/146/hvd.32044054760053/601.png"; bbox 0 0 3996 6158; ppageno 0'>
   <div class='ocr_carea' id='block_1_1' title="bbox 462 259 609 321">
    <p class='ocr_par' dir='ltr' id='par_1_1' title="bbox 462 259 609 321">
     <span class='ocr_line' id='line_1_1' title="bbox 462 259 609 321; baseline -0.02 0"><span class='ocrx_word' id='word_1_1' title='bbox 462 259 609 321; x_wconf 71' lang='lat' dir='ltr'>H91</span> 
     </span>
    </p>
   </div>
   <div class='ocr_carea' id='block_1_2' title="bbox 1618 251 2705 315">
    <p class='ocr_par' dir='ltr' id='par_1_2' title="bbox 1618 251 2705 315">
     <span class='ocr_line' id='line_1_2' title="bbox 1618 251 2705 315; baseline 0.001 -3"><span class='ocrx_word' id='word_1_2' title='bbox 1618 252 2021 314; x_wconf 76' lang='lat' dir='ltr'>LAMBERTI</span> <span class='ocrx_word' id='word_1_3' title='bbox 2068 251 2705 315; x_wconf 76' lang='lat' dir='ltr'>HERSFELDENSIS</span> 
     </span>
    </p>
   </div>
   <div class='ocr_carea' id='block_1_3' title="bbox 3640 267 3756 329">
    <p class='ocr_par' dir='ltr' id='par_1_3' title="bbox 3640 267 3756 329">
     <span class='ocr_line' id='line_1_3' title="bbox 3640 267 3756 329; baseline 0.052 -5"><span class='ocrx_word' id='word_1_4' title='bbox 3640 267 3661 324; x_wconf 73' lang='grc' dir='ltr'>ι</span> <span class='ocrx_word' id='word_1_5' title='bbox 3672 268 3756 329; x_wconf 64' lang='lat' dir='ltr'>itii</span> 
     </span>
    </p>
   </div>
   <div class='ocr_carea' id='block_1_4' title="bbox 462 385 3743 464">
    <p class='ocr_par' dir='ltr' id='par_1_4' title="bbox 462 385 3743 464">
     <span class='ocr_line' id='line_1_4' title="bbox 462 385 3743 464; baseline 0.002 -14"><span class='ocrx_word' id='word_1_6' title='bbox 462 410 597 450; x_wconf 91' lang='lat' dir='ltr'>cum</span> <span class='ocrx_word' id='word_1_7' title='bbox 628 392 897 464; x_wconf 89' lang='lat' dir='ltr'>episcopo</span> <span class='ocrx_word' id='word_1_8' title='bbox 928 391 985 442; x_wconf 94' lang='lat' dir='ltr'>et</span> <span class='ocrx_word' id='word_1_9' title='bbox 1014 385 1221 441; x_wconf 81' lang='lat' dir='ltr'>ceteris</span> <span class='ocrx_word' id='word_1_10' title='bbox 1251 385 1475 440; x_wconf 84' lang='lat' dir='ltr'>clericis</span> <span class='ocrx_word' id='word_1_11' title='bbox 1507 390 1661 441; x_wconf 90' lang='lat' dir='ltr'>stare</span> <span class='ocrx_word' id='word_1_12' title='bbox 1695 402 1708 452; x_wconf 88' lang='lat'><strong>;</strong></span> <span class='ocrx_word' id='word_1_13' title='bbox 1743 390 1799 440; x_wconf 87' lang='lat' dir='ltr'>et</span> <span class='ocrx_word' id='word_1_14' title='bbox 1830 401 1957 441; x_wconf 93' lang='lat' dir='ltr'>ecce</span> <span class='ocrx_word' id='word_1_15' title='bbox 2008 385 2096 439; x_wconf 89' lang='lat' dir='ltr'>in-</span> <span class='ocrx_word' id='word_1_16' title='bbox 2132 387 2181 452; x_wconf 83' lang='grc' dir='ltr'><strong>Α</strong></span> <span class='ocrx_word' id='word_1_17' title='bbox 2216 386 2772 458; x_wconf 65' lang='lat' dir='ltr'>Bajoarim,quorum</span> <span class='ocrx_word' id='word_1_18' title='bbox 2790 386 3163 459; x_wconf 90' lang='lat' dir='ltr'>potissimum</span> <span class='ocrx_word' id='word_1_19' title='bbox 3189 389 3413 445; x_wconf 88' lang='lat' dir='ltr'>consilio</span> <span class='ocrx_word' id='word_1_20' title='bbox 3431 392 3615 449; x_wconf 87' lang='lat' dir='ltr'>bellum</span> <span class='ocrx_word' id='word_1_21' title='bbox 3630 398 3743 456; x_wconf 77' lang='lat' dir='ltr'>Saxo</span> 
     </span>
    </p>
   </div>
   <div class='ocr_carea' id='block_1_5' title="bbox 462 474 2111 556">
    <p class='ocr_par' dir='ltr' id='par_1_5' title="bbox 462 474 2111 556">
     <span class='ocr_line' id='line_1_5' title="bbox 462 474 2111 556; baseline -0.008 -17"><span class='ocrx_word' id='word_1_22' title='bbox 462 481 874 556; x_wconf 87' lang='lat' dir='ltr'>grediebantur</span> <span class='ocrx_word' id='word_1_23' title='bbox 917 474 1162 530; x_wconf 91' lang='lat' dir='ltr'>chorum</span> <span class='ocrx_word' id='word_1_24' title='bbox 1227 477 1344 528; x_wconf 91' lang='lat' dir='ltr'>tres</span> <span class='ocrx_word' id='word_1_25' title='bbox 1374 474 1505 542; x_wconf 89' lang='lat' dir='ltr'>viri,</span> <span class='ocrx_word' id='word_1_26' title='bbox 1560 491 1715 530; x_wconf 91' lang='lat' dir='ltr'>unus</span> <span class='ocrx_word' id='word_1_27' title='bbox 1773 479 1971 529; x_wconf 89' lang='lat' dir='ltr'>exacta</span> <span class='ocrx_word' id='word_1_28' title='bbox 2022 475 2111 508; x_wconf 63' lang='grc'>1⁵2⁸</span> 
     </span>
    </p>
   </div>
   <div class='ocr_carea' id='block_1_6' title="bbox 465 563 2110 638">
    <p class='ocr_par' dir='ltr' id='par_1_6' title="bbox 465 563 2110 638">
     <span class='ocr_line' id='line_1_6' title="bbox 465 563 2110 638; baseline -0.006 -11"><span class='ocrx_word' id='word_1_29' title='bbox 465 576 649 638; x_wconf 77' lang='lat' dir='ltr'>astate,</span> <span class='ocrx_word' id='word_1_30' title='bbox 682 565 900 623; x_wconf 90' lang='lat' dir='ltr'>canicie</span> <span class='ocrx_word' id='word_1_31' title='bbox 930 563 1280 629; x_wconf 90' lang='lat' dir='ltr'>veneranda,</span> <span class='ocrx_word' id='word_1_32' title='bbox 1304 563 1703 633; x_wconf 82' lang='lat' dir='ltr'>duojuvenes,</span> <span class='ocrx_word' id='word_1_33' title='bbox 1728 569 2009 635; x_wconf 88' lang='lat' dir='ltr'>tanquam</span> <span class='ocrx_word' id='word_1_34' title='bbox 2051 563 2110 617; x_wconf 89' lang='lat' dir='ltr'>in</span> 
     </span>
    </p>
   </div>
   <div class='ocr_carea' id='block_1_7' title="bbox 463 660 2109 738">
    <p class='ocr_par' dir='ltr' id='par_1_7' title="bbox 463 660 2109 738">
     <span class='ocr_line' id='line_1_7' title="bbox 463 660 2109 738; baseline -0.005 -13"><span class='ocrx_word' id='word_1_35' title='bbox 463 665 807 738; x_wconf 79' lang='lat' dir='ltr'>obsequium</span> <span class='ocrx_word' id='word_1_36' title='bbox 843 660 1090 718; x_wconf 91' lang='lat' dir='ltr'>senioris</span> <span class='ocrx_word' id='word_1_37' title='bbox 1140 661 1438 716; x_wconf 81' lang='lat' dir='ltr'>destinati.</span> <span class='ocrx_word' id='word_1_38' title='bbox 1491 661 1755 733; x_wconf 85' lang='lat' dir='ltr'>Cumque</span> <span class='ocrx_word' id='word_1_39' title='bbox 1810 662 1867 716; x_wconf 90' lang='lat' dir='ltr'>in</span> <span class='ocrx_word' id='word_1_40' title='bbox 1919 661 2109 717; x_wconf 90' lang='lat' dir='ltr'>medio</span> 
     </span>
    </p>
   </div>
   <div class='ocr_carea' id='block_1_8' title="bbox 462 749 2109 824">
    <p class='ocr_par' dir='ltr' id='par_1_8' title="bbox 462 749 2109 824">
     <span class='ocr_line' id='line_1_8' title="bbox 462 749 2109 824; baseline -0.003 -12"><span class='ocrx_word' id='word_1_41' title='bbox 462 754 620 812; x_wconf 92' lang='lat' dir='ltr'>chori</span> <span class='ocrx_word' id='word_1_42' title='bbox 654 750 1019 824; x_wconf 83' lang='lat' dir='ltr'>aliquamdiu</span> <span class='ocrx_word' id='word_1_43' title='bbox 1052 749 1211 805; x_wconf 91' lang='lat' dir='ltr'>taciti</span> <span class='ocrx_word' id='word_1_44' title='bbox 1245 750 1670 817; x_wconf 81' lang='lat' dir='ltr'>constitissent,</span> <span class='ocrx_word' id='word_1_45' title='bbox 1695 750 1774 805; x_wconf 88' lang='lat' dir='ltr'>ait</span> <span class='ocrx_word' id='word_1_46' title='bbox 1796 750 1991 806; x_wconf 86' lang='lat' dir='ltr'>senior</span> <span class='ocrx_word' id='word_1_47' title='bbox 2016 751 2109 807; x_wconf 91' lang='lat' dir='ltr'>his</span> 
     </span>
    </p>
   </div>
   <div class='ocr_carea' id='block_1_9' title="bbox 461 839 2111 916">
    <p class='ocr_par' dir='ltr' id='par_1_9' title="bbox 461 839 2111 916">
     <span class='ocr_line' id='line_1_9' title="bbox 461 839 2111 916; baseline -0.002 -18"><span class='ocrx_word' id='word_1_48' title='bbox 461 843 559 916; x_wconf 88' lang='lat' dir='ltr'>qui</span> <span class='ocrx_word' id='word_1_49' title='bbox 593 843 746 898; x_wconf 91' lang='lat' dir='ltr'>circa</span> <span class='ocrx_word' id='word_1_50' title='bbox 776 857 838 895; x_wconf 87' lang='lat' dir='ltr'>se</span> <span class='ocrx_word' id='word_1_51' title='bbox 870 842 1035 894; x_wconf 89' lang='lat' dir='ltr'>erant</span> <span class='ocrx_word' id='word_1_52' title='bbox 1079 839 1420 908; x_wconf 81' lang='lat' dir='ltr'>juvenibus:</span> <span class='ocrx_word' id='word_1_53' title='bbox 1485 839 1627 906; x_wconf 87' lang='lat' dir='ltr'>Quid</span> <span class='ocrx_word' id='word_1_54' title='bbox 1684 839 1919 893; x_wconf 79' lang='lat' dir='ltr'>tardatis</span> <span class='ocrx_word' id='word_1_55' title='bbox 1962 840 2111 911; x_wconf 78' lang='lat' dir='ltr'>quod</span> 
     </span>
    </p>
   </div>
   <div class='ocr_carea' id='block_1_10' title="bbox 457 926 2104 1002">
    <p class='ocr_par' dir='ltr' id='par_1_10' title="bbox 457 926 2104 1002">
     <span class='ocr_line' id='line_1_10' title="bbox 457 926 2104 1002; baseline -0.004 -14"><span class='ocrx_word' id='word_1_56' title='bbox 457 931 605 989; x_wconf 83' lang='lat' dir='ltr'>vobis</span> <span class='ocrx_word' id='word_1_57' title='bbox 626 932 846 1002; x_wconf 79' lang='lat' dir='ltr'>jussum</span> <span class='ocrx_word' id='word_1_58' title='bbox 882 931 962 983; x_wconf 73' lang='lat' dir='ltr'>est</span> <span class='ocrx_word' id='word_1_59' title='bbox 990 927 1211 998; x_wconf 75' lang='lat' dir='ltr'>explere</span> <span class='ocrx_word' id='word_1_60' title='bbox 1236 926 1264 981; x_wconf 84' lang='lat'><strong>?</strong></span> <span class='ocrx_word' id='word_1_61' title='bbox 1287 932 1357 981; x_wconf 87' lang='lat' dir='ltr'>At</span> <span class='ocrx_word' id='word_1_62' title='bbox 1401 926 1513 980; x_wconf 89' lang='lat' dir='ltr'>illi:</span> <span class='ocrx_word' id='word_1_63' title='bbox 1570 929 1759 993; x_wconf 84' lang='lat' dir='ltr'>Tuum,</span> <span class='ocrx_word' id='word_1_64' title='bbox 1810 927 2104 997; x_wconf 86' lang='lat' dir='ltr'>inquiunt,</span> 
     </span>
    </p>
   </div>
   <div class='ocr_carea' id='block_1_11' title="bbox 454 1016 2107 1093">
    <p class='ocr_par' dir='ltr' id='par_1_11' title="bbox 454 1016 2107 1093">
     <span class='ocr_line' id='line_1_11' title="bbox 454 1016 2107 1093; baseline -0.003 -17"><span class='ocrx_word' id='word_1_65' title='bbox 454 1030 633 1093; x_wconf 84' lang='lat' dir='ltr'>pater,</span> <span class='ocrx_word' id='word_1_66' title='bbox 665 1028 761 1085; x_wconf 78' lang='lat' dir='ltr'>est,</span> <span class='ocrx_word' id='word_1_67' title='bbox 791 1018 972 1087; x_wconf 84' lang='lat' dir='ltr'>primo</span> <span class='ocrx_word' id='word_1_68' title='bbox 1003 1016 1266 1070; x_wconf 80' lang='lat' dir='ltr'>adversus</span> <span class='ocrx_word' id='word_1_69' title='bbox 1298 1031 1421 1069; x_wconf 84' lang='lat' dir='ltr'>eum</span> <span class='ocrx_word' id='word_1_70' title='bbox 1442 1016 1646 1070; x_wconf 80' lang='lat' dir='ltr'>dictare</span> <span class='ocrx_word' id='word_1_71' title='bbox 1661 1018 2011 1082; x_wconf 78' lang='lat' dir='ltr'>sententiam,</span> <span class='ocrx_word' id='word_1_72' title='bbox 2055 1022 2107 1071; x_wconf 84' lang='lat' dir='ltr'>et</span> 
     </span>
    </p>
   </div>
   <div class='ocr_carea' id='block_1_12' title="bbox 456 1105 2107 1176">
    <p class='ocr_par' dir='ltr' id='par_1_12' title="bbox 456 1105 2107 1176">
     <span class='ocr_line' id='line_1_12' title="bbox 456 1105 2107 1176; baseline -0.004 -10"><span class='ocrx_word' id='word_1_73' title='bbox 456 1127 553 1166; x_wconf 85' lang='lat' dir='ltr'>nos</span> <span class='ocrx_word' id='word_1_74' title='bbox 568 1111 692 1165; x_wconf 75' lang='lat' dir='ltr'>sine</span> <span class='ocrx_word' id='word_1_75' title='bbox 703 1107 967 1161; x_wconf 78' lang='lat' dir='ltr'>dilatione</span> <span class='ocrx_word' id='word_1_76' title='bbox 979 1105 1591 1176; x_wconf 78' lang='lat' dir='ltr'>quicquidjudicaveris</span> <span class='ocrx_word' id='word_1_77' title='bbox 1606 1107 2031 1176; x_wconf 73' lang='lat' dir='ltr'>exequemurEt</span> <span class='ocrx_word' id='word_1_78' title='bbox 2044 1105 2107 1160; x_wconf 90' lang='lat' dir='ltr'>il-</span> 
     </span>
    </p>
   </div>
   <div class='ocr_carea' id='block_1_13' title="bbox 458 1194 2105 1268">
    <p class='ocr_par' dir='ltr' id='par_1_13' title="bbox 458 1194 2105 1268">
     <span class='ocr_line' id='line_1_13' title="bbox 458 1194 2105 1268; baseline -0.001 -15"><span class='ocrx_word' id='word_1_79' title='bbox 458 1198 513 1255; x_wconf 91' lang='lat' dir='ltr'>le</span> <span class='ocrx_word' id='word_1_80' title='bbox 536 1204 787 1268; x_wconf 79' lang='lat' dir='ltr'>:Propter</span> <span class='ocrx_word' id='word_1_81' title='bbox 801 1194 1365 1265; x_wconf 82' lang='lat' dir='ltr'>multa,inquit,mala</span> <span class='ocrx_word' id='word_1_82' title='bbox 1386 1211 1505 1263; x_wconf 71' lang='lat' dir='ltr'>quae</span> <span class='ocrx_word' id='word_1_83' title='bbox 1530 1197 1586 1248; x_wconf 88' lang='lat' dir='ltr'>in</span> <span class='ocrx_word' id='word_1_84' title='bbox 1612 1194 1783 1249; x_wconf 86' lang='lat' dir='ltr'>locum</span> <span class='ocrx_word' id='word_1_85' title='bbox 1809 1195 1950 1250; x_wconf 81' lang='lat' dir='ltr'>hunc</span> <span class='ocrx_word' id='word_1_86' title='bbox 1970 1203 2023 1251; x_wconf 85' lang='lat' dir='ltr'>et</span> <span class='ocrx_word' id='word_1_87' title='bbox 2042 1197 2105 1251; x_wconf 90' lang='lat' dir='ltr'>in</span> 
     </span>
    </p>
   </div>
   <div class='ocr_carea' id='block_1_14' title="bbox 446 1283 2104 1353">
    <p class='ocr_par' dir='ltr' id='par_1_14' title="bbox 446 1283 2104 1353">
     <span class='ocr_line' id='line_1_14' title="bbox 446 1283 2104 1353; baseline -0.002 -10"><span class='ocrx_word' id='word_1_88' title='bbox 446 1291 700 1343; x_wconf 72' lang='lat' dir='ltr'>sanctam</span> <span class='ocrx_word' id='word_1_89' title='bbox 728 1286 829 1339; x_wconf 87' lang='lat' dir='ltr'>Dei</span> <span class='ocrx_word' id='word_1_90' title='bbox 860 1283 1187 1340; x_wconf 74' lang='lat' dir='ltr'>genitricem</span> <span class='ocrx_word' id='word_1_91' title='bbox 1252 1287 1506 1353; x_wconf 80' lang='lat' dir='ltr'>operatus</span> <span class='ocrx_word' id='word_1_92' title='bbox 1542 1289 1641 1353; x_wconf 80' lang='lat' dir='ltr'>est,</span> <span class='ocrx_word' id='word_1_93' title='bbox 1700 1299 1913 1351; x_wconf 83' lang='lat' dir='ltr'>egressa</span> <span class='ocrx_word' id='word_1_94' title='bbox 1961 1288 2039 1339; x_wconf 76' lang='lat' dir='ltr'>est</span> <span class='ocrx_word' id='word_1_95' title='bbox 2071 1302 2104 1339; x_wconf 87' lang='lat' dir='ltr'>a</span> 
     </span>
    </p>
   </div>
   <div class='ocr_carea' id='block_1_15' title="bbox 444 1371 2105 1441">
    <p class='ocr_par' dir='ltr' id='par_1_15' title="bbox 444 1371 2105 1441">
     <span class='ocr_line' id='line_1_15' title="bbox 444 1371 2105 1441; baseline -0.003 -8"><span class='ocrx_word' id='word_1_96' title='bbox 444 1378 551 1433; x_wconf 85' lang='lat' dir='ltr'>Deo</span> <span class='ocrx_word' id='word_1_97' title='bbox 590 1375 863 1431; x_wconf 79' lang='lat' dir='ltr'>sententia</span> <span class='ocrx_word' id='word_1_98' title='bbox 898 1379 953 1426; x_wconf 88' lang='lat' dir='ltr'>ut</span> <span class='ocrx_word' id='word_1_99' title='bbox 983 1371 1369 1441; x_wconf 77' lang='lat' dir='ltr'>interﬁciatur.</span> <span class='ocrx_word' id='word_1_100' title='bbox 1404 1372 1487 1425; x_wconf 87' lang='lat' dir='ltr'>Ad</span> <span class='ocrx_word' id='word_1_101' title='bbox 1521 1371 1671 1427; x_wconf 91' lang='lat' dir='ltr'>hanc</span> <span class='ocrx_word' id='word_1_102' title='bbox 1701 1389 1897 1428; x_wconf 92' lang='lat' dir='ltr'>vocem</span> <span class='ocrx_word' id='word_1_103' title='bbox 1931 1374 2105 1428; x_wconf 91' lang='lat' dir='ltr'>corri-</span> 
     </span>
    </p>
   </div>
   <div class='ocr_carea' id='block_1_16' title="bbox 442 1459 2100 1538">
    <p class='ocr_par' dir='ltr' id='par_1_16' title="bbox 442 1459 2100 1538">
     <span class='ocr_line' id='line_1_16' title="bbox 442 1459 2100 1538; baseline -0.002 -17"><span class='ocrx_word' id='word_1_104' title='bbox 442 1466 670 1538; x_wconf 88' lang='lat' dir='ltr'>pientes</span> <span class='ocrx_word' id='word_1_105' title='bbox 690 1459 1862 1534; x_wconf 88' lang='lat' dir='ltr'>episcopum,decollaverunt,ettruncum</span> <span class='ocrx_word' id='word_1_106' title='bbox 1882 1462 2100 1534; x_wconf 90' lang='lat' dir='ltr'>inligno</span> 
     </span>
    </p>
   </div>
   <div class='ocr_carea' id='block_1_17' title="bbox 444 1548 2098 1623">
    <p class='ocr_par' dir='ltr' id='par_1_17' title="bbox 444 1548 2098 1623">
     <span class='ocr_line' id='line_1_17' title="bbox 444 1548 2098 1623; baseline -0.002 -14"><span class='ocrx_word' id='word_1_107' title='bbox 444 1552 655 1618; x_wconf 82' lang='lat' dir='ltr'>crucis,</span> <span class='ocrx_word' id='word_1_108' title='bbox 688 1550 841 1623; x_wconf 92' lang='lat' dir='ltr'>quod</span> <span class='ocrx_word' id='word_1_109' title='bbox 876 1550 933 1603; x_wconf 93' lang='lat' dir='ltr'>in</span> <span class='ocrx_word' id='word_1_110' title='bbox 969 1550 1174 1604; x_wconf 89' lang='lat' dir='ltr'>eadem</span> <span class='ocrx_word' id='word_1_111' title='bbox 1206 1550 1455 1604; x_wconf 84' lang='lat' dir='ltr'>ecclesia</span> <span class='ocrx_word' id='word_1_112' title='bbox 1484 1548 1543 1603; x_wconf 93' lang='lat' dir='ltr'>in</span> <span class='ocrx_word' id='word_1_113' title='bbox 1576 1549 1830 1604; x_wconf 89' lang='lat' dir='ltr'>sublime</span> <span class='ocrx_word' id='word_1_114' title='bbox 1876 1549 2098 1605; x_wconf 91' lang='lat' dir='ltr'>elatum</span> 
     </span>
    </p>
   </div>
   <div class='ocr_carea' id='block_1_18' title="bbox 440 1636 2097 1710">
    <p class='ocr_par' dir='ltr' id='par_1_18' title="bbox 440 1636 2097 1710">
     <span class='ocr_line' id='line_1_18' title="bbox 440 1636 2097 1710; baseline -0.002 -12"><span class='ocrx_word' id='word_1_115' title='bbox 440 1643 656 1709; x_wconf 83' lang='lat' dir='ltr'>stabat,</span> <span class='ocrx_word' id='word_1_116' title='bbox 693 1639 1152 1710; x_wconf 86' lang='lat' dir='ltr'>suspenderunt.</span> <span class='ocrx_word' id='word_1_117' title='bbox 1177 1636 1441 1707; x_wconf 89' lang='lat' dir='ltr'>Cumque</span> <span class='ocrx_word' id='word_1_118' title='bbox 1465 1654 1636 1691; x_wconf 89' lang='lat' dir='ltr'>mane</span> <span class='ocrx_word' id='word_1_119' title='bbox 1654 1639 1802 1692; x_wconf 86' lang='lat' dir='ltr'>facto</span> <span class='ocrx_word' id='word_1_120' title='bbox 1829 1638 2097 1707; x_wconf 87' lang='lat' dir='ltr'>clericus,</span> 
     </span>
    </p>
   </div>
   <div class='ocr_carea' id='block_1_19' title="bbox 2224 475 3760 548">
    <p class='ocr_par' dir='ltr' id='par_1_19' title="bbox 2224 475 3760 548">
     <span class='ocr_line' id='line_1_19' title="bbox 2224 475 3760 548; baseline 0.01 -19"><span class='ocrx_word' id='word_1_121' title='bbox 2224 475 2418 529; x_wconf 91' lang='lat' dir='ltr'>nicum</span> <span class='ocrx_word' id='word_1_122' title='bbox 2435 476 3228 548; x_wconf 75' lang='lat' dir='ltr'>administrabatur,eil‘eratze</span> <span class='ocrx_word' id='word_1_123' title='bbox 3242 479 3595 539; x_wconf 84' lang='lat' dir='ltr'>multitudinis</span> <span class='ocrx_word' id='word_1_124' title='bbox 3612 489 3760 547; x_wconf 84' lang='lat' dir='ltr'>animo</span> 
     </span>
    </p>
   </div>
   <div class='ocr_carea' id='block_1_20' title="bbox 2221 564 3762 649">
    <p class='ocr_par' dir='ltr' id='par_1_20' title="bbox 2221 564 3762 649">
     <span class='ocr_line' id='line_1_20' title="bbox 2221 564 3762 649; baseline 0.01 -30"><span class='ocrx_word' id='word_1_125' title='bbox 2221 564 2440 619; x_wconf 85' lang='lat' dir='ltr'>salubri</span> <span class='ocrx_word' id='word_1_126' title='bbox 2472 566 2868 622; x_wconf 79' lang='lat' dir='ltr'>moderatione</span> <span class='ocrx_word' id='word_1_127' title='bbox 2900 567 3275 639; x_wconf 84' lang='lat' dir='ltr'>mitigabant;</span> <span class='ocrx_word' id='word_1_128' title='bbox 3322 575 3530 627; x_wconf 85' lang='lat' dir='ltr'>orantes</span> <span class='ocrx_word' id='word_1_129' title='bbox 3570 590 3650 630; x_wconf 87' lang='lat' dir='ltr'>eos</span> <span class='ocrx_word' id='word_1_130' title='bbox 3687 594 3762 649; x_wconf 87' lang='lat' dir='ltr'>per</span> 
     </span>
    </p>
   </div>
   <div class='ocr_carea' id='block_1_21' title="bbox 2220 654 3763 728">
    <p class='ocr_par' dir='ltr' id='par_1_21' title="bbox 2220 654 3763 728">
     <span class='ocr_line' id='line_1_21' title="bbox 2220 654 3763 728; baseline 0.009 -19"><span class='ocrx_word' id='word_1_131' title='bbox 2220 654 2403 709; x_wconf 92' lang='lat' dir='ltr'>Deum</span> <span class='ocrx_word' id='word_1_132' title='bbox 2463 673 2646 726; x_wconf 90' lang='lat' dir='ltr'>arma,</span> <span class='ocrx_word' id='word_1_133' title='bbox 2707 673 2834 727; x_wconf 68' lang='lat' dir='ltr'>quae</span> <span class='ocrx_word' id='word_1_134' title='bbox 2896 674 2995 728; x_wconf 92' lang='lat' dir='ltr'>pro</span> <span class='ocrx_word' id='word_1_135' title='bbox 3052 657 3385 714; x_wconf 87' lang='lat' dir='ltr'>vindicanda</span> <span class='ocrx_word' id='word_1_136' title='bbox 3427 658 3651 720; x_wconf 80' lang='lat' dir='ltr'>libertate</span> <span class='ocrx_word' id='word_1_137' title='bbox 3684 684 3763 724; x_wconf 82' lang='lat' dir='ltr'>sua</span> 
     </span>
    </p>
   </div>
   <div class='ocr_carea' id='block_1_22' title="bbox 2220 744 3760 817">
    <p class='ocr_par' dir='ltr' id='par_1_22' title="bbox 2220 744 3760 817">
     <span class='ocr_line' id='line_1_22' title="bbox 2220 744 3760 817; baseline 0.008 -19"><span class='ocrx_word' id='word_1_138' title='bbox 2220 744 2584 799; x_wconf 89' lang='lat' dir='ltr'>concorditer</span> <span class='ocrx_word' id='word_1_139' title='bbox 2633 746 3047 817; x_wconf 89' lang='lat' dir='ltr'>sumpsissent,</span> <span class='ocrx_word' id='word_1_140' title='bbox 3095 763 3249 802; x_wconf 91' lang='lat' dir='ltr'>nunc</span> <span class='ocrx_word' id='word_1_141' title='bbox 3311 748 3565 805; x_wconf 86' lang='lat' dir='ltr'>diabolico</span> <span class='ocrx_word' id='word_1_142' title='bbox 3618 754 3760 813; x_wconf 84' lang='lat' dir='ltr'>furore</span> 
     </span>
    </p>
   </div>
   <div class='ocr_carea' id='block_1_23' title="bbox 2219 832 3759 907">
    <p class='ocr_par' dir='ltr' id='par_1_23' title="bbox 2219 832 3759 907">
     <span class='ocr_line' id='line_1_23' title="bbox 2219 832 3759 907; baseline 0.009 -22"><span class='ocrx_word' id='word_1_143' title='bbox 2219 833 2451 903; x_wconf 87' lang='lat' dir='ltr'>raptati,</span> <span class='ocrx_word' id='word_1_144' title='bbox 2484 832 2543 887; x_wconf 92' lang='lat' dir='ltr'>in</span> <span class='ocrx_word' id='word_1_145' title='bbox 2578 834 2810 905; x_wconf 74' lang='lat' dir='ltr'>prOpria</span> <span class='ocrx_word' id='word_1_146' title='bbox 2858 834 3075 889; x_wconf 90' lang='lat' dir='ltr'>viscera</span> <span class='ocrx_word' id='word_1_147' title='bbox 3106 840 3489 906; x_wconf 91' lang='lat' dir='ltr'>retorquerent</span> <span class='ocrx_word' id='word_1_148' title='bbox 3538 839 3645 907; x_wconf 61' lang='lat'>“’3;</span> <span class='ocrx_word' id='word_1_149' title='bbox 3681 860 3759 899; x_wconf 87' lang='lat' dir='ltr'>neu</span> 
     </span>
    </p>
   </div>
   <div class='ocr_carea' id='block_1_24' title="bbox 2216 919 3758 1002">
    <p class='ocr_par' dir='ltr' id='par_1_24' title="bbox 2216 919 3758 1002">
     <span class='ocr_line' id='line_1_24' title="bbox 2216 919 3758 1002; baseline 0.008 -28"><span class='ocrx_word' id='word_1_150' title='bbox 2216 919 2487 977; x_wconf 89' lang='lat' dir='ltr'>hostibus</span> <span class='ocrx_word' id='word_1_151' title='bbox 2518 922 2663 992; x_wconf 89' lang='lat' dir='ltr'>suis,</span> <span class='ocrx_word' id='word_1_152' title='bbox 2696 922 2795 994; x_wconf 90' lang='lat' dir='ltr'>qui</span> <span class='ocrx_word' id='word_1_153' title='bbox 2826 922 3151 979; x_wconf 90' lang='lat' dir='ltr'>luctuosam</span> <span class='ocrx_word' id='word_1_154' title='bbox 3183 941 3216 979; x_wconf 92' lang='lat' dir='ltr'>a</span> <span class='ocrx_word' id='word_1_155' title='bbox 3245 940 3303 979; x_wconf 90' lang='lat' dir='ltr'>se</span> <span class='ocrx_word' id='word_1_156' title='bbox 3325 926 3590 983; x_wconf 85' lang='lat' dir='ltr'>victoriam</span> <span class='ocrx_word' id='word_1_157' title='bbox 3612 947 3758 1002; x_wconf 85' lang='lat' dir='ltr'>repor-</span> 
     </span>
    </p>
   </div>
   <div class='ocr_carea' id='block_1_25' title="bbox 2216 1012 3761 1082">
    <p class='ocr_par' dir='ltr' id='par_1_25' title="bbox 2216 1012 3761 1082">
     <span class='ocr_line' id='line_1_25' title="bbox 2216 1012 3761 1082; baseline 0.008 -19"><span class='ocrx_word' id='word_1_158' title='bbox 2216 1012 2457 1076; x_wconf 87' lang='lat' dir='ltr'>tassent,</span> <span class='ocrx_word' id='word_1_159' title='bbox 2494 1028 2598 1082; x_wconf 86' lang='lat' dir='ltr'>per</span> <span class='ocrx_word' id='word_1_160' title='bbox 2646 1012 2985 1067; x_wconf 81' lang='lat' dir='ltr'>intestinam</span> <span class='ocrx_word' id='word_1_161' title='bbox 3036 1012 3185 1067; x_wconf 89' lang='lat' dir='ltr'>hanc</span> <span class='ocrx_word' id='word_1_162' title='bbox 3232 1014 3551 1071; x_wconf 88' lang='lat' dir='ltr'>seditionem</span> <span class='ocrx_word' id='word_1_163' title='bbox 3590 1020 3761 1077; x_wconf 88' lang='lat' dir='ltr'>animos</span> 
     </span>
    </p>
   </div>
   <div class='ocr_carea' id='block_1_26' title="bbox 2214 1099 3761 1179">
    <p class='ocr_par' dir='ltr' id='par_1_26' title="bbox 2214 1099 3761 1179">
     <span class='ocr_line' id='line_1_26' title="bbox 2214 1099 3761 1179; baseline 0.008 -27"><span class='ocrx_word' id='word_1_164' title='bbox 2214 1099 2638 1171; x_wconf 88' lang='lat' dir='ltr'>audaciamque</span> <span class='ocrx_word' id='word_1_165' title='bbox 2670 1106 3024 1172; x_wconf 86' lang='lat' dir='ltr'>repararent.</span> <span class='ocrx_word' id='word_1_166' title='bbox 3058 1102 3330 1158; x_wconf 67' lang='lat' dir='ltr'>Praeterea</span> <span class='ocrx_word' id='word_1_167' title='bbox 3359 1111 3628 1163; x_wconf 88' lang='lat' dir='ltr'>cernentes</span> <span class='ocrx_word' id='word_1_168' title='bbox 3651 1111 3761 1179; x_wconf 88' lang='lat' dir='ltr'>quod</span> 
     </span>
    </p>
   </div>
   <div class='ocr_carea' id='block_1_27' title="bbox 2215 1186 3760 1267">
    <p class='ocr_par' dir='ltr' id='par_1_27' title="bbox 2215 1186 3760 1267">
     <span class='ocr_line' id='line_1_27' title="bbox 2215 1186 3760 1267; baseline 0.008 -27"><span class='ocrx_word' id='word_1_169' title='bbox 2215 1186 2522 1244; x_wconf 87' lang='lat' dir='ltr'>infractam</span> <span class='ocrx_word' id='word_1_170' title='bbox 2538 1189 2619 1259; x_wconf 92' lang='lat' dir='ltr'>pri</span> <span class='ocrx_word' id='word_1_171' title='bbox 2630 1206 2724 1244; x_wconf 90' lang='lat' dir='ltr'>ma</span> <span class='ocrx_word' id='word_1_172' title='bbox 2736 1190 2807 1244; x_wconf 87' lang='lat' dir='ltr'>ad</span> <span class='ocrx_word' id='word_1_173' title='bbox 2817 1190 2959 1245; x_wconf 83' lang='lat' dir='ltr'>versi</span> <span class='ocrx_word' id='word_1_174' title='bbox 2970 1196 3081 1245; x_wconf 89' lang='lat' dir='ltr'>tate</span> <span class='ocrx_word' id='word_1_175' title='bbox 3105 1191 3326 1262; x_wconf 91' lang='lat' dir='ltr'>plebem</span> <span class='ocrx_word' id='word_1_176' title='bbox 3339 1193 3663 1250; x_wconf 86' lang='lat' dir='ltr'>vehementer</span> <span class='ocrx_word' id='word_1_177' title='bbox 3672 1198 3760 1267; x_wconf 81' lang='lat' dir='ltr'>jam</span> 
     </span>
    </p>
   </div>
   <div class='ocr_carea' id='block_1_28' title="bbox 2216 1275 3764 1349">
    <p class='ocr_par' dir='ltr' id='par_1_28' title="bbox 2216 1275 3764 1349">
     <span class='ocr_line' id='line_1_28' title="bbox 2216 1275 3764 1349; baseline 0.007 -20"><span class='ocrx_word' id='word_1_178' title='bbox 2216 1275 2351 1330; x_wconf 88' lang='lat' dir='ltr'>belli</span> <span class='ocrx_word' id='word_1_179' title='bbox 2382 1276 2685 1347; x_wconf 78' lang='lat' dir='ltr'>pmniteret</span> <span class='ocrx_word' id='word_1_180' title='bbox 2710 1279 2925 1349; x_wconf 88' lang='lat' dir='ltr'>pariter</span> <span class='ocrx_word' id='word_1_181' title='bbox 2950 1284 3007 1333; x_wconf 87' lang='lat' dir='ltr'>et</span> <span class='ocrx_word' id='word_1_182' title='bbox 3047 1280 3301 1348; x_wconf 66' lang='lat' dir='ltr'>taederet,</span> <span class='ocrx_word' id='word_1_183' title='bbox 3340 1282 3495 1336; x_wconf 86' lang='lat' dir='ltr'>veriti</span> <span class='ocrx_word' id='word_1_184' title='bbox 3522 1285 3684 1349; x_wconf 83' lang='lat' dir='ltr'>etiam,</span> <span class='ocrx_word' id='word_1_185' title='bbox 3721 1293 3764 1341; x_wconf 86' lang='lat' dir='ltr'>ut</span> 
     </span>
    </p>
   </div>
   <div class='ocr_carea' id='block_1_29' title="bbox 2216 1366 3763 1443">
    <p class='ocr_par' dir='ltr' id='par_1_29' title="bbox 2216 1366 3763 1443">
     <span class='ocr_line' id='line_1_29' title="bbox 2216 1366 3763 1443; baseline 0.006 -24"><span class='ocrx_word' id='word_1_186' title='bbox 2216 1381 2447 1435; x_wconf 90' lang='lat' dir='ltr'>semper</span> <span class='ocrx_word' id='word_1_187' title='bbox 2458 1366 2681 1421; x_wconf 88' lang='lat' dir='ltr'>varium</span> <span class='ocrx_word' id='word_1_188' title='bbox 2698 1372 2755 1422; x_wconf 94' lang='lat' dir='ltr'>et</span> <span class='ocrx_word' id='word_1_189' title='bbox 2778 1367 3053 1423; x_wconf 88' lang='lat' dir='ltr'>instabile</span> <span class='ocrx_word' id='word_1_190' title='bbox 3074 1374 3164 1424; x_wconf 89' lang='lat' dir='ltr'>est</span> <span class='ocrx_word' id='word_1_191' title='bbox 3184 1368 3640 1442; x_wconf 86' lang='lat' dir='ltr'>plebisingeniuin</span> <span class='ocrx_word' id='word_1_192' title='bbox 3659 1374 3763 1443; x_wconf 83' lang='lat'>(399)</span> 
     </span>
    </p>
   </div>
   <div class='ocr_carea' id='block_1_30' title="bbox 2215 1452 3761 1529">
    <p class='ocr_par' dir='ltr' id='par_1_30' title="bbox 2215 1452 3761 1529">
     <span class='ocr_line' id='line_1_30' title="bbox 2215 1452 3761 1529; baseline 0.007 -23"><span class='ocrx_word' id='word_1_193' title='bbox 2215 1470 2285 1507; x_wconf 92' lang='lat' dir='ltr'>ne</span> <span class='ocrx_word' id='word_1_194' title='bbox 2312 1452 2473 1524; x_wconf 89' lang='lat' dir='ltr'>ipsos</span> <span class='ocrx_word' id='word_1_195' title='bbox 2509 1455 2804 1527; x_wconf 90' lang='lat' dir='ltr'>principes</span> <span class='ocrx_word' id='word_1_196' title='bbox 2830 1461 3032 1528; x_wconf 86' lang='lat' dir='ltr'>captos</span> <span class='ocrx_word' id='word_1_197' title='bbox 3060 1458 3179 1529; x_wconf 88' lang='lat' dir='ltr'>regi</span> <span class='ocrx_word' id='word_1_198' title='bbox 3227 1458 3506 1514; x_wconf 87' lang='lat' dir='ltr'>traderent</span> <span class='ocrx_word' id='word_1_199' title='bbox 3550 1466 3598 1515; x_wconf 89' lang='lat' dir='ltr'>et</span> <span class='ocrx_word' id='word_1_200' title='bbox 3642 1478 3761 1517; x_wconf 82' lang='lat' dir='ltr'>suam</span> 
     </span>
    </p>
   </div>
   <div class='ocr_carea' id='block_1_31' title="bbox 2211 1542 3760 1616">
    <p class='ocr_par' dir='ltr' id='par_1_31' title="bbox 2211 1542 3760 1616">
     <span class='ocr_line' id='line_1_31' title="bbox 2211 1542 3760 1616; baseline 0.006 -21"><span class='ocrx_word' id='word_1_201' title='bbox 2211 1542 2458 1597; x_wconf 89' lang='lat' dir='ltr'>salutem</span> <span class='ocrx_word' id='word_1_202' title='bbox 2483 1561 2684 1599; x_wconf 90' lang='lat' dir='ltr'>eorum</span> <span class='ocrx_word' id='word_1_203' title='bbox 2711 1545 2997 1616; x_wconf 87' lang='lat' dir='ltr'>sanguine</span> <span class='ocrx_word' id='word_1_204' title='bbox 3029 1547 3395 1613; x_wconf 89' lang='lat' dir='ltr'>redimerent,</span> <span class='ocrx_word' id='word_1_205' title='bbox 3426 1548 3760 1605; x_wconf 85' lang='lat' dir='ltr'>retuleruntad</span> 
     </span>
    </p>
   </div>
   <div class='ocr_carea' id='block_1_32' title="bbox 2209 1632 3762 1709">
    <p class='ocr_par' dir='ltr' id='par_1_32' title="bbox 2209 1632 3762 1709">
     <span class='ocr_line' id='line_1_32' title="bbox 2209 1632 3762 1709; baseline 0.006 -24"><span class='ocrx_word' id='word_1_206' title='bbox 2209 1648 2307 1685; x_wconf 89' lang='lat' dir='ltr'>eos</span> <span class='ocrx_word' id='word_1_207' title='bbox 2329 1632 2398 1685; x_wconf 92' lang='lat' dir='ltr'>de</span> <span class='ocrx_word' id='word_1_208' title='bbox 2431 1648 2568 1702; x_wconf 88' lang='lat' dir='ltr'>pace</span> <span class='ocrx_word' id='word_1_209' title='bbox 2588 1633 2988 1701; x_wconf 87' lang='lat' dir='ltr'>instauranda,</span> <span class='ocrx_word' id='word_1_210' title='bbox 3012 1642 3436 1708; x_wconf 89' lang='lat' dir='ltr'>suaseruntque</span> <span class='ocrx_word' id='word_1_211' title='bbox 3456 1642 3531 1703; x_wconf 90' lang='lat' dir='ltr'>ut,</span> <span class='ocrx_word' id='word_1_212' title='bbox 3552 1640 3762 1709; x_wconf 77' lang='lat' dir='ltr'>quoniam</span> 
     </span>
    </p>
   </div>
   <div class='ocr_carea' id='block_1_33' title="bbox 440 1720 3764 1815">
    <p class='ocr_par' dir='ltr' id='par_1_33' title="bbox 440 1720 3764 1815">
     <span class='ocr_line' id='line_1_33' title="bbox 440 1720 3764 1815; baseline -0.001 -29"><span class='ocrx_word' id='word_1_213' title='bbox 440 1731 624 1786; x_wconf 89' lang='lat' dir='ltr'>nimio</span> <span class='ocrx_word' id='word_1_214' title='bbox 656 1729 896 1784; x_wconf 91' lang='lat' dir='ltr'>horrore</span> <span class='ocrx_word' id='word_1_215' title='bbox 925 1742 1271 1791; x_wconf 89' lang='lat' dir='ltr'>concussus,</span> <span class='ocrx_word' id='word_1_216' title='bbox 1307 1726 1576 1797; x_wconf 92' lang='lat' dir='ltr'>episcopo</span> <span class='ocrx_word' id='word_1_217' title='bbox 1610 1726 1905 1781; x_wconf 85' lang='lat' dir='ltr'>somnium</span> <span class='ocrx_word' id='word_1_218' title='bbox 1939 1732 2093 1783; x_wconf 89' lang='lat' dir='ltr'>retu-</span> <span class='ocrx_word' id='word_1_219' title='bbox 2125 1751 2173 1815; x_wconf 83' lang='lat' dir='ltr'><strong>B</strong></span> <span class='ocrx_word' id='word_1_220' title='bbox 2208 1720 2386 1775; x_wconf 71' lang='lat' dir='ltr'>semel</span> <span class='ocrx_word' id='word_1_221' title='bbox 2417 1725 2653 1793; x_wconf 68' lang='lat' dir='ltr'>accepta</span> <span class='ocrx_word' id='word_1_222' title='bbox 2683 1722 2877 1779; x_wconf 83' lang='lat' dir='ltr'>clades</span> <span class='ocrx_word' id='word_1_223' title='bbox 2905 1722 3483 1781; x_wconf 53' lang='lat' dir='ltr'>bellicis‘sa‘taadium</span> <span class='ocrx_word' id='word_1_224' title='bbox 3516 1727 3764 1783; x_wconf 67' lang='lat' dir='ltr'>horrorem-</span> 
     </span>
    </p>
   </div>
   <div class='ocr_carea' id='block_1_34' title="bbox 450 1813 2092 1887">
    <p class='ocr_par' dir='ltr' id='par_1_34' title="bbox 450 1813 2092 1887">
     <span class='ocr_line' id='line_1_34' title="bbox 450 1813 2092 1887; baseline -0.002 -13"><span class='ocrx_word' id='word_1_225' title='bbox 450 1819 639 1883; x_wconf 90' lang='lat' dir='ltr'>lisset,</span> <span class='ocrx_word' id='word_1_226' title='bbox 668 1818 830 1871; x_wconf 90' lang='lat' dir='ltr'>visus</span> <span class='ocrx_word' id='word_1_227' title='bbox 862 1819 951 1869; x_wconf 88' lang='lat' dir='ltr'>est</span> <span class='ocrx_word' id='word_1_228' title='bbox 981 1814 1030 1868; x_wconf 93' lang='lat' dir='ltr'>ei</span> <span class='ocrx_word' id='word_1_229' title='bbox 1065 1814 1231 1884; x_wconf 89' lang='lat' dir='ltr'>quasi</span> <span class='ocrx_word' id='word_1_230' title='bbox 1252 1813 1633 1868; x_wconf 89' lang='lat' dir='ltr'>deliramenta</span> <span class='ocrx_word' id='word_1_231' title='bbox 1654 1816 1833 1885; x_wconf 86' lang='lat' dir='ltr'>loqui,</span> <span class='ocrx_word' id='word_1_232' title='bbox 1867 1821 1924 1870; x_wconf 88' lang='lat' dir='ltr'>et</span> <span class='ocrx_word' id='word_1_233' title='bbox 1956 1834 2092 1887; x_wconf 92' lang='lat' dir='ltr'>pro-</span> 
     </span>
    </p>
   </div>
   <div class='ocr_carea' id='block_1_35' title="bbox 448 1901 2094 1979">
    <p class='ocr_par' dir='ltr' id='par_1_35' title="bbox 448 1901 2094 1979">
     <span class='ocr_line' id='line_1_35' title="bbox 448 1901 2094 1979; baseline -0.001 -17"><span class='ocrx_word' id='word_1_234' title='bbox 448 1912 579 1979; x_wconf 90' lang='lat' dir='ltr'>pter</span> <span class='ocrx_word' id='word_1_235' title='bbox 610 1905 952 1976; x_wconf 86' lang='lat' dir='ltr'>sospitatem</span> <span class='ocrx_word' id='word_1_236' title='bbox 972 1901 1231 1973; x_wconf 90' lang='lat' dir='ltr'>corporis</span> <span class='ocrx_word' id='word_1_237' title='bbox 1253 1901 1343 1955; x_wconf 93' lang='lat' dir='ltr'>sui</span> <span class='ocrx_word' id='word_1_238' title='bbox 1376 1902 1709 1973; x_wconf 86' lang='lat' dir='ltr'>optimeque</span> <span class='ocrx_word' id='word_1_239' title='bbox 1730 1910 2094 1960; x_wconf 90' lang='lat' dir='ltr'>constantem</span> 
     </span>
    </p>
   </div>
   <div class='ocr_carea' id='block_1_36' title="bbox 444 1990 2095 2061">
    <p class='ocr_par' dir='ltr' id='par_1_36' title="bbox 444 1990 2095 2061">
     <span class='ocr_line' id='line_1_36' title="bbox 444 1990 2095 2061; baseline -0.001 -11"><span class='ocrx_word' id='word_1_240' title='bbox 444 1993 720 2050; x_wconf 91' lang='lat' dir='ltr'>omnibus</span> <span class='ocrx_word' id='word_1_241' title='bbox 762 1990 1041 2047; x_wconf 90' lang='lat' dir='ltr'>membris</span> <span class='ocrx_word' id='word_1_242' title='bbox 1072 1990 1326 2061; x_wconf 85' lang='lat' dir='ltr'>vigorem</span> <span class='ocrx_word' id='word_1_243' title='bbox 1391 2007 1589 2060; x_wconf 90' lang='lat' dir='ltr'>suum,</span> <span class='ocrx_word' id='word_1_244' title='bbox 1638 1992 1866 2046; x_wconf 92' lang='lat' dir='ltr'>nullum</span> <span class='ocrx_word' id='word_1_245' title='bbox 1913 1999 2033 2049; x_wconf 90' lang='lat' dir='ltr'>tam</span> <span class='ocrx_word' id='word_1_246' title='bbox 2064 2012 2095 2049; x_wconf 93' lang='lat' dir='ltr'>e</span> 
     </span>
    </p>
   </div>
   <div class='ocr_carea' id='block_1_37' title="bbox 439 2079 2095 2139">
    <p class='ocr_par' dir='ltr' id='par_1_37' title="bbox 439 2079 2095 2139">
     <span class='ocr_line' id='line_1_37' title="bbox 439 2079 2095 2139; baseline 0 -1"><span class='ocrx_word' id='word_1_247' title='bbox 439 2083 629 2139; x_wconf 87' lang='lat' dir='ltr'>vicino</span> <span class='ocrx_word' id='word_1_248' title='bbox 661 2079 1023 2135; x_wconf 90' lang='lat' dir='ltr'>imminentis</span> <span class='ocrx_word' id='word_1_249' title='bbox 1053 2079 1209 2133; x_wconf 88' lang='lat' dir='ltr'>exitii</span> <span class='ocrx_word' id='word_1_250' title='bbox 1243 2095 1483 2133; x_wconf 91' lang='lat' dir='ltr'>sensum</span> <span class='ocrx_word' id='word_1_251' title='bbox 1537 2080 1795 2136; x_wconf 81' lang='lat' dir='ltr'>admisit.</span> <span class='ocrx_word' id='word_1_252' title='bbox 1849 2083 1916 2136; x_wconf 85' lang='lat' dir='ltr'>Et</span> <span class='ocrx_word' id='word_1_253' title='bbox 1963 2099 2095 2138; x_wconf 86' lang='lat' dir='ltr'>ecce</span> 
     </span>
    </p>
   </div>
   <div class='ocr_carea' id='block_1_38' title="bbox 441 2168 2093 2243">
    <p class='ocr_par' dir='ltr' id='par_1_38' title="bbox 441 2168 2093 2243">
     <span class='ocr_line' id='line_1_38' title="bbox 441 2168 2093 2243; baseline -0.001 -16"><span class='ocrx_word' id='word_1_254' title='bbox 441 2171 689 2243; x_wconf 87' lang='lat' dir='ltr'>septimo</span> <span class='ocrx_word' id='word_1_255' title='bbox 710 2169 921 2225; x_wconf 91' lang='lat' dir='ltr'>dehinc</span> <span class='ocrx_word' id='word_1_256' title='bbox 956 2169 1045 2202; x_wconf 76' lang='grc'>¹⁵²⁷</span> <span class='ocrx_word' id='word_1_257' title='bbox 1078 2168 1189 2236; x_wconf 91' lang='lat' dir='ltr'>die,</span> <span class='ocrx_word' id='word_1_258' title='bbox 1224 2184 1358 2222; x_wconf 92' lang='lat' dir='ltr'>cum</span> <span class='ocrx_word' id='word_1_259' title='bbox 1389 2169 1460 2223; x_wconf 92' lang='lat' dir='ltr'>ad</span> <span class='ocrx_word' id='word_1_260' title='bbox 1514 2170 1961 2240; x_wconf 88' lang='lat' dir='ltr'>vespertinalem</span> <span class='ocrx_word' id='word_1_261' title='bbox 2015 2173 2093 2227; x_wconf 88' lang='lat' dir='ltr'>si-</span> 
     </span>
    </p>
   </div>
   <div class='ocr_carea' id='block_1_39' title="bbox 443 2256 2092 2331">
    <p class='ocr_par' dir='ltr' id='par_1_39' title="bbox 443 2256 2092 2331">
     <span class='ocr_line' id='line_1_39' title="bbox 443 2256 2092 2331; baseline 0.001 -17"><span class='ocrx_word' id='word_1_262' title='bbox 443 2259 638 2315; x_wconf 85' lang='lat' dir='ltr'>naxim</span> <span class='ocrx_word' id='word_1_263' title='bbox 662 2257 1091 2314; x_wconf 86' lang='lat' dir='ltr'>cumfratribus</span> <span class='ocrx_word' id='word_1_264' title='bbox 1115 2256 1173 2310; x_wconf 93' lang='lat' dir='ltr'>in</span> <span class='ocrx_word' id='word_1_265' title='bbox 1197 2257 1373 2312; x_wconf 93' lang='lat' dir='ltr'>choro</span> <span class='ocrx_word' id='word_1_266' title='bbox 1398 2261 1596 2324; x_wconf 89' lang='lat' dir='ltr'>staret,</span> <span class='ocrx_word' id='word_1_267' title='bbox 1618 2260 1804 2314; x_wconf 91' lang='lat' dir='ltr'>sensit</span> <span class='ocrx_word' id='word_1_268' title='bbox 1835 2266 2092 2331; x_wconf 90' lang='lat' dir='ltr'>repente,</span> 
     </span>
    </p>
   </div>
   <div class='ocr_carea' id='block_1_40' title="bbox 444 2346 2095 2421">
    <p class='ocr_par' dir='ltr' id='par_1_40' title="bbox 444 2346 2095 2421">
     <span class='ocr_line' id='line_1_40' title="bbox 444 2346 2095 2421; baseline 0.001 -18"><span class='ocrx_word' id='word_1_269' title='bbox 444 2348 751 2421; x_wconf 90' lang='lat' dir='ltr'>parvulam</span> <span class='ocrx_word' id='word_1_270' title='bbox 782 2346 893 2402; x_wconf 91' lang='lat' dir='ltr'>sibi</span> <span class='ocrx_word' id='word_1_271' title='bbox 925 2346 1111 2402; x_wconf 91' lang='lat' dir='ltr'>instar</span> <span class='ocrx_word' id='word_1_272' title='bbox 1139 2346 1229 2381; x_wconf 66' lang='grc'>1⁵2⁸</span> <span class='ocrx_word' id='word_1_273' title='bbox 1260 2348 1458 2417; x_wconf 90' lang='lat' dir='ltr'>puncti</span> <span class='ocrx_word' id='word_1_274' title='bbox 1496 2348 1795 2417; x_wconf 91' lang='lat' dir='ltr'>pustulam</span> <span class='ocrx_word' id='word_1_275' title='bbox 1846 2349 1903 2403; x_wconf 95' lang='lat' dir='ltr'>in</span> <span class='ocrx_word' id='word_1_276' title='bbox 1950 2350 2095 2405; x_wconf 92' lang='lat' dir='ltr'>collo</span> 
     </span>
    </p>
   </div>
   <div class='ocr_carea' id='block_1_41' title="bbox 443 2432 2097 2506">
    <p class='ocr_par' dir='ltr' id='par_1_41' title="bbox 443 2432 2097 2506">
     <span class='ocr_line' id='line_1_41' title="bbox 443 2432 2097 2506; baseline -0.001 -14"><span class='ocrx_word' id='word_1_277' title='bbox 443 2452 792 2503; x_wconf 89' lang='lat' dir='ltr'>excrescere,</span> <span class='ocrx_word' id='word_1_278' title='bbox 829 2452 945 2506; x_wconf 91' lang='lat' dir='ltr'>qua</span> <span class='ocrx_word' id='word_1_279' title='bbox 994 2432 1278 2505; x_wconf 82' lang='lat' dir='ltr'>paulatim</span> <span class='ocrx_word' id='word_1_280' title='bbox 1315 2433 1373 2488; x_wconf 92' lang='lat' dir='ltr'>in</span> <span class='ocrx_word' id='word_1_281' title='bbox 1425 2434 1782 2489; x_wconf 91' lang='lat' dir='ltr'>immensum</span> <span class='ocrx_word' id='word_1_282' title='bbox 1839 2437 2097 2492; x_wconf 90' lang='lat' dir='ltr'>intume-</span> 
     </span>
    </p>
   </div>
   <div class='ocr_carea' id='block_1_42' title="bbox 448 2522 2040 2595">
    <p class='ocr_par' dir='ltr' id='par_1_42' title="bbox 448 2522 2040 2595">
     <span class='ocr_line' id='line_1_42' title="bbox 448 2522 2040 2595; baseline 0.001 -16"><span class='ocrx_word' id='word_1_283' title='bbox 448 2529 665 2591; x_wconf 89' lang='lat' dir='ltr'>scente,</span> <span class='ocrx_word' id='word_1_284' title='bbox 697 2529 831 2578; x_wconf 89' lang='lat' dir='ltr'>ante</span> <span class='ocrx_word' id='word_1_285' title='bbox 865 2522 1115 2577; x_wconf 91' lang='lat' dir='ltr'>mediam</span> <span class='ocrx_word' id='word_1_286' title='bbox 1149 2526 1377 2576; x_wconf 90' lang='lat' dir='ltr'>noctem</span> <span class='ocrx_word' id='word_1_287' title='bbox 1410 2523 1724 2578; x_wconf 90' lang='lat' dir='ltr'>defunctus</span> <span class='ocrx_word' id='word_1_288' title='bbox 1755 2529 1842 2579; x_wconf 90' lang='lat' dir='ltr'>est</span> <span class='ocrx_word' id='word_1_289' title='bbox 1873 2526 2040 2595; x_wconf 88' lang='lat'>(398).</span> 
     </span>
    </p>
   </div>
   <div class='ocr_carea' id='block_1_43' title="bbox 514 2610 2092 2681">
    <p class='ocr_par' dir='ltr' id='par_1_43' title="bbox 514 2610 2092 2681">
     <span class='ocr_line' id='line_1_43' title="bbox 514 2610 2092 2681; baseline 0.001 -14"><span class='ocrx_word' id='word_1_290' title='bbox 514 2614 650 2668; x_wconf 89' lang='lat' dir='ltr'>Post</span> <span class='ocrx_word' id='word_1_291' title='bbox 680 2612 999 2667; x_wconf 90' lang='lat' dir='ltr'>abductum</span> <span class='ocrx_word' id='word_1_292' title='bbox 1031 2612 1101 2665; x_wconf 91' lang='lat' dir='ltr'>de</span> <span class='ocrx_word' id='word_1_293' title='bbox 1132 2610 1381 2664; x_wconf 87' lang='lat' dir='ltr'>Saxonia</span> <span class='ocrx_word' id='word_1_294' title='bbox 1414 2611 1568 2681; x_wconf 90' lang='lat' dir='ltr'>regis</span> <span class='ocrx_word' id='word_1_295' title='bbox 1597 2613 1937 2677; x_wconf 86' lang='lat' dir='ltr'>exercitum,</span> <span class='ocrx_word' id='word_1_296' title='bbox 1987 2614 2092 2669; x_wconf 91' lang='lat' dir='ltr'>ite-</span> 
     </span>
    </p>
   </div>
   <div class='ocr_carea' id='block_1_44' title="bbox 444 2698 2091 2769">
    <p class='ocr_par' dir='ltr' id='par_1_44' title="bbox 444 2698 2091 2769">
     <span class='ocr_line' id='line_1_44' title="bbox 444 2698 2091 2769; baseline 0 -12"><span class='ocrx_word' id='word_1_297' title='bbox 444 2718 575 2757; x_wconf 90' lang='lat' dir='ltr'>rum</span> <span class='ocrx_word' id='word_1_298' title='bbox 600 2702 857 2756; x_wconf 87' lang='lat' dir='ltr'>Saxones</span> <span class='ocrx_word' id='word_1_299' title='bbox 880 2704 937 2754; x_wconf 91' lang='lat' dir='ltr'>et</span> <span class='ocrx_word' id='word_1_300' title='bbox 958 2698 1244 2769; x_wconf 87' lang='lat' dir='ltr'>Thuringi</span> <span class='ocrx_word' id='word_1_301' title='bbox 1268 2699 1470 2753; x_wconf 89' lang='lat' dir='ltr'>crebra</span> <span class='ocrx_word' id='word_1_302' title='bbox 1491 2700 1898 2756; x_wconf 89' lang='lat' dir='ltr'>conventicula</span> <span class='ocrx_word' id='word_1_303' title='bbox 1922 2702 2091 2757; x_wconf 86' lang='lat' dir='ltr'>facie-</span> 
     </span>
    </p>
   </div>
   <div class='ocr_carea' id='block_1_45' title="bbox 447 2786 2091 2861">
    <p class='ocr_par' dir='ltr' id='par_1_45' title="bbox 447 2786 2091 2861">
     <span class='ocr_line' id='line_1_45' title="bbox 447 2786 2091 2861; baseline 0.001 -16"><span class='ocrx_word' id='word_1_304' title='bbox 447 2791 591 2845; x_wconf 90' lang='lat' dir='ltr'>bant</span> <span class='ocrx_word' id='word_1_305' title='bbox 619 2790 751 2859; x_wconf 83' lang='lat' dir='ltr'>(Jul.</span> <span class='ocrx_word' id='word_1_306' title='bbox 786 2788 971 2858; x_wconf 83' lang='lat' dir='ltr'>Aug.),</span> <span class='ocrx_word' id='word_1_307' title='bbox 994 2786 1051 2841; x_wconf 93' lang='lat' dir='ltr'>in</span> <span class='ocrx_word' id='word_1_308' title='bbox 1085 2786 1301 2857; x_wconf 90' lang='lat' dir='ltr'>quibus</span> <span class='ocrx_word' id='word_1_309' title='bbox 1332 2786 1497 2858; x_wconf 88' lang='lat' dir='ltr'>plebs</span> <span class='ocrx_word' id='word_1_310' title='bbox 1529 2792 1731 2843; x_wconf 90' lang='lat' dir='ltr'>contra</span> <span class='ocrx_word' id='word_1_311' title='bbox 1778 2790 2091 2861; x_wconf 87' lang='lat' dir='ltr'>principes,</span> 
     </span>
    </p>
   </div>
   <div class='ocr_carea' id='block_1_46' title="bbox 446 2875 2091 2950">
    <p class='ocr_par' dir='ltr' id='par_1_46' title="bbox 446 2875 2091 2950">
     <span class='ocr_line' id='line_1_46' title="bbox 446 2875 2091 2950; baseline -0.001 -16"><span class='ocrx_word' id='word_1_312' title='bbox 446 2884 503 2935; x_wconf 89' lang='lat' dir='ltr'>et</span> <span class='ocrx_word' id='word_1_313' title='bbox 527 2879 820 2950; x_wconf 91' lang='lat' dir='ltr'>principes</span> <span class='ocrx_word' id='word_1_314' title='bbox 847 2882 1048 2932; x_wconf 92' lang='lat' dir='ltr'>contra</span> <span class='ocrx_word' id='word_1_315' title='bbox 1072 2875 1299 2946; x_wconf 90' lang='lat' dir='ltr'>plebem</span> <span class='ocrx_word' id='word_1_316' title='bbox 1322 2875 1671 2947; x_wconf 86' lang='lat' dir='ltr'>gravissima</span> <span class='ocrx_word' id='word_1_317' title='bbox 1692 2878 2091 2933; x_wconf 90' lang='lat' dir='ltr'>simultatetu-</span> 
     </span>
    </p>
   </div>
   <div class='ocr_carea' id='block_1_47' title="bbox 450 2964 2090 3039">
    <p class='ocr_par' dir='ltr' id='par_1_47' title="bbox 450 2964 2090 3039">
     <span class='ocr_line' id='line_1_47' title="bbox 450 2964 2090 3039; baseline 0.001 -18"><span class='ocrx_word' id='word_1_318' title='bbox 450 2966 917 3021; x_wconf 89' lang='lat' dir='ltr'>multuabantur.</span> <span class='ocrx_word' id='word_1_319' title='bbox 939 2964 1507 3035; x_wconf 89' lang='lat' dir='ltr'>Succensebatplebs</span> <span class='ocrx_word' id='word_1_320' title='bbox 1530 2965 1914 3038; x_wconf 86' lang='lat' dir='ltr'>principibus,</span> <span class='ocrx_word' id='word_1_321' title='bbox 1938 2968 2090 3039; x_wconf 91' lang='lat' dir='ltr'>quod</span> 
     </span>
    </p>
   </div>
   <div class='ocr_carea' id='block_1_48' title="bbox 447 3053 2088 3127">
    <p class='ocr_par' dir='ltr' id='par_1_48' title="bbox 447 3053 2088 3127">
     <span class='ocr_line' id='line_1_48' title="bbox 447 3053 2088 3127; baseline 0.001 -17"><span class='ocrx_word' id='word_1_322' title='bbox 447 3072 573 3110; x_wconf 89' lang='lat' dir='ltr'>eam</span> <span class='ocrx_word' id='word_1_323' title='bbox 608 3057 679 3109; x_wconf 90' lang='lat' dir='ltr'>ad</span> <span class='ocrx_word' id='word_1_324' title='bbox 713 3053 1001 3110; x_wconf 90' lang='lat' dir='ltr'>sumenda</span> <span class='ocrx_word' id='word_1_325' title='bbox 1030 3057 1233 3107; x_wconf 91' lang='lat' dir='ltr'>contra</span> <span class='ocrx_word' id='word_1_326' title='bbox 1273 3068 1467 3123; x_wconf 88' lang='lat' dir='ltr'>regem</span> <span class='ocrx_word' id='word_1_327' title='bbox 1520 3070 1683 3108; x_wconf 90' lang='lat' dir='ltr'>arma</span> <span class='ocrx_word' id='word_1_328' title='bbox 1734 3055 2088 3127; x_wconf 90' lang='lat' dir='ltr'>importunis</span> 
     </span>
    </p>
   </div>
   <div class='ocr_carea' id='block_1_49' title="bbox 2204 1808 3763 1885">
    <p class='ocr_par' dir='ltr' id='par_1_49' title="bbox 2204 1808 3763 1885">
     <span class='ocr_line' id='line_1_49' title="bbox 2204 1808 3763 1885; baseline 0.006 -23"><span class='ocrx_word' id='word_1_329' title='bbox 2204 1825 2315 1879; x_wconf 91' lang='lat' dir='ltr'>que</span> <span class='ocrx_word' id='word_1_330' title='bbox 2344 1808 2690 1866; x_wconf 91' lang='lat' dir='ltr'>incussisset</span> <span class='ocrx_word' id='word_1_331' title='bbox 2720 1812 2830 1877; x_wconf 62' lang='lat'>1535,</span> <span class='ocrx_word' id='word_1_332' title='bbox 2862 1828 3095 1868; x_wconf 90' lang='lat' dir='ltr'>omnem</span> <span class='ocrx_word' id='word_1_333' title='bbox 3128 1832 3284 1869; x_wconf 90' lang='lat' dir='ltr'>nunc</span> <span class='ocrx_word' id='word_1_334' title='bbox 3314 1831 3532 1885; x_wconf 90' lang='lat' dir='ltr'>operam</span> <span class='ocrx_word' id='word_1_335' title='bbox 3547 1821 3763 1872; x_wconf 85' lang='lat' dir='ltr'>verterent</span> 
     </span>
    </p>
   </div>
   <div class='ocr_carea' id='block_1_50' title="bbox 2206 1897 3761 1977">
    <p class='ocr_par' dir='ltr' id='par_1_50' title="bbox 2206 1897 3761 1977">
     <span class='ocr_line' id='line_1_50' title="bbox 2206 1897 3761 1977; baseline 0.004 -26"><span class='ocrx_word' id='word_1_336' title='bbox 2206 1899 2275 1951; x_wconf 91' lang='lat' dir='ltr'>ad</span> <span class='ocrx_word' id='word_1_337' title='bbox 2313 1897 2655 1968; x_wconf 88' lang='lat' dir='ltr'>placandam</span> <span class='ocrx_word' id='word_1_338' title='bbox 2700 1901 2851 1973; x_wconf 90' lang='lat' dir='ltr'>regis</span> <span class='ocrx_word' id='word_1_339' title='bbox 2896 1902 3207 1957; x_wconf 88' lang='lat' dir='ltr'>adversum</span> <span class='ocrx_word' id='word_1_340' title='bbox 3258 1920 3318 1959; x_wconf 91' lang='lat' dir='ltr'>se</span> <span class='ocrx_word' id='word_1_341' title='bbox 3366 1904 3761 1977; x_wconf 83' lang='lat' dir='ltr'>indignationem.</span> 
     </span>
    </p>
   </div>
   <div class='ocr_carea' id='block_1_51' title="bbox 2207 1986 3763 2065">
    <p class='ocr_par' dir='ltr' id='par_1_51' title="bbox 2207 1986 3763 2065">
     <span class='ocr_line' id='line_1_51' title="bbox 2207 1986 3763 2065; baseline 0.006 -25"><span class='ocrx_word' id='word_1_342' title='bbox 2207 1986 2519 2041; x_wconf 88' lang='lat' dir='ltr'>Gratanter</span> <span class='ocrx_word' id='word_1_343' title='bbox 2550 1989 2727 2045; x_wconf 90' lang='lat' dir='ltr'>nimis</span> <span class='ocrx_word' id='word_1_344' title='bbox 2761 1990 2869 2045; x_wconf 93' lang='lat' dir='ltr'>hoc</span> <span class='ocrx_word' id='word_1_345' title='bbox 2900 1992 3165 2046; x_wconf 91' lang='lat' dir='ltr'>auditum</span> <span class='ocrx_word' id='word_1_346' title='bbox 3200 1998 3595 2065; x_wconf 88' lang='lat' dir='ltr'>acceptumque</span> <span class='ocrx_word' id='word_1_347' title='bbox 3618 1999 3689 2049; x_wconf 87' lang='lat' dir='ltr'>est</span> <span class='ocrx_word' id='word_1_348' title='bbox 3714 1994 3763 2048; x_wconf 74' lang='lat' dir='ltr'>ab</span> 
     </span>
    </p>
   </div>
   <div class='ocr_carea' id='block_1_52' title="bbox 2206 2076 3767 2153">
    <p class='ocr_par' dir='ltr' id='par_1_52' title="bbox 2206 2076 3767 2153">
     <span class='ocr_line' id='line_1_52' title="bbox 2206 2076 3767 2153; baseline 0.004 -24"><span class='ocrx_word' id='word_1_349' title='bbox 2206 2076 2365 2129; x_wconf 83' lang='lat' dir='ltr'>omni</span> <span class='ocrx_word' id='word_1_350' title='bbox 2396 2076 2582 2147; x_wconf 91' lang='lat' dir='ltr'>plebe.</span> <span class='ocrx_word' id='word_1_351' title='bbox 2618 2078 2945 2150; x_wconf 86' lang='lat' dir='ltr'>Statimque</span> <span class='ocrx_word' id='word_1_352' title='bbox 2987 2081 3328 2153; x_wconf 91' lang='lat' dir='ltr'>episcopum</span> <span class='ocrx_word' id='word_1_353' title='bbox 3378 2082 3696 2138; x_wconf 88' lang='lat' dir='ltr'>Premensem</span> <span class='ocrx_word' id='word_1_354' title='bbox 3729 2088 3767 2136; x_wconf 84' lang='lat' dir='ltr'>et</span> 
     </span>
    </p>
   </div>
   <div class='ocr_carea' id='block_1_53' title="bbox 2214 2163 3763 2237">
    <p class='ocr_par' dir='ltr' id='par_1_53' title="bbox 2214 2163 3763 2237">
     <span class='ocr_line' id='line_1_53' title="bbox 2214 2163 3763 2237; baseline 0.005 -19"><span class='ocrx_word' id='word_1_355' title='bbox 2214 2163 2505 2220; x_wconf 88' lang='lat' dir='ltr'>Uodonem</span> <span class='ocrx_word' id='word_1_356' title='bbox 2569 2167 2659 2201; x_wconf 78' lang='grc'>¹⁵³⁶</span> <span class='ocrx_word' id='word_1_357' title='bbox 2721 2167 3146 2236; x_wconf 89' lang='lat' dir='ltr'>marchionem,</span> <span class='ocrx_word' id='word_1_358' title='bbox 3207 2170 3411 2226; x_wconf 91' lang='lat' dir='ltr'>collato</span> <span class='ocrx_word' id='word_1_359' title='bbox 3456 2171 3681 2237; x_wconf 88' lang='lat' dir='ltr'>consilio,</span> <span class='ocrx_word' id='word_1_360' title='bbox 3716 2172 3763 2225; x_wconf 76' lang='lat' dir='ltr'>ad</span> 
     </span>
    </p>
   </div>
   <div class='ocr_carea' id='block_1_54' title="bbox 2205 2253 3765 2329">
    <p class='ocr_par' dir='ltr' id='par_1_54' title="bbox 2205 2253 3765 2329">
     <span class='ocr_line' id='line_1_54' title="bbox 2205 2253 3765 2329; baseline 0.004 -22"><span class='ocrx_word' id='word_1_361' title='bbox 2205 2268 2399 2325; x_wconf 87' lang='lat' dir='ltr'>regem</span> <span class='ocrx_word' id='word_1_362' title='bbox 2434 2253 2757 2311; x_wconf 86' lang='lat' dir='ltr'>miserunt:</span> <span class='ocrx_word' id='word_1_363' title='bbox 2792 2273 2956 2312; x_wconf 91' lang='lat' dir='ltr'>orare</span> <span class='ocrx_word' id='word_1_364' title='bbox 2988 2274 3090 2329; x_wconf 91' lang='lat' dir='ltr'>per</span> <span class='ocrx_word' id='word_1_365' title='bbox 3121 2257 3307 2313; x_wconf 91' lang='lat' dir='ltr'>Deum</span> <span class='ocrx_word' id='word_1_366' title='bbox 3340 2264 3420 2328; x_wconf 92' lang='lat' dir='ltr'>ut,</span> <span class='ocrx_word' id='word_1_367' title='bbox 3452 2260 3633 2315; x_wconf 86' lang='lat' dir='ltr'>saltem</span> <span class='ocrx_word' id='word_1_368' title='bbox 3656 2275 3765 2313; x_wconf 88' lang='lat' dir='ltr'>nunc</span> 
     </span>
    </p>
   </div>
   <div class='ocr_carea' id='block_1_55' title="bbox 2204 2343 3765 2417">
    <p class='ocr_par' dir='ltr' id='par_1_55' title="bbox 2204 2343 3765 2417">
     <span class='ocr_line' id='line_1_55' title="bbox 2204 2343 3765 2417; baseline 0.003 -21"><span class='ocrx_word' id='word_1_369' title='bbox 2204 2343 2491 2415; x_wconf 90' lang='lat' dir='ltr'>sanguine</span> <span class='ocrx_word' id='word_1_370' title='bbox 2514 2360 2715 2399; x_wconf 90' lang='lat' dir='ltr'>eorum</span> <span class='ocrx_word' id='word_1_371' title='bbox 2738 2347 3446 2417; x_wconf 77' lang='lat' dir='ltr'>exsaturatus,iracundiia</span> <span class='ocrx_word' id='word_1_372' title='bbox 3466 2366 3571 2404; x_wconf 65' lang='lat' dir='ltr'>suae</span> <span class='ocrx_word' id='word_1_373' title='bbox 3586 2348 3765 2403; x_wconf 89' lang='lat' dir='ltr'>modum</span> 
     </span>
    </p>
   </div>
   <div class='ocr_carea' id='block_1_56' title="bbox 2206 2434 3766 2508">
    <p class='ocr_par' dir='ltr' id='par_1_56' title="bbox 2206 2434 3766 2508">
     <span class='ocr_line' id='line_1_56' title="bbox 2206 2434 3766 2508; baseline 0.003 -23"><span class='ocrx_word' id='word_1_374' title='bbox 2206 2438 2466 2503; x_wconf 88' lang='lat' dir='ltr'>poneret,</span> <span class='ocrx_word' id='word_1_375' title='bbox 2500 2450 2606 2488; x_wconf 91' lang='lat' dir='ltr'>nec</span> <span class='ocrx_word' id='word_1_376' title='bbox 2638 2434 2911 2506; x_wconf 86' lang='lat' dir='ltr'>exiguum</span> <span class='ocrx_word' id='word_1_377' title='bbox 2942 2436 3135 2507; x_wconf 91' lang='lat' dir='ltr'>gentis</span> <span class='ocrx_word' id='word_1_378' title='bbox 3169 2437 3478 2503; x_wconf 68' lang='lat' dir='ltr'>Saxonicaa,</span> <span class='ocrx_word' id='word_1_379' title='bbox 3501 2437 3632 2508; x_wconf 90' lang='lat' dir='ltr'>quod</span> <span class='ocrx_word' id='word_1_380' title='bbox 3658 2441 3766 2491; x_wconf 81' lang='lat' dir='ltr'>atro-</span> 
     </span>
    </p>
   </div>
   <div class='ocr_carea' id='block_1_57' title="bbox 2204 2522 3765 2596">
    <p class='ocr_par' dir='ltr' id='par_1_57' title="bbox 2204 2522 3765 2596">
     <span class='ocr_line' id='line_1_57' title="bbox 2204 2522 3765 2596; baseline 0.001 -19"><span class='ocrx_word' id='word_1_381' title='bbox 2204 2522 2457 2577; x_wconf 65' lang='lat' dir='ltr'>cissima:</span> <span class='ocrx_word' id='word_1_382' title='bbox 2488 2522 2628 2577; x_wconf 68' lang='lat' dir='ltr'>caedi</span> <span class='ocrx_word' id='word_1_383' title='bbox 2656 2524 3042 2594; x_wconf 80' lang='lat' dir='ltr'>superfuerat,</span> <span class='ocrx_word' id='word_1_384' title='bbox 3076 2541 3265 2596; x_wconf 91' lang='lat' dir='ltr'>usque</span> <span class='ocrx_word' id='word_1_385' title='bbox 3298 2526 3367 2580; x_wconf 91' lang='lat' dir='ltr'>ad</span> <span class='ocrx_word' id='word_1_386' title='bbox 3410 2526 3765 2580; x_wconf 86' lang='lat' dir='ltr'>internitiouem</span> 
     </span>
    </p>
   </div>
   <div class='ocr_carea' id='block_1_58' title="bbox 2204 2609 3768 2684">
    <p class='ocr_par' dir='ltr' id='par_1_58' title="bbox 2204 2609 3768 2684">
     <span class='ocr_line' id='line_1_58' title="bbox 2204 2609 3768 2684; baseline 0.001 -19"><span class='ocrx_word' id='word_1_387' title='bbox 2204 2609 2461 2677; x_wconf 90' lang='lat' dir='ltr'>deleret;</span> <span class='ocrx_word' id='word_1_388' title='bbox 2496 2610 2651 2665; x_wconf 89' lang='lat' dir='ltr'>diem</span> <span class='ocrx_word' id='word_1_389' title='bbox 2683 2611 2887 2681; x_wconf 91' lang='lat' dir='ltr'>pocius</span> <span class='ocrx_word' id='word_1_390' title='bbox 2920 2610 3237 2683; x_wconf 93' lang='lat' dir='ltr'>locumque</span> <span class='ocrx_word' id='word_1_391' title='bbox 3283 2614 3648 2680; x_wconf 84' lang='lat' dir='ltr'>constitueret,</span> <span class='ocrx_word' id='word_1_392' title='bbox 3688 2629 3768 2684; x_wconf 83' lang='lat' dir='ltr'>quo</span> 
     </span>
    </p>
   </div>
   <div class='ocr_carea' id='block_1_59' title="bbox 2205 2698 3769 2772">
    <p class='ocr_par' dir='ltr' id='par_1_59' title="bbox 2205 2698 3769 2772">
     <span class='ocr_line' id='line_1_59' title="bbox 2205 2698 3769 2772; baseline 0.001 -20"><span class='ocrx_word' id='word_1_393' title='bbox 2205 2703 2331 2753; x_wconf 91' lang='lat' dir='ltr'>tuto</span> <span class='ocrx_word' id='word_1_394' title='bbox 2364 2698 2578 2766; x_wconf 89' lang='lat' dir='ltr'>venire,</span> <span class='ocrx_word' id='word_1_395' title='bbox 2614 2704 2742 2754; x_wconf 90' lang='lat' dir='ltr'>tuto</span> <span class='ocrx_word' id='word_1_396' title='bbox 2774 2717 3012 2756; x_wconf 89' lang='lat' dir='ltr'>causam</span> <span class='ocrx_word' id='word_1_397' title='bbox 3045 2701 3239 2757; x_wconf 90' lang='lat' dir='ltr'>dicere</span> <span class='ocrx_word' id='word_1_398' title='bbox 3291 2701 3517 2770; x_wconf 89' lang='lat' dir='ltr'>liceret;</span> <span class='ocrx_word' id='word_1_399' title='bbox 3562 2718 3615 2757; x_wconf 89' lang='lat' dir='ltr'>se</span> <span class='ocrx_word' id='word_1_400' title='bbox 3645 2703 3769 2772; x_wconf 80' lang='lat' dir='ltr'>juxta</span> 
     </span>
    </p>
   </div>
   <div class='ocr_carea' id='block_1_60' title="bbox 2196 2786 3769 2863">
    <p class='ocr_par' dir='ltr' id='par_1_60' title="bbox 2196 2786 3769 2863">
     <span class='ocr_line' id='line_1_60' title="bbox 2196 2786 3769 2863; baseline 0 -22"><span class='ocrx_word' id='word_1_401' title='bbox 2196 2786 2665 2857; x_wconf 88' lang='lat' dir='ltr'>jurisdictionem</span> <span class='ocrx_word' id='word_1_402' title='bbox 2702 2788 2967 2843; x_wconf 90' lang='lat' dir='ltr'>omnium</span> <span class='ocrx_word' id='word_1_403' title='bbox 3000 2790 3161 2861; x_wconf 90' lang='lat' dir='ltr'>regni</span> <span class='ocrx_word' id='word_1_404' title='bbox 3195 2790 3543 2863; x_wconf 77' lang='lat' dir='ltr'>principum,</span> <span class='ocrx_word' id='word_1_405' title='bbox 3571 2792 3631 2846; x_wconf 90' lang='lat' dir='ltr'>de</span> <span class='ocrx_word' id='word_1_406' title='bbox 3655 2787 3769 2845; x_wconf 87' lang='lat' dir='ltr'>omni</span> 
     </span>
    </p>
   </div>
   <div class='ocr_carea' id='block_1_61' title="bbox 2202 2875 3766 2950">
    <p class='ocr_par' dir='ltr' id='par_1_61' title="bbox 2202 2875 3766 2950">
     <span class='ocr_line' id='line_1_61' title="bbox 2202 2875 3766 2950; baseline 0.001 -22"><span class='ocrx_word' id='word_1_407' title='bbox 2202 2875 2421 2945; x_wconf 91' lang='lat' dir='ltr'>injuria</span> <span class='ocrx_word' id='word_1_408' title='bbox 2450 2893 2565 2947; x_wconf 87' lang='lat' dir='ltr'>qua</span> <span class='ocrx_word' id='word_1_409' title='bbox 2588 2893 2649 2931; x_wconf 90' lang='lat' dir='ltr'>se</span> <span class='ocrx_word' id='word_1_410' title='bbox 2675 2876 2879 2931; x_wconf 65' lang='lat' dir='ltr'>laesum</span> <span class='ocrx_word' id='word_1_411' title='bbox 2913 2877 3149 2941; x_wconf 88' lang='lat' dir='ltr'>diceret,</span> <span class='ocrx_word' id='word_1_412' title='bbox 3181 2885 3414 2950; x_wconf 88' lang='lat' dir='ltr'>paratos</span> <span class='ocrx_word' id='word_1_413' title='bbox 3442 2879 3489 2934; x_wconf 92' lang='lat' dir='ltr'>ei</span> <span class='ocrx_word' id='word_1_414' title='bbox 3520 2880 3583 2934; x_wconf 90' lang='lat' dir='ltr'>ad</span> <span class='ocrx_word' id='word_1_415' title='bbox 3622 2883 3766 2932; x_wconf 88' lang='lat' dir='ltr'>votum</span> 
     </span>
    </p>
   </div>
   <div class='ocr_carea' id='block_1_62' title="bbox 2203 2965 3767 3038">
    <p class='ocr_par' dir='ltr' id='par_1_62' title="bbox 2203 2965 3767 3038">
     <span class='ocr_line' id='line_1_62' title="bbox 2203 2965 3767 3038; baseline -0.001 -17"><span class='ocrx_word' id='word_1_416' title='bbox 2203 2965 2557 3030; x_wconf 81' lang='lat' dir='ltr'>satisfacere,</span> <span class='ocrx_word' id='word_1_417' title='bbox 2590 2982 2823 3020; x_wconf 89' lang='lat' dir='ltr'>omnem</span> <span class='ocrx_word' id='word_1_418' title='bbox 2857 2971 3151 3037; x_wconf 91' lang='lat' dir='ltr'>postremo</span> <span class='ocrx_word' id='word_1_419' title='bbox 3186 2967 3623 3024; x_wconf 82' lang='lat' dir='ltr'>satisfactionem</span> <span class='ocrx_word' id='word_1_420' title='bbox 3671 2982 3767 3038; x_wconf 83' lang='lat' dir='ltr'>pro-</span> 
     </span>
    </p>
   </div>
   <div class='ocr_carea' id='block_1_63' title="bbox 2204 3055 3770 3127">
    <p class='ocr_par' dir='ltr' id='par_1_63' title="bbox 2204 3055 3770 3127">
     <span class='ocr_line' id='line_1_63' title="bbox 2204 3055 3770 3127; baseline -0.003 -17"><span class='ocrx_word' id='word_1_421' title='bbox 2204 3071 2437 3127; x_wconf 91' lang='lat' dir='ltr'>ponere,</span> <span class='ocrx_word' id='word_1_422' title='bbox 2470 3055 2684 3122; x_wconf 90' lang='lat' dir='ltr'>omnia,</span> <span class='ocrx_word' id='word_1_423' title='bbox 2715 3055 3056 3111; x_wconf 82' lang='lat' dir='ltr'>salvamodo</span> <span class='ocrx_word' id='word_1_424' title='bbox 3071 3057 3189 3112; x_wconf 90' lang='lat' dir='ltr'>vita</span> <span class='ocrx_word' id='word_1_425' title='bbox 3211 3062 3269 3113; x_wconf 91' lang='lat' dir='ltr'>et</span> <span class='ocrx_word' id='word_1_426' title='bbox 3294 3057 3567 3127; x_wconf 87' lang='lat' dir='ltr'>libertate,</span> <span class='ocrx_word' id='word_1_427' title='bbox 3586 3057 3770 3111; x_wconf 84' lang='lat' dir='ltr'>libenter</span> 
     </span>
    </p>
   </div>
   <div class='ocr_carea' id='block_1_64' title="bbox 442 3119 3771 3218">
    <p class='ocr_par' dir='ltr' id='par_1_64' title="bbox 442 3119 3771 3218">
     <span class='ocr_line' id='line_1_64' title="bbox 442 3119 3771 3218; baseline -0.001 -20"><span class='ocrx_word' id='word_1_428' title='bbox 442 3143 819 3198; x_wconf 89' lang='lat' dir='ltr'>suasionibus</span> <span class='ocrx_word' id='word_1_429' title='bbox 836 3140 1231 3213; x_wconf 89' lang='lat' dir='ltr'>impulissent,</span> <span class='ocrx_word' id='word_1_430' title='bbox 1265 3144 1321 3195; x_wconf 93' lang='lat' dir='ltr'>et</span> <span class='ocrx_word' id='word_1_431' title='bbox 1341 3158 1520 3206; x_wconf 92' lang='lat' dir='ltr'>nunc,</span> <span class='ocrx_word' id='word_1_432' title='bbox 1544 3158 1677 3196; x_wconf 91' lang='lat' dir='ltr'>cum</span> <span class='ocrx_word' id='word_1_433' title='bbox 1700 3144 1769 3198; x_wconf 92' lang='lat' dir='ltr'>ad</span> <span class='ocrx_word' id='word_1_434' title='bbox 1794 3150 2087 3200; x_wconf 89' lang='lat' dir='ltr'>certamen</span> <span class='ocrx_word' id='word_1_435' title='bbox 2119 3119 2161 3185; x_wconf 81' lang='lat' dir='ltr'>C</span> <span class='ocrx_word' id='word_1_436' title='bbox 2200 3160 2478 3215; x_wconf 90' lang='lat' dir='ltr'>passuros</span> <span class='ocrx_word' id='word_1_437' title='bbox 2501 3144 2639 3215; x_wconf 73' lang='lat' dir='ltr'>fore,</span> <span class='ocrx_word' id='word_1_438' title='bbox 2663 3144 2712 3199; x_wconf 93' lang='lat' dir='ltr'>si</span> <span class='ocrx_word' id='word_1_439' title='bbox 2735 3149 2961 3199; x_wconf 90' lang='lat' dir='ltr'>tantum</span> <span class='ocrx_word' id='word_1_440' title='bbox 2982 3146 3603 3218; x_wconf 89' lang='lat' dir='ltr'>cxpeditionem,quam</span> <span class='ocrx_word' id='word_1_441' title='bbox 3622 3144 3771 3200; x_wconf 83' lang='lat' dir='ltr'>adver-</span> 
     </span>
    </p>
   </div>
   <div class='ocr_carea' id='block_1_65' title="bbox 442 3229 2087 3303">
    <p class='ocr_par' dir='ltr' id='par_1_65' title="bbox 442 3229 2087 3303">
     <span class='ocr_line' id='line_1_65' title="bbox 442 3229 2087 3303; baseline 0.001 -15"><span class='ocrx_word' id='word_1_442' title='bbox 442 3238 680 3289; x_wconf 86' lang='lat' dir='ltr'>ventum</span> <span class='ocrx_word' id='word_1_443' title='bbox 711 3236 884 3300; x_wconf 91' lang='lat' dir='ltr'>esset,</span> <span class='ocrx_word' id='word_1_444' title='bbox 916 3231 1052 3302; x_wconf 90' lang='lat' dir='ltr'>ipsi,</span> <span class='ocrx_word' id='word_1_445' title='bbox 1088 3232 1224 3303; x_wconf 85' lang='lat' dir='ltr'>fuga</span> <span class='ocrx_word' id='word_1_446' title='bbox 1242 3229 1448 3302; x_wconf 90' lang='lat' dir='ltr'>elapsi,</span> <span class='ocrx_word' id='word_1_447' title='bbox 1473 3229 1701 3302; x_wconf 91' lang='lat' dir='ltr'>plebem</span> <span class='ocrx_word' id='word_1_448' title='bbox 1726 3238 2087 3303; x_wconf 91' lang='lat' dir='ltr'>prosternen-</span> 
     </span>
    </p>
   </div>
   <div class='ocr_carea' id='block_1_66' title="bbox 444 3320 2087 3396">
    <p class='ocr_par' dir='ltr' id='par_1_66' title="bbox 444 3320 2087 3396">
     <span class='ocr_line' id='line_1_66' title="bbox 444 3320 2087 3396; baseline 0 -19"><span class='ocrx_word' id='word_1_449' title='bbox 444 3323 581 3377; x_wconf 90' lang='lat' dir='ltr'>dam</span> <span class='ocrx_word' id='word_1_450' title='bbox 614 3320 1073 3376; x_wconf 90' lang='lat' dir='ltr'>conculcandam</span> <span class='ocrx_word' id='word_1_451' title='bbox 1097 3324 1153 3374; x_wconf 92' lang='lat' dir='ltr'>et</span> <span class='ocrx_word' id='word_1_452' title='bbox 1175 3320 1288 3374; x_wconf 92' lang='lat' dir='ltr'>ritu</span> <span class='ocrx_word' id='word_1_453' title='bbox 1309 3320 1581 3375; x_wconf 89' lang='lat' dir='ltr'>inertium</span> <span class='ocrx_word' id='word_1_454' title='bbox 1608 3322 1893 3392; x_wconf 90' lang='lat' dir='ltr'>pecudum</span> <span class='ocrx_word' id='word_1_455' title='bbox 1919 3322 2087 3396; x_wconf 88' lang='lat' dir='ltr'>lugu-</span> 
     </span>
    </p>
   </div>
   <div class='ocr_carea' id='block_1_67' title="bbox 443 3408 2086 3483">
    <p class='ocr_par' dir='ltr' id='par_1_67' title="bbox 443 3408 2086 3483">
     <span class='ocr_line' id='line_1_67' title="bbox 443 3408 2086 3483; baseline 0.002 -19"><span class='ocrx_word' id='word_1_456' title='bbox 443 3409 682 3465; x_wconf 83' lang='lat' dir='ltr'>landam</span> <span class='ocrx_word' id='word_1_457' title='bbox 715 3410 983 3465; x_wconf 90' lang='lat' dir='ltr'>hostibus</span> <span class='ocrx_word' id='word_1_458' title='bbox 1017 3408 1445 3480; x_wconf 82' lang='lat' dir='ltr'>exposuissent.</span> <span class='ocrx_word' id='word_1_459' title='bbox 1484 3411 1889 3465; x_wconf 89' lang='lat' dir='ltr'>Irascebantur</span> <span class='ocrx_word' id='word_1_460' title='bbox 1931 3413 2086 3483; x_wconf 89' lang='lat' dir='ltr'>prin-</span> 
     </span>
    </p>
   </div>
   <div class='ocr_carea' id='block_1_68' title="bbox 449 3498 2087 3572">
    <p class='ocr_par' dir='ltr' id='par_1_68' title="bbox 449 3498 2087 3572">
     <span class='ocr_line' id='line_1_68' title="bbox 449 3498 2087 3572; baseline 0.001 -17"><span class='ocrx_word' id='word_1_461' title='bbox 449 3498 605 3571; x_wconf 85' lang='lat' dir='ltr'>cipes</span> <span class='ocrx_word' id='word_1_462' title='bbox 639 3498 814 3571; x_wconf 92' lang='lat' dir='ltr'>plebi,</span> <span class='ocrx_word' id='word_1_463' title='bbox 850 3499 1026 3569; x_wconf 90' lang='lat' dir='ltr'>quod,</span> <span class='ocrx_word' id='word_1_464' title='bbox 1058 3498 1202 3570; x_wconf 90' lang='lat' dir='ltr'>ipsis</span> <span class='ocrx_word' id='word_1_465' title='bbox 1234 3498 1290 3551; x_wconf 92' lang='lat' dir='ltr'>in</span> <span class='ocrx_word' id='word_1_466' title='bbox 1324 3499 1507 3553; x_wconf 91' lang='lat' dir='ltr'>aciem</span> <span class='ocrx_word' id='word_1_467' title='bbox 1549 3500 1873 3570; x_wconf 81' lang='lat' dir='ltr'>progressis</span> <span class='ocrx_word' id='word_1_468' title='bbox 1900 3505 1955 3555; x_wconf 91' lang='lat' dir='ltr'>et</span> <span class='ocrx_word' id='word_1_469' title='bbox 1985 3518 2087 3572; x_wconf 90' lang='lat' dir='ltr'>pro</span> 
     </span>
    </p>
   </div>
   <div class='ocr_carea' id='block_1_69' title="bbox 449 3587 2088 3660">
    <p class='ocr_par' dir='ltr' id='par_1_69' title="bbox 449 3587 2088 3660">
     <span class='ocr_line' id='line_1_69' title="bbox 449 3587 2088 3660; baseline 0.001 -17"><span class='ocrx_word' id='word_1_470' title='bbox 449 3605 693 3643; x_wconf 90' lang='lat' dir='ltr'>numero</span> <span class='ocrx_word' id='word_1_471' title='bbox 722 3605 829 3643; x_wconf 88' lang='lat' dir='ltr'>sua</span> <span class='ocrx_word' id='word_1_472' title='bbox 860 3589 1006 3643; x_wconf 90' lang='lat' dir='ltr'>satis</span> <span class='ocrx_word' id='word_1_473' title='bbox 1058 3587 1303 3658; x_wconf 83' lang='lat' dir='ltr'>impigre</span> <span class='ocrx_word' id='word_1_474' title='bbox 1353 3604 1474 3641; x_wconf 92' lang='lat' dir='ltr'>rem</span> <span class='ocrx_word' id='word_1_475' title='bbox 1524 3589 1882 3660; x_wconf 86' lang='lat' dir='ltr'>gerentibus,</span> <span class='ocrx_word' id='word_1_476' title='bbox 1925 3589 2088 3660; x_wconf 91' lang='lat' dir='ltr'>plebs</span> 
     </span>
    </p>
   </div>
   <div class='ocr_carea' id='block_1_70' title="bbox 445 3675 2089 3748">
    <p class='ocr_par' dir='ltr' id='par_1_70' title="bbox 445 3675 2089 3748">
     <span class='ocr_line' id='line_1_70' title="bbox 445 3675 2089 3748; baseline 0.001 -16"><span class='ocrx_word' id='word_1_477' title='bbox 445 3677 601 3733; x_wconf 90' lang='lat' dir='ltr'>intra</span> <span class='ocrx_word' id='word_1_478' title='bbox 629 3681 821 3734; x_wconf 91' lang='lat' dir='ltr'>castra</span> <span class='ocrx_word' id='word_1_479' title='bbox 848 3676 1019 3732; x_wconf 90' lang='lat' dir='ltr'>inerti</span> <span class='ocrx_word' id='word_1_480' title='bbox 1052 3675 1167 3731; x_wconf 86' lang='lat' dir='ltr'>otio</span> <span class='ocrx_word' id='word_1_481' title='bbox 1189 3675 1531 3742; x_wconf 89' lang='lat' dir='ltr'>desedisset,</span> <span class='ocrx_word' id='word_1_482' title='bbox 1551 3680 1607 3730; x_wconf 86' lang='lat' dir='ltr'>et</span> <span class='ocrx_word' id='word_1_483' title='bbox 1625 3676 2089 3748; x_wconf 90' lang='lat' dir='ltr'>periclitantibus</span> 
     </span>
    </p>
   </div>
   <div class='ocr_carea' id='block_1_71' title="bbox 441 3762 2091 3839">
    <p class='ocr_par' dir='ltr' id='par_1_71' title="bbox 441 3762 2091 3839">
     <span class='ocr_line' id='line_1_71' title="bbox 441 3762 2091 3839; baseline 0.001 -18"><span class='ocrx_word' id='word_1_484' title='bbox 441 3767 763 3839; x_wconf 90' lang='lat' dir='ltr'>plurimum</span> <span class='ocrx_word' id='word_1_485' title='bbox 790 3766 966 3821; x_wconf 66' lang='lat' dir='ltr'>irritis</span> <span class='ocrx_word' id='word_1_486' title='bbox 990 3764 1135 3837; x_wconf 92' lang='lat' dir='ltr'>spei,</span> <span class='ocrx_word' id='word_1_487' title='bbox 1165 3762 1309 3820; x_wconf 89' lang='lat' dir='ltr'>nihil</span> <span class='ocrx_word' id='word_1_488' title='bbox 1333 3764 1459 3835; x_wconf 85' lang='lat' dir='ltr'>Opis</span> <span class='ocrx_word' id='word_1_489' title='bbox 1484 3765 1855 3836; x_wconf 73' lang='lat' dir='ltr'>praesidiique</span> <span class='ocrx_word' id='word_1_490' title='bbox 1878 3767 1975 3822; x_wconf 92' lang='lat' dir='ltr'>diu</span> <span class='ocrx_word' id='word_1_491' title='bbox 1999 3784 2091 3822; x_wconf 88' lang='lat' dir='ltr'>ex-</span> 
     </span>
    </p>
   </div>
   <div class='ocr_carea' id='block_1_72' title="bbox 440 3852 2088 3928">
    <p class='ocr_par' dir='ltr' id='par_1_72' title="bbox 440 3852 2088 3928">
     <span class='ocr_line' id='line_1_72' title="bbox 440 3852 2088 3928; baseline -0.002 -16"><span class='ocrx_word' id='word_1_492' title='bbox 440 3861 669 3928; x_wconf 89' lang='lat' dir='ltr'>pectata</span> <span class='ocrx_word' id='word_1_493' title='bbox 698 3855 1070 3911; x_wconf 91' lang='lat' dir='ltr'>contulisset.</span> <span class='ocrx_word' id='word_1_494' title='bbox 1104 3854 1255 3907; x_wconf 90' lang='lat' dir='ltr'>Tum</span> <span class='ocrx_word' id='word_1_495' title='bbox 1290 3852 1383 3886; x_wconf 73' lang='grc'>¹⁸²⁹</span> <span class='ocrx_word' id='word_1_496' title='bbox 1413 3869 1544 3907; x_wconf 91' lang='lat' dir='ltr'>vero</span> <span class='ocrx_word' id='word_1_497' title='bbox 1577 3870 1781 3909; x_wconf 89' lang='lat' dir='ltr'>omnes</span> <span class='ocrx_word' id='word_1_498' title='bbox 1830 3855 1886 3909; x_wconf 92' lang='lat' dir='ltr'>in</span> <span class='ocrx_word' id='word_1_499' title='bbox 1930 3872 2088 3910; x_wconf 83' lang='lat' dir='ltr'>com-</span> 
     </span>
    </p>
   </div>
   <div class='ocr_carea' id='block_1_73' title="bbox 444 3941 2087 4013">
    <p class='ocr_par' dir='ltr' id='par_1_73' title="bbox 444 3941 2087 4013">
     <span class='ocr_line' id='line_1_73' title="bbox 444 3941 2087 4013; baseline 0 -14"><span class='ocrx_word' id='word_1_500' title='bbox 444 3962 621 4001; x_wconf 90' lang='lat' dir='ltr'>mune</span> <span class='ocrx_word' id='word_1_501' title='bbox 632 3950 886 3999; x_wconf 86' lang='lat' dir='ltr'>Saxones</span> <span class='ocrx_word' id='word_1_502' title='bbox 904 3959 1106 3999; x_wconf 89' lang='lat' dir='ltr'>omnes</span> <span class='ocrx_word' id='word_1_503' title='bbox 1121 3941 1453 4013; x_wconf 90' lang='lat' dir='ltr'>Tburingos</span> <span class='ocrx_word' id='word_1_504' title='bbox 1468 3942 1845 3997; x_wconf 88' lang='lat' dir='ltr'>infestissime</span> <span class='ocrx_word' id='word_1_505' title='bbox 1858 3960 2087 3999; x_wconf 82' lang='lat' dir='ltr'>aversa-</span> 
     </span>
    </p>
   </div>
   <div class='ocr_carea' id='block_1_74' title="bbox 445 4030 2087 4102">
    <p class='ocr_par' dir='ltr' id='par_1_74' title="bbox 445 4030 2087 4102">
     <span class='ocr_line' id='line_1_74' title="bbox 445 4030 2087 4102; baseline -0.001 -14"><span class='ocrx_word' id='word_1_506' title='bbox 445 4033 889 4102; x_wconf 87' lang='lat' dir='ltr'>bantur,etcum</span> <span class='ocrx_word' id='word_1_507' title='bbox 908 4030 1231 4100; x_wconf 90' lang='lat' dir='ltr'>hisjustius</span> <span class='ocrx_word' id='word_1_508' title='bbox 1248 4046 1424 4099; x_wconf 91' lang='lat' dir='ltr'>quam</span> <span class='ocrx_word' id='word_1_509' title='bbox 1451 4046 1583 4084; x_wconf 91' lang='lat' dir='ltr'>cum</span> <span class='ocrx_word' id='word_1_510' title='bbox 1600 4045 1730 4101; x_wconf 93' lang='lat' dir='ltr'>rege</span> <span class='ocrx_word' id='word_1_511' title='bbox 1745 4030 1962 4086; x_wconf 92' lang='lat' dir='ltr'>bellum</span> <span class='ocrx_word' id='word_1_512' title='bbox 1978 4032 2087 4087; x_wconf 92' lang='lat' dir='ltr'>sibi</span> 
     </span>
    </p>
   </div>
   <div class='ocr_carea' id='block_1_75' title="bbox 445 4118 2089 4189">
    <p class='ocr_par' dir='ltr' id='par_1_75' title="bbox 445 4118 2089 4189">
     <span class='ocr_line' id='line_1_75' title="bbox 445 4118 2089 4189; baseline 0.001 -15"><span class='ocrx_word' id='word_1_513' title='bbox 445 4122 568 4176; x_wconf 88' lang='lat' dir='ltr'>fore</span> <span class='ocrx_word' id='word_1_514' title='bbox 599 4120 892 4184; x_wconf 90' lang='lat' dir='ltr'>dicebant,</span> <span class='ocrx_word' id='word_1_515' title='bbox 929 4119 1105 4189; x_wconf 92' lang='lat' dir='ltr'>quod,</span> <span class='ocrx_word' id='word_1_516' title='bbox 1141 4119 1199 4172; x_wconf 92' lang='lat' dir='ltr'>in</span> <span class='ocrx_word' id='word_1_517' title='bbox 1224 4118 1421 4189; x_wconf 83' lang='lat' dir='ltr'>fugam</span> <span class='ocrx_word' id='word_1_518' title='bbox 1440 4134 1604 4173; x_wconf 89' lang='lat' dir='ltr'>verso</span> <span class='ocrx_word' id='word_1_519' title='bbox 1627 4118 1909 4174; x_wconf 82' lang='lat' dir='ltr'>Saxonico</span> <span class='ocrx_word' id='word_1_520' title='bbox 1936 4137 2089 4175; x_wconf 87' lang='lat' dir='ltr'>exer-</span> 
     </span>
    </p>
   </div>
   <div class='ocr_carea' id='block_1_76' title="bbox 447 4206 2088 4280">
    <p class='ocr_par' dir='ltr' id='par_1_76' title="bbox 447 4206 2088 4280">
     <span class='ocr_line' id='line_1_76' title="bbox 447 4206 2088 4280; baseline 0 -17"><span class='ocrx_word' id='word_1_521' title='bbox 447 4209 591 4275; x_wconf 92' lang='lat' dir='ltr'>citu,</span> <span class='ocrx_word' id='word_1_522' title='bbox 622 4207 929 4279; x_wconf 88' lang='lat' dir='ltr'>Thuringi,</span> <span class='ocrx_word' id='word_1_523' title='bbox 957 4223 1060 4278; x_wconf 88' lang='lat' dir='ltr'>per</span> <span class='ocrx_word' id='word_1_524' title='bbox 1085 4222 1287 4261; x_wconf 91' lang='lat' dir='ltr'>omnes</span> <span class='ocrx_word' id='word_1_525' title='bbox 1304 4206 1425 4261; x_wconf 88' lang='lat' dir='ltr'>vias</span> <span class='ocrx_word' id='word_1_526' title='bbox 1448 4210 1504 4260; x_wconf 91' lang='lat' dir='ltr'>et</span> <span class='ocrx_word' id='word_1_527' title='bbox 1524 4206 1778 4278; x_wconf 90' lang='lat' dir='ltr'>compita</span> <span class='ocrx_word' id='word_1_528' title='bbox 1802 4208 1890 4243; x_wconf 65' lang='lat'>“53°</span> <span class='ocrx_word' id='word_1_529' title='bbox 1910 4225 2088 4280; x_wconf 93' lang='lat' dir='ltr'>oppo-</span> 
     </span>
    </p>
   </div>
   <div class='ocr_carea' id='block_1_77' title="bbox 443 4296 2091 4369">
    <p class='ocr_par' dir='ltr' id='par_1_77' title="bbox 443 4296 2091 4369">
     <span class='ocr_line' id='line_1_77' title="bbox 443 4296 2091 4369; baseline -0.001 -15"><span class='ocrx_word' id='word_1_530' title='bbox 443 4298 563 4366; x_wconf 91' lang='lat' dir='ltr'>siti,</span> <span class='ocrx_word' id='word_1_531' title='bbox 595 4296 884 4369; x_wconf 87' lang='lat' dir='ltr'>fugientes</span> <span class='ocrx_word' id='word_1_532' title='bbox 925 4296 1287 4364; x_wconf 90' lang='lat' dir='ltr'>invaderent,</span> <span class='ocrx_word' id='word_1_533' title='bbox 1322 4300 1607 4367; x_wconf 89' lang='lat' dir='ltr'>raperent,</span> <span class='ocrx_word' id='word_1_534' title='bbox 1643 4296 1981 4365; x_wconf 89' lang='lat' dir='ltr'>lacerarent,</span> <span class='ocrx_word' id='word_1_535' title='bbox 2036 4301 2091 4353; x_wconf 93' lang='lat' dir='ltr'>et</span> 
     </span>
    </p>
   </div>
   <div class='ocr_carea' id='block_1_78' title="bbox 441 4384 2087 4460">
    <p class='ocr_par' dir='ltr' id='par_1_78' title="bbox 441 4384 2087 4460">
     <span class='ocr_line' id='line_1_78' title="bbox 441 4384 2087 4460; baseline -0.001 -16"><span class='ocrx_word' id='word_1_536' title='bbox 441 4385 839 4460; x_wconf 88' lang='lat' dir='ltr'>ignominiosa</span> <span class='ocrx_word' id='word_1_537' title='bbox 860 4386 1124 4441; x_wconf 89' lang='lat' dir='ltr'>nuditate</span> <span class='ocrx_word' id='word_1_538' title='bbox 1146 4385 1388 4440; x_wconf 64' lang='lat' dir='ltr'>foedatos</span> <span class='ocrx_word' id='word_1_539' title='bbox 1409 4386 1479 4440; x_wconf 92' lang='lat' dir='ltr'>de</span> <span class='ocrx_word' id='word_1_540' title='bbox 1499 4385 1624 4440; x_wconf 91' lang='lat' dir='ltr'>suis</span> <span class='ocrx_word' id='word_1_541' title='bbox 1638 4384 1855 4441; x_wconf 82' lang='lat' dir='ltr'>ﬁnibus</span> <span class='ocrx_word' id='word_1_542' title='bbox 1868 4387 2087 4459; x_wconf 82' lang='lat' dir='ltr'>elI‘uga—</span> 
     </span>
    </p>
   </div>
   <div class='ocr_carea' id='block_1_79' title="bbox 2199 3233 3768 3307">
    <p class='ocr_par' dir='ltr' id='par_1_79' title="bbox 2199 3233 3768 3307">
     <span class='ocr_line' id='line_1_79' title="bbox 2199 3233 3768 3307; baseline 0 -20"><span class='ocrx_word' id='word_1_543' title='bbox 2199 3250 2330 3287; x_wconf 91' lang='lat' dir='ltr'>sum</span> <span class='ocrx_word' id='word_1_544' title='bbox 2362 3250 2422 3287; x_wconf 92' lang='lat' dir='ltr'>se</span> <span class='ocrx_word' id='word_1_545' title='bbox 2437 3233 2712 3288; x_wconf 89' lang='lat' dir='ltr'>omnibus</span> <span class='ocrx_word' id='word_1_546' title='bbox 2732 3234 2891 3305; x_wconf 89' lang='lat' dir='ltr'>regni</span> <span class='ocrx_word' id='word_1_547' title='bbox 2918 3234 3287 3307; x_wconf 77' lang='lat' dir='ltr'>principique</span> <span class='ocrx_word' id='word_1_548' title='bbox 3314 3236 3579 3291; x_wconf 89' lang='lat' dir='ltr'>indictam</span> <span class='ocrx_word' id='word_1_549' title='bbox 3598 3246 3768 3302; x_wconf 80' lang='lat' dir='ltr'>compe-</span> 
     </span>
    </p>
   </div>
   <div class='ocr_carea' id='block_1_80' title="bbox 2199 3321 3769 3393">
    <p class='ocr_par' dir='ltr' id='par_1_80' title="bbox 2199 3321 3769 3393">
     <span class='ocr_line' id='line_1_80' title="bbox 2199 3321 3769 3393; baseline -0.001 -18"><span class='ocrx_word' id='word_1_550' title='bbox 2199 3321 2435 3391; x_wconf 89' lang='lat' dir='ltr'>rissent,</span> <span class='ocrx_word' id='word_1_551' title='bbox 2467 3322 2538 3375; x_wconf 87' lang='lat' dir='ltr'>ad</span> <span class='ocrx_word' id='word_1_552' title='bbox 2572 3329 2807 3393; x_wconf 90' lang='lat' dir='ltr'>tempus</span> <span class='ocrx_word' id='word_1_553' title='bbox 2840 3322 3148 3379; x_wconf 89' lang='lat' dir='ltr'>inhiberet.</span> <span class='ocrx_word' id='word_1_554' title='bbox 3184 3326 3271 3379; x_wconf 85' lang='lat' dir='ltr'>Ad</span> <span class='ocrx_word' id='word_1_555' title='bbox 3296 3325 3415 3380; x_wconf 68' lang='lat' dir='ltr'>haec</span> <span class='ocrx_word' id='word_1_556' title='bbox 3436 3341 3528 3381; x_wconf 85' lang='lat' dir='ltr'>rex</span> <span class='ocrx_word' id='word_1_557' title='bbox 3547 3324 3615 3379; x_wconf 85' lang='lat' dir='ltr'>ait</span> <span class='ocrx_word' id='word_1_558' title='bbox 3632 3338 3681 3378; x_wconf 86' lang='lat' dir='ltr'>se</span> <span class='ocrx_word' id='word_1_559' title='bbox 3697 3334 3769 3375; x_wconf 86' lang='lat' dir='ltr'>nec</span> 
     </span>
    </p>
   </div>
   <div class='ocr_carea' id='block_1_81' title="bbox 2199 3409 3768 3481">
    <p class='ocr_par' dir='ltr' id='par_1_81' title="bbox 2199 3409 3768 3481">
     <span class='ocr_line' id='line_1_81' title="bbox 2199 3409 3768 3481; baseline -0.003 -16"><span class='ocrx_word' id='word_1_560' title='bbox 2199 3409 2282 3465; x_wconf 90' lang='lat' dir='ltr'>eis</span> <span class='ocrx_word' id='word_1_561' title='bbox 2314 3426 2419 3464; x_wconf 91' lang='lat' dir='ltr'>nec</span> <span class='ocrx_word' id='word_1_562' title='bbox 2452 3409 2727 3480; x_wconf 90' lang='lat' dir='ltr'>cuiquam</span> <span class='ocrx_word' id='word_1_563' title='bbox 2763 3412 2990 3481; x_wconf 87' lang='lat' dir='ltr'>justam</span> <span class='ocrx_word' id='word_1_564' title='bbox 3042 3413 3501 3470; x_wconf 86' lang='lat' dir='ltr'>satisfactionem</span> <span class='ocrx_word' id='word_1_565' title='bbox 3547 3414 3607 3468; x_wconf 87' lang='lat' dir='ltr'>de</span> <span class='ocrx_word' id='word_1_566' title='bbox 3645 3410 3768 3479; x_wconf 81' lang='lat' dir='ltr'>culpa</span> 
     </span>
    </p>
   </div>
   <div class='ocr_carea' id='block_1_82' title="bbox 2198 3498 3768 3571">
    <p class='ocr_par' dir='ltr' id='par_1_82' title="bbox 2198 3498 3768 3571">
     <span class='ocr_line' id='line_1_82' title="bbox 2198 3498 3768 3571; baseline -0.001 -18"><span class='ocrx_word' id='word_1_567' title='bbox 2198 3498 2540 3570; x_wconf 91' lang='lat' dir='ltr'>proponenti</span> <span class='ocrx_word' id='word_1_568' title='bbox 2567 3498 2794 3553; x_wconf 90' lang='lat' dir='ltr'>veniam</span> <span class='ocrx_word' id='word_1_569' title='bbox 2816 3506 3189 3571; x_wconf 90' lang='lat' dir='ltr'>negaturum,</span> <span class='ocrx_word' id='word_1_570' title='bbox 3206 3504 3279 3557; x_wconf 92' lang='lat' dir='ltr'>de</span> <span class='ocrx_word' id='word_1_571' title='bbox 3304 3509 3459 3558; x_wconf 88' lang='lat' dir='ltr'>tanto</span> <span class='ocrx_word' id='word_1_572' title='bbox 3476 3507 3647 3557; x_wconf 90' lang='lat' dir='ltr'>autem</span> <span class='ocrx_word' id='word_1_573' title='bbox 3665 3504 3768 3553; x_wconf 83' lang='lat' dir='ltr'>tam-</span> 
     </span>
    </p>
   </div>
   <div class='ocr_carea' id='block_1_83' title="bbox 2199 3588 3765 3661">
    <p class='ocr_par' dir='ltr' id='par_1_83' title="bbox 2199 3588 3765 3661">
     <span class='ocr_line' id='line_1_83' title="bbox 2199 3588 3765 3661; baseline -0.001 -19"><span class='ocrx_word' id='word_1_574' title='bbox 2199 3606 2309 3659; x_wconf 92' lang='lat' dir='ltr'>que</span> <span class='ocrx_word' id='word_1_575' title='bbox 2324 3588 2410 3622; x_wconf 79' lang='grc'>¹⁵³⁷</span> <span class='ocrx_word' id='word_1_576' title='bbox 2427 3588 2605 3643; x_wconf 91' lang='lat' dir='ltr'>atroci</span> <span class='ocrx_word' id='word_1_577' title='bbox 2631 3588 2866 3659; x_wconf 89' lang='lat' dir='ltr'>negocio</span> <span class='ocrx_word' id='word_1_578' title='bbox 2882 3589 3318 3661; x_wconf 70' lang='lat' dir='ltr'>praecipitanter</span> <span class='ocrx_word' id='word_1_579' title='bbox 3335 3592 3651 3648; x_wconf 88' lang='lat' dir='ltr'>sententiam</span> <span class='ocrx_word' id='word_1_580' title='bbox 3662 3589 3765 3643; x_wconf 83' lang='lat' dir='ltr'>ferre</span> 
     </span>
    </p>
   </div>
   <div class='ocr_carea' id='block_1_84' title="bbox 2199 3676 3767 3753">
    <p class='ocr_par' dir='ltr' id='par_1_84' title="bbox 2199 3676 3767 3753">
     <span class='ocr_line' id='line_1_84' title="bbox 2199 3676 3767 3753; baseline -0.003 -21"><span class='ocrx_word' id='word_1_581' title='bbox 2199 3694 2302 3732; x_wconf 92' lang='lat' dir='ltr'>nec</span> <span class='ocrx_word' id='word_1_582' title='bbox 2332 3676 2475 3732; x_wconf 89' lang='lat' dir='ltr'>velle</span> <span class='ocrx_word' id='word_1_583' title='bbox 2496 3694 2597 3732; x_wconf 91' lang='lat' dir='ltr'>nec</span> <span class='ocrx_word' id='word_1_584' title='bbox 2621 3677 2849 3746; x_wconf 91' lang='lat' dir='ltr'>debere,</span> <span class='ocrx_word' id='word_1_585' title='bbox 2869 3677 3048 3733; x_wconf 92' lang='lat' dir='ltr'>donec</span> <span class='ocrx_word' id='word_1_586' title='bbox 3070 3680 3369 3752; x_wconf 90' lang='lat' dir='ltr'>principes</span> <span class='ocrx_word' id='word_1_587' title='bbox 3396 3680 3545 3753; x_wconf 89' lang='lat' dir='ltr'>regni</span> <span class='ocrx_word' id='word_1_588' title='bbox 3566 3680 3616 3734; x_wconf 91' lang='lat' dir='ltr'>in</span> <span class='ocrx_word' id='word_1_589' title='bbox 3635 3689 3767 3732; x_wconf 86' lang='lat' dir='ltr'>unum</span> 
     </span>
    </p>
   </div>
   <div class='ocr_carea' id='block_1_85' title="bbox 2199 3765 3767 3842">
    <p class='ocr_par' dir='ltr' id='par_1_85' title="bbox 2199 3765 3767 3842">
     <span class='ocr_line' id='line_1_85' title="bbox 2199 3765 3767 3842; baseline -0.003 -21"><span class='ocrx_word' id='word_1_590' title='bbox 2199 3766 2595 3832; x_wconf 89' lang='lat' dir='ltr'>convenirent,</span> <span class='ocrx_word' id='word_1_591' title='bbox 2628 3766 2685 3819; x_wconf 93' lang='lat' dir='ltr'>in</span> <span class='ocrx_word' id='word_1_592' title='bbox 2730 3782 2981 3835; x_wconf 91' lang='lat' dir='ltr'>quorum</span> <span class='ocrx_word' id='word_1_593' title='bbox 3038 3784 3415 3825; x_wconf 89' lang='lat' dir='ltr'>communem</span> <span class='ocrx_word' id='word_1_594' title='bbox 3458 3765 3767 3842; x_wconf 78' lang='lat' dir='ltr'>ignominiam</span> 
     </span>
    </p>
   </div>
   <div class='ocr_carea' id='block_1_86' title="bbox 2198 3854 3770 3928">
    <p class='ocr_par' dir='ltr' id='par_1_86' title="bbox 2198 3854 3770 3928">
     <span class='ocr_line' id='line_1_86' title="bbox 2198 3854 3770 3928; baseline -0.004 -19"><span class='ocrx_word' id='word_1_595' title='bbox 2198 3854 2342 3909; x_wconf 64' lang='lat' dir='ltr'>laesae</span> <span class='ocrx_word' id='word_1_596' title='bbox 2360 3854 2527 3925; x_wconf 84' lang='lat' dir='ltr'>regiae</span> <span class='ocrx_word' id='word_1_597' title='bbox 2551 3854 2876 3923; x_wconf 88' lang='lat' dir='ltr'>majestatis</span> <span class='ocrx_word' id='word_1_598' title='bbox 2890 3855 2946 3909; x_wconf 93' lang='lat' dir='ltr'>in</span> <span class='ocrx_word' id='word_1_599' title='bbox 2947 3857 2971 3926; x_wconf 84' lang='lat' dir='ltr'>j</span> <span class='ocrx_word' id='word_1_600' title='bbox 2983 3856 3493 3925; x_wconf 87' lang='lat' dir='ltr'>uriaredundaret,</span> <span class='ocrx_word' id='word_1_601' title='bbox 3514 3862 3567 3912; x_wconf 91' lang='lat' dir='ltr'>et</span> <span class='ocrx_word' id='word_1_602' title='bbox 3585 3865 3770 3928; x_wconf 87' lang='lat' dir='ltr'>quorum</span> 
     </span>
    </p>
   </div>
   <div class='ocr_carea' id='block_1_87' title="bbox 2199 3941 3773 4019">
    <p class='ocr_par' dir='ltr' id='par_1_87' title="bbox 2199 3941 3773 4019">
     <span class='ocr_line' id='line_1_87' title="bbox 2199 3941 3773 4019; baseline -0.003 -22"><span class='ocrx_word' id='word_1_603' title='bbox 2199 3948 2318 3998; x_wconf 91' lang='lat' dir='ltr'>tam</span> <span class='ocrx_word' id='word_1_604' title='bbox 2337 3943 2547 3997; x_wconf 90' lang='lat' dir='ltr'>virtute</span> <span class='ocrx_word' id='word_1_605' title='bbox 2560 3941 3241 4016; x_wconf 89' lang='lat' dir='ltr'>bellumtransigendum</span> <span class='ocrx_word' id='word_1_606' title='bbox 3264 3965 3439 4019; x_wconf 90' lang='lat' dir='ltr'>quam</span> <span class='ocrx_word' id='word_1_607' title='bbox 3462 3944 3673 4003; x_wconf 86' lang='lat' dir='ltr'>consilia</span> <span class='ocrx_word' id='word_1_608' title='bbox 3698 3955 3773 4012; x_wconf 79' lang='lat' dir='ltr'>pax</span> 
     </span>
    </p>
   </div>
   <div class='ocr_carea' id='block_1_88' title="bbox 2199 4030 3773 4107">
    <p class='ocr_par' dir='ltr' id='par_1_88' title="bbox 2199 4030 3773 4107">
     <span class='ocr_line' id='line_1_88' title="bbox 2199 4030 3773 4107; baseline -0.003 -22"><span class='ocrx_word' id='word_1_609' title='bbox 2199 4030 2521 4102; x_wconf 87' lang='lat' dir='ltr'>reparanda</span> <span class='ocrx_word' id='word_1_610' title='bbox 2547 4034 2721 4101; x_wconf 90' lang='lat' dir='ltr'>esset,</span> <span class='ocrx_word' id='word_1_611' title='bbox 2757 4031 3074 4102; x_wconf 64' lang='lat' dir='ltr'>prasertim</span> <span class='ocrx_word' id='word_1_612' title='bbox 3116 4050 3255 4090; x_wconf 91' lang='lat' dir='ltr'>cum</span> <span class='ocrx_word' id='word_1_613' title='bbox 3294 4036 3420 4101; x_wconf 82' lang='lat' dir='ltr'>jam</span> <span class='ocrx_word' id='word_1_614' title='bbox 3453 4041 3773 4107; x_wconf 66' lang='lat' dir='ltr'>sapenumero</span> 
     </span>
    </p>
   </div>
   <div class='ocr_carea' id='block_1_89' title="bbox 2198 4115 3775 4193">
    <p class='ocr_par' dir='ltr' id='par_1_89' title="bbox 2198 4115 3775 4193">
     <span class='ocr_line' id='line_1_89' title="bbox 2198 4115 3775 4193; baseline -0.003 -20"><span class='ocrx_word' id='word_1_615' title='bbox 2198 4120 2350 4174; x_wconf 91' lang='lat' dir='ltr'>bona</span> <span class='ocrx_word' id='word_1_616' title='bbox 2374 4122 2430 4174; x_wconf 88' lang='lat' dir='ltr'>et</span> <span class='ocrx_word' id='word_1_617' title='bbox 2461 4119 2701 4190; x_wconf 79' lang='lat' dir='ltr'>paciﬁca</span> <span class='ocrx_word' id='word_1_618' title='bbox 2732 4120 3137 4190; x_wconf 90' lang='lat' dir='ltr'>promittentes</span> <span class='ocrx_word' id='word_1_619' title='bbox 3164 4124 3483 4181; x_wconf 79' lang='lat' dir='ltr'>feielissent</span> <span class='ocrx_word' id='word_1_620' title='bbox 3505 4143 3519 4193; x_wconf 90' lang='lat'><strong>;</strong></span> <span class='ocrx_word' id='word_1_621' title='bbox 3539 4141 3593 4180; x_wconf 89' lang='lat' dir='ltr'>se</span> <span class='ocrx_word' id='word_1_622' title='bbox 3622 4115 3775 4193; x_wconf 85' lang='lat' dir='ltr'>princi-</span> 
     </span>
    </p>
   </div>
   <div class='ocr_carea' id='block_1_90' title="bbox 2200 4206 3771 4279">
    <p class='ocr_par' dir='ltr' id='par_1_90' title="bbox 2200 4206 3771 4279">
     <span class='ocr_line' id='line_1_90' title="bbox 2200 4206 3771 4279; baseline -0.001 -18"><span class='ocrx_word' id='word_1_623' title='bbox 2200 4207 2370 4279; x_wconf 92' lang='lat' dir='ltr'>pibus</span> <span class='ocrx_word' id='word_1_624' title='bbox 2400 4208 2523 4263; x_wconf 92' lang='lat' dir='ltr'>suis</span> <span class='ocrx_word' id='word_1_625' title='bbox 2548 4208 2607 4263; x_wconf 91' lang='lat' dir='ltr'>in</span> <span class='ocrx_word' id='word_1_626' title='bbox 2654 4208 3084 4279; x_wconf 80' lang='lat' dir='ltr'>expeditionem</span> <span class='ocrx_word' id='word_1_627' title='bbox 3134 4212 3503 4269; x_wconf 88' lang='lat' dir='ltr'>coadunandi</span> <span class='ocrx_word' id='word_1_628' title='bbox 3550 4206 3771 4267; x_wconf 82' lang='lat' dir='ltr'>exercitus</span> 
     </span>
    </p>
   </div>
   <div class='ocr_carea' id='block_1_91' title="bbox 2199 4295 3770 4357">
    <p class='ocr_par' dir='ltr' id='par_1_91' title="bbox 2199 4295 3770 4357">
     <span class='ocr_line' id='line_1_91' title="bbox 2199 4295 3770 4357; baseline -0.003 -5"><span class='ocrx_word' id='word_1_629' title='bbox 2199 4297 2352 4353; x_wconf 92' lang='lat' dir='ltr'>diem</span> <span class='ocrx_word' id='word_1_630' title='bbox 2386 4298 2446 4350; x_wconf 90' lang='grc'>11</span> <span class='ocrx_word' id='word_1_631' title='bbox 2483 4295 2769 4352; x_wconf 83' lang='lat' dir='ltr'>Kalendas</span> <span class='ocrx_word' id='word_1_632' title='bbox 2802 4298 3145 4354; x_wconf 86' lang='lat' dir='ltr'>Novembris</span> <span class='ocrx_word' id='word_1_633' title='bbox 3176 4302 3545 4357; x_wconf 80' lang='lat' dir='ltr'>constituisse</span> <span class='ocrx_word' id='word_1_634' title='bbox 3594 4298 3642 4353; x_wconf 90' lang='lat' dir='ltr'>in</span> <span class='ocrx_word' id='word_1_635' title='bbox 3668 4295 3770 4351; x_wconf 80' lang='lat' dir='ltr'>Ger-</span> 
     </span>
    </p>
   </div>
   <div class='ocr_carea' id='block_1_92' title="bbox 2199 4385 3767 4461">
    <p class='ocr_par' dir='ltr' id='par_1_92' title="bbox 2199 4385 3767 4461">
     <span class='ocr_line' id='line_1_92' title="bbox 2199 4385 3767 4461; baseline -0.003 -18"><span class='ocrx_word' id='word_1_636' title='bbox 2199 4388 2475 4458; x_wconf 87' lang='lat' dir='ltr'>stingun;</span> <span class='ocrx_word' id='word_1_637' title='bbox 2513 4385 2561 4441; x_wconf 92' lang='lat' dir='ltr'>si</span> <span class='ocrx_word' id='word_1_638' title='bbox 2592 4402 2691 4441; x_wconf 93' lang='lat' dir='ltr'>eos</span> <span class='ocrx_word' id='word_1_639' title='bbox 2721 4386 2929 4457; x_wconf 89' lang='lat' dir='ltr'>patrati</span> <span class='ocrx_word' id='word_1_640' title='bbox 2965 4389 3240 4444; x_wconf 88' lang='lat' dir='ltr'>facinoris</span> <span class='ocrx_word' id='word_1_641' title='bbox 3273 4407 3467 4446; x_wconf 90' lang='lat' dir='ltr'>revera</span> <span class='ocrx_word' id='word_1_642' title='bbox 3512 4385 3767 4461; x_wconf 57' lang='lat' dir='ltr'>paeniteret.</span> 
     </span>
    </p>
   </div>
   <div class='ocr_carea' id='block_1_93' title="bbox 443 4465 3774 4551">
    <p class='ocr_par' dir='ltr' id='par_1_93' title="bbox 443 4465 3774 4551">
     <span class='ocr_line' id='line_1_93' title="bbox 443 4465 3774 4551; baseline 0.001 -19"><span class='ocrx_word' id='word_1_643' title='bbox 443 4480 593 4533; x_wconf 89' lang='lat' dir='ltr'>rent.</span> <span class='ocrx_word' id='word_1_644' title='bbox 624 4476 756 4531; x_wconf 89' lang='lat' dir='ltr'>Jam</span> <span class='ocrx_word' id='word_1_645' title='bbox 788 4475 843 4530; x_wconf 93' lang='lat' dir='ltr'>in</span> <span class='ocrx_word' id='word_1_646' title='bbox 877 4491 942 4531; x_wconf 93' lang='lat' dir='ltr'>eo</span> <span class='ocrx_word' id='word_1_647' title='bbox 973 4478 1097 4529; x_wconf 90' lang='lat' dir='ltr'>erat</span> <span class='ocrx_word' id='word_1_648' title='bbox 1148 4479 1211 4528; x_wconf 91' lang='lat' dir='ltr'>ut</span> <span class='ocrx_word' id='word_1_649' title='bbox 1259 4474 1329 4529; x_wconf 91' lang='lat' dir='ltr'>ad</span> <span class='ocrx_word' id='word_1_650' title='bbox 1380 4475 1495 4529; x_wconf 88' lang='lat' dir='ltr'>vim</span> <span class='ocrx_word' id='word_1_651' title='bbox 1546 4475 1634 4510; x_wconf 69' lang='grc'><strong>³⁵³1</strong></span> <span class='ocrx_word' id='word_1_652' title='bbox 1688 4490 2086 4548; x_wconf 89' lang='lat' dir='ltr'>magnumque</span> <span class='ocrx_word' id='word_1_653' title='bbox 2124 4484 2170 4549; x_wconf 82' lang='lat'>1)</span> <span class='ocrx_word' id='word_1_654' title='bbox 2208 4492 2272 4532; x_wconf 93' lang='lat' dir='ltr'>eo</span> <span class='ocrx_word' id='word_1_655' title='bbox 2304 4475 2584 4544; x_wconf 92' lang='lat' dir='ltr'>venirent,</span> <span class='ocrx_word' id='word_1_656' title='bbox 2618 4478 2907 4546; x_wconf 85' lang='lat' dir='ltr'>accepturi</span> <span class='ocrx_word' id='word_1_657' title='bbox 2939 4476 3055 4532; x_wconf 92' lang='lat' dir='ltr'>illic</span> <span class='ocrx_word' id='word_1_658' title='bbox 3088 4494 3521 4551; x_wconf 89' lang='lat' dir='ltr'>quamcumque</span> <span class='ocrx_word' id='word_1_659' title='bbox 3558 4475 3634 4512; x_wconf 73' lang='grc'>¹⁸³⁸</span> <span class='ocrx_word' id='word_1_660' title='bbox 3658 4465 3774 4541; x_wconf 74' lang='lat' dir='ltr'>regni</span> 
     </span>
    </p>
   </div>
   <div class='ocr_carea' id='block_1_94' title="bbox 439 4563 2083 4640">
    <p class='ocr_par' dir='ltr' id='par_1_94' title="bbox 439 4563 2083 4640">
     <span class='ocr_line' id='line_1_94' title="bbox 439 4563 2083 4640; baseline -0.003 -17"><span class='ocrx_word' id='word_1_661' title='bbox 439 4565 678 4640; x_wconf 91' lang='lat' dir='ltr'>aliquod</span> <span class='ocrx_word' id='word_1_662' title='bbox 710 4565 930 4620; x_wconf 89' lang='lat' dir='ltr'>malum</span> <span class='ocrx_word' id='word_1_663' title='bbox 949 4563 1150 4637; x_wconf 86' lang='lat' dir='ltr'>jurgia</span> <span class='ocrx_word' id='word_1_664' title='bbox 1171 4568 1430 4634; x_wconf 89' lang='lat' dir='ltr'>spectare</span> <span class='ocrx_word' id='word_1_665' title='bbox 1445 4563 1797 4619; x_wconf 89' lang='lat' dir='ltr'>viderentur.</span> <span class='ocrx_word' id='word_1_666' title='bbox 1823 4564 1929 4620; x_wconf 91' lang='lat' dir='ltr'>Sed</span> <span class='ocrx_word' id='word_1_667' title='bbox 1965 4564 2083 4636; x_wconf 86' lang='lat' dir='ltr'>epi-</span> 
     </span>
    </p>
   </div>
   <div class='ocr_carea' id='block_1_95' title="bbox 440 4650 2087 4729">
    <p class='ocr_par' dir='ltr' id='par_1_95' title="bbox 440 4650 2087 4729">
     <span class='ocr_line' id='line_1_95' title="bbox 440 4650 2087 4729; baseline -0.004 -15"><span class='ocrx_word' id='word_1_668' title='bbox 440 4672 659 4729; x_wconf 85' lang='lat' dir='ltr'>scopus</span> <span class='ocrx_word' id='word_1_669' title='bbox 688 4653 1202 4711; x_wconf 88' lang='lat' dir='ltr'>Halberstadensis</span> <span class='ocrx_word' id='word_1_670' title='bbox 1234 4650 1330 4688; x_wconf 78' lang='grc'>¹⁸³²</span> <span class='ocrx_word' id='word_1_671' title='bbox 1368 4655 1426 4708; x_wconf 91' lang='lat' dir='ltr'>et</span> <span class='ocrx_word' id='word_1_672' title='bbox 1452 4651 1583 4707; x_wconf 90' lang='lat' dir='ltr'>Otto</span> <span class='ocrx_word' id='word_1_673' title='bbox 1615 4652 1731 4707; x_wconf 88' lang='lat' dir='ltr'>dux</span> <span class='ocrx_word' id='word_1_674' title='bbox 1790 4653 2087 4724; x_wconf 89' lang='lat' dir='ltr'>quondam</span> 
     </span>
    </p>
   </div>
   <div class='ocr_carea' id='block_1_96' title="bbox 2201 4561 3773 4638">
    <p class='ocr_par' dir='ltr' id='par_1_96' title="bbox 2201 4561 3773 4638">
     <span class='ocr_line' id='line_1_96' title="bbox 2201 4561 3773 4638; baseline -0.006 -18"><span class='ocrx_word' id='word_1_675' title='bbox 2201 4564 2493 4638; x_wconf 91' lang='lat' dir='ltr'>principes</span> <span class='ocrx_word' id='word_1_676' title='bbox 2508 4565 3106 4635; x_wconf 68' lang='lat' dir='ltr'>aequamjudicassent</span> <span class='ocrx_word' id='word_1_677' title='bbox 3124 4584 3229 4638; x_wconf 91' lang='lat' dir='ltr'>pro</span> <span class='ocrx_word' id='word_1_678' title='bbox 3252 4568 3509 4624; x_wconf 88' lang='lat' dir='ltr'>admissa</span> <span class='ocrx_word' id='word_1_679' title='bbox 3520 4561 3773 4621; x_wconf 75' lang='lat' dir='ltr'>temeritate</span> 
     </span>
    </p>
   </div>
   <div class='ocr_carea' id='block_1_97' title="bbox 2200 4645 3773 4717">
    <p class='ocr_par' dir='ltr' id='par_1_97' title="bbox 2200 4645 3773 4717">
     <span class='ocr_line' id='line_1_97' title="bbox 2200 4645 3773 4717; baseline -0.003 -7"><span class='ocrx_word' id='word_1_680' title='bbox 2200 4653 2574 4710; x_wconf 90' lang='lat' dir='ltr'>sententiam.</span> <span class='ocrx_word' id='word_1_681' title='bbox 2606 4652 2722 4708; x_wconf 88' lang='lat' dir='ltr'>Hoc</span> <span class='ocrx_word' id='word_1_682' title='bbox 2756 4653 2857 4709; x_wconf 90' lang='lat' dir='ltr'>ubi</span> <span class='ocrx_word' id='word_1_683' title='bbox 2885 4656 3210 4713; x_wconf 83' lang='lat' dir='ltr'>Saxonibus</span> <span class='ocrx_word' id='word_1_684' title='bbox 3235 4656 3571 4712; x_wconf 89' lang='lat' dir='ltr'>nunciatum</span> <span class='ocrx_word' id='word_1_685' title='bbox 3604 4653 3693 4717; x_wconf 83' lang='lat' dir='ltr'>est,</span> <span class='ocrx_word' id='word_1_686' title='bbox 3712 4645 3773 4698; x_wconf 76' lang='lat' dir='ltr'>in-</span> 
     </span>
    </p>
   </div>
   <div class='ocr_carea' id='block_1_98' title="bbox 1778 4830 2496 4889">
    <p class='ocr_par' dir='ltr' id='par_1_98' title="bbox 1778 4830 2496 4889">
     <span class='ocr_line' id='line_1_98' title="bbox 1778 4830 2496 4889; baseline 0.004 -5"><span class='ocrx_word' id='word_1_687' title='bbox 1778 4830 2024 4886; x_wconf 73' lang='lat' dir='ltr'>VARUE</span> <span class='ocrx_word' id='word_1_688' title='bbox 2080 4830 2496 4889; x_wconf 90' lang='lat' dir='ltr'>LECTIONES.</span> 
     </span>
    </p>
   </div>
   <div class='ocr_carea' id='block_1_99' title="bbox 993 4982 1408 5053">
    <p class='ocr_par' dir='ltr' id='par_1_99' title="bbox 993 4982 1408 5053">
     <span class='ocr_line' id='line_1_99' title="bbox 993 4982 1408 5053; baseline -0.007 -14"><span class='ocrx_word' id='word_1_689' title='bbox 993 4986 1202 5039; x_wconf 82' lang='lat' dir='ltr'>exucta</span> <span class='ocrx_word' id='word_1_690' title='bbox 1229 4982 1299 5053; x_wconf 65' lang='grc' dir='ltr'>(Ἰ)</span> <span class='ocrx_word' id='word_1_691' title='bbox 1332 4983 1408 5037; x_wconf 77' lang='lat'>1&#39;.</span> 
     </span>
    </p>
   </div>
   <div class='ocr_carea' id='block_1_100' title="bbox 1004 5055 1366 5109">
    <p class='ocr_par' dir='ltr' id='par_1_100' title="bbox 1004 5055 1366 5109">
     <span class='ocr_line' id='line_1_100' title="bbox 1004 5055 1366 5109; baseline -0.006 0"><span class='ocrx_word' id='word_1_692' title='bbox 1004 5056 1085 5091; x_wconf 77' lang='grc'>¹⁶³¹</span> <span class='ocrx_word' id='word_1_693' title='bbox 1122 5055 1279 5109; x_wconf 88' lang='lat' dir='ltr'>adm.</span> <span class='ocrx_word' id='word_1_694' title='bbox 1314 5055 1366 5108; x_wconf 90' lang='lat'>3.</span> 
     </span>
    </p>
   </div>
   <div class='ocr_carea' id='block_1_101' title="bbox 512 4982 906 5042">
    <p class='ocr_par' dir='ltr' id='par_1_101' title="bbox 512 4982 906 5042">
     <span class='ocr_line' id='line_1_101' title="bbox 512 4982 906 5042; baseline -0.008 0"><span class='ocrx_word' id='word_1_695' title='bbox 512 4986 601 5022; x_wconf 79' lang='grc'><strong>¹¹⁵²⁸</strong></span> <span class='ocrx_word' id='word_1_696' title='bbox 630 4989 826 5042; x_wconf 87' lang='lat' dir='ltr'>exacte</span> <span class='ocrx_word' id='word_1_697' title='bbox 853 4982 906 5040; x_wconf 89' lang='lat'>3.</span> 
     </span>
    </p>
   </div>
   <div class='ocr_carea' id='block_1_102' title="bbox 444 5058 911 5130">
    <p class='ocr_par' dir='ltr' id='par_1_102' title="bbox 444 5058 911 5130">
     <span class='ocr_line' id='line_1_102' title="bbox 444 5058 911 5130; baseline -0.006 -16"><span class='ocrx_word' id='word_1_698' title='bbox 444 5058 536 5095; x_wconf 67' lang='grc'>⁸⁸³0</span> <span class='ocrx_word' id='word_1_699' title='bbox 564 5062 830 5130; x_wconf 91' lang='lat' dir='ltr'>competa</span> <span class='ocrx_word' id='word_1_700' title='bbox 859 5058 911 5130; x_wconf 81' lang='lat'>3.</span> 
     </span>
    </p>
   </div>
   <div class='ocr_carea' id='block_1_103' title="bbox 1514 4981 2223 5038">
    <p class='ocr_par' dir='ltr' id='par_1_103' title="bbox 1514 4981 2223 5038">
     <span class='ocr_line' id='line_1_103' title="bbox 1514 4981 2223 5038; baseline 0.01 -7"><span class='ocrx_word' id='word_1_701' title='bbox 1514 4981 1603 5019; x_wconf 64' lang='grc'>1⁵³⁷</span> <span class='ocrx_word' id='word_1_702' title='bbox 1638 4982 1729 5037; x_wconf 92' lang='lat' dir='ltr'>die</span> <span class='ocrx_word' id='word_1_703' title='bbox 1760 4981 1895 5036; x_wconf 89' lang='lat' dir='ltr'>hinc</span> <span class='ocrx_word' id='word_1_704' title='bbox 1927 4981 2022 5036; x_wconf 93' lang='lat' dir='ltr'>die</span> <span class='ocrx_word' id='word_1_705' title='bbox 2052 4981 2223 5038; x_wconf 82' lang='lat' dir='ltr'>deleto</span> 
     </span>
    </p>
   </div>
   <div class='ocr_carea' id='block_1_104' title="bbox 1474 5054 2171 5111">
    <p class='ocr_par' dir='ltr' id='par_1_104' title="bbox 1474 5054 2171 5111">
     <span class='ocr_line' id='line_1_104' title="bbox 1474 5054 2171 5111; baseline 0.001 -4"><span class='ocrx_word' id='word_1_706' title='bbox 1474 5054 1564 5088; x_wconf 71' lang='lat'>‘5”</span> <span class='ocrx_word' id='word_1_707' title='bbox 1594 5056 1672 5108; x_wconf 85' lang='lat' dir='ltr'>ita</span> <span class='ocrx_word' id='word_1_708' title='bbox 1697 5069 1879 5108; x_wconf 65' lang='lat' dir='ltr'>omnes</span> <span class='ocrx_word' id='word_1_709' title='bbox 1913 5054 2011 5110; x_wconf 85' lang='lat' dir='ltr'>hoc</span> <span class='ocrx_word' id='word_1_710' title='bbox 2040 5055 2171 5111; x_wconf 89' lang='lat' dir='ltr'>loco.</span> 
     </span>
    </p>
   </div>
   <div class='ocr_carea' id='block_1_105' title="bbox 2748 4971 3770 5056">
    <p class='ocr_par' dir='ltr' id='par_1_105' title="bbox 2748 4971 3770 5056">
     <span class='ocr_line' id='line_1_105' title="bbox 2748 4971 3770 5056; baseline 0.003 -17"><span class='ocrx_word' id='word_1_711' title='bbox 2748 4984 2838 5018; x_wconf 80' lang='grc'>¹⁶²⁸</span> <span class='ocrx_word' id='word_1_712' title='bbox 2871 4986 3069 5056; x_wconf 92' lang='lat' dir='ltr'>puncti</span> <span class='ocrx_word' id='word_1_713' title='bbox 3103 4985 3293 5042; x_wconf 91' lang='lat' dir='ltr'>instar</span> <span class='ocrx_word' id='word_1_714' title='bbox 3322 4988 3373 5049; x_wconf 78' lang='grc'>4,</span> <span class='ocrx_word' id='word_1_715' title='bbox 3474 4986 3556 5022; x_wconf 81' lang='grc'>¹⁵²⁹</span> <span class='ocrx_word' id='word_1_716' title='bbox 3581 4971 3770 5056; x_wconf 39' lang='lat' dir='ltr'>T996}-</span> 
     </span>
    </p>
   </div>
   <div class='ocr_carea' id='block_1_106' title="bbox 2251 4982 3721 5055">
    <p class='ocr_par' dir='ltr' id='par_1_106' title="bbox 2251 4982 3721 5055">
     <span class='ocr_line' id='line_1_106' title="bbox 2251 4982 3721 5055; baseline -0.002 -17"><span class='ocrx_word' id='word_1_717' title='bbox 2251 4985 2433 5055; x_wconf 84' lang='lat' dir='ltr'>primo</span> <span class='ocrx_word' id='word_1_718' title='bbox 2465 4982 2558 5037; x_wconf 90' lang='lat' dir='ltr'>die</span> <span class='ocrx_word' id='word_1_719' title='bbox 2587 4984 2639 5037; x_wconf 91' lang='lat'>3.</span> <span class='ocrx_word' id='word_1_720' title='bbox 2748 4984 2838 5018; x_wconf 66' lang='grc'>’⁵2⁸</span> <span class='ocrx_word' id='word_1_721' title='bbox 2871 4986 3069 5055; x_wconf 91' lang='lat' dir='ltr'>puncti</span> <span class='ocrx_word' id='word_1_722' title='bbox 3103 4985 3293 5042; x_wconf 91' lang='lat' dir='ltr'>instar</span> <span class='ocrx_word' id='word_1_723' title='bbox 3322 4988 3373 5049; x_wconf 78' lang='grc'>4,</span> <span class='ocrx_word' id='word_1_724' title='bbox 3474 4986 3556 5022; x_wconf 70' lang='lat'>15”</span> <span class='ocrx_word' id='word_1_725' title='bbox 3581 4983 3721 5055; x_wconf 35' lang='lat' dir='ltr'>Tunc.</span> 
     </span>
    </p>
   </div>
   <div class='ocr_carea' id='block_1_107' title="bbox 2278 5050 3771 5130">
    <p class='ocr_par' dir='ltr' id='par_1_107' title="bbox 2278 5050 3771 5130">
     <span class='ocr_line' id='line_1_107' title="bbox 2278 5050 3771 5130; baseline 0.003 -21"><span class='ocrx_word' id='word_1_726' title='bbox 2278 5056 2368 5090; x_wconf 79' lang='grc'>¹⁶³³</span> <span class='ocrx_word' id='word_1_727' title='bbox 2401 5059 2612 5109; x_wconf 86' lang='lat' dir='ltr'>retorto</span> <span class='ocrx_word' id='word_1_728' title='bbox 2642 5050 2889 5125; x_wconf 79' lang='lat' dir='ltr'>querent</span> <span class='ocrx_word' id='word_1_729' title='bbox 2915 5057 2968 5111; x_wconf 86' lang='lat'>5.</span> <span class='ocrx_word' id='word_1_730' title='bbox 3076 5059 3165 5093; x_wconf 71' lang='lat'>“3‘</span> <span class='ocrx_word' id='word_1_731' title='bbox 3194 5061 3325 5130; x_wconf 86' lang='lat' dir='ltr'>ejus</span> <span class='ocrx_word' id='word_1_732' title='bbox 3358 5059 3405 5113; x_wconf 89' lang='grc'>1.</span> <span class='ocrx_word' id='word_1_733' title='bbox 3436 5057 3511 5113; x_wconf 83' lang='lat'>5?</span> <span class='ocrx_word' id='word_1_734' title='bbox 3601 5050 3675 5090; x_wconf 77' lang='grc'>¹⁸³⁵</span> <span class='ocrx_word' id='word_1_735' title='bbox 3712 5050 3771 5101; x_wconf 71' lang='grc' dir='ltr'>ἱυ·</span> 
     </span>
    </p>
   </div>
   <div class='ocr_carea' id='block_1_108' title="bbox 440 5125 2995 5199">
    <p class='ocr_par' dir='ltr' id='par_1_108' title="bbox 440 5125 2995 5199">
     <span class='ocr_line' id='line_1_108' title="bbox 440 5125 2995 5199; baseline -0.001 -13"><span class='ocrx_word' id='word_1_736' title='bbox 440 5125 775 5186; x_wconf 73' lang='grc' dir='ltr'>συεὶεεθιἾι.</span> <span class='ocrx_word' id='word_1_737' title='bbox 856 5128 946 5164; x_wconf 64' lang='grc'>1⁸⁵³⁸</span> <span class='ocrx_word' id='word_1_738' title='bbox 976 5126 1236 5182; x_wconf 91' lang='lat' dir='ltr'>Udonem</span> <span class='ocrx_word' id='word_1_739' title='bbox 1268 5140 1473 5181; x_wconf 69' lang='lat' dir='ltr'>omnes.</span> <span class='ocrx_word' id='word_1_740' title='bbox 1554 5125 1643 5160; x_wconf 79' lang='grc'>¹⁵³⁷</span> <span class='ocrx_word' id='word_1_741' title='bbox 1673 5128 1981 5198; x_wconf 88' lang='lat' dir='ltr'>tamquam</span> <span class='ocrx_word' id='word_1_742' title='bbox 2012 5126 2065 5180; x_wconf 90' lang='lat'>3.</span> <span class='ocrx_word' id='word_1_743' title='bbox 2146 5125 2240 5162; x_wconf 77' lang='grc'><strong>¹⁵³⁸</strong></span> <span class='ocrx_word' id='word_1_744' title='bbox 2266 5141 2636 5198; x_wconf 91' lang='lat' dir='ltr'>quecumque</span> <span class='ocrx_word' id='word_1_745' title='bbox 2666 5157 2731 5168; x_wconf 97' lang='lat'><strong>—</strong></span> <span class='ocrx_word' id='word_1_746' title='bbox 2763 5144 2914 5199; x_wconf 90' lang='lat' dir='ltr'>equa</span> <span class='ocrx_word' id='word_1_747' title='bbox 2942 5130 2995 5183; x_wconf 91' lang='lat'>3.</span> 
     </span>
    </p>
   </div>
   <div class='ocr_carea' id='block_1_109' title="bbox 2021 5276 2257 5334">
    <p class='ocr_par' dir='ltr' id='par_1_109' title="bbox 2021 5276 2257 5334">
     <span class='ocr_line' id='line_1_109' title="bbox 2021 5276 2257 5334; baseline 0 -2"><span class='ocrx_word' id='word_1_748' title='bbox 2021 5276 2257 5334; x_wconf 69' lang='lat' dir='ltr'>NOTAE.</span> 
     </span>
    </p>
   </div>
   <div class='ocr_carea' id='block_1_110' title="bbox 515 5427 2087 5505">
    <p class='ocr_par' dir='ltr' id='par_1_110' title="bbox 515 5427 2087 5505">
     <span class='ocr_line' id='line_1_110' title="bbox 515 5427 2087 5505; baseline -0.003 -18"><span class='ocrx_word' id='word_1_749' title='bbox 515 5431 659 5505; x_wconf 88' lang='lat'>(398)</span> <span class='ocrx_word' id='word_1_750' title='bbox 686 5431 787 5505; x_wconf 64' lang='grc' dir='ltr'>βε.</span> <span class='ocrx_word' id='word_1_751' title='bbox 833 5429 1387 5505; x_wconf 53' lang='grc' dir='ltr'>Ββιιὼριάίβρῃεμ,</span> <span class='ocrx_word' id='word_1_752' title='bbox 1438 5427 1676 5505; x_wconf 61' lang='grc' dir='ltr'>(ΗΠ-99η</span> <span class='ocrx_word' id='word_1_753' title='bbox 1709 5433 1764 5505; x_wconf 84' lang='lat' dir='ltr'>et</span> <span class='ocrx_word' id='word_1_754' title='bbox 1800 5427 2087 5505; x_wconf 80' lang='lat' dir='ltr'>_1_3ernoldi</span> 
     </span>
    </p>
   </div>
   <div class='ocr_carea' id='block_1_111' title="bbox 444 5500 2084 5579">
    <p class='ocr_par' dir='ltr' id='par_1_111' title="bbox 444 5500 2084 5579">
     <span class='ocr_line' id='line_1_111' title="bbox 444 5500 2084 5579; baseline -0.004 -17"><span class='ocrx_word' id='word_1_755' title='bbox 444 5500 651 5579; x_wconf 43' lang='lat' dir='ltr'>opusc.’</span> <span class='ocrx_word' id='word_1_756' title='bbox 681 5503 982 5579; x_wconf 31' lang='lat' dir='ltr'>Illnepist.</span> <span class='ocrx_word' id='word_1_757' title='bbox 1016 5503 1049 5555; x_wconf 94' lang='lat'>3</span> <span class='ocrx_word' id='word_1_758' title='bbox 1079 5502 1151 5557; x_wconf 90' lang='lat' dir='ltr'>ad</span> <span class='ocrx_word' id='word_1_759' title='bbox 1168 5500 1427 5579; x_wconf 86' lang='lat' dir='ltr'>_Alboin.,</span> <span class='ocrx_word' id='word_1_760' title='bbox 1461 5518 1522 5579; x_wconf 57' lang='lat' dir='ltr'>ri,</span> <span class='ocrx_word' id='word_1_761' title='bbox 1555 5500 1659 5579; x_wconf 53' lang='grc' dir='ltr'>22ζ</span> <span class='ocrx_word' id='word_1_762' title='bbox 1685 5500 1752 5555; x_wconf 91' lang='lat' dir='ltr'>ed</span> <span class='ocrx_word' id='word_1_763' title='bbox 1784 5500 2084 5579; x_wconf 80' lang='lat' dir='ltr'>_Usserm.,</span> 
     </span>
    </p>
   </div>
   <div class='ocr_carea' id='block_1_112' title="bbox 443 5570 2087 5657">
    <p class='ocr_par' dir='ltr' id='par_1_112' title="bbox 443 5570 2087 5657">
     <span class='ocr_line' id='line_1_112' title="bbox 443 5570 2087 5657; baseline -0.007 -16"><span class='ocrx_word' id='word_1_764' title='bbox 443 5570 501 5647; x_wconf 73' lang='grc' dir='ltr'>ιζ</span> <span class='ocrx_word' id='word_1_765' title='bbox 528 5576 599 5649; x_wconf 82' lang='grc' dir='ltr'>ΙΙ,</span> <span class='ocrx_word' id='word_1_766' title='bbox 630 5570 1143 5657; x_wconf 75' lang='lat' dir='ltr'>p.268,quitamen</span> <span class='ocrx_word' id='word_1_767' title='bbox 1165 5573 1226 5631; x_wconf 89' lang='lat' dir='ltr'>in</span> <span class='ocrx_word' id='word_1_768' title='bbox 1252 5570 1558 5633; x_wconf 84' lang='lat' dir='ltr'>nonnullis</span> <span class='ocrx_word' id='word_1_769' title='bbox 1579 5588 1615 5633; x_wconf 82' lang='lat' dir='ltr'>a</span> <span class='ocrx_word' id='word_1_770' title='bbox 1635 5570 1930 5633; x_wconf 79' lang='lat' dir='ltr'>Lamberti</span> <span class='ocrx_word' id='word_1_771' title='bbox 1953 5570 2087 5632; x_wconf 47' lang='lat' dir='ltr'>nar;</span> 
     </span>
    </p>
   </div>
   <div class='ocr_carea' id='block_1_113' title="bbox 2198 5430 2739 5486">
    <p class='ocr_par' dir='ltr' id='par_1_113' title="bbox 2198 5430 2739 5486">
     <span class='ocr_line' id='line_1_113' title="bbox 2198 5430 2739 5486; baseline 0.002 -1"><span class='ocrx_word' id='word_1_772' title='bbox 2198 5430 2421 5486; x_wconf 89' lang='lat' dir='ltr'>ratione</span> <span class='ocrx_word' id='word_1_773' title='bbox 2442 5430 2739 5486; x_wconf 91' lang='lat' dir='ltr'>recedunt.</span> 
     </span>
    </p>
   </div>
   <div class='ocr_carea' id='block_1_114' title="bbox 2268 5489 3765 5579">
    <p class='ocr_par' dir='ltr' id='par_1_114' title="bbox 2268 5489 3765 5579">
     <span class='ocr_line' id='line_1_114' title="bbox 2268 5489 3765 5579; baseline -0.013 -11"><span class='ocrx_word' id='word_1_774' title='bbox 2268 5502 2416 5579; x_wconf 85' lang='lat'>(399)</span> <span class='ocrx_word' id='word_1_775' title='bbox 2447 5502 2670 5576; x_wconf 85' lang='lat' dir='ltr'>Virgil.,</span> <span class='ocrx_word' id='word_1_776' title='bbox 2722 5503 2873 5575; x_wconf 65' lang='lat' dir='ltr'>Em,</span> <span class='ocrx_word' id='word_1_777' title='bbox 2936 5522 3006 5575; x_wconf 88' lang='lat' dir='ltr'>iv,</span> <span class='ocrx_word' id='word_1_778' title='bbox 3064 5505 3187 5562; x_wconf 86' lang='lat'>569.</span> <span class='ocrx_word' id='word_1_779' title='bbox 3246 5504 3406 5575; x_wconf 89' lang='lat' dir='ltr'>Sall.,</span> <span class='ocrx_word' id='word_1_780' title='bbox 3460 5505 3590 5573; x_wconf 88' lang='lat' dir='ltr'>Cat.,</span> <span class='ocrx_word' id='word_1_781' title='bbox 3640 5513 3681 5552; x_wconf 91' lang='lat' dir='ltr'>c.</span> <span class='ocrx_word' id='word_1_782' title='bbox 3724 5489 3765 5545; x_wconf 81' lang='lat'>5.</span> 
     </span>
    </p>
   </div>
  </div>
