3996 6158
191 331 216 388 1
230 331 325 390 193

1427 333 1812 392 ANNALES.
1845 362 1924 375 —-
1954 335 2081 391 ΑΝ.
2130 335 2307 394 1075.

3420 343 3574 400 1194

183 476 312 533 gens
336 477 434 517 eos
464 466 656 518 metus
689 463 902 520 invasit
931 483 944 533 ;
974 481 1294 537 omnesque
1338 466 1601 521 certatim
1633 463 1816 520 animi
1846 466 1900 531 Α
1929 469 1984 518 et
2013 466 2292 521 Saxoniaa.
2332 467 2410 521 lbi
2460 485 2494 522 a
2524 466 2748 524 civibus
2796 467 3034 541 paciﬁce
3055 470 3115 526 in
3146 471 3440 527 civitatem
3475 487 3574 526 su-

183 556 415 605 conatus
444 549 762 607 intendunt
781 554 852 608 ad
883 553 1225 625 placandam
1251 554 1363 619 “3°,
1389 569 1619 624 quoque
1647 552 1820 606 modo

183 638 417 710 possint,
433 639 586 712 regis
617 640 1079 710 iracundiam,ea
1093 660 1208 714 prae
1224 643 1499 698 omnibus
1513 640 1824 697 curahabi-

183 733 311 784 taut
333 729 782 800 expeditionem,
809 747 934 803 quae
946 736 1065 787 tam
1090 732 1594 788 atrociterindicta
1612 731 1820 794 fuerat,

183 823 617 889 preverterent;
651 819 972 876 recolentes
1020 826 1305 892 quantum
1339 820 1691 876 calamitatis
1721 836 1820 874 su-

182 907 394 979 periore
413 907 779 978 expeditione
801 909 1250 982 accepissent,et
1272 911 1416 966 haut
1436 909 1611 965 dubie
1632 911 1819 964 scien-
1865 901 1867 904 ⁴

177 1002 257 1052 tes
287 997 440 1069 quod
475 996 833 1060 infestiorem
878 1014 1031 1054 nunc
1072 999 1300 1054 hostem
1333 999 1660 1055 instaurata
1689 1000 1822 1070 post

185 1087 374 1158 fugam
427 1085 586 1142 bella
632 1087 742 1142 sibi
795 1088 1097 1143 redditura
1145 1093 1358 1144 essent.
1414 1094 1612 1159 Itaque
1641 1101 1820 1158 supra

178 1181 521 1232 memoratos
546 1176 792 1232 nuncios
823 1181 880 1232 et
907 1194 1043 1233 cum
1076 1177 1171 1233 his
1198 1177 1289 1214 ¹⁸⁴⁰
1315 1176 1822 1232 Hildinisheimen-

176 1263 409 1319 semi‘“
437 1263 778 1336 episcopum
831 1266 1096 1331 mittunt,
1151 1282 1256 1322 nec
1304 1265 1424 1338 regi
1477 1265 1668 1321 solum
1717 1265 1817 1320 sed

172 1353 394 1409 cunctis
425 1353 601 1408 etiam
637 1354 1003 1426 principibus
1029 1371 1132 1427 pro
1191 1355 1627 1426 recuperatione
1659 1355 1817 1427 pacis

173 1442 417 1498 obnixus
438 1441 770 1514 supplicare
800 1444 1015 1514 jubent
1040 1459 1305 1500 :omnem
1328 1443 1570 1500 admissi
1595 1443 1818 1499 facino-

173 1531 254 1588 ris
273 1531 933 1598 satisfactionem,etiam
959 1550 1140 1605 supra
1155 1533 1314 1606 leges
1332 1539 1390 1589 et
1411 1532 1636 1589 natales
1654 1549 1813 1604 suos,

178 1620 546 1692 promittunt.
580 1621 669 1692 Et,
703 1637 774 1676 ne
812 1621 1007 1676 verbis
1038 1624 1236 1678 minus
1287 1622 1421 1677 ﬁdei
1453 1622 1550 1691 sit,
1583 1623 1816 1678 obsides

175 1710 314 1782 ipsis
337 1708 824 1782 legatis,quantos
837 1710 1096 1782 accipere
1109 1711 1816 1782 velint:tradunt:quibus

1932 558 2186 624 sceptus,
2219 555 2560 628 episcopum
2590 559 2741 626 (401)
2789 558 3038 614 civitatis
3091 559 3278 631 ipsius
3311 575 3575 631 compre-

1930 642 2151 710 hendit,
2187 645 2384 699 omnia
2441 662 2568 716 quae
2617 647 2748 716 ejus
2797 652 2964 702 erant
3019 648 3282 720 diripuit,
3315 649 3423 704 hoc
3453 649 3575 704 solo

1929 748 2092 785 reum
2107 734 2434 803 majestatis
2455 751 2588 790 eum
2607 737 2676 790 ad
2692 736 3148 809 judicans,quod
3175 741 3294 793 toto
3310 743 3576 810 tempore

1930 819 2061 874 belli
2093 822 2358 877 Saxonici
2393 822 2586 879 nullos
2617 826 2689 879 ad
2711 840 2869 891 eum,
2896 830 3134 881 servatae
3161 843 3298 898 erga
3328 842 3450 881 rem
3473 843 3578 898 pu-

1931 908 2141 964 blicam
2165 911 2298 966 ﬁdei
2322 911 2564 981 indices,
2585 914 2830 970 nuncios
2846 914 2935 969 vel
2954 914 3179 970 litteras
3199 915 3572 988 destinasset.

1927 1002 2192 1054 Ceterum
2228 1001 2400 1056 homo
2421 1001 2823 1058 ecclesiasticae
2846 1003 3288 1074 paupertatis,et
3307 1004 3452 1059 nihil
3476 1010 3576 1060 aut

1927 1104 2135 1159 parum
2161 1089 2382 1146 habens
2415 1107 2546 1162 pom
2558 1107 2639 1162 pse
2663 1090 3092 1162 militaris,vota
3113 1091 3352 1148 forsitan
3375 1098 3577 1148 contra

1928 1193 2051 1231 rem
2082 1177 2377 1249 publicam
2411 1180 2616 1245 facere,
2653 1195 2817 1236 arma
2869 1181 3017 1236 ferre
3044 1198 3161 1237 non
3194 1185 3437 1252 poterat,
3471 1193 3576 1236 nec

1928 1282 2209 1337 magnum
2222 1267 2414 1324 velhis
2435 1267 2523 1323 vel
2543 1268 2660 1324 illis
2673 1269 2939 1341 partibus
2962 1274 3326 1325 momentum
3350 1268 3577 1325 amicus

1927 1355 2046 1411 sive
2076 1356 2351 1412 inimicus
2381 1356 2689 1413 extitisset.
2731 1356 2909 1414 Paulo
2931 1357 3176 1414 ulterius
3205 1373 3574 1431 progressus,

1925 1444 2094 1500 villas
2121 1444 2436 1502 nonnullas
2466 1445 2748 1512 incendit,
2778 1446 3043 1502 homines
3071 1447 3382 1519 plerosque
3409 1446 3572 1518 inge-

1927 1550 2076 1589 nuos
2106 1533 2165 1588 in
2197 1534 2562 1591 dedicionem
2585 1536 2824 1607 accepit,
2858 1552 2990 1591 cum
3019 1541 3255 1609 repente
3286 1533 3574 1608 praemissi

1925 1621 2316 1693 exploratores
2373 1624 2700 1680 retulerunt
2743 1626 2871 1695 jam
2923 1625 3148 1680 dudum
3201 1624 3432 1680 consilii
3483 1625 3576 1660 ’5“

1927 1711 2105 1782 hujus
2137 1712 2352 1766 famam
2391 1713 2462 1768 ad
2488 1714 2744 1769 Saxones
2772 1715 3140 1786 praevenisse,
3173 1729 3410 1786 eosque,
3443 1729 3574 1769 con-

173 1815 234 1855 se
256 1798 513 1895 obligem
534 1797 696 1895 nulla
719 1815 980 1871 unquam
1003 1799 1426 1866 levitate,nulla
1448 1799 1812 1869 necessitate,
1843 1825 1893 1895 Β
1925 1800 2128 1856 tractis
2154 1799 2289 1871 plus
2345 1817 2520 1872 quam
2583 1803 2650 1856 15
2707 1802 2947 1857 milibus
3001 1807 3384 1868 armatorum,
3429 1802 3574 1858 haut

172 1887 332 1944 nulla
351 1887 752 1962 ingruentium
778 1904 1024 1944 casuum
1049 1888 1456 1958 mutabilitate,
1481 1889 1818 1960 promissio-

1926 1888 2125 1961 procul
2157 1893 2348 1945 castra
2396 1890 2684 1962 posuisse,
2744 1895 2974 1962 paratos
3024 1907 3161 1945 cum
3212 1907 3278 1946 eo
3311 1890 3572 1962 proxima

173 1979 344 2033 nibus
374 1978 498 2033 suis
547 1978 853 2032 defuturos
884 1977 1026 2033 fore.
1077 1979 1184 2033 Sed
1217 1995 1332 2048 rex,
1387 1983 1684 2049 comperto
1717 1995 1818 2050 per
1915 1977 2038 2044 (lie,
2066 1977 2177 2031 nisi
2203 1977 2662 2032 satisfactionem
2685 1993 2886 2033 eorum
2909 1978 3189 2058 pacisque
3209 1978 3574 2034 conditiones

171 2066 428 2122 occultos
449 2065 674 2122 indices
696 2067 848 2137 quod
875 2066 932 2121 id
957 2066 1602 2138 molirentur,omnib‘us
1627 2067 1815 2122 modi's

169 2156 468 2228 satagebat
493 2172 570 2210 ne
599 2172 716 2228 qua
743 2155 1020 2228 deinceps
1045 2161 1178 2212 ante
1201 2157 1549 2211 instructam
1582 2156 1815 2228 expedi-

171 2246 386 2301 tionem
431 2243 640 2317 legatis
695 2245 991 2301 Saxonum
1039 2245 1205 2317 ecpia
1247 2245 1411 2301 ﬁeret
1447 2244 1814 2317 colloquendi

171 2347 366 2387 secum
397 2347 412 2399 ;
445 2346 774 2402 praecavens
796 2329 1023 2386 scilicet
1045 2347 1116 2386 ne
1145 2332 1290 2386 forte
1314 2331 1604 2403 principes
1632 2331 1814 2402 regni,

171 2419 696 2492 supplicationibus
726 2435 928 2475 eorum
956 2426 1014 2475 et
1045 2420 1462 2476 satisfactionis
1485 2421 1815 2476 humilitate

171 2507 339 2564 evicti
369 2507 489 2575 ‘u’,
519 2507 954 2563 ctementiorem
973 2507 1034 2562 in
1056 2524 1155 2563 eos
1177 2507 1441 2563 animum
1465 2509 1811 2580 acciperent.

167 2597 316 2660 Quin
345 2597 528 2651 immo
558 2601 680 2651 tam
712 2596 919 2651 honori
973 2612 1151 2668 quam
1200 2597 1516 2652 iracundias
1556 2614 1672 2653 suae
1705 2597 1814 2652 hoc

165 2685 494 2742 consultius
533 2686 623 2720 “‘3
669 2686 790 2742 fore
831 2685 1158 2756 judicabat,
1207 2691 1292 2752 ut,
1343 2686 1392 2741 si
1437 2686 1560 2741 ﬁeri
1593 2690 1810 2758 posset,

167 2774 748 2832 novisoccasionibus
767 2780 990 2830 veteres
1004 2775 1324 2830 inimicitia
1343 2775 1816 2832 instaurarentur

167 2870 224 2921 et
248 2863 488 2930 vulnus,
533 2863 689 2934 quod
740 2879 1107 2936 praepropere
1137 2865 1195 2919 in
1242 2864 1569 2920 cicatricem
1601 2865 1811 2920 obduci

165 2953 481 3020 metuebat,
519 2952 850 3008 recentibus
882 2952 1072 3024 plagis
1101 2952 1551 3009 exulceraretur.
1585 2956 1672 3009 Ad
1704 2955 1812 3009 hoc

160 3042 529 3098 efficiendum
563 3057 714 3096 novo
742 3041 1032 3114 exquisito
1056 3041 1242 3097 utitur
1260 3042 1525 3098 artiﬁcio.
1559 3043 1814 3099 Simulat

157 3148 220 3188 se
247 3149 281 3186 ι
311 3131 643 3198 Salomone,
675 3130 800 3186 viro
824 3131 1042 3186 sororis
1069 3147 1208 3197 suae,
1242 3145 1375 3204 rege
1397 3131 1808 3204 Ungariorum,

1926 2065 2078 2120 ultro
2101 2065 2676 2136 susciperet,collatis
2698 2065 2883 2139 signis
2903 2067 3214 2140 conﬂigere
3236 2087 3251 2135 ς
3277 2071 3574 2140 postremo

1925 2156 1996 2210 de
2027 2157 2154 2226 ejus
2186 2171 2546 2226 suorumque
2578 2155 2843 2210 omnium
2889 2155 3079 2212 salute
3111 2162 3308 2212 actum
3342 2172 3490 2224 esse,
3522 2155 3573 2212 si

1924 2243 2012 2298 vel
2043 2243 2196 2299 ultra
2226 2245 2496 2315 progredi
2551 2244 2637 2298 vel
2669 2244 2728 2299 in
2778 2245 3000 2300 eisdem
3039 2245 3248 2302 castris
3278 2250 3570 2317 posteram

1925 2332 2078 2387 diem
2099 2332 2310 2404 operiri
2335 2331 2522 2402 vellet,
2556 2333 2879 2403 praesertim
2902 2348 3035 2388 cum
3061 2331 3290 2388 nullum
3311 2333 3572 2405 undique

1924 2420 2214 2477 conclusis
2243 2420 2526 2493 effugium
2549 2424 2788 2492 pateret,
2817 2437 2924 2477 nec
2943 2421 3003 2476 in
3031 2421 3359 2493 periculum
3391 2437 3570 2477 manu

1925 2509 2264 2582 propulsare
2286 2508 2664 2565 multitudine
2682 2509 2938 2581 impares
2956 2510 3433 2582 possent.Ingens
3451 2526 3574 2565 om-

1925 2615 2028 2654 nes
2049 2599 2150 2670 qui
2174 2615 2305 2653 cum
2338 2613 2470 2670 rege
2491 2602 2656 2653 erant
2686 2604 2878 2654 metus
2901 2598 3168 2671 perculit,
3200 2593 3575 2656 vehementer

1923 2696 2036 2760 que
2065 2688 2194 2758 ejus
2223 2687 2504 2759 ineptiam
2528 2687 3061 2759 incusabant,quod
3093 2704 3405 2745 successus
3431 2704 3572 2744 suos

1923 2777 2172 2832 nimium
2195 2776 2318 2847 ipse
2341 2781 2590 2847 urgeret,
2611 2780 2995 2844 et,morarum
3018 2776 3333 2848 impatiens
3355 2775 3570 2832 multo-

1922 2883 2052 2921 rum
2067 2881 2354 2921 annorum
2371 2864 2648 2919 bellauno
2671 2864 2894 2936 impetu
2910 2865 3192 2921 conﬁcere
3216 2865 3568 2921 immodera-

1921 2959 1980 3011 ta
1991 2954 2447 3027 praesumptione
2474 2953 2860 3019 festinaret,se
2880 2970 3135 3026 suosque
3148 2955 3418 3010 hostibus
3437 2971 3572 3027 pue-

1921 3044 2011 3099 rili
2069 3044 2299 3099 levitate
2330 3044 2701 3115 prodidisset.
2745 3044 2962 3098 Eorum
2994 3044 3234 3100 monitis
3273 3047 3572 3116 obtempe-

1923 3149 2080 3200 rans,
2115 3133 2290 3188 citato
2338 3135 2627 3204 quantum
2659 3137 2884 3202 poterat
2912 3133 3125 3204 reditu,
3157 3133 3217 3188 in
3249 3133 3567 3190 Boemiam.

156 3222 216 3276 in
249 3219 569 3293 Ungariam
619 3225 944 3287 evocatum,
982 3224 1044 3276 ut
1091 3219 1246 3285 lites,
1277 3199 1405 3292 quas
1435 3199 1587 3276 inter
1616 3222 1811 3293 ipsum
1841 3199 1884 3265 (ἶ
1927 3199 2082 3277 unde
2112 3199 2402 3292 eruperat,
2463 3235 2524 3275 se
2572 3199 2806 3291 rec—epit.
2858 3223 3039 3286 Quem
3092 3199 3404 3278 abeuntem
3437 3222 3574 3292 qui-

157 3316 328 3366 erant
343 3319 402 3365 et
420 3308 686 3365 Joiadam
713 3309 930 3379 ““,qui
954 3325 1088 3364 eum
1103 3325 1279 3382 regno
1293 3309 1813 3381 expulerat,habite

160 3415 298 3454 cum
333 3399 598 3470 utrisque
629 3396 903 3453 familiari
931 3397 1242 3469 colloquio,
1277 3406 1668 3470 componeret.

233 3489 430 3558 Hujus
469 3486 694 3543 itineris
743 3491 1045 3558 praetextu,
1096 3486 1279 3542 elusis
1326 3488 1602 3543 omnibus
1653 3488 1814 3562 regni

162 3576 556 3650 principibus,
590 3576 648 3630 in
679 3576 771 3612 ¹⁶⁴³
821 3575 1119 3630 Boemiam
1160 3575 1552 3646 proﬁciscitur
1580 3577 1813 3648 (Sept.);

164 3667 401 3723 nullum
433 3681 632 3722 secum
665 3665 889 3720 habens
920 3679 988 3719 ex
1018 3664 1382 3736 principibus
1413 3671 1623 3738 praeter
1653 3667 1815 3722 Heri-

165 3770 457 3811 mannum
487 3755 760 3810 comitem
793 3755 865 3809 de
911 3753 1177 3825 Glizberg
1205 3755 1314 3822 ωδ,
1365 3756 1589 3826 equites
1622 3761 1817 3812 autem

163 3846 471 3917 expeditos
499 3849 557 3900 et
601 3847 763 3898 tanto
811 3843 1051 3916 negocio
1099 3842 1506 3900 allectissimos
1551 3845 1640 3880 ¹⁶⁴⁷
1673 3859 1819 3917 pene

165 3932 918 4006 quiagentos,qui,rejectis
946 3931 1191 3987 sarcinis
1215 3936 1272 3986 et
1297 3933 1502 3988 ceteris
1532 3932 1819 3989 bellorum

163 4021 878 4095 impendimentis,itineri
902 4025 1133 4077 tantum
1160 4026 1218 4076 et
1241 4022 1546 4077 certamini
1570 4039 1630 4079 se
1656 4039 1823 4094 expe-

164 4113 424 4167 dierant.
476 4115 798 4182 Assumpto
857 4111 915 4165 in
974 4111 1210 4165 Boemia
1263 4111 1410 4167 duce
1459 4117 1516 4167 et
1570 4113 1823 4168 exercitu

165 4201 468 4272 Boemico,
500 4215 604 4272 per
633 4199 894 4256 occultos
924 4215 991 4255 ac
1038 4198 1420 4255 difﬁcillimas
1443 4201 1532 4236 “‘3
1562 4201 1826 4258 tramites

164 4291 230 4345 in
259 4289 582 4346 Saxoniam
615 4289 932 4356 contendit,
965 4303 1210 4360 sperans
1239 4304 1302 4344 se
1334 4305 1454 4354 eos,
1487 4294 1552 4344 ut
1583 4290 1698 4345 dici
1728 4308 1827 4346 so-

165 4379 270 4444 let,
303 4380 465 4434 inter
492 4379 811 4434 oscitantes
833 4378 1002 4450 (400),
1035 4393 1169 4433 cum
1197 4378 1537 4450 inopinatus
1561 4379 1828 4448 irrueret,

169 4468 352 4524 facile
381 4481 822 4540 oppressurum,
875 4471 998 4534 aut,
1046 4467 1094 4522 si
1127 4465 1408 4522 rebellare
1456 4470 1828 4539 temptarent,

1922 3311 2057 3365 dam
2087 3325 2155 3364 ex
2184 3309 2512 3363 Saxonibus
2551 3309 2800 3380 expediti
2851 3310 3097 3379 equites,
3149 3309 3354 3364 insciis
3412 3310 3572 3380 prin-

1922 3400 2150 3472 oipibus
2177 3397 2446 3465 insecuti,
2472 3397 2813 3468 priusquam
2844 3397 3096 3453 Saxonia
3116 3398 3436 3468 excederet,
3468 3414 3572 3469 op-

1923 3489 2296 3562 pressissent,
2332 3486 2442 3542 nisi
2475 3485 2616 3542 Boto
2648 3501 2845 3542 comes
2891 3486 3062 3558 (402),
3089 3486 3189 3559 qui
3220 3487 3290 3541 ad
3314 3487 3571 3543 Saxones

1925 3597 1958 3634 a
1989 3594 2118 3650 rege
2144 3582 2340 3633 orator
2370 3577 2515 3631 ierat
2559 3590 2868 3647 provocare
2917 3589 3014 3630 eos
3063 3577 3134 3631 ad
3178 3575 3567 3647 dedicionem,

1924 3669 2013 3724 vel
2045 3667 2200 3738 quod
2232 3665 2426 3720 verius
2464 3669 2573 3736 est,
2609 3681 2758 3719 vana
2805 3663 3220 3736 pollicitatione
3247 3665 3426 3720 venias
3455 3665 3567 3720 im-

1926 3757 2141 3831 plicare
2171 3771 2290 3825 eos,
2319 3772 2390 3809 ne
2420 3759 2909 3826 persequerentur
2949 3754 3280 3821 abeuntem,
3309 3755 3418 3810 hac
3449 3759 3571 3810 arte

1928 3863 2026 3903 eos
2059 3844 2356 3901 fefelisset.
2391 3843 2732 3915 Digrediens
2783 3859 2816 3897 a
2847 3843 3056 3898 castris
3094 3844 3413 3913 Saxonum,
3445 3859 3580 3899 cum

1929 3953 2028 3993 eos
2077 3932 2361 4007 paulatim
2418 3931 2662 4005 vestigia
2709 3947 2817 3987 sua
2867 3931 3096 4003 insequi
3147 3936 3429 4002 cerneret,
3472 3932 3584 3987 iter

1931 4024 2110 4081 unius
2143 4023 2257 4078 diei
2308 4038 2422 4095 quo
2471 4022 2542 4076 ad
2595 4036 2790 4093 regem
2843 4020 3031 4075 redire
3080 4024 3327 4093 poterat,
3375 4021 3582 4092 longos

1933 4114 2232 4170 anfractus
2264 4111 2356 4152 155°
2387 4114 2445 4166 et
2501 4109 2673 4180 longa
2699 4110 2927 4164 viarum
2977 4109 3285 4182 dispendia
3315 4109 3583 4183 legendo,

1932 4203 2026 4258 vix
2058 4201 2254 4257 triduo
2286 4198 2550 4264 confecit,
2574 4203 2640 4254 ut
2669 4215 2771 4271 per
2791 4198 2940 4254 hanc
2965 4198 3186 4255 scilicet
3217 4215 3441 4256 moram
3463 4215 3584 4267 rex,

1936 4291 2116 4348 elusis
2167 4289 2458 4354 hostibus,
2509 4287 2568 4341 in
2621 4291 2816 4343 tutum
2877 4289 3118 4344 evadere
3163 4290 3466 4360 potuisset.
3500 4292 3590 4344 Ita

1938 4377 2196 4453 periculo
2226 4377 2511 4432 liberatus
2543 4393 2662 4446 rex,
2695 4375 2942 4432 militem
2965 4393 3163 4443 suum,
3191 4377 3387 4434 labore
3416 4382 3472 4433 et
3499 4378 3590 4432 vi-

1941 4468 2118 4541 giliis,
2148 4471 2277 4521 tum
2337 4464 2713 4537 potissimum
2772 4464 2924 4518 fame
2979 4481 3044 4519 ac
3075 4465 3172 4519 siti
3228 4481 3375 4536 pene
3403 4480 3590 4535 usque

162 4558 403 4627 justam
427 4557 702 4628 deinceps
723 4556 1032 4612 adversum
1055 4573 1156 4611 eos
1177 4555 1313 4610 belli
1335 4559 1391 4610 et
1415 4556 1834 4612 satisfactionis
1865 4567 1912 4631 Ῑ)
1943 4558 2014 4613 ad
2049 4554 2425 4611 defectionem
2450 4552 2693 4624 spiritus
2716 4552 3202 4623 confectum,post
3225 4568 3441 4622 paucos
3467 4551 3592 4606 dies

171 4659 294 4699 non
331 4643 724 4716 suscipiendis
756 4659 993 4699 causam
1039 4643 1400 4699 habiturum.
1437 4645 1623 4717 Igitur
1651 4662 1838 4717 usque
1947 4646 2325 4717 Ratisponam
2380 4640 2625 4708 reduxit,
2660 4657 2690 4695 e
2735 4640 2924 4695 vicino
2965 4641 3093 4711 jam
3126 4640 3470 4696 imminente
3499 4639 3594 4694 die

172 4732 451 4789 Misenen
483 4732 744 4805 pervenit
771 4733 976 4788 urbem
1008 4733 1182 4788 sitam
1217 4733 1275 4788 in
1305 4734 1557 4789 conﬁnio
1589 4734 1836 4791 Boemia

1948 4751 2062 4809 quo
2088 4733 2147 4788 in
2179 4730 2604 4803 expeditionem
2637 4729 2924 4784 exercitus
2946 4730 3298 4785 adunandus
3329 4733 3484 4796 erat;
3509 4728 3598 4783 in-

1535 4849 1775 4908 VARIIE
1832 4849 2137 4910 LECTION
2147 4848 2246 4904 ES.

253 4946 351 4986 1⁸30

411 4943 762 5016 placandum
793 4946 846 5001 4.
921 4947 1046 4996 .¹ε⁴⁰
1073 4946 1218 5002 deest
1275 4947 1325 5001 4.

1431 4950 1519 4989 ¹⁶⁴¹
1581 4949 2173 5008 Hildinishemensem
2233 4947 2285 5001 3.
2347 4942 2972 5000 Hildinesheimensem
3028 4945 3077 4999 4.
3158 4944 3248 4980 ¹⁸⁴²
3304 4943 3510 4999 devicti
3543 4945 3597 5001 4.

175 5016 274 5090 ’βξ
307 5022 372 5090 et
398 5014 637 5090 stultius
666 5017 724 5090 3.
750 5023 872 5090 post
903 5033 1042 5090 corr.
1095 5017 1422 5074 consultius
1451 5021 1504 5075 3.
1587 5021 1677 5057 ηδε
1707 5023 1971 5079 Joiadem
2022 5019 2387 5090 διιῃενδενίριο
2419 5033 2452 5090 a
2483 5015 2534 5070 4.
2561 5017 2663 5090 γζὲξδ
2713 5015 2770 5069 in
2801 5047 2878 5090 -τγ
2893 5014 3263 5090 principibus
3308 5017 3513 5090 _desunt
3543 5017 3598 5090 4.

176 5089 276 5123 ηδε
315 5088 612 5161 _Glisberg

175 5159 352 5216 eted.
390 5162 444 5216 2.

666 5089 721 5144 4.
800 5089 890 5125 ¹⁸⁴⁷
945 5089 1092 5145 clect
1145 5106 1286 5146 corr.
1348 5090 1514 5148 alect.
1573 5094 1626 5148 3.

1732 5095 1822 5130 ¹⁵⁴⁸
1877 5087 2258 5151 difﬁcillimas
2297 5087 2360 5143 ί1.
2423 5087 2474 5142 4.

2555 5078 2646 5121 ¹⁵⁴⁹
2702 5078 2918 5143 consili.
2950 5087 3004 5142 3.
3093 5078 3191 5128 ’ίδδο
3221 5087 3514 5143 anfractus
3543 5087 3598 5144 4.

1786 5261 2018 5320 ΝΟΤΕ.

259 5357 417 5440 (400)
450 5357 890 5440 Inter-oscitantes
936 5356 997 5440 in
1041 5357 1132 5412 ed.
1158 5356 1206 5440 Ἰ
1237 5372 1352 5411 uno
1397 5373 1520 5439 voc.
1563 5359 1717 5440 typis
1747 5376 1843 5415 ex-

1954 5357 2229 5422 oscitans,
2259 5358 2499 5427 auctore
2529 5353 2778 5427 Donato,
2829 5370 3102 5410 securum
3133 5358 3192 5409 et
3235 5353 3380 5427 nihil
3412 5354 3604 5427 provi-

179 5425 503 5502 scriptum
534 5427 785 5502 videtur,
833 5429 986 5502 quod
1032 5427 1406 5502 praeferrem,
1437 5429 1484 5484 si
1531 5425 1848 5502 scriptores
1958 5432 2188 5486 dentem
2223 5425 2532 5502 signiﬁcat.
2565 5426 2715 5480 Fort.
2763 5426 3105 5502 L‘ambertus
3138 5425 3476 5483 Terentium
3510 5443 3608 5484 se-

182 5498 375 5555 medii
402 5498 505 5553 :evi
527 5501 909 5556 interoscitare
929 5498 1145 5555 dixisse
1164 5498 1443 5570 exemplis
1506 5498 1698 5557 robari
1722 5519 1853 5574 pos-

183 5576 303 5626 set.
364 5569 453 5626 Cf.
524 5571 778 5638 Terent,
837 5572 1045 5640 Andr.,
1078 5587 1118 5637 1,
1176 5573 1231 5636 2,
1285 5571 1350 5625 10
1408 5518 1527 5641 (Ἱξε
1561 5572 1852 5641 Sperantes

183 5576 303 5626 set.
364 5569 453 5626 Cf.
524 5571 778 5638 Terent,
837 5572 1045 5640 Andr.,
1078 5587 1118 5637 1,
1176 5573 1231 5636 2,
1285 5569 1350 5625 10
1408 5572 1461 5638 (7

488 5767 754 5840 Persen.
800 5769 1058 5838 CXLVI.

183 5576 303 5626 set.
364 5572 453 5626 Cf.
524 5572 778 5638 Terent,
837 5572 1045 5640 Andr.,
1078 5587 1118 5637 1,
1176 5573 1231 5636 2,
1285 5572 1350 5625 10
1408 5572 1527 5641 (7):
1561 5572 1852 5644 Sperantes

183 5645 312 5700 tam
342 5647 528 5700 amoto
574 5652 748 5710 metu,
806 5643 1024 5699 interea
1079 5643 1371 5700 oscitantes
1428 5642 1695 5726 Opprzmi,
1750 5644 1852 5705 ubi

1960 5507 2130 5559 cutus
2152 5498 2388 5569 scripsit
2411 5513 2423 5550 :
2459 5499 2674 5552 interea
2702 5499 2995 5553 oscitantes

2031 5572 2153 5636 (401
2224 5570 2578 5624 Bennonem.

2032 5572 2181 5720 (4023
2214 5641 2372 5701 Idem
2399 5639 2578 5710 videtr

2032 5639 2181 5720 (402)
2214 5641 2372 5701 Idem
2399 5639 2627 5710 videtur
2657 5639 2757 5716 qui
2790 5655 2966 5716 supra
2995 5656 3049 5697 a.
3084 5639 3244 5698 1073.

3213 5766 3294 5840 38
