3962 6158
492 293 643 351 1195

1650 282 2052 343 LAMBEllTI
2099 282 2736 347 HERSFELDENSIS

3631 305 3731 365 1196

488 426 762 495 venitque
794 422 871 476 ibi
904 420 1121 490 legatos
1150 419 1465 483 Saxonum,
1502 417 1684 471 multo
1708 417 1834 487 jam
1868 418 2126 486 tempore
2153 414 2210 479 Α
2239 418 2551 487 scrupulus
2583 420 2893 490 ademptus
2942 424 3115 489 esset,
3148 420 3360 476 nullum
3388 441 3559 497 regem,
3582 433 3737 492 nullum

488 515 737 569 reditum
770 510 897 579 ejus
929 506 1347 580 praestolantes.
1398 508 1550 571 Quos
1590 522 1935 576 responsum
1967 503 2129 559 dill‘e-

490 601 667 657 rendo
699 599 799 653 diu
829 612 1151 668 suspensos
1180 595 1389 663 tenuit,
1423 599 1490 649 ut
1522 594 1706 650 redire
1738 595 1807 649 ad
1842 591 2129 658 suos,nisi

488 690 600 747 sub
630 689 756 758 ipso
788 685 1154 741 imminentis
1195 686 1320 756 jam
1366 684 1745 755 expeditionis
1798 682 2042 738 articulo
2074 686 2131 736 et

487 795 633 853 pene
663 776 1038 832 incumbente
1051 776 1177 846 jam
1200 774 1519 830 cervicibus
1549 789 1752 829 eorum
1780 772 1976 827 hostili
2008 771 2129 843 gla-

487 868 604 934 dio,
639 883 754 922 non
786 870 1045 939 possent.
1100 870 1360 936 Cumque
1406 864 1516 918 sub
1548 862 1704 917 idem
1756 864 1870 917 tere
1899 867 2131 931 tempus

487 957 628 1011 Dedi
652 957 738 993 ⁸⁵⁵1
766 955 1044 1021 marchio,
1064 954 1237 1025 longa
1261 952 1603 1025 aegritudine
1626 954 1997 1022 absumptus,
2031 950 2130 1005 de-

486 1046 781 1111 cessisset,
817 1043 1113 1099 marcham
1136 1045 1264 1113 ejus
1292 1041 1560 1097 Boemico
1582 1042 1714 1096 duci
1737 1042 1795 1095 in
1823 1039 2130 1112 praemium

485 1139 696 1191 exactae
729 1132 948 1189 militias
996 1132 1155 1187 dedit
1185 1132 1353 1203 (403),
1386 1131 1619 1186 tametsi
1668 1148 1812 1185 uxor
1843 1128 2130 1185 marcbio-

488 1224 580 1280 nis
609 1222 791 1279 Adala
820 1222 1006 1277 ﬁlium
1033 1221 1333 1287 suum,cui
1364 1219 1731 1275 haereditaria
1762 1218 2130 1274 successione

488 1312 726 1369 marcba
756 1310 1151 1378 debebatur,ei
1174 1309 1346 1382 paulo
1368 1316 1501 1365 ante
1522 1326 1623 1380 pro
1646 1325 1708 1363 se
1728 1308 1993 1363 obsidem
2018 1307 2130 1361 mi-

487 1401 683 1470 sisset,
716 1405 774 1456 et
803 1401 927 1472 ipse
957 1398 1217 1454 marchio
1249 1403 1380 1470 post
1410 1402 1813 1469 recuperatam
1838 1413 2036 1468 pacem
2070 1396 2129 1450 in

488 1489 845 1562 Gerstingun
899 1489 987 1524 “‘52
1028 1487 1434 1543 intemeratam
1493 1503 1723 1558 semper
1769 1501 1906 1557 erga
1936 1489 2129 1557 regem

487 1594 729 1650 remque
758 1577 1053 1651 publicam
1087 1577 1261 1631 ﬁdem
1290 1579 1595 1631 servasset.

560 1669 785 1724 Interea
814 1670 1067 1722 Saxones
1134 1670 1190 1720 et
1221 1664 1507 1735 Thuringi
1538 1664 1688 1718 inter
1717 1678 1881 1733 spem
1916 1666 1973 1717 et
2011 1678 2130 1715 me-

2241 505 2515 577 deinceps
2562 509 2876 563 exercitum
2927 508 3127 563 virtuti
3178 509 3443 567 Saxonica
3481 515 3741 590 insuperabi-

2239 593 2353 649 lem
2387 596 2543 663 fore;
2581 598 2819 667 proinde
2850 598 3014 652 malae
3045 599 3149 664 rei,
3180 600 3425 669 pessimae
3445 606 3563 674 spei,
3584 610 3743 667 unicum

2242 683 2351 738 hoc
2383 686 2707 740 remedium
2743 691 2799 740 et
2828 687 3108 754 adversus
3132 687 3470 746 insolentiam
3492 693 3680 752 hostium
3694 717 3747 755 ve-

2242 772 2483 828 hemens
2514 774 2693 829 telum
2718 792 2863 844 esse,
2897 776 2947 829 si
2972 792 3165 847 regem
3199 776 3307 832 sibi
3339 781 3417 815 ¹⁵⁶⁰
3438 791 3644 839 crearent
3663 788 3745 844 etin

2242 862 2369 930 ejus
2400 863 2865 933 verbajurarent
2894 864 3064 932 (405),
3099 881 3159 919 se
3191 882 3292 936 pro
3316 870 3492 937 patria,
3520 889 3599 941 pro
3616 878 3745 944 conju-

2240 950 2411 1021 gibus
2441 968 2542 1022 pro
2589 951 2789 1007 liberis
2831 953 2958 1024 [pro
3008 954 3090 991 ¹⁵⁶¹
3146 953 3404 1027 legibus],
3451 975 3535 1028 pro
3573 962 3747 1019 libertate

2242 1056 2368 1109 sua,
2404 1057 2590 1111 usque
2622 1042 2691 1095 ad
2745 1048 2992 1097 mortem
3043 1042 3381 1100 militaturos
3408 1063 3531 1103 esse.
3571 1049 3617 1104 In
3638 1051 3698 1106 his
3716 1060 3745 1106 et

2241 1127 2645 1197 hujuscemodi
2695 1129 3214 1188 deliberationibus
3272 1149 3393 1189 cum
3438 1152 3563 1206 saepe
3588 1144 3748 1210 septem,

2242 1233 2390 1288 saepe
2425 1219 2487 1271 14
2520 1218 2644 1273 dies
2689 1220 2968 1275 continua
2990 1221 3405 1279 consultatione
3431 1225 3677 1295 trivissent,
3699 1230 3750 1282 in-

2241 1305 2516 1362 certiores
2549 1324 2780 1379 semper
2822 1324 2998 1379 quam
3045 1317 3321 1366 venerant
3365 1313 3573 1368 domum
3596 1324 3755 1371 reverte-

2242 1394 2572 1449 bantur.lta
2593 1413 2727 1451 cum
2750 1396 2947 1452 omnia
2970 1400 3063 1442 ηδ’
3092 1397 3450 1456 deliberando
3482 1407 3751 1474 pertemptat.

2241 1489 2391 1549 sent,
2424 1484 2622 1540 omnia
2654 1486 3092 1555 discussissent,
3142 1494 3372 1561 propter
3412 1495 3616 1562 accepta
3642 1491 3753 1546 cladis

2242 1575 2530 1627 recentem
2563 1573 2903 1629 memoriam
2938 1574 3081 1630 nihil
3113 1576 3426 1633 rationibus
3454 1579 3559 1634 suis
3584 1579 3685 1635 satis
3704 1586 3754 1633 tu-

2242 1665 2397 1727 tum,
2434 1660 2576 1717 satis
2608 1662 2845 1717 ﬁrmum
2883 1664 3207 1734 putabant..

487 1763 635 1828 tum,
667 1758 818 1846 inter
846 1772 1049 1846 pacem
1082 1759 1140 1808 et
1184 1752 1423 1846 bellum,
1458 1752 1609 1806 inter
1647 1750 2130 1846 comminationes
2167 1781 2216 1846 B
2268 1749 2435 1846 “R‘ex
2469 1751 2528 1804 11
2564 1751 2857 1846 Kalendas
2888 1752 3264 1809 Norvemhris
3293 1755 3419 1825 (Oct.
3445 1755 3760 1826 2‘2)juxtacon-

489 1851 546 1901 et
602 1843 1085 1916 supplicationes,
1150 1840 1306 1895 vario
1351 1856 1624 1895 curarum
1685 1845 1828 1894 aestu
1893 1844 2135 1894 ﬂuctua-

486 1936 628 1991 bant
656 1933 828 2005 (404),
887 1949 991 1986 nec
1044 1930 1183 2002 quid
1244 1934 1501 2000 agerent,
1564 1945 1678 1998 quo
1735 1945 1797 1983 se
1830 1932 2144 2009 verterent,

490 2025 706 2099 quibus
737 2021 927 2078 modis
981 2020 1323 2091 impeditam
1376 2034 1496 2073 rem
1530 2018 1903 2089 explicarent,
1937 2019 2138 2073 crebra

489 2111 895 2171 conventicula
925 2109 1223 2176 facientes,
1256 2105 1576 2161 deliberare
1608 2110 1892 2177 poterant.
1926 2106 2135 2161 Cense-

488 2205 631 2259 bant
659 2200 778 2266 alii,
811 2199 1089 2270 quoniam
1123 2214 1221 2251 rex
1252 2197 1321 2250 ad
1355 2195 1792 2251 internitionem
1829 2196 1919 2230 ¹⁵⁵³
1946 2196 2136 2250 tocius

488 2291 780 2346 Saxonica
810 2287 1000 2360 gentis
1024 2285 1288 2341 animum
1333 2283 1708 2351 obstinasset,
1761 2288 1827 2338 ut
1856 2284 2134 2355 quicquid

488 2379 748 2437 Saxoniaa
778 2376 866 2433 vel
896 2374 1231 2446 Thuringim
1264 2371 1494 2428 hostilis
1523 2373 1809 2428 exercitus
1842 2372 2133 2444 reliquum

488 2469 740 2533 iecisset,
775 2466 830 2521 id
864 2464 976 2537 ipsi
1008 2464 1097 2498 ¹⁵⁶⁴
1131 2463 1340 2532 injecto
1371 2462 1505 2533 igne
1536 2462 1931 2529 absumerent,
1963 2468 2020 2517 et
2049 2462 2133 2516 sic

487 2574 620 2614 cum
650 2554 927 2611 omnibus
949 2552 1073 2607 suis
1124 2550 1277 2606 ultra
1326 2549 1565 2604 fluvium
1617 2549 1808 2604 Albim
1836 2566 2132 2605 commea-

483 2648 651 2713 rentf;
687 2643 807 2715 alii,
843 2647 906 2697 ut
928 2643 1017 2677 “‘55
1040 2638 1407 2705 Luticos155“,
1433 2638 1875 2693 infestissimam
1908 2639 2134 2699 nomini

479 2734 806 2792 christiano
836 2729 1314 2805 gentem,ﬁnibus
1344 2727 1467 2782 suis
1498 2727 1771 2793 excirent,
1800 2732 1853 2782 et
1886 2729 2129 2786 barbaro

481 2825 668 2881 milite
697 2824 977 2879 adversus
1017 2819 1330 2874 barbarum
1363 2821 1537 2887 atque
1579 2817 1665 2851 1⁵⁵⁷
1699 2816 2126 2887 implacabilem

480 2917 708 2972 hostem
758 2916 1054 2967 uteretur:
1105 2907 1228 2973 alii,
1280 2911 1344 2961 ut
1399 2905 1658 2972 castella,
1709 2923 1835 2976 quas
1886 2924 1985 2960 rex
2026 2924 2128 2978 per

481 3001 866 3073 Thuringiam
897 3003 953 3054 et
981 2997 1289 3053 Saxoniam
1344 2995 1495 3049 dirui
1521 2996 1798 3063 jusserat,
1833 2994 2124 3051 instaura-

481 3097 629 3159 rent,
658 3096 714 3146 et
759 3089 1019 3145 locorum
1069 3084 1432 3150 difficultate,
1482 3084 1759 3154 quoniam
1792 3085 1972 3140 armis
2005 3102 2119 3141 non

2250 1838 2472 1893 dictum
2504 1840 2659 1895 venit
2704 1839 2762 1894 in
2814 1840 3166 1913 Gerstingun
3218 1844 3324 1899 ίδδδ.
3360 1844 3613 1899 Venerunt
3636 1860 3762 1898 omnes

2248 1927 2547 1983 Teutonici
2578 1929 2738 2001 regni
2771 1930 3027 2001 episcopi
3059 1936 3115 1985 et
3143 1932 3418 1999 comites;
3446 1933 3614 1987 aderat
3639 1934 3764 1987 Tiode-

2246 2015 2403 2071 ricus
2452 2018 2543 2051 “‘5‘
2570 2019 2688 2072 dux
2708 2017 2957 2073 Mosellae
3006 2019 3263 2091 regionis
3289 2037 3305 2089 ;
3335 2021 3518 2075 aderat
3544 2019 3696 2076 Gozelo
3714 2020 3765 2055 ¹⁵⁶⁵

2246 2106 2365 2159 dux
2395 2106 2739 2178 Luteringia:
2774 2108 2881 2174 *566,
2914 2111 3108 2163 tantas
3135 2108 3359 2164 habens
3380 2110 3572 2181 capias,
3599 2110 3659 2163 ita
3680 2109 3769 2162 mili-

2244 2196 2469 2251 taribus
2499 2195 2678 2251 armis
2708 2196 3045 2268 instructas,
3069 2198 3252 2268 ita,de
3271 2205 3385 2254 tota
3404 2200 3484 2253 cui
3506 2203 3692 2271 praeerat
3714 2213 3763 2251 re-

2242 2284 2413 2356 gione
2442 2285 2809 2341 severissrmo
2843 2285 3068 2341 delectu
3092 2287 3181 2321 ⁸³⁸⁵
3204 2286 3417 2353 habito,
3444 2286 3713 2359 exquisitas,
3735 2288 3770 2337 ut

2244 2373 2377 2429 sola:
2410 2378 2664 2429 ceterum
2698 2374 2850 2446 regis
2897 2376 3210 2431 exercitum
3251 2381 3306 2432 et
3334 2369 3556 2432 numero
3582 2380 3628 2431 et
3650 2372 3769 2428 bellici

2228 2468 2557 2535 apparatus
2588 2463 2774 2535 gloria
2804 2463 3126 2534 praecellere
3153 2482 3222 2521 ac
3254 2465 3568 2538 supergredi
3592 2464 3772 2517 videren-

2242 2556 2355 2605 tur.
2388 2551 2498 2606 Alii
2530 2554 2726 2622 duces,
2778 2552 3095 2608 Buodolfus
3140 2555 3364 2610 scilicet
3397 2556 3505 2610 dux
3527 2554 3767 2611 Suevorum,

2242 2641 2540 2696 Welfdux
2589 2642 3008 2713 Bajoariorum,
3050 2643 3358 2699 Bertoldus
3406 2645 3511 2698 dux
3536 2640 3772 2698 Carentino-

2242 2747 2392 2797 rum,
2426 2731 2545 2802 regi
2576 2730 2859 2785 auxilium
2884 2748 3054 2785 suum
3076 2734 3298 2803 petenti
3318 2732 3775 2803 denegaverant,pe-

2239 2818 2508 2885 nitentes,
2534 2822 2598 2872 ut
2619 2818 3164 2890 aiebant,superiori
3185 2820 3540 2892 expeditione
3558 2821 3605 2874 in
3622 2817 3773 2872 irritum

2236 2907 2351 2963 fusi
2380 2908 2524 2962 tanti
2560 2906 2900 2979 sanguinis;
2928 2909 3131 2964 offensi
3162 2910 3345 2965 etiam
3376 2910 3519 2982 regis
3545 2905 3708 2962 immiti
3729 2907 3775 2955 at-

2235 3014 2347 3068 que
2370 2996 2725 3068 implacabili
2747 2996 3002 3068 ingenio,
3022 2998 3191 3069 cujus
3210 2997 3516 3055 iracundiae
3536 2993 3774 3051 incendium

2235 3104 2338 3142 nec
2369 3086 2623 3142 lacrima:
2654 3087 2949 3142 Saxonum
2974 3103 3075 3142 nec
3098 3088 3453 3143 inundantes
3472 3085 3660 3156 campis
3678 3082 3775 3136 Thu-

479 3184 740 3253 possent,
775 3177 1021 3234 salutem
1052 3191 1241 3242 suam,
1276 3191 1391 3245 quo
1421 3173 1493 3228 ad
1542 3173 1867 3245 indignatio
1895 3174 2119 3229 domini
2149 3149 2192 3212 C
2232 3176 2432 3249 ringize
2464 3175 2566 3231 rivi
2598 3176 2903 3247 sanguinis
2925 3178 3289 3249 restinguere
3319 3178 3635 3249 potuissent.
3652 3165 3773 3227 Ceteri

480 3269 842 3342 deﬂagraret,
857 3263 1323 3321 tutarentur.Sed
1341 3262 1501 3335 plebs
1515 3279 1746 3318 omnem
1762 3279 1925 3335 spem
1949 3280 2117 3318 suam

478 3359 550 3415 ab
573 3360 753 3414 armis
775 3356 846 3412 ad
872 3370 1069 3427 preces
1085 3357 1334 3408 verterat
1357 3370 1370 3420 ;
1395 3369 1518 3422 quae
1540 3352 1589 3407 si
1613 3369 1725 3407 non
1751 3353 2119 3424 proﬁcerent,

475 3446 881 3503 incunctanter
926 3443 1122 3499 animo
1153 3443 1357 3497 fixerat
1397 3441 1503 3511 '55“,
1536 3442 1736 3496 omnia
1763 3441 1912 3496 fmda
1941 3443 2115 3497 etiam

475 3542 650 3607 atque
675 3533 933 3591 crudelia
981 3532 1174 3603 potius
1206 3529 1472 3600 tolerare,
1514 3546 1690 3600 quam
1720 3546 1782 3584 se
1812 3531 2115 3586 certamini

472 3625 839 3682 committere
869 3627 920 3677 et
952 3620 1262 3691 ancipitem
1299 3620 1539 3674 fortunae
1570 3618 1777 3685 aleam,
1813 3635 1989 3689 quam
2021 3637 2116 3675 se-

469 3715 584 3771 mel
614 3714 872 3769 infausta
918 3708 1329 3783 congressione
1367 3712 1601 3779 experta
1652 3707 1881 3775 fuisset,
1923 3710 2113 3764 denuo

466 3809 771 3876 temptare.
824 3802 1073 3857 Econtra
1120 3797 1429 3870 principes,
1482 3796 1697 3868 quibus
1730 3797 1984 3869 primum
2017 3817 2117 3854 au-

467 3894 727 3949 ctoribus
748 3908 816 3946 ea
844 3889 1035 3945 rabies
1059 3888 1363 3957 inarserat,
1389 3885 1591 3941 sedulo
1612 3887 1931 3952 instabant,
1953 3889 2116 3944 obse-

467 3987 698 4038 crantes
730 3984 812 4047 ut,
846 3978 1103 4049 pristinae
1152 3976 1383 4035 virtutis
1414 3991 1704 4031 memores
1744 3976 1965 4031 crimen
1998 3994 2112 4033 non

469 4070 749 4125 inferrent
779 4066 975 4139 gloriae
1009 4083 1126 4121 suae
1180 4081 1285 4120 nec
1318 4063 1534 4135 optime
1575 4068 1761 4134 empta
1796 4065 2112 4121 foedissime

474 4173 630 4212 nunc
661 4156 1028 4211 desererent:
1063 4152 1217 4225 quod
1248 4152 1437 4222 prima
1466 4152 1873 4223 congressione
1905 4169 1997 4208 res
2027 4170 2112 4209 se-

465 4262 568 4301 cus
598 4243 892 4311 cessisset,
922 4242 980 4296 id
1011 4257 1199 4296 causae
1245 4239 1527 4306 extitisse,
1582 4241 1737 4311 quod
1780 4257 1883 4295 nec
1914 4257 2108 4313 regem

462 4350 569 4389 nec
599 4331 922 4405 principem
955 4330 1319 4395 habuissent,
1354 4329 1525 4398 cujus
1557 4330 1734 4383 ductu
1766 4335 1823 4384 et
1847 4331 2108 4402 auspicio

458 4420 679 4479 bellum
720 4434 939 4493 gerere,
991 4419 1063 4473 ad
1096 4418 1267 4489 cujus
1318 4418 1630 4488 imperium
1674 4422 1865 4473 castra
1896 4418 2104 4489 locare,

2227 3270 2423 3322 tamen
2457 3265 2767 3338 principes,
2812 3266 2911 3337 qui
2962 3266 3425 3337 frequentissimi
3463 3262 3773 3321 convenerant,

2230 3354 2744 3427 magnumsatisac
2758 3354 3014 3409 validum
3047 3357 3372 3411 exercitum
3407 3355 3647 3417 fecerant,
3670 3348 3708 3403 ei
3725 3351 3776 3399 ιδ’

2228 3460 2359 3497 men
2390 3443 2559 3515 longe
2590 3460 2655 3498 ac
2678 3443 2848 3516 longe
2872 3443 3177 3515 imparem,
3206 3462 3384 3516 quem
3408 3444 3553 3516 prior
3571 3440 3651 3494 illa
3670 3450 3775 3504 expe-

2226 3532 2369 3587 ditio
2399 3536 2783 3587 contraxerat.
2816 3533 3067 3587 Saxones
3093 3539 3148 3587 et
3170 3532 3479 3603 Thuringi,
3510 3528 3679 3585 ultima
3695 3525 3773 3594 jm

2225 3621 2570 3676 necessitate
2599 3620 2789 3688 exciti,
2840 3620 3208 3693 amplissimo
3262 3636 3500 3677 numero
3530 3626 3775 3673 convenere.

2223 3714 2279 3765 et
2310 3709 2514 3781 positis
2540 3710 2749 3766 castris
2780 3714 2882 3765 aut
2924 3709 3124 3782 procul
3172 3727 3210 3765 a
3239 3722 3403 3766 curte
3435 3706 3576 3779 regis
3598 3700 3775 3760 Northu-

2223 3816 2356 3867 sun,
2393 3798 2898 3870 archiepiscopum
2932 3799 3645 3870 Premensem,episc0pum
3670 3785 3774 3843 Hilti-

2229 3887 2683 3944 nisheimensem
2740 3888 2850 3957 “‘53,
2876 3887 3175 3943 Uodonem
3202 3889 3297 3923 ¹⁶⁶⁹
3328 3885 3679 3942 marchionem
3702 3870 3776 3943 τεεί

2222 3976 2449 4031 obviam
2481 3977 2538 4030 in
2571 3976 2924 4048 Gerstingun
2957 3975 3485 4044 miserunt,obnixe
3504 3968 3775 4045 postulantes

2224 4069 2287 4121 ut
2316 4083 2349 4121 a
2379 4064 2557 4120 latere
2588 4083 2693 4121 suo
2729 4064 3019 4137 principes
3050 4082 3200 4137 quos
3247 4064 3423 4120 vellet
3450 4063 3516 4118 ad
3542 4076 3625 4116 eos
3648 4062 3773 4111 trans-

2222 4154 2515 4221 mitteret;
2546 4159 2778 4227 paratos
2809 4171 2893 4222 se,
2925 4153 3135 4210 collato
3167 4172 3309 4210 cum
3342 4156 3426 4210 eis
3456 4150 3678 4215 consilio,
3701 4155 3778 4197 οω-

2220 4245 2393 4300 nibus
2426 4244 2737 4315 quaajusta
2784 4244 2904 4299 sint
2947 4244 3038 4284 ¹⁵ῖ⁰
3087 4243 3528 4317 promptissime
3555 4241 3773 4293 assensum

2218 4334 2488 4405 praebere.
2526 4334 2746 4388 Abnuit
2791 4349 2908 4400 rex,
2942 4350 3045 4389 nec
3098 4334 3401 4405 principes
3451 4346 3576 4386 suos
3602 4327 3657 4379 de
3701 4326 3775 4373 tam

2218 4421 2454 4477 remotis
2487 4421 2648 4493 regni
2682 4421 2945 4492 partibus
2979 4422 3050 4477 ad
3077 4421 3405 4477 sententias
3435 4414 3671 4474 dicendas
3692 4420 3773 4461 con-

454 4511 514 4567 in
538 4510 720 4567 aciem
748 4508 1078 4581 procedere,
1106 4523 1346 4561 manum
1371 4522 1504 4560 cum
1528 4505 1797 4561 hostibus
1822 4508 2103 4577 conferre,
2138 4514 2183 4578 D
2216 4511 2470 4577 ﬂuxisse,
2505 4511 2603 4567 sed
2632 4515 2695 4565 ut
2728 4528 2904 4565 manu
2930 4511 3168 4566 militari
3204 4512 3280 4566 ab
3314 4509 3571 4565 hostibus
3598 4509 3776 4581 commit-

451 4606 510 4657 et
538 4605 729 4657 cetera
759 4596 1030 4653 militaris
1061 4595 1381 4667 disciplina:
1414 4594 1615 4649 munia
1644 4595 1973 4662 observare,
2005 4614 2098 4653 sa-

450 4688 732 4746 cramenti
784 4685 1053 4742 militaris
1100 4684 1378 4758 religione
1425 4689 1805 4756 cogerentur;
1841 4684 1890 4740 si
1930 4686 1979 4742 is
2012 4688 2100 4724 ³⁸⁸9

2212 4617 2314 4655 nes
2347 4599 2425 4653 rei
2461 4596 2707 4669 publicae
2740 4599 2989 4668 injurias
3021 4597 3482 4670 expostularent.
3514 4593 3609 4648 Sed
3634 4576 3772 4642 cumei

2210 4688 2317 4743 hoc
2347 4687 2439 4742 vix
2472 4692 2531 4741 et
2560 4702 2708 4758 aegre
2754 4686 3100 4758 supplicatio
3132 4686 3462 4759 legatorum
3500 4672 3773 4738 extorsisset.

1807 4827 2045 4883 VARI/E
2098 4828 2512 4886 LECTIONES.

528 4947 617 4984 ¹⁵⁸¹
651 4944 808 5001 Dedo
842 4944 919 4999 1'.

448 5016 615 5073 ticios
648 5016 686 5070 i.
720 5017 958 5072 nomino
989 5016 1042 5068 5.
1124 5016 1208 5057 ’⁸³⁷
1239 5020 1296 5069 et
1327 5015 1377 5069 4.
1460 5014 1547 5055 ³⁸⁵⁸
1596 5015 1785 5069 fuerat
1815 5016 1867 5069 3.
1950 5017 2041 5052 ¹δ⁶⁹
2071 5016 2162 5072 his
2219 5019 2271 5071 3.
2337 5014 2442 5056 “5°
2472 5016 2555 5071 vel
2586 5017 2639 5070 3.
2720 5016 2808 5057 ¹⁸⁶¹

998 4944 1091 5018 {‘5’
1120 4941 1491 5018 Gerstimgun
1524 4944 1577 5018 3.
1604 5015 1620 5018 _
1659 4943 1746 4986 1563
1770 4943 2224 5018 internecionem
2249 4947 2300 5001 4.
2336 4948 2455 5018 jam
2487 4945 2732 5018 sapius,
2774 4946 2875 5018 ἔδει
2904 4944 3034 5018 ipso
3062 4944 3115 5018 5.
3197 4947 3296 5018 ίδδε
3324 4943 3470 4999 deest
3496 4941 3542 4994 4.
3582 4924 3769 5018 "iw":

2872 4999 3020 5088 pfl.
3052 4999 3250 5071 desunt
3278 5017 3333 5071 3.
3377 5017 3435 5070 4.
3556 4999 3767 5088 ,ίιῗάζζίί

448 5090 500 5168 4.
582 5086 1200 5168 ‘_‘“_Ger‘stimg_un_3.n
1240 5086 1331 5168 “54>
1361 5085 1753 5168 Theodericus
1800 5086 2225 5168 31Diodericus
2264 5090 2323 5168 _1.
2404 5086 2765 5168 iub-Gozzelo
2797 5072 2890 5168 ‘1:
2948 5088 3038 5131 15⁵⁵
3070 5072 3768 5168 Ιλαῇιέςθςὶηεξςαςίῖξτῃηξξξ

446 5163 553 5231 giae
587 5162 636 5214 1.
671 5162 723 5213 4.
807 5160 894 5197 1⁸⁵⁷
925 5156 1136 5231 dilectu
1169 5157 1221 5231 3_.
1269 5156 1334 5231 Δ4.
1367 5156 1421 5211 5.

446 5227 709 5287 mensem
739 5231 792 5286 3.
830 5234 879 5287 5.
911 5227 1551 5284 Hildenesheimensem
1579 5229 1630 5284 1.
1709 5230 1799 5264 ¹⁶⁶⁹
1829 5231 1907 5286 ita
1935 5232 1987 5286 3.

1483 5157 1644 5228 (quod
1700 5140 2355 5231 Lrambeiriurn'scrzr'psz’ssre
2407 5140 2653 5231 putarim
2671 5140 2697 5220 ,ί
2744 5140 2826 5230 ίεῙ.
2858 5140 2991 5230 cupr
3018 5140 3288 5231 apTVViVVJ
3318 5140 3459 5194 n75“
3510 5140 3764 5207 Hiltiﬂiihe'

1483 5245 1551 5283 :m
1579 5229 1630 5284 1.
1709 5230 1799 5264 ¹⁵⁶⁹
1829 5231 1907 5286 ita
1935 5232 1987 5286 3.
2074 5232 2167 5268 ¹⁶⁶⁹
2197 5236 2336 5288 sunt
2364 5231 2415 5285 4.

2030 5362 2261 5420 NOTAE.

510 5478 657 5552 (403)
688 5481 820 5536 Vid.
855 5481 1077 5537 Wenck
1106 5481 1177 5535 de
1226 5477 1470 5535 Henrico
1502 5477 1522 5533 Ι
1555 5478 1833 5535 Misciniae
1863 5479 2084 5536 march.

437 5557 840 5615 commentat.,
872 5552 941 5619 II,
983 5570 1040 5623 p.
1072 5553 1126 5607 7.

510 5622 658 5711 (404)
689 5623 769 5678 Cf.
804 5623 958 5696 Virg.
983 5621 1142 5693 Em,
1193 5638 1267 5697 1v,
1298 5622 1404 5679 552
1448 5622 1592 5693 564;
1626 5621 1777 5696 VIII,
1829 5624 1935 5695 19;
1965 5642 2084 5683 ma-

2196 5496 2303 5553 gno
2331 5494 2598 5538 curarum
2626 5480 2856 5553 ﬂuctuat
2885 5493 3041 5540 aestu.

2266 5528 3288 5630 ‘veer‘zemjurarent
3300 5571 3321 5618 ;
3377 5548 3580 5618 Horat,
3613 5528 3760 5611 Εροάιι

2199 5626 2282 5684 15.
2316 5627 2384 5696 4;
2416 5626 2599 5700 Epist.
2637 5627 2679 5696 Ι,
2714 5628 2764 5699 1,
2800 5629 2902 5699 14;
2938 5633 2995 5685 et
3014 5626 3118 5704 'ap.
3161 5628 3418 5688 Livium.
