3962 6158
399 318 559 382 1203

1577 317 1979 381 LAMBERTI
2025 316 2672 383 HERSFELDENSIS

3598 326 3707 388 1204

401 454 650 512 caelestis
679 453 830 527 regis
860 452 1175 509 diademati
1198 451 1569 520 destinatam,
1604 450 1767 508 falsis
1797 450 2047 506 rumori-
2082 454 2137 518 Α
2169 447 2322 507 visse
2353 452 2715 508 Coloniensis
2746 450 3711 525 ecclesiannjudicandiscausissub-

400 545 513 600 bus
542 544 812 599 obfusare
856 542 1239 597 conabantur.
1277 544 1329 597 Is
1362 543 1417 596 in
1454 539 1919 613 Babenbergensi
1967 556 2054 594 ec-

403 632 581 689 clesia
610 633 667 686 in
703 631 838 686 ludo
870 636 989 686 tam
1024 631 1353 687 divinarum
1385 648 1562 703 quam
1590 629 1945 686 secularium
1969 628 2057 682 lit-

404 729 663 779 terarum
697 721 1005 786 enutritus,
1060 728 1368 790 postquam
1400 719 1668 789 adolevit,
1703 718 1866 773 nulla
1898 733 2053 772 com-

405 807 778 864 mendatione
809 809 1100 879 majorum
1134 840 1199 848 —
1225 814 1349 864 erat
1378 809 1592 880 quippe
1622 808 1747 862 loco
1781 806 2056 862 mediocri

408 901 581 953 natus
632 898 778 968 (420)
828 928 895 937 —
943 898 1043 952 sed
1098 896 1223 953 sola
1254 898 1551 968 sapientiae
1579 914 1644 951 ac
1674 897 1905 952 virtutis
1938 914 2055 951 suae

404 987 805 1058 praerogativa,
838 986 1174 1057 imperatori
1212 988 1304 1023 ¹⁶²⁰
1353 986 1619 1042 Heinrico
1654 987 1741 1021 ¹⁶²¹
1778 985 2054 1040 innotuit.

402 1089 452 1136 Α
484 1100 597 1154 quo
620 1082 675 1137 in
712 1082 995 1155 palatium
1026 1084 1555 1156 assumptus,brevi
1581 1083 1734 1154 apud
1759 1099 1916 1146 eum,
1943 1098 2056 1152 pre

400 1172 677 1228 omnibus
706 1172 933 1227 clericis
955 1173 1053 1243 qui
1086 1174 1143 1227 in
1180 1174 1406 1228 foribus
1435 1172 1634 1244 palatii
1668 1171 2056 1234 excubabant,

403 1262 661 1333 primum
693 1261 889 1332 gratia:
920 1266 975 1316 et
1031 1261 1445 1316 familiaritatis
1475 1261 1723 1333 gradum
1783 1259 2056 1326 obtinuit,

405 1351 515 1405 hoc
564 1349 850 1421 praecipue
896 1349 1276 1422 diligentibus
1320 1351 1378 1404 in
1423 1366 1488 1405 eo
1544 1349 1818 1403 omnibus
1866 1347 2057 1417 bonis,

408 1439 562 1511 quod
588 1438 737 1508 justi
771 1456 838 1493 ac
887 1439 1026 1494 recti
1058 1439 1374 1493 admodum
1408 1443 1580 1493 tenax
1618 1442 1764 1504 erat,
1796 1442 1970 1507 atque
1999 1435 2058 1490 in

407 1528 682 1583 omnibus
714 1527 929 1593 causis,
963 1545 1067 1599 pro
1097 1544 1204 1583 suo
1248 1533 1375 1583 tum
1411 1528 1503 1563 ¹⁸²²
1536 1530 1717 1596 statu,
1750 1542 1864 1581 non
1916 1525 2060 1580 adu-

408 1616 583 1671 lando
614 1622 680 1671 ut
731 1617 931 1683 ceteri,
973 1618 1072 1672 sed
1133 1634 1267 1671 cum
1326 1632 1540 1687 magna
1595 1614 1861 1669 libertate
1900 1611 2061 1667 oblo-

406 1706 907 1776 quendoJusticiaa
940 1704 1581 1776 patrocinabatur.Erat
1610 1708 1831 1769 autem,
1855 1705 2065 1773 praeter

405 1802 651 1857 virtutes
677 1802 855 1856 animi
891 1806 945 1856 et
978 1818 1206 1855 morum
1235 1802 1504 1869 gloriam,
1537 1799 1795 1871 corporis
1830 1813 2065 1869 quoque
2094 1824 2141 1888 Β

411 1890 582 1943 bonis
614 1890 1052 1957 ornatissimus,
1084 1894 1313 1944 statura
1373 1904 1675 1959 procerus,
1708 1887 1870 1941 vultu
1899 1887 2065 1941 deco-

408 1977 839 2049 rus‘“3,lingua
862 1976 1533 2049 promptus,vigiliarum
1551 1981 1606 2031 et
1628 1976 1831 2030 insdias
1852 1974 2067 2046 patien-

407 2066 696 2133 tissimus,
727 2070 1020 2137 postremo
1043 2066 1112 2119 ad
1144 2082 1317 2120 omne
1348 2065 1693 2135 bonioperis
1723 2064 2065 2119 exercitium

411 2159 630 2209 naturae
659 2154 1003 2209 muneribus
1027 2154 1245 2209 affatim
1269 2153 1848 2209 instructus.Exactis
1884 2154 1941 2207 in
1964 2169 2065 2223 pa-

407 2242 549 2298 latio
580 2243 723 2298 haut
754 2242 960 2298 multis
991 2243 1404 2314 annis,magna
1434 2243 1827 2314 imperatoris,
1854 2256 2069 2312 magna

408 2340 672 2397 omnium
696 2340 795 2412 qui
822 2357 956 2395 eum
985 2345 1265 2398 noverant
1284 2340 1956 2412 expectatione,adeptus
1979 2345 2067 2396 est

408 2428 810 2486 Coloniensem
845 2430 1411 2500 archiepiscopatum
1438 2430 1551 2499 ¹⁶²⁴,
1584 2436 1758 2500 atque
1792 2429 1869 2483 ita
1900 2429 2065 2483 dein-

412 2535 548 2589 ceps
578 2518 638 2572 in
671 2518 947 2573 omnibus
990 2523 1111 2572 tam
1143 2517 1558 2573 ecclesiasticis
1612 2535 1787 2589 quam
1839 2517 1920 2572 rei
1953 2534 2066 2587 pu-

408 2604 580 2661 blicm
613 2605 870 2677 negociis
926 2606 1067 2661 haut
1097 2606 1381 2678 imparem
1417 2623 1479 2662 se
1517 2612 1765 2679 acceptae
1796 2606 2067 2677 dignitati

411 2706 670 2777 gerebat,
712 2709 768 2758 et
806 2705 960 2759 sicut
980 2704 1241 2759 editioris
1284 2704 1392 2759 loci
1427 2704 1784 2777 insignibus,
1818 2704 1895 2758 ita
1928 2720 2066 2757 cun-

413 2794 523 2849 ctis
554 2794 840 2849 virtutum
872 2793 1184 2865 generibus
1216 2794 1370 2848 inter
1401 2800 1621 2849 ceteros
1653 2794 1812 2865 regni
1850 2792 2066 2863 princi-

414 2900 515 2956 pes
547 2883 898 2955 conspicuus
929 2882 1251 2937 incedebat.
1289 2882 1589 2937 Reddebat
1618 2882 1903 2937 sollicitus
1936 2898 2063 2952 qua:

414 2976 553 3028 sunt
582 2972 799 3027 cesaris
830 2971 1034 3041 cesari,
1066 2976 1123 3026 et
1180 2988 1306 3042 quae
1340 2975 1478 3025 sunt
1517 2971 1616 3025 Dei
1654 2972 1763 3025 Deo
1795 2971 1933 3041 quia
1962 2973 2064 3024 Co-

412 3059 1049 3134 loniensis‘mnominis
1072 3060 1443 3130 majestatem
1470 3064 1527 3113 et
1550 3058 1880 3114 secularem
1906 3075 2064 3130 pom-

410 3164 547 3222 pam
578 3148 927 3204 ambitiosus
959 3165 1103 3219 pene
1132 3165 1309 3219 quam
1349 3148 1566 3219 aliquis
1596 3164 1663 3203 ex
1695 3148 2062 3219 praecesseri-

412 3240 523 3294 bus
554 3238 681 3308 ejus
712 3237 1043 3293 ostentabat
1074 3238 1143 3291 ad
1179 3236 1481 3308 populum,
1514 3254 1618 3292 nec
1648 3242 1953 3307 propterea
1982 3242 2067 3291 ta-

413 3344 543 3383 man
579 3326 861 3381 invictum
893 3325 1047 3380 inter
1076 3331 1271 3380 tantas
1301 3326 1748 3397 occupationum
1784 3325 2066 3398 procellas

414 3426 690 3498 spiritum
723 3440 985 3495 unquam
1019 3422 1368 3478 relaxabata
1398 3425 1591 3479 studio
1620 3424 1949 3479 divinarum
1982 3441 2065 3479 re-

415 3530 566 3568 rum.
601 3512 831 3569 Crebris
852 3512 1099 3584 jejuniis
1122 3529 1332 3584 corpus
1362 3530 1536 3567 suum
1562 3514 1893 3569 macerabat
1919 3518 1973 3568 et
2004 3514 2063 3568 in

413 3602 753 3658 servitutem
814 3600 1132 3673 redigebat.
1192 3601 1571 3656 Pernoctabat
1626 3601 1972 3673 plerumque
2003 3603 2061 3657 in

414 3699 797 3770 orationibus,
851 3703 905 3755 et
963 3715 1065 3771 per
1112 3698 1407 3763 ecclesias,
1461 3716 1576 3753 uno
1626 3703 1855 3754 tantum
1884 3716 2062 3771 puero

415 3793 731 3845 contentus
784 3788 1017 3854 comite,
1048 3788 1225 3843 nudis
1281 3787 1528 3859 pedibus
1559 3788 1964 3851 discurrebat;
2007 3793 2064 3842 et

413 3886 566 3942 diem
621 3885 859 3957 quidem
890 3884 947 3939 in
982 3885 1365 3957 disponendis
1403 3884 1645 3956 privatis
1678 3902 1775 3941 seu
1812 3885 2063 3957 publicis

413 3975 691 4046 negociis,
727 3979 954 4029 noctem
989 3990 1120 4028 vero
1152 3978 1335 4029 totam
1395 3974 1453 4028 in
1486 3991 1656 4044 opere
1696 3974 1795 4029 Dei
1831 3976 1921 4009 ¹⁶²⁶
1967 3992 2061 4029 ex-

412 4064 722 4135 pendebat.
750 4063 935 4116 Multa
966 4063 1122 4117 illius
1146 4062 1204 4117 in
1236 4065 1609 4133 pauperes,in
1640 4064 2060 4135 peregrinos,in

412 4151 673 4216 clericos,
708 4150 764 4203 in
826 4150 1143 4205 monachos
1174 4150 1528 4221 benignitas,
1563 4153 1711 4205 mira
1742 4151 2062 4206 liberalitas

410 4251 555 4303 erat.
594 4246 825 4303 Nullam
859 4246 1015 4301 intra
1046 4246 1322 4301 diocesim
1349 4264 1515 4301 suam
1552 4249 2058 4321 congregationem

410 4334 985 4409 praetermisit,quam
1013 4352 1126 4390 non
1159 4335 1695 4406 praediisgedificiis,
1729 4338 2057 4410 stipendiis,

410 4452 519 4491 sua
548 4433 877 4506 specialiter
898 4435 989 4468 ¹⁶²⁷
1020 4435 1330 4489 donatione
1362 4435 1747 4500 auctam,vita
1779 4436 2061 4492 decedens

2165 539 2423 595 ditorum
2457 558 2585 596 nec.
2609 541 2740 596 odio
2798 558 2903 596 nee
2933 542 3123 613 gratia
3150 542 3441 612 cujusdam
3467 559 3495 597 a
3520 561 3622 600 vero
3643 548 3714 602 ab-

2165 628 2509 699 ducebatur,
2542 630 2643 685 sed
2692 644 2923 701 semper
2954 629 3012 684 in
3043 630 3312 685 omnibus
3342 632 3641 702 propositam
3660 635 3715 689 in-

2166 718 2587 774 declinabiliter
2608 735 2860 791 sequens
2881 720 3172 791 aequitatis
3197 720 3290 755 ‘5"
3313 719 3587 787 lineam,ad
3609 739 3716 779 ever-

2166 811 2300 862 tend
2311 824 2407 862 um
2416 809 2439 879 j
2453 808 2709 862 udicium
2725 823 2829 862 nec
2851 808 3170 879 accipiebat
3190 824 3480 880 personam
3498 813 3715 882 pauperis,

2166 912 2271 951 nec
2302 896 2626 952 honorabat
2655 896 2883 952 vultum
2918 898 3006 932 ¹⁶³⁰
3038 898 3308 969 potentis.
3340 899 3479 952 Tum
3504 914 3615 954 vero
3636 917 3718 955 ver-

2169 986 2307 1040 bum
2340 985 2438 1041 Dei
2464 987 2545 1041 ita
2575 986 2871 1041 luculente
2898 987 3101 1054 ‘5‘“,ita
3130 987 3432 1058 magnifice
3461 988 3721 1055 disserebat,

2167 1079 2231 1128 ut
2262 1075 2451 1130 saxeis
2501 1074 2678 1130 etiam
2729 1075 3005 1130 cordibus
3038 1092 3228 1130 sermo
3261 1075 3383 1145 ejus
3418 1076 3501 1110 ¹⁶³²
3528 1074 3725 1131 lacrimis

2167 1165 2433 1216 excutere
2464 1178 2635 1232 posse
2664 1162 2977 1227 videretur,
3009 1166 3067 1217 et
3095 1178 3326 1233 semper
3353 1163 3421 1217 ad
3460 1163 3726 1218 exhortatio-

2168 1266 2301 1304 nem
2324 1251 2451 1319 ejus
2472 1250 2705 1321 planctu
2724 1255 2781 1306 et
2796 1249 3024 1306 ululatu
3046 1256 3404 1323 compunctaa
3426 1250 3729 1307 multitudinis

2168 1338 2411 1394 ecclesia
2441 1344 2562 1394 tota
2606 1345 2925 1395 resonaret.
2965 1342 3118 1396 Duas
3147 1340 3389 1396 Coloniae
3421 1342 3729 1411 congregatio-

2171 1445 2274 1483 nes
2308 1427 2651 1483 clericorum
2681 1445 2749 1483 ex
2779 1429 3003 1501 integro
3037 1428 3289 1500 propriis
3339 1429 3596 1500 impensis
3620 1430 3731 1483 insti-

2170 1517 2284 1572 tuit
2316 1534 2330 1571 :
2366 1534 2544 1572 unam
2604 1517 2662 1571 in
2720 1516 2845 1573 loco
2876 1518 2976 1589 qui
3023 1517 3240 1572 dicitur
3268 1518 3351 1572 Ad
3383 1518 3595 1589 gradus,
3622 1517 3731 1573 titulo

2171 1610 2383 1661 sanctae
2416 1605 2645 1673 Mariae;
2680 1605 2924 1661 alteram
2963 1606 3119 1661 foras
3145 1622 3402 1671 murum,
3433 1605 3584 1660 titulo
3609 1607 3733 1659 sancti

2171 1695 2395 1766 Georgii
2429 1695 2708 1750 martiris.
2742 1697 2881 1750 Tres
2911 1695 3087 1750 etiam
3118 1694 3579 1767 congregationes
3598 1711 3735 1749 mona-

2172 1784 2415 1839 chorum
2440 1784 2683 1839 diversis
2707 1784 2766 1838 in
2813 1784 2955 1839 locis
2979 1801 3047 1840 ex
3065 1801 3170 1840 suo
3193 1783 3737 1851 construxit:unarn,in

2176 1876 2372 1928 monte
2390 1872 2489 1944 qui
2511 1889 2544 1927 a
2568 1873 2990 1943 praeterfluente
3014 1873 3186 1928 fluvio
3202 1873 3622 1945 cognominatur
3637 1872 3738 1943 εῖδει

2176 1961 2315 2033 berg
2336 1962 2482 2031 (421)
2513 1985 2526 2027 ;
2554 1960 2729 2015 aliam
2757 1959 2815 2013 in
2846 1960 3079 2031 regione
3108 1960 3441 2016 Sclavorum
3468 1961 3549 1997 ¹⁶³³
3574 1961 3621 2014 in
3663 1959 3741 2014 loco

2177 2050 2275 2120 qui
2307 2050 2521 2104 dicitur
2568 2048 2801 2104 Salefelt
2851 2050 2941 2085 ¹⁶³⁴
2972 2050 3160 2120 (422);
3195 2051 3436 2105 terciam
3468 2050 3523 2104 in
3574 2049 3740 2121 regione

2174 2138 2455 2194 Westfaal
2487 2138 2545 2193 in
2580 2140 2704 2194 loco
2731 2138 2826 2209 qui
2860 2138 3075 2193 dicitur
3091 2138 3340 2194 Grascaf
3357 2140 3447 2175 ³⁵³⁸
3463 2140 3623 2206 (423);
3649 2153 3745 2208 quas

2176 2244 2380 2283 omnes
2412 2232 2469 2282 et
2497 2226 2934 2298 angustissimis
2968 2228 3057 2262 ⁸⁸³⁵
3082 2228 3349 2283 aediliciis
3379 2226 3747 2295 excoluit,stex-

2176 2316 2583 2387 quisitissimis
2612 2315 2868 2371 ecclesias
2899 2317 3265 2372 ornamentis
3288 2316 3746 2379 illustravit,etsm-

2177 2404 2460 2477 plissimis
2482 2410 2658 2475 atque
2680 2404 2738 2458 in
2764 2403 3082 2459 multorum
3108 2406 3354 2460 fratrum
3379 2421 3517 2461 usus
3535 2402 3749 2460 sufiicion~

2176 2494 2333 2549 tibus
2360 2494 2592 2564 praediis
2612 2493 3199 2565 locupletavit.Cumq
3210 2510 3280 2549 ue
3303 2494 3362 2549 in
3395 2493 3641 2550 omnibus
3654 2496 3749 2545 Ten-

2174 2583 2350 2638 tonici
2382 2582 2546 2654 regni
2594 2582 2968 2637 monasteriis
3017 2587 3286 2638 cerneret
3326 2583 3612 2654 antiquum
3638 2580 3751 2635 illum

2176 2671 2459 2743 regularis
2493 2670 2822 2742 discipline
2855 2671 3135 2727 fervorem
3168 2673 3486 2728 admodum
3515 2670 3751 2733 refrixisse,

2174 2766 2232 2817 et
2258 2760 2576 2815 monachos
2598 2777 2632 2814 a
2660 2759 2778 2814 vita
2801 2760 3100 2815 communi
3124 2760 3195 2815 ad
3220 2778 3344 2817 rem
3368 2760 3679 2816 familiarem
3695 2773 3755 2811 cu-

2175 2866 2300 2904 ram
2333 2866 2568 2904 omnem
2601 2847 2984 2920 studiumque
3030 2851 3407 2919 convertisse,
3464 2849 3608 2921 gravi
3640 2846 3756 2901 taedio

2176 2940 2500 3011 angebatur
2531 2938 2765 2993 animus
2800 2938 2889 2973 ¹⁶³⁷
2920 2939 3235 3010 ejus,quod
3264 2939 3587 3011 ingentibus
3606 2950 3757 3007 expen-

2174 3027 2256 3084 sis
2289 3026 2427 3083 nihil
2458 3028 2574 3082 Deo
2598 3027 2844 3099 dignum
2877 3028 3251 3083 confecturus
3283 3026 3757 3099 putareturJntem

2173 3116 2418 3188 contigit
2449 3121 2513 3170 ut
2534 3132 2635 3186 pro
2665 3132 2843 3171 causa
2874 3116 2953 3170 rei
2985 3116 3235 3188 publica;
3270 3118 3510 3171 Romam
3540 3123 3754 3187 pergam.

2099 3192 2140 3257 C
2179 3206 2444 3276 Cumque
2476 3204 2705 3275 aliquas
2736 3204 2912 3259 Italia:
2945 3205 3212 3276 regiones
3245 3209 3585 3277 peragraret,
3606 3199 3756 3273 princi-

2178 3311 2280 3366 pes
2306 3295 2436 3363 ejus
2468 3294 2630 3365 regni
2665 3309 2736 3347 ne
2766 3310 2801 3348 a
2826 3308 2959 3365 rege
2981 3292 3299 3349 deficerent
3331 3295 3453 3349 suis
3479 3287 3755 3348 exhortatio-

2177 3384 2352 3438 nibus
2382 3382 2921 3446 confortaturus,ad
2952 3383 3382 3438 monasterium
3416 3376 3757 3454 quoddam,cni

2175 3470 2514 3527 Fructuaria
2542 3471 2690 3542 (424)
2723 3486 2934 3525 nomen
2966 3474 3075 3539 est,
3108 3486 3292 3527 causa
3324 3471 3589 3527 orationis
3622 3466 3754 3522 diver-

2172 3560 2352 3617 tit.Ibi
2376 3561 2701 3614 admiratus
2723 3568 3147 3614 monachorum
3167 3559 3527 3616 artissimam
3547 3563 3597 3614 et
3615 3570 3757 3612 secun-

2172 3651 2315 3705 dum
2356 3648 2567 3721 regulis
2617 3648 2888 3703 instituta
2931 3648 3458 3716 conversationem,
3519 3641 3757 3702 nonnullos

2172 3755 2395 3805 eorum,
2427 3737 2485 3791 in
2517 3752 2688 3809 opere
2722 3736 2817 3791 Dei
2866 3736 3342 3808 probatissimos,
3377 3753 3565 3793 secum
3591 3732 3756 3790 rediens

2174 3827 2436 3896 abduxit,
2470 3830 2525 3881 et
2552 3842 2651 3880 eos
2680 3826 2748 3880 ad
2787 3825 3130 3880 tradendam
3179 3827 3270 3861 ¹⁶³⁸
3325 3825 3524 3882 Galliis
3559 3821 3755 3894 ejusdem

2174 3915 2493 3987 disciplinis
2517 3912 2827 3969 formulam
2854 3913 2908 3967 in
2941 3914 3220 3985 Sigeberg
3242 3915 3580 3971 constituit:
3610 3908 3758 3982 priori-

2173 4004 2283 4059 bus
2316 4001 2640 4069 monachis,
2666 4017 2814 4073 quos
2844 4018 2913 4056 ex
2943 4002 3161 4057 Sancto
3195 4003 3509 4058 Maximino
3526 4000 3756 4059 asciverat,

2172 4093 2451 4164 quoniam
2509 4093 2568 4145 in
2628 4091 2837 4145 horum
2899 4090 3125 4147 instuta
3152 4093 3472 4148 concedere
3502 4088 3757 4147 noluerant.

2174 4182 2489 4237 honoriﬁce
2517 4180 2574 4235 in
2609 4180 2799 4235 locum
2833 4196 3008 4235 suum
3061 4181 3350 4237 remissis.
3396 4181 3549 4248 Quod
3577 4180 3680 4249 ejus
3702 4173 3756 4226 Ιι·

2171 4277 2329 4325 ctum
2362 4270 2575 4324 imitati
2606 4269 2779 4323 ceteri
2810 4268 3133 4324 Galliarum
3165 4270 3447 4342 episcopi,
3470 4268 3561 4325 alii
3581 4283 3639 4322 ex
3659 4264 3759 4319 Gor-

2169 4360 2259 4415 zia
2290 4361 2397 4429 ‘5”,
2421 4359 2517 4414 alii
2552 4375 2621 4414 ex
2649 4357 2921 4413 Cloniaca
2952 4359 3063 4425 “‘0,
3089 4359 3189 4414 alii
3221 4377 3293 4415 ex
3325 4354 3685 4433 Sigeberg,alii
3712 4366 3756 4405 ει

2171 4450 2300 4504 aliis
2334 4447 2703 4503 monasteriis
2735 4447 3056 4503 monachos
3082 4454 3611 4517 evocantes,novam
3630 4436 3755 4499 divini

409 4524 784 4596 relinqueret.
819 4524 886 4579 Et
917 4522 1085 4595 plane
1114 4523 1269 4594 apud
1322 4524 1413 4558 ¹⁶²⁸
1443 4540 1647 4580 omnes
1677 4524 1921 4581 indubia
1948 4526 1973 4579 f1

2188 4538 2395 4593 servitit
2415 4534 2634 4591 scolam
2668 4535 2727 4589 in
2759 4535 2883 4590 suis
2914 4535 3129 4607 singuli
3151 4538 3236 4571 ¹⁶⁴¹
3269 4535 3622 4594 monasteriis
3641 4528 3752 4617 iusti:

412 4622 696 4693 constitit,
729 4638 797 4678 ex
824 4638 939 4693 quo
970 4620 1206 4677 Colonia
1236 4620 1477 4677 fundata
1525 4627 1631 4691 est,
1662 4624 1837 4680 unius
1888 4642 2061 4680 num-

412 4728 592 4785 quam
624 4712 882 4783 episcOpi
912 4710 1106 4765 studio
1136 4714 1366 4765 tantum
1406 4726 1544 4782 opes
1574 4716 1631 4766 et
1659 4711 1905 4783 gloriam
1936 4731 2059 4770 cre-

2175 4632 2414 4683 tuerunt
2444 4643 2457 4691 ;
2493 4626 2755 4695 adeoque
2787 4624 2944 4680 brevi
2967 4605 3263 4681 convaluit
3293 4627 3473 4683 felicis
3494 4605 3755 4713 hujusfac)i

2171 4714 2487 4782 aemulatio,
2523 4717 2587 4767 ut
2615 4729 2801 4783 pauca
2852 4713 3008 4768 intra
3069 4713 3160 4749 ¹⁶⁴²
3191 4714 3439 4770 Galliam
3470 4713 3756 4769 monasteria

1772 4836 2016 4892 νΑΗΙίΕ
2057 4838 2473 4895 LECTIONES.

492 4932 586 4970 ¹⁶²⁰
614 4933 954 5005 imparatori
987 4932 1045 5005 4.

417 5008 544 5059 tum
604 5007 654 5059 1.
704 5002 720 5005 “
763 5006 852 5041 ’⁸³⁸
908 5002 1289 5058 Colloniensis
1342 5006 1394 5058 3.

424 5078 518 5111 “3°
564 5075 816 5131 multum
862 5077 912 5129 4.

447 5148 488 5207 ι,
539 5150 651 5217 28).

1504 5006 1594 5040 ¹⁶²⁶
1651 5006 1742 5060 dei
1782 5022 1953 5077 opere
2004 5010 2070 5061 la

749 5148 841 5183 “3‘
886 5145 1106 5202 Salevel
1161 5148 1247 5200 la.
1347 5147 1435 5181 ¹⁶³⁸
1478 5149 1744 5203 Grafscaf
1776 5150 1829 5202 5.

1147 4933 1239 4967 ¹⁶²¹
1298 4932 1538 4987 Henrico
1596 4935 1648 4988 3.
1730 4936 1823 4970 ¹⁶²²
1855 4938 2049 4990 tamen
2100 4938 2154 4990 3.
2216 4938 2267 4990 4.
2375 4937 2467 4969 ¹⁶²³

1013 5009 1289 5058 loniensis
1342 5009 1394 5058 3.
1504 5009 1594 5040 ¹⁶²⁶
1651 5009 1742 5060 dei
1782 5022 1953 5077 opere
2004 5010 2070 5061 la
2109 5009 2185 5133 gl,
2237 5009 2311 5079 5).
2410 5009 2503 5043 ¹⁶²⁷
2554 5009 2792 5075 speciali
2841 5009 2893 5059 3.
2993 5009 3081 5040 ¹⁶²⁸
3128 5009 3272 5060 deest
3316 5009 3369 5059 5.
3448 5009 3532 5041 1""
3564 5009 3754 5057 etatiso.

1013 5075 1100 5147 1⁵³4
1154 5077 1234 5130 ita
1284 5076 1333 5128 1.
1381 5077 1431 5128 3.
1467 5077 1516 5129 4.
1548 5078 1601 5130 5.
1683 5079 1770 5112 ¹⁶³¹
1830 5077 2004 5132 etiam
2037 5079 2105 5132 ad
2150 5120 2162 5132 .
2194 5081 2247 5133 7.
2330 5080 2421 5113 1⁸³³
2479 5077 2535 5131 in
2571 5075 2821 5131 confinio
2858 5076 3242 5147 Duringorum
3276 5082 3335 5131 et
3377 5076 3674 5147 Sclavorum
3714 5067 3755 5147 la

1926 5150 2013 5183 ³⁸³⁸
2064 5148 2504 5222 augustissimis
2551 5152 2607 5203 5.
2690 5148 2779 5183 ¹⁶³⁷
2829 5140 3093 5203 animum
3125 5150 3179 5203 3.
3259 5149 3351 5183 1⁸³⁸
3381 5145 3688 5203 tradendum
3712 5140 3755 5192 la

452 5219 491 5283 Ι,
521 5220 633 5291 22).
710 5220 803 5254 “3°
832 5219 1053 5274 Gorzaa
1081 5218 1134 5272 3.
1216 5217 1303 5253 ‘5“
1337 5217 1586 5290 singulis
1616 5221 1670 5275 3.
1750 5221 1840 5255 “5"
1871 5219 2021 5276 inter
2050 5223 2101 5276 4.

2527 4934 2895 5005 venerandus
2956 4935 3024 4987 1a
3080 4935 3145 5005 (Ι,
3206 4935 3283 5005 2).
3393 4935 3478 4970 ¹⁶³ι
3528 4930 3758 5005 episcopi}-

2410 5008 2503 5043 ¹⁶²⁷
2554 5004 2792 5075 speciali
2841 5006 2893 5059 3.
2993 4997 3095 5040 ¹⁶²⁸’
3128 4997 3272 5060 ἀθεέί
3316 5006 3369 5059 5.
3448 5005 3532 5041 ί⁶²⁹
3559 4997 3754 5075 etatis;

2002 5335 2237 5394 NOTAE.

491 5420 639 5491 (420)
674 5422 813 5476 Eum
844 5437 911 5477 ex
959 5420 1240 5477 comitum
1288 5420 1810 5479 Veltheimensium
1844 5423 2067 5481 familia

422 5492 681 5566 orginem
710 5493 950 5566 duxisse
986 5494 1229 5564 probare
1261 5494 1457 5548 studet
1488 5492 1678 5549 Delius
1710 5496 2073 5566 ap.Ledebur

419 5563 674 5629 Archiv.,
708 5564 773 5629 ν,
808 5582 861 5634 ρ.
894 5563 1181 5636 55ξεθᾳει.

493 5638 643 5707 (421)
674 5638 756 5690 Ct'.
790 5635 982 5691 Vitam
1012 5638 1069 5690 S.
1102 5636 1328 5691 Attonis
1361 5638 1401 5702 Ι,
1435 5637 1621 5691 18-23.

2248 5424 3090 5498 (422)Yidesupra_a.lO'Zl._
3354 5496 3361 5498 ἓ
3446 5492 3517 5498 Η
3597 5489 3605 5498 ι
3699 5483 3708 5493 ε

2252 5492 2400 5565 (423)
2432 5492 2757 5551 Hodienum
2786 5494 3129 5562 Crafschaft,
3159 5494 3395 5549 ditionis
3435 5492 3744 5565 coloniensis.

2252 5498 2379 5565 (423
2432 5498 2757 5551 Hodienum
2786 5498 3129 5562 Crafschaft,
3159 5498 3395 5549 ditionis
3435 5498 3693 5549 Coloniens

2252 5498 2400 5639 (424)
2434 5568 2495 5623 In
2527 5567 2689 5623 Italia
2719 5566 2777 5622 in
2804 5566 3141 5639 episcopatu
3172 5564 3505 5622 Taurinensi
3531 5562 3693 5618 situm.
