3996 6158
209 367 368 430 1209

1471 373 1862 435 ANNALES.
1895 407 1972 419 —
2002 375 2132 437 AN.
2181 377 2362 438 1076.

3461 377 3617 440 1210

201 506 463 559 rantnon
478 503 954 572 modoanimum,
977 507 1076 562 sed
1091 523 1305 580 corpus
1325 524 1555 581 quoque
1569 510 1846 565 suum‘m
1879 509 1935 575 Α
1964 511 2352 566 constantiam
2383 516 2441 568 et
2471 512 2756 568 invictum
2787 511 3095 568 adversum
3131 527 3333 567 omnes
3365 511 3616 568 nefarios

203 593 275 648 de
305 592 543 648 Colonia
572 592 629 647 in
660 594 938 668 Sigeberg
967 596 1434 652 transferendum
1461 599 1707 666 censuit,
1741 599 1850 653 ibi-

205 698 322 754 que
349 681 580 753 sepeliri
627 683 719 718 1⁸9³
751 700 812 739 se
844 685 1000 739 omni
1034 686 1206 740 modo
1245 687 1334 722 “’3
1362 687 1640 742 definivit.
1676 690 1854 744 Cum-

204 787 345 844 que,
375 771 880 844 appropinquante
928 774 1020 828 die
1050 775 1368 831 vocationis
1417 793 1556 843 suae,
1605 777 1852 833 Colonias

198 865 528 933 egrotaret,
576 862 813 933 jamque
843 861 901 915 in
951 867 1208 918 extremo
1258 865 1466 936 spiritu
1501 866 1853 923 constitutus

199 949 694 1004 animadverteret
738 949 1019 1021 populum
1051 951 1450 1008 Coloniensem
1482 955 1733 1026 graviter
1763 956 1850 1010 ni-

198 1039 315 1093 mis
350 1038 495 1092 terre
527 1037 683 1108 quod
713 1042 832 1092 tam
891 1040 1262 1095 desiderabili
1316 1042 1589 1098 thesauro
1620 1045 1850 1099 defrau-

195 1127 433 1182 dandus
463 1132 654 1182 esset:
683 1127 990 1199 paululum
1025 1136 1324 1202 resumpto
1348 1133 1580 1203 spiritu,
1612 1133 1671 1188 in
1705 1133 1849 1189 lecto

194 1215 480 1281 consedit,
515 1222 868 1288 acceptaque
915 1218 1064 1274 stola
1118 1220 1457 1290 pontificali,
1494 1228 1557 1277 ut
1588 1221 1851 1278 videlicet

193 1304 388 1360 verbis
419 1304 551 1377 plus
582 1306 800 1360 inesset
820 1307 1204 1374 auctoritatis,
1229 1309 1546 1365 familiares
1577 1327 1716 1366 suos
1738 1311 1847 1366 sub

192 1394 606 1449 testificatione
636 1394 893 1450 nominis
916 1396 1097 1452 divini
1129 1398 1422 1468 adjuravit
1453 1416 1524 1454 ne
1554 1399 1690 1454 alibi
1712 1416 1845 1454 eum

191 1499 373 1556 quam
401 1483 460 1538 in
501 1484 782 1556 Sigeborg
830 1485 968 1556 poni
1020 1485 1111 1521 ⁸⁸⁸⁸
1169 1487 1449 1543 sinerent.
1487 1489 1729 1544 Factum
1760 1494 1848 1544 est

189 1589 327 1645 ergo
353 1574 506 1645 quod
533 1573 815 1643 jusserat.
846 1575 1164 1632 Defunctus
1193 1577 1347 1632 enim
1374 1581 1503 1650 post
1527 1577 1844 1650 modicum,

189 1661 380 1735 gloria
408 1663 654 1733 ingenti,
687 1680 898 1735 magno
917 1663 1053 1720 cieri
1073 1670 1131 1721 et
1165 1665 1349 1738 plebis
1380 1667 1844 1733 studio,summo

190 1756 598 1806 matronarum
627 1751 1062 1809 Coloniensium
1095 1753 1277 1821 luctu,
1299 1755 1356 1810 in
1386 1756 1665 1830 Sigeberg
1693 1755 1846 1812 dela-

1965 617 2102 655 suos
2135 606 2380 656 conatus
2411 601 2705 673 spiritum,
2735 601 3000 656 consulto
3025 606 3218 655 tamen
3250 602 3300 656 ei
3325 619 3620 657 successo-

1963 705 2086 744 rem
2120 691 2376 746 ordinari
2408 692 2728 763 satagebat,
2762 693 2934 760 cujus
2987 690 3264 745 facilitate
3299 691 3369 745 ad
3419 693 3617 747 omnia

1965 795 2090 849 quae
2122 779 2292 834 vellet
2321 797 2423 851 pro
2456 781 2618 835 libito
2641 798 2747 836 suo
2770 779 2929 834 abuti
2962 785 3176 850 posset.
3210 780 3611 851 Cumque,diu

1963 867 2334 940 multumque
2365 870 2814 933 conatus,nulla
2841 868 3062 923 ratione
3095 873 3158 923 ut
3187 868 3497 940 eligeretur
3512 870 3611 924 ob-

1962 956 2145 1013 tinere
2179 959 2481 1029 potuisset,
2507 960 2882 1014 Colonienses
2906 957 3117 1012 infecto
3142 958 3382 1028 negocio
3416 958 3471 1011 in
3506 975 3614 1013 sua

1962 1048 2208 1114 remisit,
2244 1048 2574 1120 iterumque
2609 1048 2800 1102 media
2822 1046 3272 1118 quadragesima
3303 1047 3538 1112 rectius,
3563 1047 3610 1101 si

1962 1136 2082 1191 fieri
2119 1143 2332 1208 posset,
2367 1137 2666 1192 consultos
2700 1141 2906 1208 praesto
2955 1152 3084 1190 esse
3135 1136 3439 1206 prmcepit;
3473 1152 3612 1190 con-

1959 1230 2206 1281 testatus
2238 1243 2414 1296 quam
2448 1233 2664 1292 sancte,
2713 1243 2773 1280 se
2815 1225 2942 1279 vivo
2975 1229 3076 1278 aut
3108 1223 3334 1278 nullum
3385 1240 3482 1278 eos
3515 1227 3615 1278 aut

1959 1313 2115 1368 hunc
2144 1315 2448 1370 habituros
2481 1332 2608 1370 esse
2641 1315 3000 1386 pontificem.

2030 1405 2198 1475 (Ιιιη.)
2245 1405 2500 1460 Aderant
2558 1409 2836 1476 praeterea
2891 1401 3272 1457 Hildebrandi
3307 1403 3398 1437 ¹⁶⁹⁹
3445 1419 3606 1474 papae

1956 1491 2131 1564 legati
2151 1494 2318 1564 (429),
2357 1495 2777 1548 denunciantes
2811 1492 2929 1564 regi
2963 1497 3027 1547 ut
3067 1491 3326 1546 secunda
3350 1491 3489 1547 feria
3521 1508 3609 1546 se-

1957 1581 2160 1636 cundae
2191 1583 2526 1637 ebdomadae
2560 1582 2616 1636 in
2665 1581 3120 1654 quadragesima
3164 1581 3314 1650 (430)
3346 1581 3417 1635 ad
3450 1581 3608 1636 sino-

1956 1670 2097 1724 dum
2131 1670 2322 1726 Romae
2340 1676 2665 1727 occurreret
2694 1671 2764 1726 de
2787 1671 3132 1725 criminibus
3157 1687 3283 1741 quae
3299 1670 3612 1741 objiceren-

1954 1762 2051 1814 tur
2073 1776 2310 1815 causam
2344 1760 2640 1827 dicturus;
2675 1759 2936 1831 alioquin
2969 1759 3143 1814 sciret
3163 1776 3225 1814 se
3246 1759 3470 1831 absque
3491 1775 3613 1814 om-

190 1844 330 1942 ωε..
346 1846 522 1940 atque
551 1840 610 1896 in
633 1841 824 1897 medio
854 1841 1108 1898 ecclesiae
1139 1844 1408 1915 sepultus
1429 1851 1518 1901 est
1541 1847 1710 1917 (428).
1736 1847 1842 1903 Ubi
1875 1878 1924 1943 B
1957 1848 2014 1902 ni
2050 1849 2572 1920 procrastinatione
2621 1849 2821 1902 eadem
2875 1849 2968 1902 die
3003 1848 3074 1902 de
3124 1864 3362 1918 corpore
3397 1853 3610 1902 sanctae

189 1929 432 1985 cottidie
456 1931 700 2002 perejus
721 1930 1111 1987 interventum
1136 1932 1386 1988 fideliter
1409 1935 1848 2006 postulantibus

193 2018 383 2074 multa
405 2023 758 2090 praestantur
786 2019 995 2076 divinas
1014 2021 1415 2092 opitulationis
1445 2023 1746 2080 beneficia.

873 2109 1166 2167 MLXXVI.

263 2201 385 2253 Rex
456 2197 817 2253 nativitatem
897 2198 1128 2254 Domini
1185 2199 1459 2256 Goslariae
1517 2201 1848 2259 celebravit.

191 2289 459 2358 Cumque
487 2303 554 2342 eo
577 2288 667 2322 ¹⁶⁹⁸
686 2304 892 2344 omnes
925 2288 1085 2360 regni
1119 2289 1409 2362 principes
1441 2298 1753 2358 avocasset,
1788 2297 1852 2348 ut

191 2376 265 2431 de
298 2375 668 2448 principibus
697 2377 982 2449 Saxoniaa,
1015 2379 1114 2448 qui
1149 2378 1207 2433 in
1259 2379 1646 2436 dedictionem
1674 2399 1848 2437 vene-

192 2470 344 2535 rant,
368 2465 666 2520 communi
689 2466 929 2522 consilio
949 2466 1391 2538 deliberaretur,
1418 2475 1619 2541 praeter
1640 2471 1848 2526 ducem

190 2553 532 2609 Boemicum
547 2554 715 2626 pauci
730 2555 1048 2610 admodum
1066 2562 1367 2612 venerunt.
1388 2559 1633 2630 Abipsis
1654 2568 1850 2614 tamen

189 2645 294 2716 qui
327 2648 610 2698 venerant
633 2645 1053 2716 jusjurandum
1081 2645 1268 2717 exegit
1287 2651 1344 2702 et
1375 2648 1614 2719 accepit,
1641 2651 1704 2702 ut
1735 2665 1848 2704 non

190 2732 377 2787 alium
411 2737 543 2804 post
571 2749 703 2788 eum
739 2749 916 2804 quam
950 2733 1134 2789 filium
1169 2735 1317 2804 ejus,
1367 2739 1631 2792 tenerum
1659 2737 1850 2793 adhuc

190 2821 570 2882 infantulum,
640 2838 837 2894 regem
884 2822 995 2877 sibi
1045 2823 1345 2896 eligerent.
1400 2825 1480 2880 Ibi
1533 2825 1701 2896 Otto,
1735 2828 1852 2882 dux

192 2911 489 2984 quondam
523 2910 822 2980 Bajoariaa,
857 2912 1009 2966 datis
1040 2928 1142 2984 pro
1176 2930 1236 2967 se
1282 2913 1516 2969 duobus
1559 2914 1695 2969 filiis
1726 2917 1850 2971 suis

191 2999 531 3067 obsidibus,
564 3001 866 3056 dedicione
893 3001 1200 3057 absolutus
1230 3007 1317 3056 est
1350 3021 1362 3070 ;
1413 3020 1519 3058 nec
1549 3003 1739 3059 solum
1791 3005 1849 3060 in

189 3091 470 3163 gratiam,
506 3091 605 3145 sed
653 3089 710 3144 in
741 3094 964 3145 tantam
999 3107 1231 3163 quoque
1275 3091 1730 3147 familiaritatem
1763 3110 1848 3148 re-

189 3185 403 3251 ceptus
435 3183 523 3235 est
553 3196 586 3234 a
615 3195 770 3254 rege,
801 3184 868 3234 ut
898 3179 1096 3234 omnia
1117 3179 1390 3252 deinceps
1421 3180 1682 3245 consilia,
1724 3187 1843 3237 tam

1957 1935 2214 1993 ecclesiae
2243 1937 2559 2008 apostolico
2587 1937 2961 1992 anathemate
3003 1936 3427 1991 abscidendum
3459 1951 3607 1990 esse.

1959 2028 2095 2092 Quae
2123 2025 2334 2099 legatio
2362 2043 2554 2099 regem
2587 2025 2957 2081 vehementer
3006 2025 3329 2095 permovit;
3381 2025 3612 2078 statim-

1959 2131 2073 2186 que
2103 2115 2346 2186 abjectis
2375 2131 2508 2169 cum
2540 2113 2698 2186 gravi
2751 2113 3106 2169 contumelia
3136 2112 3366 2183 legatis,
3408 2127 3612 2167 omnes

1960 2204 2061 2275 qui
2103 2204 2191 2240 ¹⁷⁰⁰
2223 2205 2280 2258 in
2312 2219 2488 2275 regno
2521 2220 2627 2258 suo
2657 2207 2854 2257 essent
2913 2202 3216 2273 episcopos
3246 2205 3302 2256 et
3349 2201 3609 2269 abbates,

1957 2293 2303 2347 Wormacize
2333 2291 2626 2347 dominica
2655 2290 3096 2362 septuagesima:
3127 2289 3433 2344 convenire
3466 2306 3609 2360 pra:-

1959 2381 2131 2453 cepit,
2164 2387 2412 2437 tractare
2442 2397 2574 2436 cum
2608 2380 2692 2435 eis
2715 2379 2931 2444 volens,
2959 2379 3027 2433 ad
3059 2379 3468 2450 deponendum
3505 2378 3611 2432 Ro-

1961 2487 2201 2526 manum
2252 2470 2582 2542 pontificem
2645 2469 2692 2523 si
2726 2486 2843 2540 qua
2900 2467 3012 2523 sibi
3071 2468 3181 2532 via,
3215 2468 3262 2522 si
3319 2484 3430 2539 qua
3462 2468 3608 2523 ratio

1961 2565 2221 2633 pateret;
2257 2559 2315 2614 in
2349 2559 2456 2614 hoc
2486 2557 2721 2612 cardine
2753 2563 2935 2611 totam
2961 2557 3103 2611 verti
3135 2562 3298 2610 ratus
3331 2557 3415 2590 ¹⁷⁰¹
3451 2555 3607 2610 salu-

1957 2653 2077 2703 tem
2110 2665 2278 2704 suam
2339 2652 2396 2702 et
2452 2646 2616 2719 regni
2665 2644 3066 2716 stabilitatem,
3101 2645 3146 2699 si
3198 2643 3250 2700 is
3307 2661 3421 2699 non
3455 2647 3610 2699 esset

1959 2738 2288 2809 episcopus.

2034 2832 2166 2898 Ipso
2196 2832 2458 2897 tempore
2506 2823 2750 2896 contigit
2785 2841 2995 2895 papam
3045 2840 3147 2894 per
3177 2823 3607 2878 immissionem

1960 2916 2186 2971 Satanae
2204 2914 2547 2987 gravissima
2573 2913 2790 2985 pulsari
2807 2912 3426 2977 adversitate.Quidam
3445 2911 3607 2966 urbis

1962 3006 2268 3077 praefectus
2300 3003 2593 3066 Romanae,
2647 3001 2916 3066 Quintius
2969 3002 3225 3068 nomine,
3273 3007 3331 3055 et
3378 3001 3607 3072 generis

1961 3094 2224 3148 claritate
2256 3099 2310 3148 et
2340 3110 2515 3164 opum
2548 3091 2729 3162 gloria
2763 3091 3048 3162 eminens,
3078 3091 3243 3145 valde
3271 3089 3330 3144 in
3352 3093 3475 3144 tota
3505 3089 3613 3144 Ita-

1960 3182 2040 3237 lia
2061 3181 2248 3236 multa
2267 3181 2326 3236 in
2351 3181 2822 3252 possessionibus
2844 3181 3115 3235 Romanas
3135 3179 3390 3235 ecclesiae
3408 3183 3616 3250 praeter
3672 3209 3676 3216 ν

192 3245 280 3324 de.
299 3269 528 3340 privata
559 3245 732 3337 quam
766 3269 836 3323 de
859 3285 919 3322 re
949 3269 1204 3340 publica,
1230 3245 1454 3325 caeteris
1478 3270 1845 3327 auriculariis
1876 3245 1921 3314 α
1962 3271 2117 3343 leges
2151 3245 2417 3325 faciebat.
2455 3269 2680 3324 Perlata
2711 3269 2780 3323 ad
2817 3286 3025 3339 papam
3061 3245 3448 3340 querimonia,
3481 3283 3614 3320 cum

187 3356 548 3413 familiarius
571 3373 705 3412 cum
724 3373 790 3413 eo
813 3357 1291 3414 communicaret.
1312 3362 1644 3415 Ceterorum
1665 3361 1764 3432 qui
1788 3377 1849 3417 se

187 3446 537 3502 dediderant
569 3462 674 3501 nec
707 3445 927 3501 mentio
957 3445 1159 3502 habita
1189 3450 1296 3502 est.

260 3535 627 3590 Coloniensis
657 3534 834 3590 etiam
847 3534 1040 3590 clerus
1060 3540 1116 3591 et
1138 3536 1389 3608 populus
1423 3538 1492 3592 ad
1517 3537 1850 3610 eligendum

185 3623 302 3680 sibi
338 3623 662 3680 antistitem
716 3625 992 3697 frequens
1041 3626 1418 3680 conﬂuxerat.
1479 3626 1702 3691 Quibus
1756 3645 1852 3684 rex

184 3712 515 3770 Hildolfum
595 3714 914 3786 quendam,
971 3713 1402 3770 Goslariensem
1481 3718 1848 3782 canonicum,

184 3803 492 3867 offerebat,
517 3805 690 3873 atque
717 3806 781 3856 ut
802 3803 1082 3874 eligerent
1104 3802 1301 3857 dedita
1323 3819 1498 3874 opera
1522 3804 1848 3861 insistebat.

184 3889 278 3947 Illi
311 3895 520 3945 contra
551 3907 787 3945 summa
816 3907 923 3960 ope
956 3890 1314 3957 nitebantur,
1338 3893 1680 3962 objicientes
1698 3896 1851 3965 quod

184 3980 372 4035 homo
399 3984 625 4035 statura
647 3977 899 4051 pusillus
918 3979 1206 4044 “9°,vultu
1232 3981 1625 4052 despicabilis,
1645 4000 1855 4055 genere

182 4069 506 4137 obscurus,
539 4085 646 4123 nec
676 4067 857 4122 animi
900 4083 1006 4123 nec
1055 4068 1314 4140 corporis
1344 4070 1662 4127 virtutibus
1693 4073 1852 4141 quic-

181 4174 374 4230 quam
409 4161 573 4212 tanto
622 4157 944 4212 sacerdotio
977 4155 1222 4230 dignum
1257 4161 1657 4229 praetenderet.
1691 4161 1854 4218 Unde

184 4246 548 4318 indignitate
579 4245 660 4300 rei
690 4246 926 4301 tantain
959 4263 1093 4300 eum
1118 4247 1408 4302 concitata
1430 4253 1569 4302 sunt
1587 4250 1852 4306 omnium

182 4335 289 4407 qui
325 4334 385 4388 in
418 4339 580 4390 curto
609 4333 769 4408 regia
804 4338 971 4390 erant
1001 4334 1152 4401 odia,
1186 4341 1267 4398 ut,
1309 4335 1495 4390 sicubi
1527 4336 1584 4390 in
1620 4337 1853 4408 publico

183 4423 587 4496 apparuisset,
619 4439 824 4478 omnes
857 4440 990 4478 eum
1022 4427 1304 4494 tanquam
1324 4423 1556 4494 aliquod
1584 4427 1672 4460 1⁸⁸⁷
1704 4427 1852 4480 anti-

182 4512 444 4585 quitatis
473 4517 800 4568 monstrum
821 4511 1138 4568 inconditis
1160 4512 1517 4568 clamoribus
1535 4519 1591 4568 et
1609 4515 1853 4570 canticis

1961 3378 2095 3416 eum
2130 3359 2344 3432 saepius
2377 3359 2635 3412 modeste
2665 3357 3119 3427 corriperet,nec
3141 3356 3458 3427 quicquam
3492 3371 3617 3425 pro-

1963 3451 2159 3505 ﬁceret
2181 3453 2404 3504 secreta
2433 3446 2742 3518 correptio,
2794 3445 3030 3500 tandem
3089 3443 3616 3500 excommunicavit

1962 3557 2118 3607 eum,
2172 3537 2495 3594 arbitratus
2552 3537 2658 3590 hoc
2716 3534 2920 3590 saltem
2959 3534 3131 3589 modo
3183 3532 3615 3603 improbitatem

1962 3631 2090 3700 ejus
2121 3627 2496 3683 coercendam
2531 3626 2670 3679 fore.
2693 3623 2837 3678 Hinc
2865 3622 2959 3677 ille
2975 3622 3179 3694 majori
3203 3623 3294 3656 “0’
3327 3621 3620 3676 dementia

1962 3718 2256 3784 efferatus,
2289 3715 2418 3786 ipsa
2449 3717 2614 3768 nocte
2666 3711 2878 3767 natalis
2928 3711 3155 3766 Domini
3208 3727 3341 3765 cum
3375 3710 3620 3765 armatis

1961 3807 2264 3878 inOpinato
2296 3804 2471 3858 irruit
2502 3804 2558 3856 in
2615 3800 2944 3865 ecclesiam,
2988 3801 3044 3853 in
3080 3817 3194 3870 qua
3246 3816 3416 3871 papa,
3444 3797 3618 3852 vesti-

1963 3895 2178 3950 mentis
2211 3891 2643 3966 pontilicalibus
2678 3891 2942 3956 indutus,
2979 3905 3143 3944 sacro
3186 3888 3352 3943 altari
3387 3888 3620 3943 astabat

1965 3985 2283 4038 missarum
2315 3981 2602 4037 solemnia
2634 3978 2959 4048 celebrans,
3000 3978 3334 4049 injectaque
3361 4004 3432 4017 -
3463 3977 3618 4048 quod

1963 4075 2119 4129 dictu
2155 4087 2388 4144 quoque
2419 4069 2581 4125 nefas
2630 4073 2719 4124 est
2772 4099 2838 4108 —
2890 4067 2948 4121 in
2981 4066 3224 4139 capillos
3255 4067 3382 4137 ejus
3415 4081 3618 4134 manu,

1964 4161 2168 4219 multis
2203 4159 2576 4217 contumeliis
2608 4159 2881 4213 affectum
2934 4157 3004 4211 de
3035 4155 3280 4210 ecclesia
3310 4153 3615 4226 protraxit,

1962 4258 2020 4308 et
2050 4253 2417 4324 priusquam,
2449 4248 2680 4320 vulgato
2714 4263 2814 4320 per
2842 4246 3133 4301 civitatem
3163 4261 3416 4310 rumore,
3436 4260 3622 4315 popu-

1960 4341 2056 4396 lus
2087 4341 2358 4411 frequens
2389 4337 2603 4392 auxilio
2634 4339 3022 4400 concurreret,
3057 4334 3113 4388 in
3164 4335 3404 4388 domum
3435 4349 3621 4404 quan-

1964 4431 2099 4484 dam
2124 4427 2582 4482 munitissimam
2602 4425 2878 4496 abripuit.
2905 4424 3082 4478 Fama
3104 4427 3221 4476 tam
3251 4421 3463 4477 atrocis
3487 4420 3623 4475 iacti

1963 4523 2144 4573 totam
2177 4515 2332 4571 illico
2362 4512 2600 4585 replevit
2625 4513 2852 4567 urbem.
2887 4511 3155 4581 Undique
3188 4511 3258 4565 ad
3291 4527 3456 4564 arma
3485 4525 3623 4563 con-

181 4606 599 4674 perurgerent,
651 4600 994 4673 lapidesque
1043 4601 1104 4655 in
1145 4616 1280 4655 eum
1335 4605 1392 4656 et
1439 4601 1733 4673 pulverem
1764 4603 1849 4659 vel
1883 4613 1933 4678 D
1963 4607 2267 4663 clamatur.
2303 4604 2514 4658 Divites
2535 4607 2591 4656 et
2623 4617 2932 4673 pauperes,
2967 4598 3193 4654 nobiles
3224 4603 3277 4652 et
3309 4595 3619 4668 ignobiles,

187 4691 619 4762 quodcumque
668 4689 824 4746 aliud
855 4689 1190 4746 furentibus
1216 4707 1390 4746 casus
1419 4689 1730 4747 obtulisset
1741 4693 1864 4763 jac_

185 4783 414 4836 tarent.
445 4780 554 4836 Sed
579 4795 680 4835 rex
711 4781 972 4836 recolens
1009 4779 1276 4836 Annonis
1316 4779 1405 4814 ¹⁶⁹⁸
1437 4778 1862 4856 archiepiscopi

1974 4711 2092 4750 uno
2124 4709 2327 4748 omnes
2359 4691 2554 4746 animo
2586 4693 2917 4753 accurrunt,
2961 4692 3134 4758 atque
3173 4687 3230 4740 in
3264 4690 3390 4758 ipso
3422 4683 3621 4739 statim

1973 4782 2216 4841 orientis
2242 4780 2354 4837 diei
2386 4778 2731 4852 crepusculo
2752 4777 2992 4832 domum
3025 4773 3245 4840 Quintii
3284 4787 3623 4846 oppugnare

1556 4939 1798 4998 VARl/E
1837 4943 2146 5002 LECTION
2155 4942 2258 4997 ES.

263 5064 360 5102 ιεοι
383 5063 618 5126 mea,
697 5062 792 5104 ¹⁸⁹²τ
821 5077 1037 5134 εονεθρ.
1060 5063 1125 5134 3.
1205 5063 1294 5098 ³⁸⁸⁸
1319 5062 1558 5118 omnino
1586 5064 1642 5118 5.
1724 5067 1815 5108 ¹⁶θ⁴
1845 5084 1918 5125 ne
1960 5085 2013 5125 a.

2047 5086 2104 5141 q.
2137 5067 2197 5123 in
2217 5065 2293 5141 _S.
2323 5079 2456 5141 eum
2480 5079 2527 5141 ,ρ
2559 5064 2680 5141 s.7_.
2880 5073 3003 5141 eos.
3023 5060 3078 5114 5.
3129 5058 3250 5141 ν¹⁶⁰⁶
3280 5056 3530 5130 pusillos
3565 5061 3621 5116 4.

191 5136 283 5178 ηπ
316 5134 632 5208 aliquid}.
713 5135 804 5172 ¹⁶⁰⁸
835 5131 1103 5190 Aimonis
1131 5134 1184 5190 3.
1265 5135 1352 5175 ¹⁶⁰⁰
1381 5135 1750 5193 Hildibrandi
1781 5139 1836 5195 3.
1915 5141 2008 5176 ίτοο
2037 5131 2177 5212 quia
2203 5139 2254 5196 4.
2337 5136 2426 5174 ¹⁷⁰¹
2457 5131 2605 5190 deest
2633 5134 2686 5188 4.
2765 5132 2858 5168 ¹⁷⁰²
2891 5132 3109 5201 majore
3125 5131 3182 5185 5.

1781 5291 2016 5349 ΝΟΤΔΕ.

264 5411 416 5483 (428)
450 5411 580 5468 Haec
609 5413 670 5468 in
701 5411 874 5468 tertio
903 5411 1055 5468 libro
1084 5411 1227 5468 Vitaa
1255 5415 1313 5468 8.
1364 5412 1632 5469 Annonis
1663 5413 1854 5471 fusius

194 5489 535 5538 narrantur.

265 5554 417 5627 (429)
459 5555 805 5611 Lambertus
848 5554 958 5610 hoc
1017 5556 1230 5610 referre
1284 5553 1513 5627 videtur
1543 5555 1612 5627 ad
1663 5555 1850 5611 Nativ.

193 5625 329 5682 Chr.
355 5621 594 5698 £71,075
637 5630 732 5695 (ex
781 5632 984 5683 nostra
1037 5625 1420 5698 computandi
1450 5625 1719 5696 ratione),
1751 5628 1852 5682 sed

187 5697 596 5767 verisimilius,
629 5699 849 5756 factum
899 5714 1026 5756 esse
1068 5697 1311 5755 exeunte
1361 5712 1562 5754 mene
1607 5698 1852 5756 Januar.

1967 5415 2126 5471 1076.
2158 5412 2291 5467 Vid.
2327 5410 2572 5467 Stenzel.
2624 5411 2669 5476 Ι,
2726 5425 2782 5480 ρ.
2817 5408 2941 5472 379,
2995 5413 3125 5480 not.
3153 5409 3238 5474 18,
3272 5412 3344 5479 ΙΙ,
3378 5424 3441 5480 p.
3468 5407 3615 5474 265;

1963 5487 2216 5542 Mascov.
2254 5483 2291 5538 Ι.
2326 5499 2400 5549 0.,
2435 5500 2492 5553 p.
2533 5483 2622 5546 56,
2657 5479 2773 5551 εᾳῖ,
2808 5487 2924 5534 not.
2961 5481 3032 5547 3;
3085 5479 3344 5536 Usserm.
3378 5479 3449 5534 ad
3483 5480 3614 5535 Ber-

1964 5557 2178 5622 thold.,
2207 5555 2428 5619 Const,
2464 5571 2519 5624 p.
2553 5554 2638 5621 40,
2673 5557 2795 5606 not.
2829 5555 2881 5605 :3.

2037 5629 2187 5700 (430)
2218 5627 2256 5681 i.
2285 5642 2336 5682 e.
2367 5626 2460 5681 die
2491 5626 2580 5693 22,
2613 5624 2774 5679 Febr.
