3996 6158
457 302 604 362 1211

1612 302 2019 366 LAMBERTI
2066 301 2708 369 HERSFELDENSIS

3644 312 3761 375 13H

464 454 699 493 summa
726 435 778 490 vi
812 437 1269 509 aggrediuntur;
1303 440 1359 493 et
1383 439 1471 475 "03
1501 438 1610 496 nisi
1635 439 1751 507 ille,
1777 440 1913 496 mali
1947 439 2101 510 quod
2133 438 2187 502 Α
2216 438 2648 494 renunciarent.
2684 442 2738 495 Is
2769 456 2835 496 eo
2866 443 3130 513 tempore
3171 438 3285 513 regi
3322 440 3597 500 admodum
3634 462 3763 507 carus

464 528 812 583 imminebat
843 528 984 584 baut
1014 529 1395 602 improvidus,
1429 548 1638 602 papam
1672 532 1965 586 dimittere
1996 549 2113 585 ma-

468 620 742 685 turasset,
777 618 1015 672 domum
1050 620 1260 690 ipsam,
1287 621 1601 691 peremptis
1623 621 1895 674 omnibus
1929 620 2024 691 qui
2054 621 2111 673 in

468 722 536 761 ea
563 710 746 771 erant,
781 724 813 760 a
844 708 1225 764 fundamento
1273 711 1628 765 evertissent.
1684 711 1837 781 Papa
1868 711 2111 764 interve-

470 796 683 862 niente,
733 799 1033 852 concitatae
1067 799 1465 854 multitudinis
1516 801 1675 853 furor
1716 800 1808 853 vix
1855 804 1911 853 et
1964 816 2113 871 aegre

470 902 839 957 compressus
854 892 960 943 est.
986 889 1227 943 Romani
1246 906 1277 959 q
1290 891 1400 943 uod
1421 890 1569 943 factu
1582 906 1633 942 m
1665 889 1848 943 fuerat
1866 889 2115 959 graviter

472 974 647 1029 nimis
669 982 725 1031 et
766 977 1002 1048 indigne
1028 978 1292 1042 ferentes,
1318 979 1511 1033 omnia
1531 996 1655 1049 quae
1681 977 1897 1041 Quintii
1927 982 2111 1041 erant,

469 1068 588 1119 tam
623 1065 775 1119 intra
809 1066 898 1101 “0‘
929 1084 1128 1120 muros
1162 1084 1334 1137 quam
1374 1073 1554 1131 extra,
1588 1068 1735 1121 ferro
1768 1072 1823 1121 et
1853 1067 1984 1138 igne
2017 1068 2111 1120 de-

468 1153 652 1207 moliti
687 1159 843 1209 sunt.
878 1155 993 1209 Nec
1013 1156 1208 1210 minus
1230 1155 1323 1211 ille
1348 1156 1614 1210 militaris
1638 1158 1725 1191 “0‘
1757 1155 2010 1210 audaciae
2039 1158 2113 1209 la-

464 1242 661 1297 cinora
692 1248 891 1297 contra
923 1244 1167 1299 faciebat
1215 1246 1531 1300 succedens
1579 1251 1635 1300 et
1683 1251 1945 1299 evertens
1989 1262 2112 1298 om-

469 1331 565 1385 nia
597 1348 723 1402 quaa
757 1336 979 1403 poterat
1008 1334 1077 1387 de
1129 1334 1598 1404 possessionibus
1630 1335 1900 1388 Romanae
1933 1332 2113 1387 eccle-

470 1420 589 1473 siae.
625 1421 708 1475 Ita
740 1437 841 1492 per
870 1422 1086 1476 multos
1119 1422 1241 1477 dies
1273 1440 1385 1477 non
1419 1423 1543 1476 sine
1572 1440 1784 1494 magno
1816 1426 1872 1475 et
1902 1421 2113 1475 harum

469 1514 526 1563 et
558 1508 789 1565 illarum
823 1511 1077 1582 partium
1111 1510 1414 1583 dispendio
1440 1513 1527 1548 ¹τ⁰⁶
1550 1512 1821 1567 simultas
1853 1511 1973 1565 haec
2004 1516 2116 1565 tra-

468 1597 734 1653 bebatur.

540 1688 659 1743 Rex
689 1692 905 1743 statuta
933 1690 1026 1745 die
1058 1692 1197 1759 (Jan.
1231 1692 1322 1761 2.4)
1372 1691 1526 1745 venit
1556 1689 1944 1745 Wormaciam
1967 1706 1987 1749 .'
2019 1706 2112 1744 ve-

2222 534 2579 600 accptusque
2616 534 2755 593 erat,
2788 530 2956 601 eique
2988 547 3086 585 rex
3130 531 3381 585 omnium
3410 548 3522 603 quae
3556 536 3763 605 privatim

2221 617 2308 672 vel
2342 619 2571 689 publice
2592 620 2817 690 agenda
2832 624 2997 674 erant
3017 625 3147 690 post
3179 636 3239 673 se
3258 620 3631 677 ordinationem
3650 624 3763 680 dele-

2221 712 2474 778 gaverat,
2505 710 2592 762 vir
2622 708 2983 763 secularibus
3039 709 3249 763 litteris
3278 709 3517 781 adprime
3543 714 3764 769 eruditus.

2222 797 2322 850 sed
2359 797 2507 851 fastu
2541 797 2723 851 nimio
2754 797 3010 862 inflatus,
3036 798 3129 852 vix
3158 814 3220 851 se
3258 798 3373 869 ipse
3401 799 3608 853 ferebat.
3638 802 3768 872 Igitur

2222 902 2289 939 ex
2321 886 2554 941 nomine
2582 886 2845 941 omnium
2881 886 2979 958 qui
3027 891 3404 941 convenerant
3446 887 3768 958 episcoporum

2222 979 2278 1027 et
2303 975 2579 1028 abbatum
2616 975 2797 1045 plenae
2848 975 3332 1031 contumeliarum
3378 974 3561 1030 littere
3589 976 3768 1031 Romam

2223 1062 2613 1125 destinantur,
2647 1064 2862 1134 quibus
2893 1063 3276 1119 denuncietur
3306 1067 3542 1118 Romano
3582 1066 3771 1134 pontiﬁci

2224 1156 2287 1205 ut
2336 1152 2696 1223 pontiﬁcatu,
2749 1170 2922 1225 quem
2988 1158 3190 1208 contra
3245 1152 3635 1207 ecclesiasticas
3664 1153 3771 1225 leges

2226 1247 2587 1311 usurpasset,
2621 1259 2749 1296 sese
2787 1242 3037 1307 abdicet,
3081 1242 3363 1313 sciatque,
3393 1248 3513 1313 post
3538 1258 3645 1296 eam
3669 1242 3774 1296 diem

2223 1330 2501 1400 quicquid
2536 1336 2691 1402 agat.
2718 1332 2943 1400 jubeat,
2977 1333 3271 1396 decernat,
3304 1331 3522 1385 irritum
3552 1330 3727 1385 haberi.

2301 1420 2524 1492 Legati,
2577 1425 2641 1475 ut
2673 1421 2912 1491 jussum
2964 1421 3174 1487 fuerat,
3228 1436 3458 1475 summo
3505 1424 3683 1474 conatu
3706 1418 3777 1472 iter

2223 1509 2635 1577 accelerantes,
2689 1509 3101 1581 pridie_quam
3154 1508 3396 1563 sinodus
3463 1507 3655 1562 indicta
3676 1507 3776 1561 cele-

2222 1600 2511 1662 braretur,
2547 1600 2789 1654 Romam
2832 1598 3083 1670 ingressi
3116 1600 3290 1669 (Febr.
3335 1597 3443 1668 21),
3490 1596 3678 1650 litteras
3699 1601 3777 1648 tra-

2222 1688 2389 1742 dunt.
2416 1689 2583 1743 Tunc
2615 1689 2709 1728 ¹τ¹θο
2739 1692 3002 1743 ceteram
3031 1686 3399 1759 legationem,
3431 1685 3570 1740 sicut
3594 1685 3640 1738 in
3667 1700 3778 1737 man-

468 1778 862 1831 neruntetiam
878 1777 1132 1849 episcopi
1148 1779 2107 1850 etabbatesamplissimonumero.
2139 1807 2187 1870 B
2219 1777 2371 1832 datis
2392 1776 2883 1842 habebant,verbo
2905 1793 3021 1832 non
3044 1776 3243 1831 minus
3265 1773 3780 1843 contumeliosoquam

467 1865 779 1919 Commode
812 1882 1044 1935 quoque
1064 1866 1441 1923 conﬁciendis
1466 1870 1647 1923 tantis
1666 1869 1838 1923 rebus
1868 1868 2112 1923 interve-

472 1953 557 2007 nit
587 1954 824 2023 quidam
860 1971 928 2008 ex
957 1955 1351 2011 cardinalibus
1384 1958 1661 2013 Romanis
1692 1957 1855 2030 Hugo
1901 1974 2118 2029 cogno-

474 2046 668 2097 mento
711 2042 978 2108 Blancus,
1039 2061 1213 2115 quem
1264 2050 1398 2100 ante
1450 2063 1663 2116 paucos
1715 2046 1837 2101 dies
1886 2052 2120 2117 propter

470 2131 751 2203 ineptiam
784 2133 911 2201 ejus
942 2137 999 2187 et
1032 2150 1223 2188 mores
1244 2133 1572 2190 inconditos
1593 2152 1741 2206 papa
1773 2136 1841 2189 de
1871 2136 2119 2191 statione

478 2236 585 2275 sua
618 2221 706 2256 ¹⁷⁰⁷
752 2225 1067 2285 amoverat,
1102 2222 1367 2277 deferens
1391 2241 1586 2278 secum
1612 2225 1681 2279 de
1710 2224 1827 2278 vita
1859 2229 1915 2279 et
1946 2224 2115 2280 insti—

470 2308 695 2365 tutione
737 2327 897 2381 papa:
930 2311 1175 2366 scenicis
1204 2312 1498 2379 ﬁgmentis
1529 2313 1892 2368 consimilem
1924 2317 2113 2384 trage-

470 2398 664 2451 diam:
723 2398 945 2453 scilicet
1001 2400 1155 2453 unde
1212 2400 1496 2455 oriundus
1552 2401 1721 2472 (431),
1755 2401 2006 2472 qualiter
2044 2403 2115 2457 ab

469 2486 709 2541 ineunte
738 2492 901 2540 astate
934 2493 1332 2554 conversatus,
1383 2506 1557 2560 quam
1600 2506 1866 2560 perverso
1916 2490 2117 2545 ordine

471 2575 666 2629 sedem
700 2576 1079 2645 apostolicam
1132 2578 1502 2647 occupaverit
1533 2579 1642 2643 “08,
1677 2596 1806 2648 quas
1836 2584 1968 2633 ante
1994 2578 2116 2650 epi-

470 2666 797 2735 scopatum,
830 2681 956 2735 quae
989 2672 1118 2736 post
1147 2671 1446 2737 acceptum
1472 2667 1870 2737 episcopatum
1899 2684 2115 2721 memo—

471 2756 597 2807 ratu
631 2769 862 2823 quoque
892 2754 1257 2808 incredibilia
1285 2754 1504 2825 ﬂagitia
1527 2755 1904 2810 commiserit.
1935 2757 2116 2827 Hujus

472 2841 899 2908 auctoritatem,
946 2848 1247 2913 tamquam
1289 2843 1566 2898 divinitus
1600 2844 1707 2899 sibi
1741 2845 2112 2915 destinatam,

472 2930 810 3003 gratissime
841 2932 1151 3001 amplexati
1184 2937 1241 2986 et
1273 2933 1712 3003 promptissime
1740 2934 1945 3001 secuti,
1979 2950 2117 2989 sen-

470 3020 718 3074 tentiam
753 3020 1199 3091 promulgarunt
1228 3022 1380 3091 quod
1416 3039 1563 3093 papa
1602 3039 1729 3077 esse
1762 3039 1875 3077 non
1908 3024 2114 3094 possit,

470 3125 575 3162 nec
610 3108 789 3163 ullam
815 3110 983 3179 juxta
1013 3109 1379 3182 privilegium
1404 3115 1675 3165 Romanae
1709 3112 1865 3166 sedis
1891 3112 2113 3182 ligandi

2228 1866 2445 1937 scripto
2477 1870 2864 1937 exequuntur.
2904 1866 3055 1936 Papa
3089 1865 3237 1920 nihil
3260 1868 3543 1936 permotus
3560 1862 3783 1917 atrocitate

2230 1955 2450 2021 nuncii,
2486 1959 2718 2027 postera
2741 1954 2833 2010 die
2862 1955 3044 2024 (Febr.
3077 1956 3192 2023 22),
3227 1970 3359 2009 cum
3390 1952 3564 2007 clerus
3588 1955 3635 2005 et
3658 1965 3782 2021 popu-

2227 2043 2322 2098 lus
2378 2045 2449 2098 ad
2510 2044 2786 2098 sinodum
2820 2044 3093 2115 frequens
3117 2042 3506 2108 confluxisset,
3535 2040 3583 2093 in
3611 2039 3785 2093 auribus

2228 2133 2495 2187 omnium
2530 2132 2751 2187 litteras
2783 2131 3010 2187 recitari
3068 2131 3223 2197 fecit,
3282 2135 3339 2185 et
3393 2131 3473 2184 sic
3510 2128 3696 2183 cunctis
3718 2124 3783 2195 qui

2228 2225 2616 2277 convenerant
2646 2221 2935 2292 episcopis
2958 2221 3015 2275 id
3039 2220 3164 2274 ﬁeri
3187 2218 3630 2281 decernentibus,
3646 2230 3784 2287 regem

2227 2311 2751 2365 excommunicavit
2783 2311 2867 2344 ⁸⁷⁸⁸
2896 2313 2953 2365 et
2983 2326 3115 2364 cum
3149 2326 3217 2364 eo
3244 2310 3336 2344 ¹⁷¹⁶
3367 2306 3782 2377 archiepiscopum

2228 2399 2630 2471 Mogontinum
2661 2398 3021 2470 Sigefredum
3055 2400 3169 2469 “1",
3186 2400 3519 2470 episcopum
3534 2395 3785 2464 Trajecien-

2227 2504 2348 2542 sem
2406 2488 2861 2556 Willihelmum,
2908 2487 3251 2560 episcOpum
3306 2486 3784 2555 Barbenbergensem

2227 2577 2611 2632 Ruotbertum
2646 2577 2758 2645 "‘3,
2792 2576 3034 2639 caeteris,
3067 2577 3166 2647 qui
3213 2571 3637 2645 conspirationis
3662 2570 3785 2639 hujus

2226 2666 2538 2738 participes
2567 2666 2894 2730 extiterant,
2928 2666 3080 2721 diem
3110 2667 3321 2721 statuit
3349 2682 3479 2736 qua,
3510 2662 3608 2717 nisi
3652 2660 3786 2714 Rome

2226 2756 2558 2827 przesentati
2590 2772 2828 2811 causam
2853 2755 3110 2811 dicerent
3128 2771 3291 2810 novas
3311 2754 3486 2824 hujus
3500 2758 3554 2807 et
3570 2748 3789 2805 inusitata

2226 2849 2427 2899 contra
2457 2845 2654 2899 sedem
2688 2843 3065 2914 apostolicam
3099 2844 3455 2908 rebellionis,
3484 2838 3699 2897 similem
3719 2851 3791 2888 ca-

2224 2931 2365 2986 teris
2422 2932 3040 2987 excommunicationis
3114 2931 3466 2987 sententiam
3524 2924 3792 2983 sortirentur

2227 3022 2394 3091 (432).
2428 3025 2603 3075 Porro
2636 3020 2906 3075 Ottonem
2929 3020 3420 3091 Ratisponnesem
3450 3012 3793 3089 episcopatus!

2228 3110 2499 3166 Ottonem
2542 3109 3044 3167 Constantiensem
3090 3110 3456 3181 episcopum,
3501 3110 3554 3161 et
3580 3099 3791 3158 Burchar-

469 3200 570 3251 aut
599 3176 857 3252 solvendi
904 3176 1253 3269 potestatem
1286 3198 1497 3253 habeat
1535 3200 1621 3254 vel
1662 3176 1977 3271 aliquando
2018 3201 2116 3255 ha-
2148 3176 2190 3242 (ἶ
2229 3198 2370 3253 dum
2402 3205 2835 3253 Losonnensem
2858 3200 2945 3233 ¹¹¹¹⁰
2961 3176 3331 3271 episcopum,
3365 3184 3793 3253 Eberhardumma

472 3286 685 3351 buerit,
714 3286 813 3356 qui
850 3287 1025 3341 tantis
1054 3287 1229 3341 vitam
1254 3289 1483 3359 probris
1506 3306 1570 3343 ac
1593 3289 1941 3345 criminibus
1963 3307 2121 3345 com-

480 3375 879 3430 maculaverit.
931 3380 1191 3447 Cumque
1240 3378 1413 3431 ceteri
1463 3395 1666 3433 omnes
1718 3379 2119 3451 dampnationi

476 3466 605 3534 ejus
638 3464 785 3519 nihil
830 3464 1164 3520 haesitantes
1210 3467 1661 3529 subscriberent,
1706 3470 1990 3523 Adalbero
2034 3470 2124 3505 ¹⁷⁰⁹

478 3553 975 3625 Wirciburgensis
1010 3556 1101 3589 ¹⁷¹⁰
1130 3554 1436 3626 episcopus
1475 3560 1530 3609 et
1560 3556 1944 3612 Herimannus
1978 3557 2122 3611 Met-

472 3644 655 3697 tensis
676 3644 761 3679 1"“
781 3644 1087 3715 episcopus
1107 3643 1468 3715 aliquamdiu
1488 3646 1848 3700 restiterunt:
1863 3647 2122 3701 dicentes

473 3732 861 3804 incongruum
894 3733 1057 3787 valde
1088 3737 1140 3787 et
1172 3736 1372 3789 contra
1400 3751 1690 3789 canonum
1725 3735 1867 3789 scita
1897 3752 2024 3790 esse
2058 3741 2123 3790 ut

470 3821 779 3893 episcopus
812 3821 1025 3893 aliquis
1056 3822 1288 3889 absens,
1313 3824 1535 3893 absque
1565 3823 1820 3894 generali
1854 3824 2118 3890 concilio,

472 3912 599 3966 sine
628 3910 907 3983 legitimis
939 3915 995 3965 et
1024 3911 1248 3965 idoneis
1279 3912 1717 3966 accusatoribus
1749 3914 1840 3948 ³⁷η
1870 3917 1925 3967 et
1958 3914 2119 3967 testi-

472 3999 605 4064 bus,
628 4000 879 4053 necdum
912 3999 1171 4070 probatis
1188 4001 1537 4055 criminibus
1551 4018 1677 4072 qua:
1705 4001 2118 4071 objicerentur,

476 4089 1034 4158 condempnaretur;
1061 4089 1276 4142 nedum
1303 4089 1606 4144 Romanus
1625 4090 1900 4160 pontifex,
1927 4091 2121 4145 adver-

474 4193 579 4230 sus
611 4191 784 4245 quem
818 4191 921 4230 nec
942 4174 1197 4246 episcopi
1218 4193 1320 4230 nec
1335 4177 1751 4248 archiepiscopi
1771 4178 2119 4248 cujusquam

475 4263 809 4333 recipienda
827 4263 903 4317 sit
921 4265 1354 4319 accusatio.Sed
1372 4265 1767 4322 Willihelmus
1784 4267 2119 4337 Trajecten-

475 4351 554 4406 sis
585 4351 914 4423 episcopus,
950 4352 1049 4422 qui
1086 4368 1324 4407 causam
1352 4354 1503 4426 regis
1536 4355 1887 4425 pertinacius
1919 4357 2118 4411 tueba-

470 4446 585 4508 tur,
620 4440 996 4497 vehementer
1024 4441 1392 4509 imminebat,
1425 4448 1490 4497 ut
1528 4448 1629 4498 aut
1659 4460 1792 4498 cum
1822 4446 2030 4500 ceteris
2060 4447 2119 4499 in

2232 3288 2524 3342 comitem.
2558 3286 2937 3342 Oudalricum
2964 3288 3052 3322 ¹⁷²¹
3085 3292 3142 3342 et
3200 3287 3351 3342 alios
3400 3282 3678 3340 nonnullos
3704 3274 3791 3346 qui-

2232 3376 2342 3429 bus
2373 3392 2471 3430 rex
2500 3375 2874 3445 potissimum
2906 3374 3262 3431 consiliariis
3295 3374 3576 3437 utebatur,
3600 3371 3699 3440 jam
3717 3362 3793 3436 pri-

2230 3464 2362 3518 dem
2394 3464 3010 3519 excommunicaverat.

2305 3553 2498 3609 Gozilo
2530 3554 2649 3607 dux
2668 3553 3157 3625 Lutheringorum
3194 3554 3310 3623 ‘7”,
3326 3569 3457 3607 cum
3478 3553 3617 3606 esset
3640 3546 3685 3601 in
3701 3557 3793 3597 con-

2231 3643 2368 3699 ﬁnio
2402 3642 2788 3714 Lotbaringize
2822 3647 2879 3696 et
2928 3641 3187 3696 Fandriss
3222 3642 3283 3697 in
3315 3641 3534 3696 civitate
3565 3652 3671 3708 que
3693 3630 3792 3686 dici-

2229 3739 2326 3789 tur
2353 3731 2732 3803 Antwerpha,
2766 3731 2994 3785 occisus
3017 3736 3105 3786 est
3128 3748 3233 3801 per
3263 3730 3527 3796 insidias,
3547 3732 3601 3782 ut
3625 3720 3795 3796 putaba-

2229 3828 2345 3877 tur.
2379 3820 2659 3876 Ruoberti
2692 3821 2785 3855 “33
2829 3819 3207 3875 Flandrensis
3258 3819 3507 3875 comitis.
3540 3816 3662 3871 Cum
3686 3807 3792 3865 enim

2230 3911 2485 3982 quadam
2519 3913 2685 3963 nocte
2715 3908 2895 3979 (Febr.
2947 3908 3060 3979 26),
3108 3906 3543 3978 quiescentibus
3570 3898 3794 3960 omnibus,

2231 4000 2301 4055 ad
2318 3999 2722 4054 necessitatem
2742 4003 2959 4052 natura:
2986 3997 3384 4064 secessissset,
3399 3993 3672 4068 appositus
3686 3992 3795 4042 extra

2230 4090 2473 4143 domum
2506 4086 2828 4158 spiculator
2846 4087 2939 4120 “2‘
2956 4085 3215 4141 confodit
3244 4102 3383 4141 eum
3407 4100 3505 4157 per
3531 4082 3713 4137 secreta
3726 4087 3793 4126 na-

2229 4178 2400 4245 tium,
2435 4176 2748 4246 relictoque
2779 4176 2836 4228 in
2873 4174 3109 4229 vulnere
3133 4174 3306 4240 ferre,
3340 4173 3590 4230 concitus
3614 4160 3793 4233 aufugit-

2229 4267 2338 4320 Vix
2368 4265 2643 4336 deinceps
2674 4270 2894 4335 septem
2922 4263 3128 4319 diebus
3159 4268 3397 4335 accepto
3428 4257 3634 4317 vulneri
3657 4264 3797 4323 stipe"

2229 4361 2369 4419 stes,
2402 4357 2433 4409 4
2464 4354 2753 4409 Kalendas
2783 4352 2971 4407 Martii
2999 4352 3116 4407 vita
3147 4352 3420 4419 decessit,
3454 4356 3613 4421 atque
3635 4340 3798 4431 Verdu:

2230 4446 2323 4500 nis
2357 4445 2641 4514 “‘25juxta
2688 4448 2909 4514 patrem
2946 4440 3212 4511 sepultus
3242 4446 3373 4511 est;
3409 4451 3662 4512 magnum
3688 4440 3794 4495 τεςω

471 4529 948 4602 dampnationem
984 4532 1078 4567 ¹⁷¹³
1108 4548 1271 4602 papae
1318 4533 1772 4603 subscriberent,
1823 4539 1924 4588 aut
1978 4536 2121 4606 regi,
2156 4538 2200 4601 1)
2231 4533 2533 4590 Teutonici
2558 4534 2649 4567 1⁷2⁵
2695 4532 2872 4585 robur
2892 4546 2957 4585 ac
2981 4534 3351 4585 momentum
3379 4516 3798 4599 ‘7“,quoniam.ut

471 4620 564 4676 cui
600 4620 708 4676 sub
733 4620 1119 4691 jurejurando
1149 4621 1321 4676 ﬁdem
1345 4621 1816 4693 spopondissent,
1848 4623 2115 4694 protinus

2225 4640 2375 4694 saepe
2393 4623 2519 4691 jam
2552 4622 2775 4676 dictum
2803 4622 2909 4686 est,
2929 4618 3063 4675 licet
3091 4623 3333 4675 staturae
3356 4617 3651 4691 pusillitate
3672 4612 3797 4676 ιιςυσ

1785 4775 1875 4828 VA
1884 4774 2024 4829 RIA']
2064 4773 2480 4829 LECTIONES.

548 4886 639 4960 ’Ψ
670 4885 816 4960 deest
847 4888 901 4960 3.
982 4887 1071 4921 ³⁷0⁸
1100 4887 1254 4941 inter
1279 4889 1330 4942 4.
1414 4889 1501 4923 1⁷0⁵
1530 4888 1719 4943 multa
1763 4889 1887 4943 mil.
1922 4906 1972 4944 a.
2001 4890 2040 4943 f.
2065 4891 2116 4943 1.
2196 4890 2284 4924 ¹⁷⁰⁶
2314 4887 2610 4960 dispensio
2632 4888 2685 4941 4.
2756 4889 2843 4922 ¹⁷⁰⁷
2873 4889 3087 4960 deest3.
3146 4888 3246 4960 17°“
3278 4882 3642 4960 occupaverat
3667 4876 3708 4930 4·
3739 4867 3797 4960 ’Ὗ

468 4956 752 5012 Adelbero
784 4959 835 5010 3.
872 4958 923 5012 4.
950 4959 1006 5012 5.
1089 4959 1182 4994 "1°
1218 4960 1465 5013 Wirceb.
1503 4962 1527 5013 1
1566 4960 1838 5014 Wirczib.
1874 4962 1924 5015 4.
2008 4962 2096 4996 ¹⁷¹¹
2134 4956 2489 5015 Μθῑθηεὶεᾜ.
2523 4960 2577 5013 5.
2657 4960 2749 4994 ¹⁷¹²
2800 4959 3273 5015 accusationibus
3316 4960 3369 5013 4.

2020 5032 2113 5068 me
2142 5032 2287 5086 deest
2321 5033 2371 5086 4.
2448 5030 3291 5102 “‘7Sigifridum1.Sifridum
3337 5032 3409 5102 νὴ
3460 5026 3547 5102 ιῖιθ
3575 5021 3796 5102 Βξέκὲυφ

458 5030 623 5082 tione
656 5031 707 5082 3.
744 5029 835 5063 ¹⁷¹⁴
862 5029 1007 5083 Tum
1034 5030 1085 5083 3.
1168 5031 1259 5070 ίτίε
1289 5031 1860 5086 excommunicatum
1888 5034 1937 5086 1.

3473 4956 3559 4992 1m
3586 4953 3797 5005 damon!-

471 5101 520 5174 μ
602 5100 1143 5174 nis-Josennensem
1171 5103 1256 5174 5._
1300 5102 1387 5136 mo
1420 5101 1745 5174 Ebrardum
1779 5104 1834 5157 3.
1916 5104 2004 5138 1721
2063 5103 2398 5158 Udalricum
2427 5103 2480 5157 3.
2528 5102 2579 5156 4,
2611 5088 2665 5156 δῖ
2733 5103 2825 5137 ms
2863 5102 3345 5174 Lotheringowm
3377 5101 3440 5174 71'
3471 5099 3521 5154 3.
3582 5092 3671 5174 βω
3696 5088 3797 5174 [jug-

469 5170 655 5225 dberti
692 5172 740 5224 1.
799 5173 855 5225 b.
937 5173 1027 5206 ‘7"
1060 5172 1393 5243 speculator
1425 5175 1472 5225 4.

1545 5174 1637 5209 ηπ
1684 5173 2005 5229 W'erdunis
2040 5176 2088 5228 1.
2125 5176 2149 5228 1
2188 5175 2242 5227 b.

2335 5174 2639 5229 Teutonici
2668 5174 2720 5227 5.
2830 5174 2920 5208 ¹⁷²⁶
2951 5166 3317 5229 ωοῐῐιθῖιῐυω
3365 5173 3414 5226 1.
3448 5166 3796 5229 monimenta?1

470 5242 523 5293 3.
558 5226 1154 5317 4:munimentum'5.
1180 5226 1285 5317 (cf.
1321 5226 1375 5317 α.
1412 5245 1569 5317 1071.
1600 5261 1657 5315 ρ.
1691 5226 2079 5301 18δίηΡζέῶθὶ
2109 5226 2305 5301 comes
2347 5226 2767 5317 partiumejus
2807 5226 3105 5301 haut—leve
3122 5226 3513 5311 momentum,
3542 5242 3590 5293 et
3615 5226 3795 5291 c.1075-

470 5327 526 5379 p.
562 5314 703 5369 232:
733 5330 837 5369 nec
866 5330 1148 5387 magnum
1182 5315 1273 5370 his
1292 5314 1380 5371 vel
1412 5314 1530 5369 illis
1561 5314 1828 5387 partibus
1860 5320 2268 5387 momentum).

2060 5459 2292 5516 NOT/E.

541 5569 950 5647 (431_)___E_x_hoc
988 5572 1835 5647 _fonte_permanassavidetur
1863 5574 2115 5647 ﬁgmen-

470 5640 620 5715 tum,
652 5640 1113 5698 Hildebrandum
1145 5640 1290 5699 fabri
1316 5644 1537 5699 ferrarii
1562 5644 1741 5701 fuisse
1766 5640 1973 5701 ﬁlium.
2001 5649 2115 5702 KR.

2296 5575 2443 5646 (432)
2473 5574 2539 5630 V.
2571 5578 2716 5631 Acta
2745 5574 2926 5646 hujus
2956 5573 3185 5632 concilii
3206 5573 3395 5631 Mansi
3416 5570 3582 5640 XX,p.
3606 5553 3791 5619 τίων.
