3996 6158
182 336 337 395 1217

1437 330 1821 398 A‘NNALES.
1857 371 1930 384 —
1964 340 2093 398 AN.
2143 340 2329 415 1076.,

3429 346 3586 406 1218

182 467 475 540 Lapideus
500 466 589 506 ⁸⁷⁸⁸
611 465 781 537 (439),
801 466 902 537 qui
923 466 1221 537 proximus
1243 468 1514 525 Goslarizn
1535 470 1825 537 imminet,
1859 473 1913 538 Α
1944 471 2013 525 ad
2042 473 2133 509 1⁷7⁸
2161 472 2615 543 oppugnandam
2657 473 2998 528 Mettensem
3032 474 3234 529 urbem
3267 476 3584 532 exercitum

180 573 418 615 summa
448 572 556 628 ope
584 561 896 610 extrueret.
948 557 1033 609 Ad
1087 556 1241 610 hunc
1295 557 1519 629 legatos
1549 560 1832 631 dirigunt,

184 646 533 702 mandantes
565 649 649 714 ut,
682 643 899 700 omisso
929 661 1102 716 opere
1159 647 1310 716 quod
1370 650 1439 702 ad
1473 649 1832 704 eversionem

182 734 378 808 gentis
410 751 527 789 sum
559 732 873 788 immemor
901 734 1188 790 libertatis
1232 742 1495 792 extruere
1522 755 1836 810 aggressus

191 824 288 891 sit,
307 822 623 879 consilium
643 822 837 893 potius
856 824 1143 893 perquiral
1164 826 1233 878 ad
1256 826 1610 896 creptionem
1634 827 1839 897 princi-

184 930 350 986 pum,
382 912 599 983 quibus
628 910 757 982 ipse
786 916 851 966 ut
891 929 952 966 se
982 912 1262 969 dederent
1285 915 1837 971 vehementissimus

184 1007 391 1061 auctor
410 1000 585 1057 fuerit
606 1001 693 1035 “7°
717 1018 730 1068 ;
749 1001 872 1070 jam
906 1002 1128 1057 dudum
1169 1003 1504 1073 opinionem
1531 1005 1837 1060 indubiam

183 1092 510 1148 multorum
534 1089 1155 1158 mentibusinsedisse,
1178 1094 1331 1163 quod
1356 1094 1569 1149 idcirco
1592 1094 1839 1148 dedicio-

183 1198 320 1236 nem
343 1179 549 1236 ceteris
580 1183 887 1250 tantopere
918 1181 1191 1245 suaserit,
1227 1188 1291 1235 ut
1318 1199 1518 1237 eorum
1553 1184 1842 1255 sanguine

183 1269 339 1342 regis
362 1268 475 1325 sibi
497 1269 759 1323 animum
786 1267 1117 1339 deplacaret
1144 1271 1230 1311 “71
1258 1277 1316 1325 et
1338 1272 1638 1327 communi
1663 1272 1839 1327 exitio

184 1375 359 1415 suam
380 1358 507 1429 ipse
528 1355 776 1412 salutem
803 1362 1165 1413 mercaretur
1189 1377 1202 1426 ;
1232 1358 1341 1415 hoc
1383 1378 1539 1415 nunc
1561 1360 1840 1417 evidenti-

183 1449 297 1505 bus
318 1446 554 1503 indiciis
575 1446 824 1511 elucere,
849 1462 980 1501 cum
1005 1445 1123 1502 illis
1152 1448 1211 1502 in
1246 1447 1486 1505 ultimas
1512 1454 1703 1522 partes
1724 1454 1839 1504 ter-

184 1553 388 1592 rarum
414 1534 752 1607 deportatis,
777 1537 902 1606 ipse
935 1536 1279 1607 proditionis
1310 1555 1430 1593 suae
1458 1540 1782 1595 mercedem
1807 1556 1842 1595 a

185 1643 321 1699 rege
346 1624 535 1681 tocius
555 1624 817 1681 Saxonica
841 1624 1236 1697 principatum
1258 1627 1567 1698 acceperit,
1591 1631 1648 1683 et
1670 1627 1839 1700 regiae

186 1714 530 1771 crudeliatis
582 1713 839 1769 carnifex
889 1717 1066 1785 atque
1115 1714 1379 1770 omnium
1412 1733 1541 1787 quae
1574 1717 1842 1772 ferociter

188 1821 293 1860 rex
341 1802 656 1859 meditetur
711 1802 957 1858 ferocior
1010 1802 1361 1860 administer
1414 1805 1661 1873 existat;
1694 1806 1841 1861 bene

188 1894 376 1967 igitur
405 1894 570 1948 fama:
601 1896 658 1946 et
687 1890 893 1947 honori
930 1908 1036 1947 suo
1081 1892 1370 1961 consulat,
1400 1893 1451 1948 si
1482 1898 1657 1949 tantae
1690 1893 1837 1949 infa-

186 1983 324 2039 miae
354 1980 645 2037 maculam
668 1980 821 2038 claro
843 1980 1040 2052 aliquo
1061 1998 1198 2054 erga
1214 1982 1464 2054 patriam
1484 2000 1652 2038 suam
1673 1984 1843 2038 bene-

184 2072 326 2128 ﬁcio
360 2087 609 2143 purgare
639 2075 901 2136 conetur,
933 2075 990 2125 et
1018 2072 1172 2142 genti
1209 2089 1348 2139 sua),
1390 2072 1635 2143 patriam
1669 2072 1841 2127 liber-

184 2164 494 2232 tatemque
515 2159 696 2215 armis
714 2175 1053 2231 recuperare
1068 2160 1348 2231 cupienti,
1369 2160 1585 2216 auxilio
1603 2178 1843 2217 concur-

187 2254 323 2314 rat;
360 2253 677 2322 postremo,
710 2248 759 2303 si
818 2248 1057 2303 monitis
1118 2249 1269 2304 ultro
1318 2266 1433 2304 non
1466 2251 1840 2319 assentiatur,

190 2356 257 2396 se
287 2337 490 2411 procul
520 2337 698 2393 dubio
728 2337 845 2392 vim
874 2336 1265 2405 adhibiturus,
1315 2347 1371 2394 et
1411 2338 1611 2410 patriae
1644 2340 1841 2411 prodi-

190 2431 405 2497 torem,
436 2425 839 2482 communium
871 2432 1199 2482 castrorum
1251 2429 1629 2495 desertorem,
1661 2433 1726 2483 ut
1754 2427 1842 2482 di-

190 2532 349 2589 gnus
380 2515 477 2583 sit,
510 2515 728 2571 eversis
768 2514 1043 2570 omnibus
1098 2532 1224 2587 quae
1286 2517 1414 2586 ejus
1472 2517 1606 2585 sint,
1640 2514 1843 2588 procul

190 2603 446 2660 Saxonia
476 2603 842 2675 expulsurus.
904 2604 989 2658 Ad
1050 2602 1171 2659 haec
1226 2603 1322 2659 ille
1377 2605 1587 2660 obnixe
1619 2622 1717 2660 eos
1745 2621 1847 2676 per

194 2694 383 2749 Deum
414 2693 817 2748 obtestabatur
844 2693 934 2728 1⁷⁷³
965 2697 1029 2747 ut
1060 2693 1262 2748 mitius
1302 2694 1681 2764 pacatiusque
1712 2709 1845 2765 age-

198 2787 370 2849 rent;
430 2798 556 2853 qua‘.
615 2798 717 2853 pro
773 2783 1069 2837 communi
1137 2784 1443 2838 commodo
1502 2783 1841 2850 moliantur,

196 2870 426 2926 ratione
457 2887 634 2942 quam
664 2871 989 2926 temeritate
1021 2870 1230 2927 melius
1258 2873 1605 2942 procedere;
1630 2890 1691 2928 se
1713 2888 1845 2944 pro-

196 2960 359 3015 tinus
391 2960 737 3031 missurum,
768 2965 825 3015 et
853 2960 973 3032 regi
1006 2961 1197 3015 modis
1228 2962 1504 3016 omnibus
1526 2978 1843 3017 suasurum

197 3050 275 3104 ut’
294 3049 588 3121 principes
617 3049 919 3105 dedicione
947 3048 1229 3116 absolvat,
1254 3049 1512 3115 castella,
1538 3067 1664 3120 quin
1688 3056 1843 3106 metu

198 3137 538 3194 rebellionis
588 3138 847 3210 pristinsa
906 3139 1222 3193 extruxerit
1275 3140 1386 3209 “73,
1444 3139 1659 3203 diruat,
1687 3138 1846 3211 genti

1944 564 2253 615 admovere
2273 562 2584 633 cogitabat,
2609 569 2665 616 et
2694 563 2764 617 ab
2803 562 3076 635 episcopo
3124 563 3253 631 loci,
3279 566 3427 635 quod
3461 582 3584 621 cre-

1945 649 2098 703 ditos
2118 649 2393 703 custodire
2417 659 2537 704 Suae
2562 651 2853 721 principes
2875 669 2936 706 se
2976 653 3307 709 inconsulto
3329 654 3587 710 dimisis-

1939 743 2052 807 set,
2086 737 2401 793 vindictam
2433 747 2717 810 expetere.
2750 740 2859 795 Sed
2893 746 3096 796 contra
3136 748 3435 813 reputans,
3466 751 3586 798 tur-

1947 826 2081 881 bata
2110 842 2169 880 re
2201 827 2451 898 publica,
2513 828 2692 882 dubia
2748 830 2859 884 {ide
2919 829 3272 901 principum,
3304 832 3588 889 exhausto

1947 915 2347 986 superioribus
2378 916 2543 971 hellis
2567 917 2792 981 millite,
2817 923 3086 973 extremas
3109 920 3413 975 dementire
3438 937 3588 993 esse,

1949 1004 2197 1059 arduum
2223 1004 2445 1076 aliquid
2473 1005 2899 1075 praecipitanter
2936 1014 3279 1076 atemptare,
3303 1009 3589 1080 impetum

1950 1094 2128 1148 animi
2156 1094 2227 1147 ab
2250 1094 2576 1148 temeritate
2632 1096 2701 1147 ad
2734 1095 3027 1164 pacatiora
3053 1096 3142 1130 “"6
3162 1097 3406 1152 consilia
3428 1114 3590 1154 revo-

1951 1183 2117 1236 cavit.
2154 1182 2350 1236 Missis
2406 1182 2583 1253 igilur
2639 1183 3098 1254 circumquaque
3155 1184 3590 1257 nunciis(440),

1950 1286 2154 1325 omnes
2184 1270 2343 1341 regni
2399 1270 2692 1342 principes
2738 1272 2794 1325 in
2846 1278 3217 1343 pentecosten
3250 1275 3592 1329 Wormaciaa

1952 1359 2060 1415 sibi
2093 1376 2393 1415 occurrere
2415 1361 2617 1430 jussit,
2652 1360 2792 1432 quid
2844 1363 2993 1416 facto
3042 1379 3190 1434 opus
3220 1368 3395 1433 esset,
3431 1379 3589 1418 com-

1952 1449 2114 1504 muni
2139 1448 2401 1519 consilio,
2428 1455 2492 1503 ut
2514 1450 2927 1520 praetendebat,
2977 1450 3426 1508 deliberaturus.
3462 1453 3591 1508 Sta-

1949 1543 2078 1592 tuta
2103 1538 2193 1592 die
2217 1540 2374 1610 (Mai.
2404 1539 2489 1609 15)
2513 1539 2719 1593 ceteris
2747 1538 2941 1610 amplo
2964 1540 3107 1595 satis
3134 1558 3375 1597 numero
3397 1557 3595 1596 occur-

1952 1627 2234 1693 rentibus,
2269 1626 2467 1681 nullus
2522 1628 2723 1687 aderat
2777 1629 3254 1699 supradictorum
3287 1630 3524 1696 ducum,
3561 1647 3597 1686 a

1951 1716 2167 1787 quibus
2189 1716 2270 1771 rei
2296 1715 2536 1786 publicae
2561 1716 2886 1787 periculum
2909 1717 3244 1786 timebatur,
3269 1724 3326 1775 et
3343 1737 3595 1792 quorum

1951 1804 2322 1875 potissimum
2358 1805 2722 1873 auctoritate,
2756 1806 2805 1860 si
2856 1822 2947 1861 res
2998 1808 3327 1878 tranquillae
3377 1816 3594 1877 essent,

1952 1910 2248 1948 summam
2273 1892 2637 1964 publicorum
2664 1894 3042 1964 uegociorum
3065 1896 3296 1967 disponi
3323 1902 3595 1968 oportue-

1953 1987 2060 2037 rat.
2085 1984 2170 2037 Ita
2193 1988 2513 2036 conventus
2537 1981 2631 2035 ille
2653 1982 3007 2053 principum,
3048 1989 3279 2039 cassata
3302 1988 3598 2042 voluntate

1953 2070 2129 2141 regis,
2164 2069 2390 2124 nullum
2442 2070 2646 2124 habuit
2692 2071 2988 2126 effectum.
3040 2077 3254 2127 Iterum
3304 2073 3365 2128 in
3407 2074 3598 2131 natale

1954 2160 2137 2214 sancti
2170 2158 2316 2213 Petri
2342 2157 2591 2229 apostoli
2615 2159 2763 2230 (Jun.
2787 2160 2878 2229 29)
2917 2160 3221 2231 Mogontiae
3244 2178 3344 2217 eos
3365 2164 3595 2232 adesse,

1954 2248 2287 2317 additajam
2313 2247 2501 2302 edicto
2538 2247 2749 2301 obnixa
2788 2247 3349 2320 supplicationem",
3383 2267 3595 2322 prece-

1954 2337 2057 2409 pit.
2091 2338 2196 2391 Sed
2220 2330 2303 2390 ’ne
2335 2338 2421 2371 ¹ῖ⁷⁸
2450 2340 2591 2390 tunc
2622 2336 2860 2406 quidem
2914 2337 3229 2408 quisquam
3275 2356 3476 2394 eorum
3510 2340 3593 2395 vel

1955 2426 2383 2498 supplicantem
2417 2425 2681 2480 adtendit
2709 2425 2797 2479 vel
2836 2425 3291 2497 praecipientem,
3324 2429 3599 2484 omnibus

1956 2514 2123 2585 plane
2145 2515 2213 2569 ad
2240 2513 2571 2569 rebellionis
2588 2513 2851 2568 studium
2870 2515 3250 2571 immobiliter
3264 2516 3596 2574 obstinatis.

1957 2603 2068 2674 Ipsi
2102 2602 2202 2673 qui
2235 2607 2639 2667 convenerant,
2682 2602 2834 2657 fceda
2865 2602 3167 2658 simultate
3198 2620 3230 2658 a
3260 2620 3323 2659 se
3352 2605 3599 2660 invicem

1955 2692 2339 2747 dissidebant.
2372 2693 2498 2746 Jam
2531 2691 2687 2746 enim
2720 2691 2948 2747 solutus
2979 2709 3207 2748 carcere
3229 2710 3335 2748 suo
3355 2694 3603 2750 Satanas

1956 2798 2068 2835 non
2094 2779 2282 2835 solum
2306 2780 2589 2852 corporali
2612 2781 2710 2835 sed
2736 2780 3603 2854 etspiritualiarmaturaobpu-

1956 2870 2192 2942 gnabat,
2228 2886 2426 2940 pacem
2460 2868 2932 2937 ecclesiasticam,
2984 2875 3042 2925 et
3080 2887 3329 2942 quorum
3362 2888 3605 2944 corpora

1946 2958 2280 3031 jugulabat,
2310 2960 2538 3013 animas
2569 2974 2822 3030 quoque,
2849 2975 2920 3014 ne
2939 2959 2998 3013 in
3022 2964 3301 3015 aeternum
3326 2960 3582 3016 viverent

1955 3049 2292 3119 extinguere
2323 3048 2645 3118 satagebat.

2031 3137 2173 3191 Uoto
2233 3137 2320 3171 "79
2377 3136 2687 3207 episcopus
2744 3138 3138 3205 Treverensis,
3194 3143 3378 3195 Roma
3422 3157 3643 3213 nuper,

201 3227 503 3282 Saxonum
543 3226 896 3293 libertatem,
930 3228 1090 3298 leges
1119 3244 1186 3282 ac
1209 3228 1348 3298 jura
1379 3210 1851 3298 majorum,iquae
1883 3210 1924 3273 C
1963 3225 2943 3288 reversus,communicarenolebat
2959 3227 3231 3298 episcopo
3249 3210 3606 3299 Mogontino,

202 3333 310 3389 per
329 3316 448 3371 vim
476 3321 677 3388 erepta
701 3315 910 3372 totiens
928 3317 1113 3381 armis
1139 3316 1528 3387 repetiverint,
1554 3316 1856 3385 restituat;

200 3404 251 3461 si
287 3404 531 3460 consilio
563 3404 924 3474 adquiescat,
975 3406 1167 3477 gravis
1211 3410 1386 3476 atque
1418 3404 1690 3475 ancipitis
1722 3404 1859 3460 belli

208 3491 560 3548 necessitate
583 3491 708 3548 sine
725 3492 1011 3564 sanguine
1026 3492 1332 3548 liberatam
1372 3509 1499 3548 esse
1512 3494 1820 3548 Saxoniam
1842 3508 1856 3558 ;

204 3581 301 3636 sin
325 3585 550 3651 autem,
575 3597 637 3636 se
659 3597 764 3636 nec
785 3581 998 3635 indulti
1022 3581 1260 3636 honoris
1299 3598 1500 3637 amore
1521 3598 1625 3637 nec
1657 3582 1860 3637 mortis

209 3675 373 3726 metu
407 3686 515 3725 nec
538 3670 933 3741 jurisjurandi
981 3670 1261 3742 religione
1308 3670 1558 3726 inhiberi
1590 3687 1760 3742 posse
1791 3688 1865 3728 ne

209 3775 590 3815 communem
638 3759 835 3831 patriae
884 3765 1310 3832 parentumque
1350 3777 1593 3816 suorum
1625 3777 1863 3816 causam

213 3864 409 3921 usque
437 3849 507 3904 ad
541 3853 863 3905 extremum
899 3849 1171 3920 spiritum
1204 3854 1423 3921 quanta
1444 3850 1630 3921 possit
1650 3850 1867 3905 virtute

213 3937 515 4004 defendat,
563 3937 751 4008 juvet,
805 3942 1061 3992 tueatur.
1124 3938 1185 3993 In
1238 3938 1360 3993 haec
1415 3939 1591 3993 verba
1645 3938 1867 4010 legatos

213 4029 512 4085 Saxonum
546 4026 791 4095 dimisit,
826 4027 1142 4099 statimque
1190 4044 1329 4083 suos
1359 4028 1430 4083 ad
1466 4044 1683 4100 regem,
1717 4028 1870 4083 sicut

214 4113 517 4188 pollicitus
574 4116 787 4180 fuerat,
847 4115 1179 4182 destinavit,
1238 4116 1505 4187 praesidio
1533 4132 1766 4188 quoque
1795 4117 1869 4172 ab

219 4209 471 4275 utroque
502 4209 700 4259 monte
751 4221 925 4276 quem
976 4210 1364 4277 occupaverat
1405 4206 1678 4269 abducto,
1712 4223 1869 4262 com-

217 4309 463 4349 munem
495 4293 771 4366 deinceps
808 4310 942 4349 cum
993 4294 1325 4350 Saxonibus
1374 4310 1441 4349 ac
1490 4293 1763 4350 socialem
1793 4294 1872 4350 vi-

215 4387 345 4439 tam
377 4383 609 4454 agebat.

291 4471 448 4537 Rex.
487 4472 557 4526 de
617 4473 709 4528 his
770 4490 897 4545 quae
950 4473 1287 4528 acciderant
1346 4471 1405 4526 in
1438 4470 1685 4525 Saxonia
1714 4470 1875 4542 gravi

1965 3314 2235 3385 episcopo
2255 3312 2585 3375 Coloniensi
2608 3317 2667 3367 et
2687 3312 2818 3367 aliis
2837 3330 3011 3384 quam
3036 3313 3322 3385 pluribus,
3339 3316 3608 3387 quiapud

1968 3418 2162 3474 regem
2212 3419 2329 3472 prae
2375 3401 2582 3455 ceteris
2639 3399 2862 3455 assidui
2920 3405 3088 3456 erant
3135 3405 3193 3456 et
3223 3418 3475 3473 quorum
3510 3419 3613 3458 rex

1969 3491 2167 3547 omnia
2195 3490 2444 3545 faciebat
2474 3489 2716 3545 consilio
2741 3507 2754 3556 ;
2789 3489 3113 3545 obtendens
3133 3494 3191 3545 et
3213 3505 3313 3546 eos
3339 3495 3396 3545 et
3415 3490 3613 3562 ipsum

1970 3596 2165 3652 regem
2196 3578 2732 3634 excommunicatos
2762 3594 2891 3634 esse
2920 3595 2955 3633 a
3005 3578 3267 3633 Romano
3301 3579 3573 3650 pontiﬁce
3599 3596 3614 3647 ;

1972 3669 2083 3725 sibi
2104 3673 2321 3735 tamen,
2345 3668 2495 3738 quod
2520 3667 2710 3738 ipsum
2734 3667 2828 3721 vix
2849 3667 3103 3722 summis
3125 3667 3398 3739 precibus
3420 3674 3613 3724 extor-

1973 3757 2134 3825 serit,
2158 3755 2446 3811 indultam
2468 3772 2597 3810 esse
2623 3755 2988 3825 colloquendi
3012 3759 3242 3810 tantum
3268 3756 3423 3828 regis
3445 3755 3621 3811 licen-

1974 3846 2116 3901 tiam
2143 3862 2158 3913 ;
2182 3844 2344 3899 nulla
2368 3850 2576 3915 praeter
2596 3843 2715 3897 haec
2734 3844 2794 3898 in
2818 3843 2967 3911 cibo,
2994 3844 3051 3898 in
3088 3850 3253 3915 potu,
3275 3845 3332 3898 in
3359 3844 3622 3901 oratione

1975 3934 2137 3990 velin
2171 3933 2376 3989 ceteris
2403 3933 2679 3988 omnibus
2702 3932 3116 3988 communione
3149 3934 3283 4003 ejus
3313 3934 3620 4006 permissa.

1981 4025 2164 4095 Hujus
2182 4023 2524 4078 auctoritate
2546 4021 2787 4077 animati
2807 4022 3137 4093 complures
3159 4021 3278 4088 alii,
3297 4038 3547 4094 quorum
3566 4027 3625 4077 et

1978 4113 2038 4168 in
2070 4119 2245 4167 Deum
2271 4112 2416 4166 ﬁdes
2454 4110 2654 4183 purior
2694 4117 2750 4165 et
2780 4110 2850 4165 ad
2883 4111 3231 4182 dignitatem
3264 4112 3343 4167 rei
3380 4111 3621 4183 publica

1980 4202 2269 4258 sententia
2291 4200 2497 4271 potior,
2523 4199 2807 4271 paulatim
2849 4216 2911 4255 se
2934 4200 3151 4271 palatio
3174 4200 3623 4268 subtrahebant,

1982 4307 2054 4346 ne
2083 4289 2349 4345 videlicet
2377 4289 2851 4361 supradictorum
2901 4288 3318 4344 communione
3361 4287 3626 4345 macula-

1984 4383 2186 4434 rentur
2218 4379 2345 4445 ¹⁷⁸⁰ς
2378 4383 2435 4432 et
2464 4378 2532 4432 ad
2567 4393 2784 4449 regem,
2834 4377 2970 4433 licet
3010 4377 3231 4433 crebris
3260 4378 3626 4446 iussionibus

1984 4467 2223 4533 evocati,
2252 4467 2440 4521 redire
2476 4466 2771 4533 nolebant,
2832 4466 3017 4521 satius
3072 4464 3401 4535 iudicantes
3432 4480 3627 4535 regem

222 4560 442 4615 nuncio
462 4565 720 4633 accepto,
749 4566 1048 4633 comperto
1077 4562 1251 4616 etiam
1277 4561 1434 4632 quod
1469 4559 1643 4615 ceteri
1665 4559 1879 4637 princi-
1907 4578 1954 4641 D
1986 4572 2162 4628 quam
2194 4561 2373 4609 Deum
2406 4555 2719 4618 offendere,
2767 4554 3025 4625 corporis
3058 4570 3232 4624 quam
3266 4553 3474 4607 animae
3504 4553 3631 4607 dis-

218 4664 348 4719 pes,
368 4647 598 4704 collatis
619 4666 723 4721 per
736 4650 940 4705 crebra
959 4648 1366 4705 conventicula
1387 4648 1672 4715 consiliis,
1695 4648 1882 4703 defec-

218 4734 447 4790 tionem
469 4737 911 4804 meditarentur,
941 4738 1077 4793 hinc
1096 4738 1202 4803 ira,
1231 4738 1367 4799 hinc
1404 4736 1799 4792 sollicitudine
1820 4735 1881 4790 in

221 4825 460 4880 diversa
482 4832 748 4897 raptatus
773 4826 889 4895 “7",
926 4828 1017 4882 cui
1044 4826 1297 4898 primum
1324 4826 1528 4882 morbo
1552 4826 1883 4881 mederetur

221 4914 441 4969 anxius
454 4914 804 4987 ambigebat.
821 4917 927 4971 Sed
945 4934 1060 4989 quo
1074 4915 1161 4971 ira
1174 4913 1879 4988 impellebatinclinatior,

1992 4642 2268 4715 pendium
2298 4643 2572 4698 incidere.
2600 4642 2685 4696 Illi
2707 4646 2944 4697 econtra
2967 4640 3160 4705 irasci,
3187 4641 3449 4707 fremere,
3473 4640 3632 4695 insa-

1991 4732 2335 4795 nire,minas
2351 4738 2405 4786 et
2422 4730 2749 4786 conviciain
2764 4746 2967 4785 omnes
2981 4728 3634 4799 passimjaculari(44t);

1992 4823 2274 4891 injustam
2296 4827 2353 4876 et
2371 4819 2585 4875 idcirco
2609 4818 2771 4874 nihili
2804 4820 3211 4874 aestimandam
3233 4835 3362 4873 esse
3385 4817 3633 4873 Romani

1992 4912 2285 4983 pontiﬁcis
2307 4910 2676 4975 sententiam,
2701 4907 2799 4981 qui
2821 4925 2883 4963 se
2931 4924 3035 4963 nec
3057 4907 3333 4963 canonice
3356 4908 3427 4963 ad
3461 4922 3636 4980 syno-

1588 5058 1828 5114 VARIE
1869 5055 2278 5112 LECTIONES.

303 5173 397 5212 ‘7"
429 5171 714 5246 liapideus
747 5175 799 5229 4.
877 5176 969 5209 "7°
998 5175 1186 5230 fuerat
1240 5190 1385 5230 corr.
1450 5174 1625 5231 fuerit
1677 5176 1730 5230 3.

224 5243 322 5281 17'”
353 5243 556 5318 raptus
587 5247 640 5300 4.
720 5247 810 5282 1⁷⁷⁵
842 5247 911 5302 Et
939 5247 1009 5302 ad
1046 5246 1096 5300 4.
1177 5247 1265 5282 ίττδ
1298 5246 1565 5318 pacciora
1591 5248 1642 5300 4.

227 5316 674 5373 macularentur
702 5319 755 5373 4.

1812 5174 1901 5210 1771

1721 5246 1807 5280 "77
1861 5242 2213 5316 supplicatio
2242 5242 2298 5296 3.

2381 5169 2472 5204 1779
2556 5169 2885 5224 obtestatur
2939 5169 2993 5223 4.
3073 5168 3163 5203 ³⁷⁷³
3220 5169 3554 5223 extruxerat
3580 5167 3637 5223 4.

1962 5172 2219 5243 placaret
2245 5171 2299 5243 5.

2376 5241 2465 5276 1⁷⁷⁸
2508 5256 2613 5296 nec
2643 5241 2695 5297 4.
2776 5240 2864 5276 “7°
2911 5239 3017 5295 Uto
3048 5254 3253 5295 omnes.
3334 5239 3423 5274 ’τεο
3478 5254 3638 5294 com-

1819 5412 2053 5469 NOTAE.

301 5529 454 5606 (439)
476 5530 607 5606 Sive
627 5532 957 5606 Steinberg,
979 5533 1050 5606 de
1072 5536 1297 5606 ququo.
1319 5530 1495 5606 Mich.
1519 5527 1881 5606 lleineocius,

228 5606 371 5657 Ant.
402 5602 657 5679 Gestar”
687 5605 789 5663 lib.
823 5622 862 5677 ι,
895 5600 961 5679 ᾗ..
998 5600 1107 5675 93ξ
1164 5604 1237 5662 cf.
1273 5602 1489 5677 Delius,
1519 5600 1560 5659 l.
1594 5618 1668 5674 0.,
1700 5617 1759 5675 p.
1790 5600 1883 5671 90,

231 5675 440 5738 annot.
473 5675 597 5732 124.

2090 5527 2214 5602 440)
2246 5526 2330 5602 βξ.
2362 5525 2599 5602 litteras
2618 5530 2785 5602 _Mon.
2847 5526 3043 5601 Legg,
3104 5524 3173 5595 II,
3208 5541 3263 5602 p.
3295 5525 3382 5597 48,
3417 5525 3631 5588 editae.

2091 5599 2217 5672 441)
2252 5598 2372 5656 Liv.
2401 5615 2539 5673 XLII,
2567 5597 2656 5655 54.
