3962 6158
453 306 605 364 1219

1606 296 2008 357 LAMBERTI
2053 293 2691 357 HERSFELDENSIS

3623 301 3727 362 {220

452 436 594 491 dum
629 438 919 497 evocatos,
953 448 1057 487 nec
1089 429 1364 485 canonice
1395 428 1717 495 discussos,
1749 445 1852 483 nec
1882 425 2094 497 objecti
2124 428 2179 493 Α
2209 425 2439 481 clinatis
2464 427 2535 481 ad
2567 426 2950 482 defectionem
3008 424 3378 497 principibus,
3428 426 3602 484 iterum
3624 434 3731 489 novis

451 524 714 581 criminis
735 524 904 592 juxta
933 520 1079 576 scita
1109 535 1399 574 canonum
1431 519 1723 574 convictos
1752 516 1841 573 vel
1871 518 2097 571 confes-

453 630 549 668 sos
573 610 805 683 praecipi
835 610 1029 664 furore
1052 608 1247 680 potius
1297 624 1471 679 quam
1525 607 1743 662 ratione
1770 622 2100 662 cxcommu«

453 702 743 756 nicasset:
776 698 1113 770 episcopum
1164 699 1573 753 Treverensem
1621 702 1679 751 et
1721 700 1962 759 ceteros,
1996 694 2097 767 qui

452 806 586 846 cum
617 805 683 844 eo
715 788 785 843 ad
817 787 1196 843 avertendum
1221 785 1569 857 reipublicae
1589 789 1809 839 statum
1834 784 2096 855 1'““jam-

456 879 683 951 pridem
734 876 1190 948 conspirassent,
1252 874 1528 929 aliorsum
1590 873 1887 927 intendere
1920 888 2097 943 quam

456 967 857 1039 loquerentur,
891 982 993 1019 nec
1021 970 1140 1019 tam
1173 962 1505 1034 apostolicae
1536 962 1658 1017 sedi
1692 962 2096 1016 auctoritatem

459 1057 684 1112 deferre
716 1054 829 1121 “33,
863 1070 1039 1125 quam
1073 1057 1137 1106 ut
1167 1051 1509 1123 dignitatem
1558 1050 1776 1122 regiam
1810 1050 2098 1105 subruant

457 1144 819 1200 occasionem
853 1157 1128 1212 quaerere,
1154 1145 1210 1194 et
1256 1140 1578 1194 inveterata
1598 1139 1877 1193 adversus
1903 1155 2094 1209 regem

454 1234 587 1287 odia
620 1249 766 1286 novo
799 1228 1097 1301 religionis
1138 1228 1417 1282 vocabulo
1468 1227 1746 1299 palliare;
1781 1244 1913 1281 cum
1946 1232 2098 1282 recte

452 1322 656 1376 honori
689 1337 794 1374 suo
827 1319 1185 1391 prospicere,
1220 1318 1267 1371 si
1300 1317 1359 1371 in
1394 1317 1591 1371 hostes
1642 1334 1783 1371 suos
1812 1315 2094 1388 gladium,

452 1411 815 1481 quemjuxta
845 1406 1148 1478 apostolici
1198 1422 1396 1460 vocem
1442 1405 1512 1459 ad
1561 1405 1877 1460 vindictam
1912 1404 2095 1459 malo-

453 1515 581 1554 rum
610 1500 779 1567 (Rom.
802 1514 924 1563 xm,
950 1497 1001 1567 4)
1025 1494 1330 1566 acceperit,
1356 1494 1645 1549 maturius
1678 1494 2009 1564 distringat,
2042 1498 2098 1547 et

452 1587 805 1658 contemptis
828 1585 1094 1640 inanium
1119 1584 1492 1639 occasionum
1513 1581 1795 1649 latibulis,
1821 1583 2094 1637 manifes-

450 1682 539 1733 tos
562 1677 721 1750 regni
745 1674 1119 1730 insidiatores
1154 1690 1323 1744 poena
1371 1689 1547 1744 quam
1601 1675 1937 1727 mereantur
1966 1670 2093 1725 affi-

2208 530 2329 570 rem
2354 515 2648 587 publicam
2672 514 3123 586 tempestatibus
3140 514 3296 585 quati
3314 514 3531 585 aspexit,
3545 522 3732 589 quamvis

2207 604 2469 658 custodis
2492 603 2803 673 diligentiae
2828 621 2941 660 non
2963 603 3272 671 diffideret,
3296 605 3493 659 veritus
3519 611 3671 663 tamen
3691 627 3734 665 ne

2209 693 2371 758 forte,
2400 693 2749 764 subrepente
2783 710 2885 764 per
2923 692 3075 747 hanc
3099 708 3318 747 moram
3342 693 3653 765 negligentia,
3674 698 3733 752 ali-

2208 781 2346 852 quid
2373 781 2429 836 in
2462 798 2527 836 eo
2550 782 2638 837 vis
2684 781 2772 837 vel
2800 782 2887 816 ¹τ³⁶
2929 782 3090 836 fraus
3116 780 3342 837 hostilis
3364 783 3443 816 ‘7'“
3472 792 3731 855 operaretur,

2210 872 2279 926 ad
2308 870 2592 943 palatium
2614 886 2747 926 eum
2774 870 3111 937 evocavit,et
3140 870 3218 926 ibi
3240 872 3539 927 nuncinter
3561 889 3733 929 camera-

2207 961 2324 1015 rios
2354 977 2516 1026 suos,
2542 977 2693 1015 nunc
2716 960 2867 1015 inter
2890 977 3057 1015 cocos
3095 964 3153 1015 et
3201 961 3556 1032 coquinarum
3590 966 3732 1034 spurci-

2206 1049 2304 1105 tiis
2334 1049 2421 1084 “38
2444 1049 2857 1121 indignissimo
2899 1048 3021 1105 loco
3052 1049 3339 1120 habitum,
3381 1053 3481 1104 sub
3508 1051 3634 1104 omni
3655 1052 3731 1105 dili-

2207 1139 2404 1209 gentia
2432 1139 2712 1194 custodiri
2775 1138 2927 1204 fecit,
2977 1138 3160 1193 donec
3209 1143 3326 1194 tam
3383 1138 3623 1195 feralibus
3644 1142 3734 1195 odiis

2208 1233 2544 1299 competens
2592 1228 2830 1284 exilium
2875 1228 3245 1301 excogitaret.
3278 1232 3407 1283 Erat
3436 1229 3545 1300 ipso
3560 1232 3735 1301 tempore

2206 1318 2361 1388 apud
2384 1334 2575 1389 regem
2601 1335 2766 1373 soror
2786 1318 2934 1388 ejus,
2956 1334 3104 1373 uxor
3123 1316 3442 1374 Salomonis
3470 1319 3599 1389 regis
3615 1318 3734 1389 Ungi-

2207 1406 2448 1473 riorum,
2479 1423 2655 1477 quam
2682 1406 2927 1461 maritus
2972 1423 3151 1477 regno
3191 1405 3478 1478 expulsus,
3504 1405 3736 1460 duminai-

2208 1495 2321 1550 mis
2343 1500 2399 1549 et
2423 1495 2721 1565 procinctu
2742 1499 2914 1562 esset,
2941 1512 3235 1566 nusquam
3260 1494 3437 1551 tutius
3473 1512 3623 1566 quam
3645 1496 3736 1566 apud

2208 1584 2442 1640 fratrem
2469 1600 2702 1639 manere
2725 1583 3114 1654 judicaverat,
3159 1585 3362 1651 donec,
3409 1589 3691 1654 recuperato,
3709 1584 3737 1637 si

2208 1673 2328 1728 fieri
2362 1677 2577 1744 posset,
2608 1688 2808 1744 regno,
2849 1672 2909 1726 in
2933 1672 3303 1743 jccunditate
3332 1672 3532 1743 perfrui
3558 1671 3737 1743 conjugio

448 1766 581 1821 ciat.
609 1766 725 1820 Nec
745 1762 981 1862 difficile
1021 1761 1132 1860 fuit
1163 1761 1465 1862 ingenium
1498 1760 1674 1832 regis,
1709 1777 1811 1831 per
1840 1776 1902 1815 se
1934 1764 2093 1814 atrox
2125 1798 2172 1862 Β
2208 1763 2422 1861 liceret.
2450 1763 2866 1862 (Eumque'post
2890 1760 3139 1861 multum
3171 1762 3295 1831 jam
3317 1761 3608 1862 tempusad
3631 1760 3737 1816 mari-

448 1862 503 1910 et
534 1851 922 1924 implacabile,
956 1851 1014 1904 in
1048 1851 1194 1904 iram
1238 1849 1504 1903 excitare.

520 1944 631 1998 Sed
659 1957 792 1996 cum
816 1940 1037 1994 videret
1073 1940 1183 1992 sub
1215 1938 1432 1992 obtenu
1468 1937 1767 2009 religionis
1800 1936 2092 2009 principes

447 2051 481 2088 a
502 2048 563 2087 se
586 2029 870 2103 paulatim
897 2028 1161 2094 deficere,
1188 2032 1263 2096 et,
1304 2026 1718 2096 destitutojam
1738 2025 1970 2081 auxiliis
1987 2025 2094 2079 im-

449 2121 628 2194 perio,
651 2135 860 2175 vanam
896 2133 1022 2173 esse
1048 2114 1559 2171 comminationem
1598 2132 1722 2186 qum
1754 2116 1871 2170 vim
1906 2118 2094 2170 facere

452 2227 567 2264 non
590 2213 787 2280 posset
810 2206 1025 2278 quibus
1047 2204 1509 2259 comminaretur
1533 2222 1545 2271 ;
1576 2209 1739 2259 ratus
1764 2237 1832 2244 —
1854 2205 1910 2258 id
1935 2204 2090 2276 quod

447 2302 684 2370 tempus
704 2296 972 2368 exigebat
989 2325 1054 2334 —
1069 2293 1305 2348 utilitati
1332 2293 1422 2328 ¹⁷⁸³
1444 2294 1633 2365 magis
1657 2310 1834 2366 quam
1858 2294 2089 2349 iracun-

449 2389 555 2443 diae
586 2385 1035 2449 consulendum,
1094 2384 1306 2438 iterum
1366 2388 1540 2453 atque
1602 2383 1813 2438 iterum
1857 2399 2091 2437 aversos

446 2477 537 2512 “3"
555 2474 888 2547 principum
911 2473 1138 2526 animos
1156 2471 1388 2526 blandis
1407 2471 1797 2543 legationibus
1820 2472 2089 2543 mitigare

442 2563 791 2634 temptabat.
820 2561 933 2615 Nec
960 2565 1177 2630 tamen,
1204 2560 1357 2630 quod
1383 2560 1540 2614 dictu
1564 2561 1778 2614 mirum
1808 2561 1902 2625 sit,
1925 2565 2091 2615 tanta

445 2652 566 2707 haec
596 2667 788 2705 rerum
813 2649 1144 2720 asperitate,
1176 2653 1338 2702 tanta
1369 2648 1769 2719 ingruentium
1804 2649 2087 2720 periculo-

447 2757 577 2795 rum
602 2738 751 2794 mole
773 2738 957 2793 evinci
982 2742 1206 2810 poterat
1233 2742 1317 2801 ut,
1354 2738 1505 2792 unde
1560 2738 1934 2809 potissimum
1968 2739 2088 2794 haec

448 2830 687 2884 ﬂamma
718 2827 944 2881 invidia:
975 2832 1033 2882 et
1063 2826 1180 2882 odii
1229 2828 1540 2881 adversum
1591 2843 1723 2882 eum
1773 2832 2085 2896 exarserat,

446 2917 739 2990 principes
761 2915 1021 2972 Saxonica
1040 2914 1339 2969 dedicicne
1357 2914 1696 2970 absolveret.
1718 2915 1862 2979 Quin
1884 2916 2085 2985 immo,

448 3006 802 3061 conterritus
826 3003 1040 3059 recenti
1063 3002 1323 3074 exemplo
1345 3020 1545 3058 eorum
1571 3003 1670 3075 qui
1692 3004 1997 3076 plerosque
2020 3022 2087 3060 ex

446 3094 592 3166 ipsis
614 3110 676 3148 sc
701 3093 1031 3147 inconsulto
1049 3092 1801 3164 dimiserant,residuis,qui
1823 3094 2083 3148 adhucin

2205 1854 2351 1914 tum,
2370 1849 2430 1904 in
2455 1850 2670 1904 finibus
2694 1849 2955 1922 Ungariae
2975 1854 3452 1920 eommorantem,
3472 1850 3740 1919 redirepan-

2202 1944 2308 2003 ret,
2334 1955 2430 1993 rex
2452 1943 2843 2010 opportunam
2870 1937 2959 1973 ¹⁷⁸⁹
2980 1955 3108 1993 eam
3139 1939 3455 1993 arbitratus
3492 1954 3598 2009 qua:
3614 1936 3741 1991 crude-

2203 2028 2381 2082 litatis
2416 2027 2591 2099 hujus
2651 2044 2891 2083 munere
2949 2028 3314 2100 fungeretur,
3370 2026 3572 2099 rogavit
3594 2032 3741 2080 eamut

2202 2117 2538 2188 episcopum
2568 2116 3113 2172 llalberstadensem
3156 2118 3251 2153 "9°
3292 2133 3484 2172 secum
3504 2115 3740 2179 abduceret

2202 2215 2378 2277 atque
2400 2208 2457 2260 in
2484 2206 2677 2261 locum
2700 2224 2767 2261 ex
2788 2223 2903 2277 quo
2928 2205 3089 2261 nulla
3110 2206 3160 2260 ei
3184 2207 3455 2277 deinceps
3490 2204 3541 2258 in
3576 2219 3741 2275 regnum

2201 2296 2582 2350 Teutonicum
2608 2295 2887 2350 redeundi
2910 2295 3077 2366 copia
3101 2295 3263 2350 fieret
3283 2294 3557 2366 deportari
3584 2293 3740 2346 faceret.

2200 2384 2419 2439 Annuit
2440 2383 2541 2440 illa
2562 2385 2801 2455 petenti,
2825 2388 2883 2438 et
2904 2384 3033 2439 navi
3054 2384 3400 2455 impositum
3427 2399 3547 2438 cum
3569 2378 3741 2436 homini-

2200 2474 2310 2528 bus
2341 2473 2465 2529 suis
2496 2472 2795 2544 praemisit,
2848 2474 2974 2544 ipsa
3025 2472 3231 2544 paucis
3291 2477 3418 2544 post
3448 2471 3637 2538 diebus,
3661 2483 3743 2522 cum

2199 2563 2539 2634 profectioni
2580 2579 2697 2616 sua:
2747 2562 3076 2617 necessaria
3122 2562 3471 2627 ordinasset,
3498 2559 3743 2614 insecutuu

2199 2650 3068 2723 praecedentemﬂabebatidem
3083 2651 3397 2722 episc0pus
3410 2650 3619 2704 militem
3631 2661 3744 2717 queu-

2199 2741 2333 2795 dam
2363 2739 2740 2795 Oudalricum
2798 2741 2888 2775 "91
2946 2740 3205 2804 nomine,
3261 2738 3456 2793 multis
3485 2737 3534 2791 in
3565 2731 3745 2805 Bajoaria

2198 2828 2670 2901 possessionibus
2713 2828 3092 2899 prmdivitem,
3142 2827 3265 2900 regi
3317 2843 3533 2899 quoque
3560 2822 3744 2895 adprime

2197 2935 2397 2973 carum
2428 2923 2487 2972 et
2514 2904 2839 2988 acceptum.
2873 2917 2925 2972 Is
2957 2917 3056 2971 ubi
3103 2916 3352 2971 advertit
3383 2914 3523 2969 mala
3548 2927 3649 2984 quae
3670 2907 3745 2979 epi-

2196 3024 2368 3078 scopo
2400 3007 2776 3078 parabantur,
2837 3010 3032 3061 motus
3091 3005 3461 3060 miseratione
3505 3007 3645 3073 atque
3665 2998 3745 3071 ipsa

2196 3098 2591 3152 humanarum
2623 3112 2816 3150 rerum
2850 3095 3337 3160 consideratione,
3372 3092 3514 3165 quod
3540 3093 3741 3144 tantum

445 3164 709 3237 custodia
739 3182 1112 3249 tenebantur,
1146 3198 1376 3236 omnem
1423 3181 1687 3236 adhiberi
1718 3182 2080 3254 diligentiam
2117 3164 2158 3231 Ο
2196 3164 3742 3257 talisvir,ingenscolumnaetfirmamentumreipublica

438 3271 708 3342 jubebat,
732 3286 805 3325 ne
842 3268 1229 3341 elaberentur,
1252 3269 1499 3341 ideoque
1526 3271 1737 3342 saepius
1759 3270 1851 3327 his
1874 3272 2088 3343 quibus

445 3378 544 3416 eos
574 3360 892 3416 servandos
942 3360 1272 3414 crediderat
1320 3360 1639 3415 mandabat
1683 3366 1766 3429 ut,
1801 3378 2089 3417 memores

446 3450 864 3505 beneficiorum
906 3465 1168 3513 suorum,
1222 3464 1507 3503 memores
1552 3449 1940 3519 jurisjurandi
1975 3467 2090 3521 quo

449 3540 561 3595 sibi
596 3540 771 3593 fidem
804 3554 972 3592 suam
1006 3538 1361 3604 firmassent,
1398 3538 1640 3592 traditos
1664 3540 1941 3593 custodiae
1972 3557 2089 3594 suae

447 3627 797 3682 intemerata
855 3626 988 3695 fide,
1022 3625 1206 3680 donec
1255 3631 1722 3697 reposcerentur,
1772 3633 2089 3698 servarent,

449 3732 554 3772 nec
585 3714 833 3771 aliorum
867 3714 1199 3786 principum
1235 3715 2093 3795 fzedissimo‘corrumperentur

447 3805 734 3877 exemplo,
760 3804 882 3875 qui,
917 3803 1182 3858 dimissis
1208 3820 1313 3858 suo
1338 3804 1569 3874 injussu
1603 3804 1914 3875 dediticiis,
1949 3806 2088 3861 dum

448 3895 701 3967 privatas
721 3910 860 3949 suas
882 3892 1132 3963 injurias
1154 3893 1212 3947 in
1258 3910 1452 3965 regem
1481 3892 1683 3947 ulcisci
1713 3892 1944 3961 vellent,
1979 3894 2092 3949 cla-

446 3985 575 4038 dem
604 3984 921 4038 maximam
953 3987 1011 4036 et
1034 3980 1324 4036 maculam
1350 3981 1550 4036 multis
1573 3981 1789 4037 seculis
1816 4000 1930 4037 non
1954 3984 2089 4039 abo-

446 4071 681 4127 lendam
714 4070 795 4125 rei
826 4069 1074 4140 publicae
1106 4068 1465 4123 intulissent.

523 4160 589 4213 Et
608 4157 882 4213 omnibus
904 4157 1140 4228 quidem
1166 4158 1452 4220 infensus,
1473 4159 1763 4225 omnium,
1783 4164 1847 4213 ut
1864 4160 2093 4215 videba-

448 4252 565 4313 tur,
591 4246 897 4318 sanguinis
924 4246 1127 4300 avidus
1147 4251 1289 4301 erat.
1316 4245 1605 4317 Prazcipue
1621 4252 1817 4302 tamen
1836 4248 2092 4321 episcopi

447 4335 977 4399 Halberstadensis,
1007 4351 1203 4406 quem,
1237 4340 1537 4406 tamquam
1581 4336 1769 4392 tocius
1798 4339 2094 4394 Saxonicae

446 4424 791 4482 rebellionia
822 4423 1144 4496 principem
1185 4429 1241 4479 et
1289 4423 1553 4479 omnium
1587 4442 1711 4496 quae
1743 4443 1911 4481 secus
1941 4428 2090 4482 acci-

2198 3275 2308 3329 nisi
2333 3275 2486 3345 regis
2503 3274 2803 3328 temeritas
2820 3272 3016 3327 divina
3032 3277 3210 3344 atque
3229 3272 3478 3327 humana
3494 3266 3743 3324 omuiacon-

2198 3363 2466 3431 fudisset,
2489 3367 2610 3416 tam
2627 3360 2880 3433 pessimo
2904 3377 3058 3415 nunc
3070 3360 3336 3432 exemplo
3354 3354 3743 3432 periturusforet:

2198 3452 2445 3507 accessit
2464 3452 2535 3505 ad
2563 3468 2694 3505 eum
2721 3450 2895 3522 paulo
2913 3455 3229 3521 antequam
3255 3450 3512 3521 navigare
3530 3443 3743 3515 inciperet,

2200 3547 2255 3596 et
2272 3558 2397 3613 quae
2416 3540 2473 3594 in
2493 3557 2627 3596 eum
2648 3555 2746 3594 rex
2764 3539 3117 3594 decrevisset
3138 3555 3244 3610 per
3255 3538 3505 3594 ordinem
3523 3529 3741 3605 exposuit:

2200 3635 2397 3685 actum
2437 3644 2564 3683 esse
2591 3629 2660 3683 de
2682 3628 2869 3683 salute
2891 3628 3039 3697 ejus,
3064 3626 3175 3682 nisi
3220 3626 3471 3699 propicia
3501 3624 3576 3659 “’1
3601 3617 3741 3674 divini-

2200 3724 2310 3783 tas,
2348 3735 2472 3789 quae
2506 3717 2631 3772 sola
2652 3718 2777 3787 jam
2811 3720 3025 3787 posset,
3076 3714 3423 3787 periclitanti
3455 3707 3743 3768 succurreret.

2201 3810 2412 3864 Edocet
2432 3812 2727 3879 praeterea,
2748 3806 3148 3876 possessiones
3166 3822 3309 3860 suas
3322 3809 3374 3859 et
3395 3800 3653 3857 castellum
3667 3809 3744 3879 muf

2201 3878 2564 3952 nitissimum
2598 3896 2689 3930 "’3
2722 3894 2867 3948 haut
2915 3892 3113 3965 procul
3163 3895 3238 3949 ab
3272 3891 3544 3948 littoribus
3570 3878 3743 3943 Danubii

2201 3985 2462 4040 fluminis
2491 3985 2717 4049 abesse,
2752 3988 3065 4055 monetque
3096 3987 3179 4048 ut,
3206 3984 3348 4037 dum
3371 3981 3437 4036 ad
3459 3976 3630 4035 ealoca
3647 3967 3745 4027 navi-

2200 4092 2346 4147 gans
2377 4074 2753 4145 pervenisset,
2788 4076 3020 4143 rogaret
3076 4070 3294 4142 saepius
3337 4086 3432 4126 eos
3459 4082 3574 4124 cum
3599 4060 3743 4147 quibus

2201 4145 2521 4234 navigaret,
2551 4166 2843 4233 quatenus
2865 4159 3229 4232 applicarent
3248 4166 3305 4215 et
3324 4158 3431 4214 sibi
3453 4151 3691 4228 paululum
3707 4145 3741 4197 in

2200 4256 2414 4307 terram
2446 4249 2855 4322 progrediendi
2906 4248 3245 4304 facultatem
3296 4248 3551 4308 facerent,
3580 4236 3741 4296 obtenta

2199 4340 2287 4395 vel
2310 4339 2689 4411 refrigerandi
2715 4337 2801 4393 vel
2824 4336 2975 4394 alius
2996 4337 3258 4408 cujusvis
3296 4331 3619 4392 necessitatis
3634 4338 3739 4381 occa-

2200 4430 2363 4485 sione
2385 4430 2493 4497 νηί,
2519 4444 2645 4499 quae
2670 4427 2841 4482 modo
2862 4426 2965 4482 tali
3010 4426 3254 4482 artificio
3277 4427 3471 4481 idonee
3517 4420 3591 4458 ¹⁷⁹⁵
3614 4420 3740 4499 palm

446 4515 652 4571 derant
704 4512 962 4569 fomitem
1000 4518 1175 4584 atque
1195 4513 1573 4579 incentivum,
1599 4514 1938 4570 inexorabili
1961 4516 2092 4571 odio
2124 4533 2171 4597 D
2202 4518 2494 4573 cinaretur
2517 4497 2627 4584 {se
2656 4532 2974 4570 memorem
3024 4515 3158 4570 fidei
3189 4532 3306 4586 qua
3351 4514 3398 4569 ei
3430 4506 3661 4567 obnoxius
3680 4497 3737 4591 sit,

443 4603 843 4660 insectabatur
866 4621 878 4669 ;
905 4608 963 4658 et
983 4603 1096 4657 nisi
1121 4602 1473 4674 pontificalis
1494 4603 1751 4658 nominis
1778 4605 2096 4661 reverentia

445 4698 503 4751 et
524 4695 669 4749 fides
690 4692 1045 4765 principum,
1072 4709 1199 4763 quae
1241 4693 1300 4746 in
1341 4692 1644 4747 dedicicne
1668 4692 2094 4762 intercesserat,

448 4784 768 4846 obstarent,
794 4782 975 4837 vitam
1000 4783 1128 4852 ejus
1155 4799 1256 4853 per
1281 4798 1484 4837 omnes
1506 4782 1799 4837 cruciatus
1821 4783 2093 4839 extorsis-

450 4875 558 4926 set.
585 4871 750 4926 Hunc
765 4870 1054 4941 Rucperto
1076 4870 1543 4942 Bahenbergensi
1567 4871 1836 4942 episcopo
1861 4887 2096 4927 servan-

451 4960 589 5015 dum
614 4959 961 5021 crediderat,
977 4957 1135 5013 velut
1152 4962 1359 5029 praeter
1379 4962 1599 5013 ceteros
1623 4958 1939 5014 familiares
1957 4977 2095 5017 suos

447 5047 695 5104 immitis
720 5064 785 5103 ac
814 5048 1023 5103 ferocis
1045 5046 1424 5119 ingeniiviro,
1449 5052 1505 5102 et
1525 5064 1664 5119 erga
1694 5064 1755 5103 se
1786 5048 1844 5101 in
1871 5050 1961 5084 1785
1991 5050 2091 5105 ad-

444 5139 628 5195 versis
650 5138 827 5194 rebus
851 5139 1125 5209 spectatae
1151 5152 1304 5207 saepe
1334 5135 1488 5191 ﬁdei.
1514 5136 1625 5192 Sed
1648 5142 1985 5211 postquam,
2007 5140 2096 5195 in-

2208 4607 2402 4663 cmnia
2425 4624 2549 4677 quae
2573 4605 2760 4678 possit
2781 4621 2883 4676 pro
2904 4604 3055 4659 virili
3079 4604 3341 4676 portione
3359 4603 3627 4663 facturum,
3645 4593 3740 4651 θῖνει

2207 4712 2383 4767 quam
2407 4694 2722 4766 ereptionis
2748 4695 2835 4729 “’5
2856 4696 2985 4764 ejus
3023 4692 3178 4748 viam
3210 4692 3362 4748 Deus
3383 4687 3627 4747 ostendat,
3648 4685 3739 4767 tum:

2206 4759 2368 4857 ptatu
2379 4759 2530 4839 rum.
2555 4782 2709 4838 Fecit
2729 4782 2826 4838 ille
2848 4759 2915 4837 ut
2936 4782 3176 4837 edoctus
3207 4782 3423 4847 fuerat;
3448 4782 3593 4847 atque
3611 4759 3738 4858 ubi

2205 4850 2481 4946 praedicta
2501 4872 2627 4927 loca
2644 4872 2935 4943 popinqua
2947 4886 3005 4925 re
3021 4870 3214 4943 coepit,
3239 4868 3498 4925 simulata
3516 4859 3637 4918 mala
3652 4850 3738 4946 Vali-

2206 4963 2429 5029 tudine,
2456 4978 2581 5032 qua:
2603 4959 2716 5015 sibi
2743 4977 2811 5015 ex
2832 4959 3071 5015 assidua
3093 4958 3449 5031 navigatione
3467 4962 3637 5020 corpus
3654 4936 3737 4995 alle-

2208 5051 2385 5107 cisset
2403 5049 2731 5116 insolitum,
2751 5053 2830 5114 et,
2853 5048 2967 5103 nisi
2986 5053 3211 5103 mature
3228 5044 3604 5103 consuleretur,
3621 5034 3736 5122 exlt'f'

2207 5157 2364 5195 mam
2387 5138 2703 5211 perniciem
2718 5111 2726 5116 ’
2742 5111 2992 5194 allatura
3013 5138 3159 5193 foret
3204 5137 3291 5171 "’7
3312 5126 3598 5206 languenti:
3625 5111 3733 5175 facile

1806 5280 2045 5338 VARIIE
2083 5283 2493 5342 LECTIONES.

520 5405 605 5441 ¹⁷⁸¹
634 5404 779 5461 ἀεθεί
806 5406 861 5461 5.
938 5405 1028 5440 ¹⁷⁸²
1061 5404 1268 5461 deferri
1298 5420 1443 5461 corr.
1478 5405 1699 5460 deferre
1746 5406 1799 5461 3.

1878 5406 1967 5445 ¹⁷⁸³
1998 5409 2273 5465 utilitatis
2324 5409 2379 5463 5.

3180 5404 3269 5441 ¹⁷⁸⁸
3312 5406 3368 5459 et
3416 5401 3463 5455 3.
3530 5378 3727 5459 ⁸³βέῖέ

2460 5407 2551 5443 ³⁷⁸⁸
2609 5405 2881 5462 adversos
2936 5406 2990 5460 3.
3046 5405 3101 5460 5.

452 5476 543 5514 1⁷⁸⁷
572 5476 1009 5553 bestialiscqrr.
1030 5477 1355 5553 hostilis
1379 5549 1417 5553 μ
1439 5476 1526 5512 ⁸⁸⁸
1559 5476 1870 5553 spurcitiae
1904 5448 2626 5553 1.A‘7”‘dppjortunum_3.
2706 5478 2795 5553 ‘jf’f’
2814 5475 3347 5553 ﬁalberstatensem
3365 5475 3456 5553 5._
3484 5451 3728 5553 "’tp‘liﬂ:

448 5565 583 5606 cum
613 5549 665 5603 3.
696 5550 751 5603 5.
786 5547 987 5621 Udalr.
1020 5550 1082 5621 1.Δ
1106 5549 1156 5602 4.
1238 5550 1329 5584 ¹⁷⁹²
1362 5549 1476 5605 div.
1511 5548 1771 5621 propicia
1800 5550 1849 5621 4.

447 5628 708 5689 exarata:
737 5623 834 5678 est.
912 5620 1000 5655 "9‘
1031 5618 1237 5680 idoneo
1257 5622 1312 5679 5.
1390 5621 1478 5657 "9°
1506 5618 1858 5697 exceptionis
1890 5621 1946 5680 b.

1932 5550 2022 5587 ¹⁷⁹³
2056 5550 2523 5610 minutissimum
2555 5550 2607 5607 3.

2028 5625 2117 5664 "9"
2142 5625 2263 5684 fore
2290 5626 2346 5684 5.

2700 5549 2791 5587 ηπ
2812 5548 2946 5606 Inde
2994 5552 3062 5608 ab
3091 5547 3144 5606 h.
3181 5547 3221 5605 ι.
3252 5546 3410 5605 codex
3428 5543 3475 5599 5.
3504 5536 3599 5597 alia
3618 5533 3727 5585 mm
