3996 6158
202 267 360 330 1225

1464 277 1856 338 ANNALES.
1891 310 1967 320 -—
2000 282 2126 338 AN.
2180 283 2355 342 1076.

3460 289 3616 372 isse

198 398 430 456 dedicio
461 399 818 473 principium
850 421 955 460 nec
1004 409 1203 461 tantus
1231 407 1290 460 in
1339 407 1663 481 Thuringia
1693 409 1860 464 fusus
1889 411 1944 475 Α
1976 411 2212 466 militari
2230 430 2404 467 manu
2429 415 2663 486 recepit,
2687 427 2940 487 suosque
2962 415 3198 482 milites,
3221 417 3320 487 qui
3343 417 3616 490 deinceps

199 489 448 561 sanguis
476 491 879 548 restrinxisset
911 496 1021 550 ‘3”.

274 579 462 650 Igitur
493 580 588 634 ubi
611 597 714 652 per
737 584 1044 639 Saxoniam
1075 601 1278 639 rumor
1293 587 1673 656 percrebruit,
1704 587 1858 658 quod

192 685 300 724 rex
331 669 757 726 conterminam
783 672 941 743 regni
965 673 1228 728 Saxonici
1262 675 1560 730 marcham
1587 675 1859 731 Misinen-

193 775 325 814 sem
361 758 508 814 ferro
540 763 594 813 et
625 759 758 832 igne
807 762 1280 833 depopularetur,
1332 765 1402 818 ad
1436 782 1598 819 arma
1629 764 1857 820 concla-

194 852 394 903 mant:
454 847 640 904 multa
694 849 856 905 milia
905 850 1214 907 hominum
1265 853 1421 908 brevi
1479 859 1852 925 concurrunt,

192 937 542 992 conserendi
565 939 901 994 certaminis
923 939 1275 996 intolerabili
1300 943 1521 998 fervent
1542 940 1853 1012 desiderio,

193 1025 431 1081 obviam
464 1025 546 1081 ire
578 1025 846 1083 hostibus
875 1029 1453 1086 unanimialacritate
1473 1033 1851 1088 contendunt.

190 1115 309 1170 Sed
345 1114 620 1186 quoniam
643 1106 1028 1174 Vaccelerando
1046 1119 1238 1175 itineri
1266 1120 1440 1176 turba
1473 1122 1849 1192 frequentior,

189 1203 380 1274 armis
404 1208 581 1276 atque
598 1203 730 1262 aliis
747 1206 1498 1280 impedimentisimplicita,
1517 1227 1723 1282 parum
1747 1227 1850 1282 pro

189 1298 330 1349 voto
387 1298 655 1366 satagere
703 1293 953 1363 valebat,
1013 1297 1120 1352 ﬁlii
1173 1297 1418 1354 Geronis
1467 1299 1723 1370 comitis,
1758 1318 1849 1354 as-

194 1381 460 1454 sumptis
493 1397 693 1438 secum
725 1388 945 1456 septem
976 1385 1218 1442 milibus
1247 1388 1649 1460 expeditorum
1680 1388 1850 1460 equi-

189 1474 352 1539 tum,
386 1488 622 1527 summo
653 1472 810 1541 nisu,
861 1474 1274 1531 ardentissima
1303 1475 1476 1532 citius
1507 1476 1850 1533 conficiendi

187 1559 420 1632 negocii
465 1559 756 1632 aviditate,
805 1561 863 1617 in
897 1579 1206 1618 occursum
1237 1569 1570 1636 properant.
1606 1566 1767 1632 Quod
1798 1564 1850 1620 si

186 1665 392 1721 regem
425 1651 701 1722 consequi
725 1656 780 1707 et
801 1651 884 1707 sic
902 1653 1136 1708 efferato
1160 1653 1365 1722 milite,
1386 1655 1470 1709 sic
1494 1655 1849 1710 ferventibus

1971 505 2169 554 contra
2203 519 2433 557 onmem
2469 505 2559 539 ¹⁸³⁷
2600 504 2855 560 hostium
2904 505 3286 577 irruptionem
3341 506 3614 562 indetessi

1969 591 2338 658 excubarent,
2387 591 2707 664 imposuit;
2762 594 3111 649 mirantibus
3168 596 3414 661 cunctis,
3455 596 3611 666 quod

1967 693 2160 748 regem
2195 696 2298 734 nec
2322 680 2508 736 aetatis
2554 699 2659 737 nec
2704 682 3160 754 propinquitatis
3209 689 3507 756 respectus
3539 685 3610 740 ab

1969 765 2072 821 hac
2101 768 2317 838 injuria
2347 777 2696 826 revocasset.

2037 861 2262 912 Interea
2310 857 2630 914 Ruodolfus
2711 860 2800 895 ’⁸³⁸
2858 862 2973 915 dux
3057 863 3400 930 Suevorum,
3461 863 3621 920 Welf

1965 944 2081 999 dux
2138 946 2556 1018 Bajoariorum,
2615 948 2964 1005 Bertholdus
3025 951 3118 986 1⁸³9
3175 952 3293 1006 dux
3349 952 3612 1008 Carenti-

1965 1050 2196 1100 norum,
2278 1035 2568 1092 Adelbero
2643 1038 2736 1073 ¹³⁴⁰
2801 1037 3109 1110 episcopus
3184 1040 3616 1114 Wirciburgen-

1963 1122 2065 1193 sis,
2116 1124 2464 1180 Adalbertus
2512 1127 2599 1162 ¹⁸⁴¹
2661 1127 2972 1200 episcopus
3024 1129 3498 1198 Wormaciensis,
3558 1134 3616 1186 et

1963 1211 2059 1266 alii
2091 1229 2238 1284 quos
2261 1213 2342 1269 rei
2365 1213 2610 1286 publica:
2633 1216 2935 1273 calamitas
2956 1218 3246 1286 movebat,
3277 1217 3336 1273 in
3366 1217 3490 1274 loco
3511 1217 3614 1290 qui

1961 1299 2175 1356 dicitur
2203 1301 2373 1357 Ulma
2403 1309 2687 1360 conventu
2729 1305 2927 1362 habito
2958 1307 3125 1378 (444),
3160 1310 3512 1375 statuerunt,
3545 1310 3613 1362 ut

1960 1407 2184 1459 omnes,
2219 1392 2580 1466 quicumque
2612 1394 2693 1451 rei
2725 1395 2970 1466 publica:
3001 1396 3341 1452 consultum
3371 1395 3608 1464 vellent,

1969 1481 2028 1532 l7
2059 1480 2346 1536 Kalendas
2385 1484 2726 1540 Novembris
2772 1484 3100 1540 Triburiam
3134 1485 3527 1556 convenirent,
3554 1488 3612 1542 et

1956 1568 2135 1624 variis
2167 1569 2454 1636 cladibus,
2505 1572 2720 1643 quibus
2771 1576 3092 1645 permultos
3110 1575 3238 1644 jam
3268 1591 3453 1630 annos
3496 1591 3609 1646 pax

1958 1656 2353 1714 ecclesiastica
2378 1661 2746 1729 turbabatur,
2794 1663 3028 1718 tandem
3068 1662 3384 1734 aliquando
3425 1662 3606 1719 malo-

189 1738 410 1794 studiis
454 1740 624 1812 signa
673 1741 933 1797 conferre
990 1741 1348 1813 contigisset,
1409 1747 1475 1798 ut
1527 1743 1845 1799 multorum
1880 1780 1927 1845 B
1959 1761 2088 1800 rum
2121 1747 2351 1817 pertaasi
2399 1749 2511 1818 1m,
2544 1749 2720 1804 ﬁnem
2754 1751 3030 1806 facerent.
3075 1755 3194 1806 Hoc
3225 1751 3466 1820 Sueviie,
3498 1753 3608 1808 hoc

189 1827 416 1885 ferebat
445 1829 928 1900 opinio,tractum
955 1834 1042 1886 tot
1059 1831 1229 1886 annis
1256 1831 1477 1886 bellum
1496 1832 1846 1888 Saxonicum
1880 1827 1927 1845 ³⁸⁷
1959 1834 2256 1905 Bajoariaa,
2310 1836 2417 1892 hoc
2461 1837 2745 1906 Saxoniae,
2774 1838 2884 1893 hoc
2918 1839 3308 1912 Lutheringizs
3356 1841 3466 1907 “‘3,
3499 1841 3610 1897 hoc

190 1916 349 1972 facili
383 1917 727 1988 compendio
758 1919 1089 1974 confectum
1121 1920 1349 1985 fuisset,
1382 1924 1438 1976 et
1469 1937 1660 1993 regem
1703 1939 1848 1976 cun-

189 2011 474 2079 ctumque
491 2007 582 2043 ¹⁸³⁰
599 2008 726 2079 ejus
743 2009 1085 2064 comitatum
1110 2008 1199 2064 vel
1224 2010 1311 2044 ¹⁸³¹
1341 2026 1499 2066 mors
1522 2010 1851 2067 certissima

185 2095 278 2150 vel
315 2096 406 2132 1⁸³⁸
431 2096 755 2169 ignominia
773 2096 1311 2168 difficilejabolenda
1333 2099 1848 2170 occupasset.Nam

190 2190 410 2256 praeter
439 2186 755 2242 exercitum
781 2186 1133 2255 Boemicum,
1159 2188 1258 2258 qui
1286 2187 1533 2260 necipse
1549 2188 1635 2244 vel
1667 2190 1848 2244 armis

187 2274 276 2331 vel
310 2275 402 2310 ¹⁸³¹
446 2290 689 2330 numero
744 2274 832 2330 vel
877 2276 968 2312 ¹⁸³¹
1020 2275 1234 2332 virtute
1283 2279 1448 2332 tanto
1494 2278 1733 2350 negocio
1787 2295 1849 2333 se

187 2381 391 2436 parem
406 2363 770 2436 prastiterat,
794 2365 1183 2436 paucissimos
1204 2381 1404 2422 secum
1425 2367 1847 2438 habebat,quo-

187 2453 352 2510 niam
383 2469 881 2525 supervacaneum
913 2453 1233 2512 arbitratus
1271 2456 1482 2526 fuerat,
1516 2455 1849 2512 Teutonicis

189 2542 484 2599 militibus
511 2547 630 2598 tam
662 2542 994 2615 longinquae
1012 2544 1396 2615 expeditionis
1420 2543 1678 2600 laborem
1703 2545 1849 2599 indi-

187 2648 340 2701 cere,
374 2648 510 2688 cum
541 2636 906 2702 speraret,ut
937 2631 1158 2687 dictum
1190 2633 1596 2704 est,industria
1621 2633 1846 2689 Ottonis

188 2721 360 2776 ducis
390 2724 448 2776 et
476 2719 725 2775 aliorum
758 2737 905 2792 quos
928 2720 1228 2776 dedicione
1276 2721 1460 2792 gratis
1500 2721 1844 2786 absolverat,

189 2826 396 2866 omnes
456 2813 745 2864 Saxonum
802 2809 954 2865 vires
1014 2808 1180 2866 facile
1228 2811 1589 2866 enervandas
1634 2812 1746 2879 ‘3”,
1788 2816 1846 2866 et

188 2899 388 2971 copias
403 2897 514 2954 sibi
531 2898 850 2968 majoribus
864 2899 1040 2954 etiam
1059 2898 1228 2954 bellis
1251 2899 1609 2955 sufficientes
1623 2903 1844 2956 statuto

187 2988 281 3044 die
311 3003 377 3043 ac
408 2986 534 3043 loco
566 2985 870 3042 aﬂuturas.
914 2987 1079 3042 Forte
1117 2992 1245 3041 tum
1277 2989 1368 3023 1⁸³³
1399 2988 1698 3060 temporis,
1726 2989 1841 3044 Deo

185 3075 644 3133 misericorditer
703 3075 878 3131 saluti
932 3076 1084 3147 regis
1152 3075 1560 3147 prospiciente,
1631 3075 1843 3132 ﬂuvius

182 3165 368 3221 Milda
396 3165 562 3236 (442),
595 3165 697 3235 qui
729 3169 1047 3236 utrumque
1090 3165 1404 3220 exercitum
1437 3165 1666 3220 medius
1695 3164 1834 3218 diri-
1865 3153 1908 3218 C

181 3256 401 3324 mebat,
419 3253 622 3310 effusis
642 3271 830 3326 nuper
852 3254 1142 3310 imbribus
1160 3253 1534 3310 vehementer
1550 3254 1840 3308 intumue-

178 3350 273 3401 rat
303 3348 477 3415 atque
499 3359 733 3399 omnem
752 3343 1151 3398 transmeandi
1169 3343 1503 3399 facultatem
1519 3344 1836 3400 ademerat.

180 3434 365 3506 Cujus
380 3431 872 3488 rexinundatione
886 3431 1362 3488 commodissime
1376 3449 1478 3504 pro
1490 3448 1550 3487 se
1564 3449 1708 3488 usus
1723 3449 1836 3486 non

180 3526 486 3594 expectata
506 3521 966 3577 decrescentium
1003 3537 1288 3592 aquarum
1312 3520 1732 3587 vicissitudine,
1778 3521 1835 3575 in

181 3613 482 3670 Boemiam
500 3628 562 3668 se
585 3611 803 3682 recepit
819 3614 1230 3682 maturatoque
1254 3626 1354 3681 per
1365 3611 1692 3681 Bajoariam
1716 3611 1839 3665 red-

177 3701 291 3769 itu,
318 3706 568 3757 moestus
590 3717 656 3755 ac
676 3700 988 3772 paenitens,
1015 3700 1169 3770 quod
1200 3702 1396 3754 tantos
1422 3697 1646 3753 labores
1668 3698 1726 3753 in
1748 3715 1840 3753 va-

177 3807 358 3848 cuum
374 3787 1144 3862 expendissetWormaciam
1160 3787 1547 3858 repedavit.Et
1560 3787 1837 3858 quoniam

176 3880 517 3954 digrediens
535 3877 670 3935 duci
695 3878 962 3934 Boemico
977 3875 1274 3932 marcham
1309 3875 1836 3945 Misinensem,tam

177 3973 455 4042 spectata:
487 3968 547 4024 in
580 3967 778 4023 arduis
810 3967 988 4022 rebus
1021 3965 1155 4021 fidei
1195 3966 1525 4037 praemium,
1577 3966 1834 4037 dederat,

176 4058 585 4115 Ecbertus‘s“
634 4054 916 4126 marcbio,
948 4055 1119 4125 cujus
1146 4056 1350 4111 eadem
1401 4056 1548 4127 (443)
1601 4055 1840 4112 marcha

175 4151 324 4214 erat,
359 4145 516 4201 filius
548 4144 832 4216 patruelis
862 4143 1037 4215 regis,
1072 4159 1217 4214 puer
1255 4142 1428 4216 longe
1462 4144 1653 4199 adhuc
1687 4145 1841 4200 intra

174 4235 470 4292 militares
498 4251 706 4300 annos,
743 4232 844 4288 ubi
875 4231 1135 4304 primum
1168 4233 1637 4288 decrescentibus
1669 4233 1840 4305 aquis

173 4325 398 4381 ﬂuvius
430 4325 618 4380 factus
655 4327 745 4380 est
793 4319 1256 4388 transmeabilis,
1280 4321 1572 4390 adjunctis
1603 4322 1695 4356 1⁸³⁵
1727 4323 1839 4376 sibi

179 4413 542 4483 Saxonibus,
573 4413 818 4468 Misinen
844 4412 935 4446 ¹⁸³⁶
964 4410 1234 4482 perrexit,
1271 4409 1581 4480 omniaque
1603 4410 1842 4466 castella

1961 1923 2214 1978 Francia
2246 1925 2571 1980 Teutonicaa
2604 1926 2966 1999 principibus
2991 1928 3441 1995 denunciarunt,
3476 1928 3609 1984 uni-

1955 2029 2270 2084 versosque
2301 2014 2358 2068 in
2392 2030 2702 2070 commune
2724 2032 2826 2087 per
2857 2020 3037 2071 Deum
3067 2016 3533 2086 obtestabantur,
3549 2019 3616 2072 ut

1958 2103 2116 2158 omni
2145 2103 2519 2159 excusatione
2550 2104 2821 2177 relegata,
2855 2109 3067 2160 cuncta
3096 2106 3330 2176 privatae
3355 2105 3436 2162 rei
3457 2104 3615 2161 solli-

1959 2191 2219 2246 citudine
2252 2192 2764 2263 posthabita,hanc
2813 2193 3033 2266 singuli
3065 2194 3480 2250 communibus
3521 2195 3615 2230 ‘3“

1959 2281 2285 2335 commodis
2318 2281 2408 2336 vel
2442 2281 2530 2316 1⁸⁸⁵
2561 2286 2881 2338 extremam
2924 2299 3158 2354 operam
3192 2283 3608 2354 dependerent.

1957 2369 2080 2432 Qua
2109 2370 2506 2440 expectatione
2521 2371 2828 2442 suspensis
2849 2375 3022 2443 atque
3042 2371 3308 2427 attonitis
3331 2372 3606 2428 omnibus

1957 2458 2269 2530 episcopus
2316 2459 2689 2531 Mogontinus
2737 2465 2794 2515 et
2841 2459 2940 2515 alii
2997 2460 3336 2531 quaplures,
3373 2460 3473 2532 qui
3503 2477 3605 2517 ea-

1957 2551 2129 2602 tenus
2161 2551 2354 2620 partes
2397 2548 2554 2620 regis
2605 2548 3008 2604 vehementius
3056 2549 3390 2614 tuebantur,
3437 2549 3509 2605 ab
3535 2565 3601 2605 eo

1955 2636 2310 2705 defecerunt,
2344 2640 2400 2692 et
2429 2636 2689 2707 adjuncti
2723 2637 3075 2708 supradictis
3120 2638 3504 2710 principibus,
3527 2638 3600 2693 ad

1955 2725 2383 2780 meliorandum
2411 2726 2572 2798 regni
2602 2730 2820 2782 statum
2852 2725 3263 2782 ardentissimo
3293 2726 3414 2782 zelo
3444 2743 3604 2783 exar-

1954 2818 2175 2868 serunt.
2195 2816 2336 2868 Miro
2359 2815 2534 2869 etiam
2562 2819 2736 2886 atque
2761 2813 3060 2885 inopinato
3082 2829 3277 2870 rerum
3300 2831 3600 2884 successu,

1953 2906 2018 2958 ut
2048 2904 2203 2974 quod
2236 2902 2628 2958 moliebantur
2646 2902 2827 2958 nullis
2849 2905 2973 2973 jam
3003 2904 3397 2960 retardaretur
3416 2904 3602 2976 impe-

1950 2991 2246 3060 dimentis,
2280 2992 2535 3063 obsides,
2563 2992 2777 3064 quibus
2809 2991 3078 3047 nonnulli
3104 3009 3173 3048 ex
3231 2992 3601 3065 principibus

1952 3080 2250 3150 superiore
2282 3097 2434 3135 anno
2466 3080 2643 3135 fidem
2674 3097 2842 3136 suam
2892 3082 3048 3154 apud
3087 3097 3282 3154 regem
3315 3081 3603 3154 obligave-

1950 3173 2098 3238 rant,
2132 3173 2368 3241 repente
2411 3168 2504 3224 his
2537 3169 2634 3241 qui
2665 3186 2764 3224 eos
2815 3170 3096 3226 dederant
3135 3176 3276 3226 sunt
3323 3173 3599 3228 restituti.

1952 3262 2104 3312 Duos
2127 3257 2294 3312 ducis
2325 3257 2552 3312 Ottonis
2582 3257 2755 3325 filios,
2781 3256 3028 3312 alterum
3059 3274 3157 3312 rex
3174 3259 3319 3329 ipse,
3349 3259 3598 3315 alterum

1951 3347 2000 3400 is
2033 3345 2131 3417 qui
2165 3362 2198 3400 a
2257 3361 2389 3418 rege
2436 3346 2786 3399 servandum
2819 3350 3176 3417 susceperat,
3227 3345 3413 3400 inscio
3444 3362 3599 3419 rege,

1948 3435 2099 3506 patri
2132 3451 2236 3489 nec
2267 3433 2531 3506 opinanti
2557 3433 2805 3488 remisit.

2021 3522 2200 3578 Filius
2231 3522 2473 3578 Uotonis
2498 3523 2590 3563 “"6
2606 3521 2932 3578 machionis
2954 3527 3010 3578 et
3031 3523 3184 3579 ﬁlius
3196 3522 3407 3590 Adelaa,
3433 3524 3598 3580 dere-

1949 3611 2098 3666 lictm
2131 3611 2270 3666 Dedi
2302 3611 2658 3667 marchionis
2689 3611 2860 3684 (445),
2892 3612 3063 3667 ambo
3092 3616 3303 3668 tenera:
3335 3614 3523 3669 aetatis
3543 3617 3601 3668 et

1948 3699 2120 3773 longe
2151 3700 2343 3755 adhuc
2364 3701 2515 3756 infra
2535 3700 2859 3772 pubertatis
2881 3718 3065 3757 annos
3096 3701 3346 3774 pueruli,
3377 3718 3512 3758 cum
3536 3703 3598 3758 in

1948 3789 2273 3846 munitione
2302 3791 2608 3861 cujusdam
2651 3790 2961 3846 Everhardi
2993 3790 3248 3846 ministri
3278 3791 3432 3864 regis
3464 3809 3595 3848 cus-

1947 3878 2295 3950 todirentur,
2331 3895 2611 3951 magnum
2645 3880 2941 3950 quoddam
2973 3885 3030 3935 et
3074 3885 3441 3952 posterorum
3474 3897 3594 3936 me-

1948 3969 2134 4025 moria
2165 3969 2406 4039 dignum
2437 3967 2816 4022 nobilissimae
2847 3967 3060 4022 indolis
3089 3969 3507 4025 documentum
3531 3985 3596 4025 e-

1949 4059 2150 4114 dideru
2162 4061 2242 4111 nt.
2265 4061 2296 4111 J
2305 4061 2532 4112 usserat
2552 4073 2650 4112 rex
2670 4055 2858 4112 eidem
2881 4057 3224 4123 Everhardo,
3247 4059 3335 4113 vel
3360 4058 3448 4094 ¹⁸⁴⁷
3471 4074 3599 4129 pro-

1949 4152 2080 4218 pter
2108 4145 2251 4201 tanti
2285 4145 2513 4217 generis
2543 4145 2864 4201 claritatem
2891 4144 2980 4202 vel
3024 4146 3113 4181 ‘3”
3146 4150 3381 4218 propter
3410 4146 3597 4202 aetatis

1947 4236 2194 4290 inﬁrmae
2226 4235 2715 4306 compassionem,
2738 4239 2803 4290 ut
2833 4251 2932 4291 eos
2955 4235 3464 4308 indulgentissime
3494 4253 3599 4291 nu-

1953 4324 2117 4378 triret
2146 4328 2222 4394 et,
2255 4341 2327 4378 ne
2358 4327 2458 4379 aut
2496 4323 2666 4378 inerti
2699 4323 2814 4379 otio
2853 4328 2954 4378 aut
2993 4325 3155 4396 jugis
3185 4324 3461 4380 custodite
3495 4330 3596 4379 tae-

1949 4412 2044 4466 dio
2073 4412 2462 4481 tabescerent,
2523 4413 2740 4467 sineret
2774 4413 2862 4447 ¹⁸⁴⁸
2893 4429 2992 4468 eos
3031 4413 3324 4468 interdum
3352 4430 3486 4468 cum
3517 4430 3597 4466 ze-

175 4503 398 4575 quibus
413 4499 1840 4572 duxBoemicuspraasidiumimposuerat,admota
1872 4513 1919 4578 D
1951 4499 2227 4572 qualibus
2258 4502 2382 4556 suis
2414 4500 2655 4554 ludicris
2698 4501 2790 4535 ‘8"
2821 4500 3144 4572 puerilibus
3173 4500 3443 4555 exerceri.
3476 4505 3596 4557 Hoc

1541 4625 1785 4682 VARIZE
1827 4625 2238 4682 LECTIONES.

250 4745 348 4786 ‘8"
378 4742 748 4799 restinxisset
776 4741 826 4795 1.
906 4741 1000 4777 1⁸³0
1032 4745 1339 4799 totumque
1362 4743 1414 4795 5.

177 4817 271 4851 ’⁸³³
305 4821 446 4870 tunc
479 4815 529 4868 4.
567 4815 662 4849 ¹⁸³⁴
693 4813 982 4868 Robcrtus
1013 4814 1065 4866 3.
1173 4812 1262 4845 ¹⁸³⁵
1292 4812 1577 4867 advinctis
1607 4815 1660 4868 4-.

175 4887 384 4943 dulfus
414 4887 467 4940 3.
548 4886 640 4921 1⁸³³
695 4883 1048 4942 Bertholdus
1095 4885 1147 4936 4.

173 4958 474 5016 theringie
507 4958 556 5012 1.
589 4957 643 5012 3.

175 5031 268 5069 ‘9“
301 5029 514 5086 Iudicis
544 5030 598 5085 3.

1497 4741 1585 4775 ¹⁸³¹
1619 4746 1675 4796 et
1707 4773 1774 4781 ——
1806 4746 1862 4797 et
1890 4774 1958 4783 -—
1985 4745 2043 4796 et
2070 4772 2137 4781 -—
2167 4741 2293 4795 et5.

1744 4815 1834 4850 1⁸³⁶
1865 4814 2176 4870 Missenem
2213 4813 2260 4866 1.
2287 4812 2566 4866 Misenem
2599 4813 2650 4866 4.
2672 4812 2727 4865 5.

1231 4883 1319 4916 ¹⁸⁴⁰
1362 4882 1644 4940 Adelbero
1693 4901 1901 4940 omnes.

724 4955 816 4996 13“
848 4953 1182 5011 communis
1212 4956 1264 5009 3.
1349 4955 1437 4989 ¹⁸⁴⁵
1468 4961 1525 5012 et
1553 4958 1606 5010 5.
1687 4958 1774 4993 ιδιθ
1801 4959 1880 5013 ita
1909 4959 1959 5012 3.
1995 4958 2046 5013 4.
2078 4971 2213 5012 vero
2269 4955 2440 5011 Conis
2496 4956 2551 5010 5.
2633 4954 2719 4990 “‘7
2751 4960 2808 5010 et
2835 4985 2900 4996 -—
2922 4953 2978 5009 et
2997 4954 3051 5008 5.
3134 4954 3222 4997 ‘8‘“
3253 4953 3510 5010 sinerent
3537 4954 3592 5008 3.

2376 4740 2469 4776 1m
2499 4740 2837 4795 evertendas
2857 4755 3125 4810 superscr.
3147 4738 3514 4810 enervandas
3535 4740 3592 4794 4.

2807 4812 2896 4845 ¹⁸³⁷
2922 4809 3190 4866 omnium
3223 4812 3276 4866 4.
3355 4809 3442 4844 ¹⁸³³
3475 4810 3592 4866 Ru-

1983 4885 2071 4920 13“
2131 4882 2479 4939 Adelbertus
2538 4885 2587 4939 1.
2644 4884 2696 4937 3.
2777 4883 2868 4919 ¹⁸⁴²
2919 4886 3080 4954 parte
3139 4883 3188 4938 si
3223 4883 3295 4954 4.,
3354 4881 3444 4916 ¹⁸⁸³
3484 4887 3594 4936 Lu-

1791 5152 2020 5209 NOT/E.

249 5252 406 5322 (442)
434 5249 620 5307 Hodie
647 5248 862 5322 Mulde.

249 5253 382 5322 (442
434 5252 620 5307 Hodie
647 5252 862 5305 Mulde.

249 5252 406 5394 (443)
434 5323 649 5379 Christ.
690 5317 1169 5394 Scblegelius‘in‘
1195 5318 1410 5394 Histor.
1446 5320 1658 5394 Saxon.
1709 5338 1840 5375 suc-

180 5390 372 5452 cincta
386 5390 454 5451 et
483 5398 755 5451 accurata
785 5390 910 5464 (Ms.
944 5391 1002 5446 in
1033 5390 1299 5464 biblioth.
1326 5392 1545 5462 Vinar.)
1570 5392 1843 5464 opinatur

181 5484 317 5522 cum
350 5465 684 5538 Sagittario,
710 5464 866 5538 hunc
887 5462 1082 5518 locum
1105 5462 1424 5538 alibrariis
1451 5479 1578 5538 es_s_e
1601 5462 1838 5538 corrup-

179 5544 308 5594 tum
338 5543 394 5610 et
412 5533 515 5610 pro
536 5553 662 5610 voc.
691 5535 878 5610 eadem
898 5551 1026 5590 esse
1049 5533 1418 5610 scribendem
1444 5551 1456 5588 :
1488 5533 1835 5610 Thuringica,

179 5616 286 5672 aut
315 5605 524 5668 saltem
542 5609 783 5665 Ecberto
815 5607 887 5663 ob
921 5606 1421 5678 propinquitatem
1450 5609 1507 5663 et
1535 5605 1838 5679 cognatioé

501 5735 767 5801 Parma.
813 5733 1077 5800 CXLVI.

1955 5267 2088 5322 nem
2122 5251 2454 5321 proximum
2484 5251 2660 5307 etiam
2684 5251 2786 5322 jus
2814 5251 2874 5306 in
2905 5251 3172 5307 eamdem
3203 5248 3597 5322 competiisse.

1951 5321 2080 5376 Vid.
2117 5323 2292 5377 etiam
2324 5326 2592 5390 Mascov.,
2624 5340 2679 5394 p.
2711 5324 2798 5394 64,
2832 5327 2951 5378 not.
2981 5323 3035 5376 7.

2022 5393 2168 5465 (444)
2205 5394 2283 5448 De
2314 5393 2422 5448 hoc
2469 5392 2756 5450 conventu
2786 5392 3067 5449 'Ulmensi
3115 5394 3185 5449 cf.
3220 5392 3599 5450 Bertholdum

1947 5464 2167 5663 11:.(243)
2217 5535 2501 5593 Henricus
2547 5537 2590 5603 Ι,
2644 5540 2846 5608 postea
2891 5536 3152 5594 marcbio
3202 5537 3513 5595 Misnensis
3540 5539 3599 5594 et

1992 5623 2212 5663 usaite.

1992 5623 2190 5664 αεαιιεθ
2201 5647 2212 5661 .

3194 5738 3273 5809 39
