3962 6158
463 312 616 372 122³7

1604 308 1998 369 LAMBEBTI
2062 307 2721 369 HERSFELDENSIS.

3618 320 3721 379 £228

464 446 656 515 ipsum
680 447 967 514 parentes,
985 443 1184 496 crebra
1200 441 1547 495 custodibus
1562 441 1913 495 munuscula
1936 440 2105 495 desti-
2133 443 2187 506 Α
2218 439 2923 513 chiepiscopoMogontine
2938 454 3145 511 genere
3172 439 3606 510 coniunctissimos
3623 465 3726 520 esse,

469 537 695 599 nantes,
722 532 1082 603 flagitabant.
1100 530 1255 585 Fecit
1278 530 1374 585 ille
1409 535 1471 584 ut
1501 532 1825 601 petebatur,
1855 536 1909 585 et
1942 532 2110 584 modo

464 622 615 676 intra
639 620 1023 675 munitionem
1045 620 1217 674 modo
1241 623 1420 685 extra,
1442 619 1720 674 adhibitis
1743 619 2109 685 custodibus,

460 715 630 781 prout
652 708 884 763 libitum
907 713 1031 762 erat
1052 708 1251 762 ludere
1284 707 1783 779 patiebatur,nihil
1803 706 2108 762 sinistrum

460 799 519 852 in
550 802 717 853 {etate
749 796 1000 868 simplici
1031 802 1085 851 et
1138 795 1360 851 fraudis
1413 797 1609 851 nescia
1639 797 1971 868 suspicatus
1998 797 2106 849 “‘50.

459 886 757 941 Interdum
780 884 957 940 etiam
973 886 1029 939 in
1054 901 1262 939 nemus
1276 885 1427 955 quod
1444 884 2106 957 munitionicontiguum

459 979 583 1030 erat
632 978 904 1029 venatum
945 990 1213 1045 pergens,
1277 975 1579 1045 impositos
1621 975 1777 1045 equi,
1809 975 1978 1043 cujus
2028 973 2106 1027 rei

458 1064 696 1117 vixdum
730 1071 866 1117 aetas
899 1064 1127 1134 patiens
1176 1068 1317 1127 erat,
1351 1079 1551 1117 secum
1592 1062 1674 1117 ire
1710 1062 2103 1133 permittebat,

461 1158 525 1206 ut
547 1168 856 1223 oppressas
879 1168 1123 1206 mmrore
1155 1168 1219 1205 ac
1252 1153 1417 1206 taedio
1452 1155 1677 1207 mentes
1726 1152 1834 1206 hoc
1864 1152 2105 1206 advoca-

460 1241 1279 1296 mento1351recrearent.Cum
1311 1241 1418 1295 hoc
1464 1242 1675 1311 saepius
1713 1241 1943 1307 faceret,
1979 1258 2107 1294 con-

459 1331 705 1386 suetudo
755 1332 1052 1397 fiduciam,
1102 1330 1315 1384 fiducia
1363 1330 1704 1385 custodibus
1735 1329 2103 1385 securitatem

456 1419 738 1491 pariebat,
772 1424 837 1473 ut
866 1420 948 1473 eis
971 1418 1371 1491 indulgentius
1403 1418 1461 1473 in
1489 1418 1613 1473 dics
1645 1418 1940 1491 diligentis
1972 1436 2104 1473 cus-

456 1508 625 1563 todizn
649 1509 810 1563 frena
846 1506 1129 1574 laxarent,
1167 1512 1223 1562 et
1245 1507 1694 1578 absumptajam
1719 1507 1879 1562 omni
1911 1507 2103 1577 suspi-

456 1597 640 1667 cione,
658 1596 943 1668 quidquid
965 1596 1289 1651 voluissent
1310 1597 1485 1651 etiam
1500 1594 1723 1666 abSque
1745 1595 1982 1650 arbitris
2005 1612 2104 1650 eos

452 1702 623 1758 agere
646 1689 994 1757 paterentar.
1027 1686 1335 1757 Cmperunt
1356 1684 1554 1756 igitur,
1579 1685 1935 1755 ubicumque
1957 1689 2102 1739 tem-

455 1791 567 1845 pus
598 1779 653 1829 et
686 1774 876 1828 locum
913 1774 1280 1828 secretiorem
1323 1774 1477 1828 nacti
1510 1775 1759 1839 fuerant,
1806 1789 2105 1828 sermones

455 1877 776 1929 conserere,
797 1862 993 1932 patriis
1008 1866 1433 1933 parentumque
1455 1863 2105 1934 recordari,peregrina-

458 1951 632 2005 tionis
657 1950 954 2005 molestias
979 1950 1300 2021 deplorare,
1335 1956 1391 2005 et
1426 1956 1488 2005 ut
1518 1968 1619 2022 pro
1653 1950 1837 2005 salute
1870 1968 1977 2005 sua
2003 1950 2105 2004 ali-

456 2038 595 2110 quid
620 2039 735 2093 Deo
758 2039 993 2110 auspice
1015 2044 1385 2105 conarentur,
1402 2040 1625 2094 mutuis
1649 2057 1709 2094 se
1731 2039 2107 2094 suasionibus

454 2128 718 2183 incitare.
752 2127 1012 2191 Quadam
1044 2145 1178 2200 ergo
1211 2129 1322 2195 die,
1346 2145 1476 2182 cum
1496 2129 1664 2199 juxta
1695 2128 1931 2183 solitum
1964 2146 2108 2199 prm-

454 2216 646 2272 dictus
679 2217 1066 2283 Everhardus,
1101 2233 1302 2271 secum
1335 2217 1662 2288 assumptis
1691 2219 1797 2287 eis,
1831 2222 2106 2273 venatum

453 2305 684 2371 exisset,
718 2309 775 2361 et
822 2305 892 2360 ad
950 2304 1377 2373 insectandam,
1410 2322 1537 2376 qua:
1591 2323 1727 2361 casu
1758 2311 2107 2392 occurrerat,

455 2395 637 2450 feram
661 2409 885 2462 omnes;
910 2398 975 2447 ut
996 2393 1119 2448 fieri
1152 2393 1384 2465 assolet,
1406 2394 1726 2450 inconditis
1753 2394 2108 2449 clamoribus

454 2482 900 2538 ferventissimis
931 2482 1142 2537 studiis
1174 2482 1613 2549 discurrissent,
1646 2482 1878 2554 pueruli
1911 2483 2011 2538 ubi
2044 2498 2107 2537 se

454 2570 611 2626 solos
643 2571 1038 2634 adverterunt,
1074 2571 1376 2624 custodem
1400 2569 1647 2639 nullum,
1675 2588 1772 2626 eos
1806 2571 1906 2641 qui
1930 2570 2106 2625 simul

453 2664 729 2715 venatum
762 2664 1168 2731 processerant
1199 2659 1445 2714 aliarum
1481 2675 1676 2714 rerum
1710 2660 2105 2726 immemores,

456 2748 564 2804 soli
596 2765 722 2819 quas
744 2749 1024 2819 agebatur
1055 2747 1346 2803 venationi
1386 2747 1833 2817 intentissimos,
1868 2748 2105 2819 quantis

454 2845 704 2909 possunt
732 2837 976 2892 viribus.
1011 2836 1176 2907 equis
1220 2837 1481 2891 subdunt
1518 2836 1784 2902 calcaria,
1837 2852 1940 2908 per
1970 2854 2104 2891 con-

456 2928 638 2982 densa
667 2926 969 2990 silvarum,
994 2942 1095 2996 per
1115 2926 1365 2995 abrupta
1405 2927 1692 2980 montium
1717 2943 1817 2997 per
1856 2942 2107 2981 concava

454 3015 716 3081 vallium,
743 3014 984 3085 periculi
1016 3014 1106 3068 sui
1129 3012 1214 3068 vel
1244 3014 1606 3086 negligentes
1627 3016 1712 3070 vel
1745 3020 2101 3086 contempto-

456 3104 739 3170 res,dicto
763 3102 934 3157 citius
961 3102 1190 3157 evolant
1220 3120 1232 3169 ;
1258 3119 1362 3157 nec
1402 3103 1460 3157 in
1486 3108 1710 3157 certum
1730 3104 1983 3176 aliquem
2016 3103 2102 3159 lo-

2221 531 2313 583 cui
2347 531 2393 583 si
2440 530 2760 584 incolumes
2791 529 3136 583 intemerata
3168 530 3275 584 fide
3312 532 3554 604 restituat,
3576 542 3662 592 tam
3683 543 3728 594 ab

2221 617 2346 687 ipso
2378 636 2551 689 quam
2582 636 2615 672 a
2644 618 2853 672 ceteris
2873 618 3216 689 parentibus
3238 618 3367 686 suis,
3389 622 3472 691 qui
3492 622 3607 678 inter
3626 630 3729 699 regni

2222 708 2510 778 principes
2541 711 2595 761 et
2626 724 2801 779 opum
2826 712 2881 761 et
2902 706 3203 778 dignitatis
3220 709 3433 778 speciali
3459 716 3731 786 praerogativa

2219 795 2533 861 emineant,
2567 796 2743 867 digna
2775 796 2999 850 meritis
3031 796 3269 867 praemia
3296 797 3544 854 relaturus
3568 803 3638 855 sit.
3661 804 3730 859 Nec

2220 884 2399 938 mulio
2434 892 2565 955 post
2597 885 2795 939 aderat
2828 884 3311 955 Everhardusm“,
3344 886 3557 942 fremens
3580 894 3623 943 et
3648 893 3730 945 etri-

2218 973 2360 1027 dens
2379 973 2652 1027 dentibus
2672 990 2786 1043 prm
2812 972 3029 1027 doloris
3047 973 3418 1045 impatientia,
3433 983 3733 1049 compertoque

2218 1077 2319 1131 per
2348 1062 2630 1116 veridicos
2649 1061 2890 1127 indices,
2912 1079 3026 1133 quo
3051 1063 3213 1133 pueri
3236 1063 3734 1133 divertissent,summi

2217 1150 2292 1211 vi,
2327 1167 2557 1203 summo
2590 1150 2896 1205 conamine
2947 1151 3184 1204 domum
3220 1168 3519 1224 expugnare
3559 1153 3736 1225 foresque

2214 1236 2531 1310 infringere
2564 1239 2824 1309 parabat,
2846 1245 2901 1294 et
2922 1239 3032 1294 nisi
3057 1239 3288 1295 obsides
3309 1240 3445 1312 regis
3461 1246 3639 1298 mature
3660 1244 3736 1297 red-

2217 1328 2512 1393 derentur,
2546 1327 2742 1399 ignem
2792 1328 2961 1383 tectis
2993 1346 3054 1383 se
3102 1328 3439 1401 injecturum
3486 1332 3739 1401 minabatur,

2214 1414 2517 1471 Concurrit
2546 1415 2747 1471 civitas
2775 1416 2845 1471 ad
2891 1416 3311 1487 spectaculum,
3359 1424 3409 1473 et
3450 1419 3576 1474 facta
3597 1424 3661 1474 est
3680 1437 3739 1491 pro

2215 1504 2426 1559 studiis
2450 1505 2707 1575 partium
2731 1505 2975 1560 confusa
2994 1510 3050 1561 et
3071 1506 3308 1562 dissona
3329 1507 3472 1562 aliud
3490 1512 3631 1580 atque
3645 1507 3740 1564 aliud

2215 1592 2595 1648 clamantium
2652 1595 2957 1650 turbarum
2988 1596 3343 1651 vociferatio.
3382 1596 3577 1651 Perlato
3600 1597 3652 1650 ad
3673 1597 3741 1666 epi-

2214 1699 2456 1753 scopum
2488 1682 2886 1755 Mogontinum
2912 1683 3327 1739 tumultuantis
3347 1684 3567 1739 civitatis
3591 1684 3741 1747 nuntio,

2221 1772 2382 1826 misit
2403 1771 2707 1827 confestim
2735 1788 2867 1827 cum
2890 1773 3132 1828 armatis
3153 1774 3469 1829 Conradum
3484 1774 3689 1827 comitem
3702 1773 3742 1825 de

2217 1859 2454 1915 castello
2477 1861 2631 1931 quod
2652 1859 3296 1934 diciturLiuzelenburg
3319 1863 3421 1929 ηδτ,
3443 1862 3531 1933 qui
3547 1866 3645 1916 tum
3660 1861 3744 1915 forte

2218 1949 2371 2019 apud
2405 1949 2742 2021 episcopum
2795 1966 3053 2021 praesens
3105 1955 3250 2004 erat.
3284 1951 3387 2015 Qui
3421 1950 3622 2005 veniens
3643 1950 3745 2003 Ever-

2218 2037 2491 2103 hardum,
2525 2037 2787 2109 improbe
2818 2039 2903 2076 ¹⁸⁵⁸
2953 2038 3287 2094 saevientem
3335 2044 3497 2111 atque
3531 2039 3581 2093 in
3620 2053 3747 2092 omnes

2218 2126 2318 2197 qui
2350 2126 2701 2181 obsisterent
2733 2143 2887 2181 nunc
2932 2126 2989 2181 vi
3020 2144 3177 2182 nunc
3218 2127 3625 2183 comminatione
3648 2142 3749 2198 gras-

2219 2217 2470 2281 santem,
2504 2216 2573 2270 ab
2606 2216 3042 2287 obpugnatione
3087 2217 3301 2271 aedium
3332 2233 3458 2271 cum
3502 2214 3753 2271 contumelia

2220 2303 2450 2375 repulit,
2484 2308 2904 2375 susceptosquc
2926 2322 3137 2377 pueros
3165 2306 3434 2378 episcopo
3470 2304 3751 2377 presentavit.

2221 2392 2319 2447 Ille
2350 2392 2667 2447 admodum
2682 2392 3033 2463 gratulatus,
3058 2395 3216 2465 quod
3250 2410 3479 2450 causam
3500 2392 3753 2466 principum,

2219 2481 2316 2552 qui
2350 2497 2451 2552 pro
2482 2482 2782 2535 communi
2824 2483 3130 2537 commodo
3161 2499 3329 2538 arma
3359 2498 3570 2539 sumere
3595 2480 3754 2536 medita-

2217 2569 2452 2634 bantur,
2485 2569 2592 2623 hac
2623 2568 2794 2624 etiam
2826 2574 2988 2641 parte
3035 2571 3568 2642 impedimentorum
3587 2568 3753 2622 1mlibe-

2218 2663 2423 2723 rasset,
2459 2658 2583 2713 suis
2615 2658 2879 2730 singulos
2902 2660 3247 2731 parentibus
3265 2678 3396 2716 cum
3429 2660 3571 2716 omni
3596 2658 3755 2729 diligen-

2215 2746 2319 2812 tia,
2338 2763 2406 2801 ne
2439 2747 2572 2817 quis
2593 2746 2817 2802 scilicet
2837 2747 3219 2804 insidiaretur
3242 2746 3755 2815 abeuntibus,remisit.

2286 2840 2509 2890 Statuta
2541 2837 2634 2891 die
2665 2837 2801 2903 (Oct.
2837 2838 2924 2906 16)
2965 2838 3136 2908 juxta
3188 2840 3515 2895 condictum
3560 2836 3759 2910 principes

2216 2925 2432 2980 Sueviaa
2454 2931 2511 2980 et
2525 2926 2785 2981 Saxonis}
2806 2926 3133 2982 Triburiam
3149 2933 3538 2984 convenerunt
3556 2924 3758 2997 amplissi-

2218 3031 2311 3069 mo
2336 3031 2600 3083 numero,
2624 3015 2934 3071 obstinatis
2959 3017 3258 3073 mentibus
3281 3019 3351 3073 ad
3380 3014 3760 3073 summovendum

2217 3120 2250 3157 a
2281 3104 2535 3175 negociis
2559 3104 2721 3175 regni
2744 3121 2937 3175 regem
2954 3105 3381 3178 Heinricum,et
3403 3107 3568 3163 alium
3589 3105 3633 3159 in
3651 3115 3759 3173 quem

456 3210 589 3248 cum
619 3191 871 3264 regionis
894 3191 1104 3263 ignari,
1128 3208 1367 3247 cursum
1390 3192 1673 3264 dirigunt,
1700 3195 1797 3249 sed
1825 3194 1914 3229 ⁸⁸⁵³
1946 3194 2104 3248 laxa-
2135 3181 2177 3247 C
2216 3192 2552 3247 communis
2586 3192 2785 3247 electio
2822 3195 3224 3251 consensisset
3247 3197 3570 3251 creandum.
3595 3194 3763 3249 Aderant

454 3282 531 3337 tis
552 3287 769 3337 temere
799 3280 1453 3352 habenis,quocumque
1476 3282 1729 3353 impetus
1758 3299 1938 3353 equos
1959 3285 2100 3338 fere-

452 3371 571 3438 bat,
606 3369 930 3442 prazcipites
962 3374 1158 3423 ruunt.
1192 3369 1369 3425 Celeri
1419 3388 1593 3426 cursu
1626 3372 1973 3427 transmisso
2003 3389 2100 3427 ne-

416 3476 419 3481 '
454 3475 615 3515 more
645 3460 716 3513 ad
748 3458 997 3513 anem
1033 3459 1121 3494 ηδδῖ
1174 3458 1536 3529 perveniunt,
1585 3460 1930 3530 piscatorem
1978 3460 2102 3515 illic

455 3548 757 3603 offendunt
787 3548 844 3602 in
877 3548 1094 3618 scapha
1116 3547 1426 3619 piscatoria
1456 3550 1545 3583 1⁸⁵⁵
1568 3549 1827 3620 capturis
1852 3550 2100 3620 piscium

452 3636 1089 3707 ineumbentem,evehi
1109 3654 1170 3692 se
1196 3638 1549 3709 Mogontiam
1578 3642 1801 3709 petunt,
1824 3639 2103 3695 clamides

458 3743 595 3783 suas
613 3726 829 3798 quibus
851 3726 1267 3795 vestiebantur,
1285 3727 1563 3797 quoniam
1579 3726 1735 3782 aliud
1752 3729 1808 3783 in
1826 3718 2100 3800 promptu

456 3833 573 3871 non
606 3819 747 3881 erat,
772 3814 1083 3871 evectionis
1105 3816 1365 3887 precium
1390 3816 1657 3871 offerunt.
1680 3817 1783 3873 Ille
1804 3817 1888 3873 vel
1912 3818 2102 3889 precio

453 3904 718 3971 allectus,
740 3904 827 3959 vel
847 3904 1218 3959 miseratione
1238 3905 1691 3977 periclitantium
1717 3912 2014 3977 permotus
2035 3938 2104 3947 ——

454 3994 565 4049 hoc
594 3994 751 4048 enim
783 4010 850 4047 ex
877 3993 1265 4064 trepidatione
1313 3998 1370 4048 et
1417 3998 1603 4049 cetero
1639 3996 1896 4062 corporis
1932 4000 2100 4068 gestu

454 4082 623 4137 facile
648 4082 991 4151 eonjiciebat
1010 4111 1077 4121 -—
1104 4081 1353 4152 benigne
1376 4083 1435 4135 in
1460 4083 1789 4138 naviculam
1818 4085 2097 4156 suscepit,

453 4173 510 4223 et
539 4166 893 4223 utensilibus
925 4184 1052 4239 quae
1080 4166 1139 4221 in
1177 4166 1446 4222 navicula
1476 4172 1639 4222 erant
1670 4169 1996 4239 adopertos,
2030 4188 2101 4226 ne

452 4255 673 4311 scilicet
692 4256 764 4310 ab
780 4256 1230 4327 insequentibus
1243 4259 2072 4331 agnoscerentur,Mogontiam
2086 4306 2098 4328 ,

451 4350 517 4400 ut
561 4348 922 4417 rogaverant,
956 4345 1159 4411 evexit,
1189 4346 1336 4416 Equi
1370 4362 1593 4414 eorum,
1628 4347 1872 4403 transito
1905 4366 2095 4417 amne,

448 4436 509 4490 in
530 4433 805 4490 ulteriore
828 4434 972 4505 ripa,
994 4436 1164 4505 juxta
1184 4434 1512 4490 naviculam
1537 4435 1751 4491 mirum
1775 4437 1832 4491 in
1860 4439 2095 4493 modum

448 4526 748 4581 moderato
770 4524 952 4596 gradu
988 4525 1393 4589 decurrebant,
1428 4523 1507 4579 ita
1538 4529 1601 4579 ut
1632 4542 1764 4580 cum
1788 4532 1962 4583 eunte
1995 4545 2096 4582 na-
2128 4553 2174 4616 D

445 4614 637 4670 vicula
669 4615 886 4685 pariter
916 4613 1088 4680 irent,
1124 4630 1256 4668 cum
1307 4613 1662 4668 subsistente
1710 4615 1926 4685 pariter
1958 4619 2093 4671 sub-

445 4702 740 4759 sisterent.
777 4703 972 4757 Brutis
1006 4702 1308 4773 pecoribus
1333 4703 1422 4737 ί⁸⁵⁵
1443 4702 1939 4760 humanasinesse
1971 4706 2094 4760 ani-

446 4808 571 4847 mas
605 4793 887 4847 crederes.
924 4791 1029 4846 Ubi
1064 4792 1417 4863 Mcgontiam
1450 4797 1685 4846 ventum
1719 4796 2093 4865 est,receptis

446 4881 613 4951 equis
644 4882 789 4948 suis,
840 4880 897 4935 in
950 4882 1189 4935 domum
1236 4881 1532 4951 quandam
1585 4883 1719 4952 ripa:
1753 4882 2090 4953 contiguam

443 4965 709 5023 clanculo
743 4985 804 5023 se
836 4969 1211 5040 immergunt,
1262 4968 1685 5038 dominumque
1730 4969 1938 5025 domus
1990 4989 2092 5043 per

442 5055 627 5112 Deum
656 5058 1042 5125 obtestantur,
1075 5074 1147 5111 ne
1194 5072 1291 5111 eos
1318 5057 1593 5127 cuiquam
1626 5057 1868 5128 prodat;
1905 5076 1966 5115 se
1996 5077 2085 5115 ar-

2213 3298 2330 3335 una
2356 3280 2530 3352 legati
2563 3281 2891 3353 apostolicae
2936 3283 3115 3352 sedis,
3146 3284 3505 3357 Sigehardus
3531 3277 3762 3355 patriarcha

2210 3369 2599 3441 Aquileiensis
2621 3370 3038 3427 etAltmannus
3060 3374 3427 3430 Pataviensis
3450 3366 3764 3445 episcopus,“

2213 3458 2539 3530 apostolicae
2573 3460 3031 3516 conversationis
3077 3466 3133 3516 et
3166 3480 3513 3534 magnarum
3541 3464 3591 3516 in
3613 3457 3762 3514 Christo

2209 3546 2513 3615 virtutum,
2548 3549 2640 3603 cui
2673 3566 2823 3621 papa
2851 3549 3001 3604 vices
3022 3566 3163 3605 suas
3188 3552 3247 3606 in
3279 3551 3631 3624 dispositione
3652 3541 3765 3601 eccle-

2212 3636 2581 3692 siasticarum
2605 3654 2917 3693 causarum
2944 3638 3398 3711 delegaverat,et
3424 3640 3546 3695 laici
3564 3629 3764 3692 nonnulli.

2213 3725 2313 3796 qui
2347 3725 2576 3797 magnis
2608 3726 2815 3798 opibus
2850 3726 3067 3782 relictis
3100 3727 3261 3784 ultro
3285 3745 3347 3784 se
3379 3729 3448 3784 ad
3473 3727 3701 3801 privatam
3722 3723 3766 3772 t8-

2213 3830 2509 3884 nuemque
2538 3815 2722 3869 vitam
2754 3818 2988 3886 propter
3014 3815 3204 3872 Deum
3229 3817 3600 3884 contulerant,
3619 3806 3764 3867 missia

2211 3907 2471 3958 Romano
2503 3904 2797 3975 pontifice,
2832 3908 2896 3959 ut
2944 3903 3137 3976 palam
3190 3907 3469 3963 omnibus
3511 3921 3599 3978 per
3631 3896 3765 3956 Callias

2212 3996 2696 4062 contestarentur,
2724 3992 2901 4061 justis
2947 3994 3017 4048 de
3048 3995 3248 4051 causis
3302 3991 3764 4052 excommunicatum

2211 4097 2340 4136 esse
2370 4097 2563 4152 regem
2595 4080 2955 4147 Heinricum,
2990 4086 3047 4136 et
3088 4083 3162 4137 ad
3205 4082 3535 4157 eligendum
3562 4078 3702 4137 alium
3716 4069 3765 4105 ’⁵⁵³

2212 4168 2512 4240 apostolici
2545 4186 2868 4225 consensus
2897 4175 2954 4225 et
2983 4173 3357 4229 auctoritatis
3381 4170 3677 4242 suffragium
3692 4159 3765 4235 ροι-

2208 4259 2543 4314 licerentur.
2564 4258 2634 4312 Hi
2667 4275 2768 4314 nec
2793 4259 3042 4332 principi
3063 4278 3167 4317 nec
3192 4263 3419 4334 privato
3450 4247 3764 4333 cuiquamﬁltti

2210 4349 2329 4420 regi
2376 4348 2621 4403 Ilenrico
2656 4348 2809 4403 dicto
2841 4350 2929 4403 vel
2978 4349 3131 4406 facto
3166 4351 3533 4424 aliquatenus
3578 4349 3677 4419 post
3709 4356 3763 4395 EI-

2210 4438 2798 4492 communicationem
2854 4439 3378 4509 communicasset,
3432 4433 3762 4496 communicare

2208 4526 2497 4593 volebant,
2531 4528 2712 4581 donec
2736 4526 2966 4598 publice
2992 4530 3297 4597 professus
3319 4527 3764 4603 pamitentiam,p€r

2205 4614 2608 4683 Altmannum,
2652 4616 2933 4671 vicarium
2968 4618 3215 4673 Romani
3250 4619 3556 4692 pontificis,
3598 4608 3762 4669 δηλωθ-

2208 4708 2359 4759 male
2376 4704 2789 4759 absolveretur.
2824 4705 2950 4760 Pari
2974 4708 3201 4763 cautela
3223 4726 3428 4764 eorum
3451 4720 3648 4779 quoque
3665 4709 3763 4753 σθω·

2205 4794 2543 4849 munionem
2584 4794 2864 4860 vitabant,
2900 4794 2998 4865 qui
3032 4798 3374 4867 presbiteris
3417 4780 3761 4866 conjugatisvel

2203 4883 2285 4939 cis
2309 4884 2403 4955 qui
2431 4881 2858 4937 ecclesiasticas
2883 4884 3290 4942 ordinationes
3345 4886 3528 4959 precio
3553 4888 3762 4948 comparat

2198 4971 2471 5026 verantin
2496 4971 2754 5026 oratione
2776 4975 3453 5031 communicassent.Per
3468 4977 3652 5045 septem
3668 4960 3755 5033 (tiri

2200 5062 2394 5132 itaque
2436 5059 2744 5115 continuos
2798 5059 2923 5116 dies
2983 5062 3232 5119 consilia
3281 5044 3640 5123 conferentes,
3674 5044 3757 5121 quid

1796 5166 2040 5223 VARIZE
2080 5168 2492 5225 LECTIONES.

517 5251 607 5285 ¹⁸⁵⁰
637 5251 1007 5322 conspicatus
1041 5253 1116 5308 l'.

1197 5252 1282 5286 ¹⁸⁵¹
1339 5251 1660 5323 legendum:
1717 5261 2115 5323 avocamento,

442 5323 624 5400 animi
653 5324 1033 5400 remissionem
1058 5324 1868 5400 (Linderangsp-Lﬂrholungs-,
1899 5323 2503 5400 Zersireu-zingsmz’ttel)
2534 5328 2829 5397 tigni/icui.

2165 5258 2305 5329 quod
2353 5256 2711 5329 vocabulum,
2758 5260 2942 5314 Plinio
2991 5261 3107 5324 jun.
3167 5267 3223 5314 et
3255 5260 3526 5315 Lactantio
3554 5253 3753 5329 mirum!

2910 5322 3001 5365 isse
3035 5332 3081 5385 Si
3116 5332 3163 5383 1,.
3254 5334 3350 5365 1353
3380 5334 3610 5384 montem
3634 5322 3675 5373 5,
3708 5327 3752 5365 ω.

444 5393 687 5476 fluvium
728 5397 777 5448 1-
834 5388 1255 5476 ,ἒῗῗῖρίέοξηοξτί
1288 5388 1877 5476 ἀδὶδίῗρείξέρτίᾙυέ
1910 5402 1990 5476 vel
2022 5388 2359 5476 stercoribus
2390 5401 2440 5453 3-
2476 5388 2527 5453 ’1-
2560 5388 2613 5476 5:-
2682 5388 3182 5476 "??Eberhardus
3216 5388 3753 5473 3ο4ο5τθιίεειέπίναθ

444 5465 493 5520 1.
525 5481 754 5537 semper.
833 5467 919 5501 ¹⁸δ⁷
951 5465 1365 5539 Linzclenburg
1394 5467 1445 5520 3.
1473 5465 1556 5520 5‘?
1630 5469 1717 5502 ίθδδ
1749 5470 1896 5526 deest
1927 5473 1978 5527 4.
2015 5465 2105 5507 ίδεο
2130 5473 2543 5545 impeditorum
2576 5473 2626 5527 3.

2710 5472 2800 5510 ¹⁸⁶ο
2829 5472 2987 5530 aliun
3018 5490 3212 5548 regem
3244 5475 3296 5532 1.

2024 5570 2259 5632 ΝΟΤίΕ.

512 5634 567 5719 (4
604 5634 660 5711 6)
688 5632 821 5704 Alii,
854 5639 919 5691 ut
948 5636 1318 5707 Bertholdus,
1346 5636 1565 5694 habent
1593 5634 1791 5698 decem.
