3996 6158
217 357 361 417 1229

1468 359 1857 422 ANNALES.
1891 394 1968 405 ——
1998 364 2126 421 AN.
2176 364 2353 423 1076.

3454 370 3613 429 1230

215 491 353 546 facto
384 505 534 562 opus
555 494 731 560 esset,
756 507 874 563 qua
898 491 1121 548 ratione
1140 492 1488 565 periclitanti
1513 497 1705 565 etjam
1725 495 1851 565 jam
1882 499 1937 561 Α
1968 511 2202 550 summa
2248 495 2512 550 omnium
2561 512 2764 552 eorum
2808 496 3133 569 ignominia
3182 498 3449 555 amittere
3497 518 3614 558 non

212 578 578 652 naufragium
611 580 905 636 minitanti
938 582 1017 637 rei
1049 581 1296 654 publicae
1316 584 1738 639 consulendum
1767 585 1851 638 fo-

211 672 310 724 ret.
344 668 784 740 perquirebant.
818 669 1198 741 Replicabant
1219 672 1291 728 ab
1315 655 1534 743 tenero,
1568 677 1633 728 ut
1663 673 1850 738 aiunt,

212 773 399 830 ungue
422 757 570 828 (447)
590 774 825 814 omnem
846 759 972 814 vitae
991 760 1140 828 regis
1158 760 1611 827 institutionem,
1635 761 1850 833 quibus

211 846 456 919 probris,
490 847 708 918 quibus
749 848 988 919 ﬂagitiis
1030 849 1517 906 existimationem
1549 867 1718 906 suam
1750 851 1847 904 de-

211 951 427 1008 cusque
455 935 686 1007 imperii
734 937 970 992 vixdum
1002 938 1204 994 adulta
1254 944 1424 995 estate
1455 939 1846 1007 maculasset;

211 1042 353 1098 quas
381 1025 630 1096 iniurias
656 1025 927 1099 singulis,
953 1043 1100 1099 quas
1130 1027 1188 1083 in
1212 1045 1524 1085 commune
1552 1028 1849 1096 omnibus,

212 1114 306 1170 ubi
335 1114 595 1186 primum
647 1115 971 1187 pubertatis
1019 1133 1204 1172 annos
1253 1118 1464 1191 attigit,
1495 1118 1849 1190 irrogasset;

212 1204 360 1277 quod
382 1204 623 1259 remotis
643 1203 1083 1289 afamiliaritate
1098 1223 1207 1262 sua
1222 1207 1850 1279 principibus,infimos

208 1293 472 1350 homines
501 1296 559 1349 et
586 1292 766 1349 nullis
797 1294 1122 1366 majoribus
1142 1300 1301 1352 ortos
1331 1296 1583 1352 summis
1614 1296 1850 1353 honori-

1965 588 2179 653 posset,
2204 601 2310 638 nec
2333 584 2767 657 sinerentregni
2789 587 3091 642 Teutonici
3109 588 3198 623 ⁸³⁸⁸
3219 587 3612 660 splendorem,

1965 672 2238 726 omnibus
2253 676 2407 727 retro
2421 673 2633 728 seculis
2651 673 3612 751 intactumincontaminatumque,

1963 776 2072 815 sua
2102 765 2268 816 aetate
2292 765 2413 816 tam
2439 763 2629 834 turpis
2677 762 2924 835 exempli
2977 764 3209 820 macula
3237 767 3570 823 sordescere
3596 793 3611 835 ;

1963 849 2118 921 quod
2145 849 2195 903 si
2215 851 2389 905 verba
2418 867 2527 906 sua
2548 850 2848 907 difﬁcilius
2865 852 3261 925 admitterent,
3285 855 3614 928 magniﬁcis

1963 938 2458 1009 promissionibus
2476 939 2691 995 totiens
2735 940 2905 1009 elusi,
2953 945 3222 1013 paratum
3270 960 3352 1012 se,
3395 945 3615 1016 quibus

1961 1028 2349 1084 sacramentis
2369 1028 2586 1100 quibus
2605 1028 2819 1084 vellent
2840 1030 3165 1096 obsidibus,
3198 1031 3374 1088 ﬁdem
3405 1032 3612 1104 facere,

1962 1118 2115 1188 quod
2166 1116 2329 1173 nulla
2388 1134 2649 1189 unquam
2708 1118 2854 1188 dies,
2914 1118 3078 1175 nulla
3136 1136 3331 1175 rerum
3368 1137 3613 1178 casuum

1963 1205 2325 1261 mutabilitas
2355 1205 2506 1262 hanc
2555 1224 2724 1263 suam
2756 1207 2815 1285 in
2864 1223 2963 1264 eos
3007 1207 3460 1266 benivolentiam
3491 1226 3616 1266 cor-

1960 1297 2209 1365 ruptura
2237 1295 2406 1350 foret.
2439 1296 2526 1351 Ad
2582 1295 2705 1351 haec
2752 1295 2839 1351 illi
2893 1298 3014 1352 '8‘”:
3073 1297 3261 1366 Nulla,
3319 1297 3616 1370 inquiunt,

207 1384 316 1439 bus
344 1380 668 1451 extulisset,
700 1382 751 1438 ei
783 1399 917 1439 cum
944 1383 1028 1440 eis
1058 1388 1256 1440 noctes
1277 1386 1518 1457 perinde
1549 1402 1615 1441 ac
1648 1385 1769 1441 dies
1789 1384 1849 1439 in
1949 1384 2085 1454 jam
2133 1391 2428 1456 supersunt
2467 1390 2814 1455 argumenta,
2867 1387 3067 1459 quibus
3110 1389 3315 1443 totiens
3340 1389 3622 1458 recognita

206 1470 722 1527 deliberationibus
745 1471 1076 1538 insumens,
1108 1472 1407 1541 ultimum,
1442 1473 1490 1530 si
1522 1474 1728 1546 possit,
1753 1491 1852 1530 no-

206 1558 413 1616 bilitati
443 1559 853 1617 exterminium
887 1562 1324 1618 machinaretur
1351 1588 1367 1630 ;
1398 1564 1552 1634 quod
1586 1563 1852 1619 barbaris

205 1648 479 1720 gentibus
506 1649 807 1705 vacatione
846 1649 1002 1718 data,
1052 1650 1112 1705 in
1143 1651 1410 1708 subditos
1462 1652 1575 1708 sibi
1604 1651 1852 1725 populos

206 1738 402 1793 dedita
430 1754 605 1810 opera
633 1738 853 1794 ferrum
883 1738 1280 1796 distrinxisset
1308 1745 1364 1796 et
1388 1741 1446 1796 in
1478 1758 1681 1798 eorum
1716 1757 1854 1797 nece

205 1825 407 1882 hostili
439 1826 526 1863 ¹⁸⁶¹
559 1825 901 1883 crudelitate
920 1833 1325 1898 grassaretur;
1357 1831 1787 1903 regnum,quod
1818 1846 1853 1885 a

206 1915 547 1988 parentibus
568 1915 694 1971 suis
716 1916 1162 1987 pacatissimam
1184 1921 1242 1973 et
1262 1917 1432 1975 bonis
1452 1919 1727 1975 omnibus
1750 1918 1853 1974 ﬂo-

206 2004 608 2060 rentissimum
638 2006 881 2077 accepit,
913 2021 1092 2077 quam
1123 2006 1363 2073 foedum,
1389 2023 1565 2079 quam
1598 2008 1856 2079 despica-

206 2091 527 2164 bile,quam
558 2092 854 2148 intestinis
908 2093 1176 2150 cladibus
1205 2095 1483 2152 infertum
1516 2102 1853 2152 cruentum-

206 2197 319 2254 que
349 2181 738 2250 reddidisset;
771 2181 1047 2238 ecclesias
1067 2186 1124 2238 et
1153 2186 1510 2241 monasteria
1540 2187 1854 2255 destructa,

203 2270 479 2326 victualia
507 2287 806 2327 servorum
829 2272 930 2328 Dei
955 2289 1123 2328 versa
1141 2290 1269 2329 esse
1299 2273 1358 2328 in
1390 2275 1685 2346 stipendia
1702 2274 1855 2330 mili-

204 2365 355 2430 tum,
388 2359 649 2416 studium
681 2360 982 2433 religionis
1010 2366 1069 2417 et
1099 2378 1295 2417 rerum
1327 2362 1854 2419 ecclesiasticarum

204 2448 490 2504 transisse
521 2449 593 2505 ad
642 2466 807 2505 arma
845 2449 1125 2506 militaria
1171 2450 1222 2506 ei
1254 2451 1324 2505 ad
1375 2450 1730 2507 munitiones
1759 2466 1854 2506 ex-

204 2537 510 2603 truendas,
538 2553 651 2593 non
701 2537 918 2608 quibus
966 2537 1052 2593 vis
1082 2542 1140 2594 et
1183 2537 1441 2609 impetus
1473 2540 1851 2595 barbarorum

207 2630 495 2693 arceatur,
546 2628 647 2682 sed
680 2626 918 2698 quibus
966 2626 1165 2699 patriae
1217 2628 1615 2700 tranquillitas
1645 2628 1854 2700 eripia-

204 2720 303 2771 tur
324 2716 415 2751 ¹³⁶²
434 2719 492 2771 et
510 2714 710 2770 liberis
733 2715 822 2751 ³⁸⁸³
854 2715 1174 2772 cervicibus
1206 2716 1535 2772 durissima:
1556 2717 1856 2773 servitutis

198 2805 414 2877 jugum
446 2803 818 2875 imponatur;
867 2791 1107 2860 nullum.
1128 2822 1376 2878 usquam
1406 2823 1534 2863 esse
1579 2806 1772 2862 viduis
1800 2810 1859 2862 et

206 2891 488 2964 orphanis
500 2890 798 2962 solatium,
813 2892 1044 2949 nullum
1065 2896 1363 2966 oppressis
1385 2900 1442 2951 et
1455 2894 1855 2968 calumpniam

206 2980 644 3037 sustinentibus
670 2981 984 3053 refugium,
1017 2998 1132 3037 non
1175 2983 1402 3055 legibus
1450 2985 1853 3053 reverentiam,

202 3086 322 3126 non
352 3069 618 3125 moribus
667 3069 1064 3140 disciplinam,
1088 3088 1204 3127 non
1255 3071 1509 3128 ecclesia
1541 3072 1855 3128 auctorita-

200 3162 322 3214 tem
345 3173 538 3226 suam,
552 3173 668 3214 non
684 3158 766 3214 rei
789 3157 1031 3230 publicae
1047 3161 1326 3215 manered
1337 3161 1638 3231 ignitatem
1653 3177 1853 3228 suam;

1961 1480 2125 1543 atque
2152 1477 2389 1545 spectata
2444 1474 2577 1543 ﬁdes
2634 1476 2751 1547 ejus
2805 1475 3036 1547 probari
3087 1477 3239 1532 ultra
3266 1476 3352 1532 vel
3380 1477 3623 1546 obligari

1964 1561 2164 1628 valeat,
2196 1578 2323 1617 cum
2379 1565 2583 1619 tociens
2636 1580 2852 1620 morum
2908 1572 3132 1622 suorum
3187 1565 3620 1623 emendationem

1961 1665 2156 1706 coram
2184 1651 2355 1706 oculis
2406 1655 2599 1707 omnia
2643 1655 2917 1709 cernentis
2945 1655 3044 1711 Dei
3098 1672 3262 1726 quam
3291 1663 3475 1713 sancte
3498 1655 3617 1727 pol-

1967 1737 2173 1806 licitus,
2248 1740 2437 1795 omnia
2509 1741 2705 1811 quibus
2777 1743 3151 1800 obstrinxerat
3222 1745 3465 1813 vincula,
3521 1743 3622 1799 ubi

1958 1828 2203 1899 primum
2232 1830 2525 1885 calamitas
2555 1845 2679 1902 qua:
2718 1831 2789 1886 ad
2816 1846 3063 1903 praesens
3091 1833 3321 1901 urgebat
3350 1834 3441 1870 ¹⁸⁶⁸
3471 1847 3620 1905 prae-

1963 1919 2132 1989 teriit,
2182 1921 2444 1989 tanquam
2502 1936 2837 1975 aranearum
2893 1922 3031 1976 telas
3088 1924 3300 1992 ruperit
3355 1921 3524 1993 (448),
3567 1924 3623 1976 et

1964 2021 2178 2077 semper
2222 2023 2277 2062 se
2323 2010 2443 2075 ipso
2488 2007 2746 2079 deterior,
2805 2025 3030 2064 cursum
3057 2010 3200 2065 mali
3251 2011 3451 2082 operis,
3481 2011 3623 2064 sicut

1965 2110 2133 2166 equus
2162 2097 2371 2166 impetu
2397 2096 2600 2152 vadens
2648 2099 2708 2152 in
2744 2098 3023 2168 pretium,
3074 2099 3345 2170 effrenata
3371 2097 3626 2155 libertate

1964 2184 2306 2255 repetiverit.
2362 2183 2546 2255 Neque
2592 2200 2691 2240 nos
2732 2187 3017 2256 prmeipiti
3063 2186 3367 2241 temeritate
3412 2186 3483 2241 ad
3510 2185 3627 2247 haec

1965 2276 2219 2327 extrema
2289 2272 2627 2344 experienda
2695 2275 3026 2345 porupimus
3082 2274 3195 2329 ηδ’.
3256 2275 3451 2330 Omnes
3503 2277 3623 2331 vias

1965 2362 2153 2415 omnia
2176 2362 2336 2431 prius
2364 2362 2604 2417 consilia
2630 2365 3142 2434 pertemptavimus,
3190 2363 3240 2417 si
3269 2380 3376 2434 qua
3403 2365 3623 2420 ratione

1966 2448 2213 2516 rigidum
2259 2449 2698 2521 obstinatumque
2755 2451 2817 2504 in
2862 2451 3025 2506 malis
3072 2451 3346 2523 desperati
3382 2450 3622 2507 hominis

1964 2539 2254 2606 ingenium
2308 2539 2555 2594 emolliri
2602 2540 2792 2610 possit.
2848 2539 2956 2595 Sed
3011 2541 3347 2595 inveteratus
3397 2541 3622 2596 morbus

1965 2629 2129 2696 atque
2157 2628 2283 2681 imis
2312 2626 2531 2697 penitus
2550 2627 2677 2698 jam
2696 2626 2943 2683 insidens
2966 2627 3284 2699 visceribus,
3313 2628 3461 2684 nihil
3478 2630 3618 2699 spei,

1962 2716 2109 2771 nihil
2138 2715 2382 2771 admittit
2422 2716 2673 2783 remedii,
2733 2731 2948 2772 omnem
2979 2725 3170 2786 artem,
3220 2732 3435 2773 omnem
3464 2718 3618 2774 cvin-

1963 2819 2088 2859 cens
2117 2803 2453 2859 industriam
2499 2803 2936 2868 medicantium;
2979 2806 3111 2876 quin
3163 2807 3352 2875 immo,
3381 2806 3512 2861 dum
3544 2807 3620 2863 le-

1963 2894 2124 2949 vitati
2178 2893 2297 2965 ejus
2351 2894 2653 2965 impensius
2714 2910 2921 2950 morem
2989 2910 3178 2965 gerere
3221 2894 3516 2966 studemus,
3571 2898 3623 2951 et

1964 2983 2195 3047 cunctis,
2240 2995 2367 3053 quae
2417 2997 2706 3053 perperam
2764 2983 3013 3050 molitur,
3070 2983 3356 3055 religionis
3399 2983 3624 3039 obtentu

1966 3071 2291 3126 muliebrem
2322 3071 2628 3142 praebemus
2671 3072 3025 3142 patientiam,
3071 3075 3243 3128 status
3273 3072 3360 3127 rei
3380 3071 3623 3143 publicae

1967 3174 2185 3215 eversus
2233 3161 2347 3223 est,
2379 3160 2759 3229 tranquillitas
2808 3160 3160 3215 ecclesiarum
3205 3160 3448 3226 turbata,
3497 3176 3620 3215 ma-

200 3247 285 3302 ita
315 3245 496 3302 unius
526 3229 797 3302 hominis
817 3247 1144 3303 temeritate
1186 3229 1438 3304 sacra—et
1466 3249 1728 3321 profana,
1762 3250 1855 3303 di—
1885 3229 1928 3295 Ο
1957 3249 2130 3320 jestas
2155 3247 2378 3318 imperii
2405 3247 2616 3316 ablata,
2653 3249 2958 3304 auctoritas
2989 3249 3308 3319 principum
3337 3256 3620 3312 evacuate,

195 3336 336 3392 vina
352 3341 410 3392 et
429 3336 712 3403 humana,
736 3336 939 3408 fasque
960 3338 1240 3409 nefasque
1261 3339 1503 3395 confusa
1519 3354 1647 3394 esse
1666 3342 1723 3393 et
1743 3338 1855 3392 im-

197 3425 407 3498 plicita
420 3425 512 3460 ‘8“
526 3449 540 3491 ;
555 3424 798 3495 proinde
810 3428 1103 3480 tantarum
1121 3425 1521 3481 calamitatum
1536 3426 1775 3482 unicum
1790 3443 1856 3482 ac

198 3512 502 3585 singulare
526 3528 832 3585 superesse
845 3514 1189 3585 remedium,
1206 3519 1271 3570 ut
1293 3515 1643 3587 quantocius
1664 3520 1857 3572 amoto

200 3619 295 3670 eo,
328 3601 483 3657 alius
512 3617 612 3657 rex
641 3606 953 3668 crearetur,
1004 3602 1102 3675 qui
1132 3604 1361 3659 tamdiu
1408 3605 1687 3660 terminos
1718 3621 1859 3661 suos

197 3692 474 3764 evaganti
504 3690 750 3746 licentiae
776 3690 939 3747 frena
966 3691 1232 3767 injiceret
1252 3692 1344 3738 1⁸⁵³
1363 3694 1542 3761 (447⁸)
1568 3696 1624 3748 et
1653 3694 1858 3749 mundi

191 3778 536 3835 vacillantis
566 3779 799 3834 ruinam
833 3780 1114 3851 subjectis
1146 3780 1410 3838 humeris
1445 3787 1820 3839 Sustentaret.

271 3869 398 3924 Rex
422 3867 754 3935 Heinricus,
780 3870 1095 3925 contractis
1116 3870 1176 3925 in
1207 3887 1392 3926 unum
1416 3888 1533 3927 suae
1557 3872 1738 3943 partis
1760 3890 1858 3927 as-

197 3956 554 4023 sertoribus,
581 3955 641 4011 in
661 3956 802 4013 villa
814 3973 942 4028 quae
963 3957 1178 4014 dicitur
1197 3958 1557 4031 Oppenheim
1590 3978 1652 4017 se
1676 3960 1859 4017 conti-

195 4048 405 4115 nebat,
431 4046 591 4101 Reno
614 4046 791 4101 ﬂuvio
839 4051 1087 4119 utraque
1142 4052 1335 4104 castra
1380 4049 1709 4120 dirimente,
1744 4052 1860 4106 fre-

196 4140 574 4210 quentesque
594 4135 666 4191 ad
689 4151 789 4191 eos
808 4135 868 4190 in
890 4135 1014 4192 dies
1035 4135 1259 4208 legatos
1280 4137 1861 4211 mittebat,pollicens

196 4224 479 4282 omnium
512 4240 639 4295 quas
668 4240 767 4280 eos
790 4224 1150 4281 offenderant
1177 4225 1238 4281 in
1270 4226 1561 4299 reliquum
1583 4229 1862 4284 emenda-

194 4315 465 4379 tionem;
490 4328 553 4368 se
573 4314 1195 4384 veteruminjuriarum
1212 4315 1553 4371 memoriam
1574 4318 1867 4387 sequenti-

192 4403 323 4458 bus
374 4400 698 4469 beneficiis,
752 4402 803 4457 si
850 4402 969 4457 vita
1013 4419 1208 4458 comes
1267 4403 1431 4470 foret,
1483 4403 1863 4477 aboliturum,

196 4478 484 4562 nihilque
516 4490 790 4563 deinceps
821 4490 972 4546 circa
1000 4506 1193 4546 rerum
1218 4490 1588 4562 publicarum
1615 4491 1866 4547 admini-

1962 3351 2139 3392 mores
2169 3336 2398 3401 inversi,
2448 3338 2590 3403 leges
2619 3334 2861 3404 abolita,
2905 3339 2961 3390 et
3004 3335 3308 3390 secundum
3332 3334 3619 3406 prophetae

1965 3425 2207 3494 elogium
2234 3422 2588 3478 maledictum
2626 3428 2680 3478 et
2709 3421 3058 3477 mendacium
3103 3431 3154 3478 et
3178 3422 3537 3478 homicidium
3564 3432 3620 3479 et

1963 3515 2177 3584 furtum
2205 3517 2258 3568 et
2285 3511 2620 3568 adulterium
2639 3510 3049 3567 inundaverant
3067 3514 3117 3566 et
3142 3513 3369 3582 sanguis
3389 3513 3617 3580 sangui-

1964 3617 2088 3657 nem
2120 3602 2296 3672 tetigit
2324 3601 2498 3671 (Osee,
2533 3617 2606 3667 1v,
2657 3602 2755 3673 2);
2795 3603 3067 3672 postremo
3110 3600 3287 3656 omnis
3329 3601 3421 3637 137°
3441 3601 3613 3672 justi-

1965 3693 2071 3748 υἱέε
2094 3694 2146 3745 et
2161 3691 2404 3762 pietatis,
2427 3688 2723 3760 religionis
2745 3693 2798 3744 et
2820 3689 3114 3745 honestatis
3135 3688 3484 3761 disciplinam
3501 3690 3616 3744 situ

1966 3791 2127 3851 atque
2178 3779 2393 3834 incultu
2439 3778 2715 3844 obsolevit,
2773 3780 2902 3836 Haec
2932 3778 3021 3813 ¹⁸ῖ¹
3074 3777 3311 3850 quidem,
3342 3778 3473 3833 dum
3500 3778 3619 3833 sola

1964 3870 2088 3925 vitm
2156 3868 2472 3939 temporalis
2528 3867 2874 3933 detrimenta,
2930 3866 3064 3922 dum
3118 3866 3293 3921 solam
3340 3868 3510 3937 famae
3564 3872 3621 3920 et

1966 3958 2400 4015 existimationis
2429 3957 2616 4012 labem
2660 3958 3079 4023 minitarentur,
3110 3957 3328 4011 tametsi
3355 3956 3495 4010 viris
3527 3954 3620 3990 “’7’

1966 4046 2193 4119 ferenda
2235 4063 2345 4102 non
2391 4050 2563 4101 essent
2607 4046 2838 4100 tulimus-
2886 4048 3087 4115 tamen,
3117 4059 3188 4100 ne
3232 4044 3623 4116 contrajusju-

1968 4136 2226 4205 randum,
2276 4151 2381 4208 quo
2423 4135 2766 4201 tenebamur,
2805 4135 3223 4205 praecipitanter
3250 4132 3622 4205 impudenter-

1971 4241 2074 4296 que
2105 4225 2290 4279 venire
2308 4224 2641 4289 videremur,
2664 4228 2717 4279 et
2745 4222 2878 4279 dum
2895 4223 3091 4295 gloria:
3116 4229 3320 4279 nostra?
3345 4220 3627 4278 consulere

1972 4329 2316 4379 conaremur,
2376 4314 2591 4368 animae
2660 4313 3024 4383 naufragium
3077 4319 3410 4383 pateremur.
3470 4310 3628 4366 Nunc

1973 4418 2098 4458 vero
2124 4418 2250 4456 cum
2302 4401 2376 4458 ab
2435 4401 2679 4456 ecclesiae
2730 4416 2954 4471 corpore
3007 4408 3228 4471 propter
3283 4400 3498 4469 ﬂagitia
3524 4413 3629 4451 sua

1974 4491 2262 4563 apostolici
2317 4490 2689 4545 anathematis
2739 4504 3000 4544 mucrone
3055 4490 3319 4556 praecisus
3369 4489 3460 4555 sit,
3504 4500 3630 4539 cum

198 4580 564 4636 strationem
614 4580 837 4651 absque
888 4580 1187 4635 communi
1236 4579 1499 4635 consulto
1557 4586 1864 4650 acturum;
1899 4599 1945 4663 D
1976 4582 2028 4636 ei
2099 4579 2507 4635 communicare
2580 4578 2702 4632 sine
2769 4576 3173 4632 communionis
3247 4574 3631 4663 ecclesiasticae

199 4667 689 4742 postremoultro
711 4669 922 4739 sejure
939 4685 1046 4724 suo
1069 4668 1487 4739 cedereeisque
1505 4659 1935 4741 gubernandi—
1980 4668 2213 4739 dampno
2269 4670 2319 4722 et
2359 4666 2487 4736 ﬁdei
2528 4667 2747 4737 jactura
2802 4680 2913 4720 non
2967 4665 3255 4736 possimus,
3304 4678 3430 4717 cum
3470 4659 3634 4731 ﬁdem

201 4756 695 4829 disponendique
721 4774 826 4828 pro
880 4774 986 4813 suo
1036 4757 1317 4813 arbitratu
1370 4757 1553 4813 tocius
1587 4758 1746 4829 regni
1771 4759 1873 4829 jus
1980 4761 2249 4824 nostram,
2280 4755 2471 4811 multis
2523 4754 2669 4826 apud
2714 4770 2839 4808 eum
2883 4753 3248 4808 sacramentis
3279 4750 3629 4822 implicitum,

201 4849 694 4919 potestatemque
715 4845 921 4910 facere,
945 4846 1264 4901 dummodo
1285 4862 1451 4916 aequo
1475 4846 1672 4901 animo
1722 4851 1876 4918 pate-

198 4939 451 4999 rentur,
484 4934 609 4989 sola
636 4934 781 5007 regii
814 4935 1069 4990 nominis
1098 4933 1357 5006 regiique
1380 4934 1576 4991 cultus
1608 4939 1734 4991 rata
1763 4936 1875 4990 sibi

202 5039 468 5080 manere
495 5021 773 5095 insignia,
806 5039 933 5095 quas
966 5022 1144 5079 semel
1174 5023 1431 5097 legitime
1461 5029 1719 5097 accepta,
1751 5025 1877 5081 sine

1985 4848 2257 4901 Romanus
2285 4844 2532 4915 pontifex
2560 4842 2860 4913 apostolica
2901 4842 3231 4897 auctoritate
3257 4840 3587 4910 explicuerit
3613 4859 3628 4898 :

1984 4943 2248 4992 extremae
2273 4935 2514 5005 profecto
2556 4931 2842 4987 dementiae
2879 4939 3017 4987 esset
3048 4928 3160 5001 “’73,
3190 4928 3456 4983 divinitus
3482 4929 3635 4984 obla-

1986 5029 2107 5080 tam
2162 5024 2359 5079 salutis
2418 5022 2749 5077 occasionem
2796 5036 2909 5075 non
2966 5018 3158 5086 obviis,
3217 5021 3280 5072 ut
3324 5018 3439 5073 dici
3479 5016 3636 5084 solet,

1591 5167 1832 5223 VARI/E
1877 5165 2293 5223 LECTIONES.

294 5272 395 5345 ξεθξ
427 5271 607 5345 (ιιιιιίί.Δ
651 5271 804 5345 host.
863 5273 915 5327 4.
995 5270 1408 5345 ίθδέκςκρίειιυι*
1462 5272 1741 5345 3.1iberaa
1796 5272 1987 5345 gentis
2042 5273 2365 5345 cervicibus
2413 5268 2635 5345 1.713“
2690 5265 2990 5345 implicata
3029 5267 3117 5345 5.“
3164 5264 3546 5345 “ﬁfginceret

211 5343 319 5380 ²⁸⁶⁶
350 5342 541 5398 theut.
588 5341 642 5407 h,
695 5344 734 5398 l-
794 5360 1000 5399 omnes.
1079 5343 1167 5377 “‘7

204 5431 359 5471 oms
389 5416 444 5469 2.
528 5414 620 5451 ¹⁸τ¹
653 5413 769 5472 Nec
799 5416 853 5470 3.
933 5416 1026 5451 1⁸7³
1047 5414 1202 5486 juris
1232 5415 1287 5472 3.
1367 5415 1457 5450 ¹⁸⁷³
1488 5418 1577 5471 est
1602 5416 1655 5470 3.
1692 5417 1744 5471 4.

1267 5360 1345 5399 rec
1377 5344 1539 5416 nulla
1596 5344 1681 5398 illi
1727 5338 1828 5399 5.“
1861 5345 1951 5381 1⁸⁸⁸
1994 5344 2284 5416 urguebat
2340 5343 2394 5396 3.
2473 5340 2562 5376 ¹⁸⁶⁹
2592 5338 3031 5413 prorumpimus
3086 5339 3141 5393 3.
3221 5338 3314 5374 “7°
3345 5352 3551 5395 omnes
3582 5339 3640 5398 4.

1814 5512 2050 5571 NOTIE.

298 5601 463 5675 (74,477)
482 5601 689 5675 Horat.
702 5648 716 5672 ,
747 5602 830 5660 0d
862 5602 1159 5675 [11,76,724.

308 5672 498 5754 (447”)
532 5675 615 5733 Cf.
648 5676 871 5746 Horat.,
901 5674 1005 5733 0d.
1041 5673 1134 5744 IV,
1168 5675 1257 5743 15,
1285 5672 1340 5733 9.

2069 5602 2216 5678 (448)
2248 5600 2334 5658 Cf.
2362 5616 2542 5675 supra
2564 5601 2687 5657 not.
2714 5597 2840 5658 360.
