3996 6158
434 337 576 396 123i

1585 330 1985 392 LAMBERTI
2034 331 2695 393 HERSFELDENSIS.

3608 343 3725 403 1232

432 469 689 521 "renibus
718 465 864 535 (449)
911 464 1179 533 excipere,
1228 471 1280 518 et
1307 463 1450 533 quod
1500 464 1623 533 jam
1652 462 1749 516 diu
1777 462 2076 531 praemedi-
2108 466 2163 529 Α
2194 479 2254 517 se
2286 463 2555 533 dictoque
2602 463 3100 532 obtemperantem
3153 464 3266 518 fore
3305 464 3605 541 polliceatur,
3624 472 3725 530 hinc

430 560 607 611 totum
662 556 736 608 sit
790 556 855 609 ut.
907 559 1121 621 agatur,
1184 561 1299 607 tam
1356 556 1620 623 oportuno
1672 555 1915 622 tempore
1971 566 2078 605 non

432 661 606 717 agere,
655 660 779 697 cum
837 644 976 712 leges
1032 643 1293 697 humanae
1346 644 1394 695 et
1453 641 1823 695 ecclesiasticze
1872 642 2079 705 sinant,

429 751 550 789 cum
581 734 726 788 locus
757 740 807 786 et
837 738 1051 801 tempus
1098 732 1400 795 arrideant,
1451 747 1575 785 cum
1613 730 1844 800 denique
1874 731 2079 809 omnia,

428 838 552 896 quae
582 824 711 891 paci
740 823 823 877 vel
846 820 987 876 bello
1014 822 1144 875 usui
1171 836 1285 875 esse
1312 821 1503 889 solent,
1533 819 1883 887 conficiendae
1912 828 2079 874 tantae

427 915 517 968 rei
532 915 775 983 favorem
792 927 955 965 suum
980 908 1371 981 polliceantur.
1407 911 1743 979 Quapropter
1762 915 2081 978 contemptis

428 1004 685 1057 inanium
741 1008 1195 1071 argumentorum
1239 999 1528 1069 cuniculis,
1577 998 1771 1069 quibus
1800 998 1974 1052 denuo
2019 999 2080 1052 in

426 1094 661 1146 cervices
680 1088 1016 1159 jugulosque
1039 1092 1248 1143 nostros
1306 1089 1451 1141 viam
1478 1086 1662 1157 gladio
1717 1101 1813 1142 suo
1843 1087 2075 1157 affectat,

426 1180 782 1235 immobiliter
825 1180 1010 1233 animo
1058 1179 1231 1246 fixum
1277 1181 1524 1231 tenemus
1564 1178 1733 1247 (450),
1794 1184 1854 1229 ut
1881 1174 2079 1247 absque

426 1270 551 1325 ulla
580 1269 846 1324 dilatione
888 1268 1075 1322 uirum
1121 1267 1276 1321 nobis
1306 1266 1709 1336 provideamus,
1742 1266 1836 1334 qui
1862 1279 2077 1336 praece-

426 1360 531 1414 dat
559 1373 657 1413 nos
718 1358 807 1394 ‘3“
836 1360 889 1411 et
940 1355 1228 1428 prmlietur
1283 1354 1487 1410 bellum
1544 1355 1770 1409 Domini
1800 1353 1870 1408 ad
1897 1370 2076 1425 expu-

424 1447 703 1519 gnandam
734 1451 786 1501 et
812 1445 1204 1501 destruendam
1232 1461 1445 1499 omnem
1484 1446 1872 1516 cujuscumque
1900 1443 2075 1498 homi-

424 1539 512 1592 nis
539 1535 911 1603 altitudinem,
942 1536 1243 1590 elevantem
1271 1537 1322 1588 et
1350 1533 1703 1588 extollentem
1733 1548 1790 1587 se
1818 1532 2075 1586 adversus

415 1628 705 1698 justiciam
733 1634 783 1681 et
810 1627 1095 1680 veritatem
1139 1625 1240 1679 Dei
1268 1626 1321 1678 et
1350 1626 1554 1677 sanctae
1600 1626 1860 1676 Romana?
1892 1621 2074 1675 Eccle-

421 1719 527 1773 δέω
555 1716 951 1772 auctoritatem.
979 1714 1040 1767 In
1062 1713 1185 1767 haec
1206 1712 1380 1767 verba
1400 1710 1623 1782 legatos
1650 1709 1803 1781 regis
1836 1708 2073 1764 dimise-

424 1808 583 1859 runt.

470 1895 714 1957 lterum
747 1890 891 1946 alios
921 1894 1095 1961 atque
1127 1888 1271 1944 alios
1301 1888 1483 1958 misit,
1512 1886 1741 1942 nullum
1774 1884 2068 1958 supplica-

420 1981 600 2036 tionis
650 1997 856 2053 genus,
917 1980 1073 2050 quod
1135 1976 1515 2049 impediendae
1579 1980 1748 2031 tanta:
1781 1977 1861 2029 rei
1896 1975 2039 2047 proli

417 2087 592 2125 cuum
626 2073 950 2141 putaretur,
1000 2065 1473 2137 praetermittens.
1517 2064 1628 2119 Sed
1662 2062 1747 2117 illi
1777 2062 1834 2116 in
1867 2062 2069 2117 eadem

417 2159 708 2214 sententia
738 2158 835 2211 fixi
858 2155 1254 2225 obstinatique
1280 2153 1616 2208 manebant.
1641 2152 1886 2223 Jamque
1918 2155 2071 2205 utra-

416 2264 529 2319 que
558 2264 626 2303 ex
656 2250 820 2319 parte
864 2246 935 2300 ad
985 2258 1268 2316 magnum
1320 2241 1636 2297 discrimen
1686 2257 1779 2295 res
1810 2243 2071 2311 spectare

413 2338 740 2393 videbatur.
775 2334 1036 2404 Denique
1065 2338 1122 2388 et
1150 2331 1210 2387 hi
1241 2346 1436 2403 regem
1464 2329 1644 2385 alium
1670 2328 1781 2385 sibi
1803 2328 2068 2399 protinus

421 2426 795 2491 constituere,
819 2429 875 2479 et
896 2421 1243 2477 transmisso
1274 2420 1437 2487 Reoo
1466 2419 1639 2474 ﬂuvio
1672 2450 1738 2459 —
1771 2417 2067 2489 navigium

419 2514 577 2570 enim
619 2529 790 2569 omne
838 2511 1148 2582 episcOpus
1194 2507 1566 2580 Mogontinus
1612 2507 1671 2560 in
1721 2523 1847 2562 eam
1880 2506 2067 2577 ripam

419 2607 686 2674 coegerat
712 2632 780 2641 -—
801 2599 1063 2673 provima
1082 2598 1211 2653 luce
1240 2597 1361 2669 regi
1385 2596 1648 2651 Heinrico
1671 2611 1835 2649 arma
1853 2594 2069 2648 inferre

418 2693 703 2763 parabant
727 2708 740 2758 ;
774 2694 831 2745 et
862 2688 979 2759 ille,
1007 2687 1193 2743 incisa
1213 2702 1315 2758 spe
1340 2684 1635 2740 dilationis
1664 2683 2068 2755 impetrandae,

420 2797 581 2851 suos,
615 2780 715 2851 qui
764 2796 867 2851 per
913 2778 1211 2849 proximas
1251 2774 1419 2830 villas
1467 2773 1715 2845 dispersi
1767 2776 1951 2839 erant,
2007 2772 2067 2826 in

418 2886 604 2925 unum
636 2869 789 2924 coire
840 2868 929 2903 1⁸⁷⁵
958 2870 1132 2938 atque
1179 2881 1344 2920 arma
1398 2862 1666 2932 expedire
1705 2862 1971 2932 jubebat,
2005 2864 2071 2915 ut

417 2959 478 3013 in
513 2958 845 3012 ulteriorem
897 2956 1081 3026 ripam
1145 2969 1482 3026 progressos
1531 2951 1835 3006 confestim
1871 2949 2068 3021 proelio

420 3045 765 3102 adoriretur.
820 3045 883 3099 In
931 3044 1040 3099 hac
1094 3046 1389 3097 tantarum
1444 3039 1839 3112 expectatione
1871 3055 2065 3094 rerum

420 3135 659 3193 intentis
693 3134 1072 3205 sollicitisque
1104 3132 1397 3199 omnibus,
1427 3147 1556 3185 ecce
1587 3131 1776 3202 primo
1807 3129 2067 3185 diluculo

2092 1839 2149 1904 ’Β

2194 567 2254 606 se
2284 551 2745 623 experimentum
2796 554 3105 622 capturos:
3161 568 3369 620 omnes,
3413 572 3535 627 quos
3559 559 3635 615 ille
3656 578 3727 616 ex-

2192 640 2661 708 communicavit,
2695 640 2980 712 extemplo
3016 642 3103 677 “’77
3131 658 3203 697 an
3234 644 3465 700 convictu
3492 634 3727 705 contuber-

2190 730 2405 800 nioque
2431 746 2536 785 suo
2576 734 2861 797 amoveat,
2919 732 3046 802 ipse
3103 731 3161 785 in
3221 733 3407 787 urbem
3446 736 3729 808 Spirensium

2190 818 2435 873 dimisso
2453 819 2706 874 exercitu
2732 820 2981 885 secedat,
3002 820 3198 891 ibique
3219 820 3332 875 solo
3350 822 3655 879 Verduuensi
3669 828 3730 862 ηπ

2188 906 2459 979 episcopo
2508 908 2655 979 (451)
2704 908 3024 980 paucisque
3084 909 3378 978 ministris,
3425 927 3553 981 quos
3594 917 3731 971 tamm

2188 996 2477 1052 sententia
2508 997 2841 1069 principum
2872 999 2943 1053 ab
2976 997 3084 1052 hac
3122 1000 3601 1056 communicatione
3624 1001 3730 1059 inte-

2187 1102 2321 1158 gros
2341 1087 2824 1157 incorruptosque
2837 1086 3186 1157 probaverit,
3204 1093 3505 1156 contentus,
3520 1090 3736 1162 privatam

2188 1174 2418 1230 interim
2446 1175 2625 1230 vitam
2650 1180 2803 1247 agat,
2835 1174 3141 1230 ecclesiam
3166 1192 3279 1231 non
3298 1177 3613 1249 ingrediens,
3634 1179 3738 1234 nihil

2186 1265 2339 1319 circa
2368 1263 2603 1336 publica
2630 1264 2872 1337 negocia
2918 1281 3025 1320 suo
3058 1266 3195 1335 jure
3242 1265 3549 1337 disponens,
3574 1266 3740 1322 nullam

2186 1353 2328 1426 regii
2360 1356 2673 1425 apparatus
2704 1369 3004 1426 pompam,
3036 1352 3199 1410 nulla
3218 1354 3382 1427 regis:
3405 1354 3659 1427 dignitatis
3678 1356 3739 1410 in-

2186 1442 2377 1514 signia
2402 1442 2513 1498 sibi
2566 1444 2656 1478 “7°
2688 1444 2859 1514 juxta
2916 1443 3156 1499 solitum
3212 1443 3483 1501 adhibens
3519 1444 3741 1517 usquead

2184 1532 2511 1587 sinodicam
2558 1549 2745 1588 causae
2804 1550 2921 1589 suae
2979 1532 3489 1601 examinationem;
3535 1538 3743 1605 preter-ea

2185 1620 2475 1676 civitatem
2505 1622 3030 1690 Wormaciensem,
3064 1638 3241 1693 quam
3272 1622 3496 1694 expulso
3515 1623 3742 1695 episcopo,

2184 1709 2469 1781 dissipato
2501 1710 2753 1767 ccelestis
2785 1710 3007 1766 militias
3055 1712 3402 1777 sanctuario,
3433 1726 3601 1767 arcem
3647 1710 3741 1766 belli

2184 1798 2644 1871 speluncamque
2673 1800 2967 1855 latronum
2994 1800 3227 1868 fecerat,
3262 1802 3496 1857 abducto
3523 1798 3743 1872 prasidio,

2180 1888 2451 1959 episcopo
2470 1889 2893 1945 Wormaciensi
2911 1890 3200 1956 restituat,
3220 1890 3369 1946 datis
3385 1891 3746 1961 insupersacra-

2181 1978 2394 2033 mentis
2425 1982 2481 2032 et
2510 1978 2837 2045 obsidibus,
2896 1996 2967 2034 ne
2997 1979 3136 2050 quid
3188 1980 3456 2051 deinceps
3485 1976 3747 2034 rebellionis

2179 2064 2268 2121 vel
2303 2066 2656 2122 insidiarum
2686 2068 2759 2122 ab
2790 2067 3012 2123 civibus
3060 2068 3272 2123 timere
3302 2069 3530 2131 debeat;
3562 2082 3697 2139 porro
3719 2064 3752 2118 si

2180 2155 2320 2225 quid
2353 2153 2562 2210 horum
2596 2156 3021 2227 pmvaricetur,
3053 2161 3183 2212 tum
3232 2157 3412 2212 "mea
3440 2156 3583 2212 omni
3609 2153 3751 2226 culpa,

2179 2244 2337 2298 omni
2362 2244 2753 2315 jurisjurandi
2785 2244 3082 2318 religione,
3118 2247 3281 2301 omni
3304 2245 3546 2318 perfidia;
3571 2242 3757 2299 infamia

2179 2332 2475 2401 liberatos,
2509 2349 2625 2389 non
2657 2338 2954 2405 expectato
2980 2334 3227 2391 ulterius
3266 2335 3501 2391 Romani
3530 2331 3755 2407 pontiﬁcis

2170 2421 2416 2492 judicio,
2451 2422 2593 2493 quid
2626 2424 2705 2477 rei
2758 2422 3002 2495 publica:
3050 2425 3344 2496 expediat,
3398 2423 3549 2481 omni
3574 2419 3758 2478 consilio

2177 2510 2427 2566 visuros.
2460 2514 2578 2567 Rex
2629 2512 2799 2582 cujus
2847 2512 3039 2568 omnis
3072 2512 3164 2549 ¹⁸⁸¹
3200 2530 3337 2585 spes
3385 2525 3672 2582 omnesque
3695 2508 3758 2543 ¹⁸⁹¹

2177 2600 2358 2670 copias
2378 2601 2437 2655 in
2453 2604 2645 2656 artum
2678 2604 2886 2656 coacta:
2903 2602 3129 2657 fuerant
3140 2602 3472 2676 gratulatus
3487 2602 3548 2657 ad
3560 2599 3760 2663 modum,

2179 2686 2333 2756 quod
2350 2685 2567 2758 aliqua,
2592 2688 2970 2759 quantumvis
2982 2689 3154 2757 foeda,
3176 2690 3504 2745 conditione
3524 2692 3759 2759 urgentem

2178 2775 2250 2830 ad
2280 2792 2536 2847 praesens
2568 2776 2960 2833 calamitatem
2987 2778 3361 2851 declinasset,
3394 2776 3763 2852 promptissime

2178 2881 2280 2936 per
2309 2864 2507 2919 omnia
2537 2865 2926 2922 obedientiam
2958 2866 3271 2939 pollicetur
3302 2870 3471 2939 (452).
3501 2866 3766 2934 Statimque

2178 2952 2577 3010 Coloniensem
2612 2954 2975 3027 episcopum,
3028 2957 3567 3030 Babenbergensem
3595 2953 3764 3025 episco-

2176 3058 2342 3113 pum,
2355 3044 2968 3117 Strazburgensemis”
2978 3046 3350 3119 episcopum,
3364 3038 3771 3102 Basilienseml‘”

2177 3131 2537 3204 episcOpum,
2590 3133 2925 3206 Spirensem
2976 3135 3066 3170 1⁸⁸⁵
3092 3135 3461 3208 episcopum,
3496 3135 3765 3189 Losannen-

417 3225 715 3296 sequentis
747 3223 881 3294 diei,
930 3240 1055 3294 quae
1113 3221 1383 3276 ultimam
1433 3220 1656 3275 cladem
1710 3219 1790 3274 rei
1822 3217 2065 3290 publica:
2097 3209 2140 3277 C
2179 3237 2301 3277 sem
2338 3221 2427 3256 ¹⁸⁸⁶
2456 3222 2819 3295 episcopum,
2852 3222 3200 3279 Citicensem
3239 3224 3591 3297 episcOpum,
3633 3220 3766 3275 Oseu-

417 3313 667 3370 allatura
712 3314 1052 3377 timebatur,
1104 3311 1275 3367 Suevi
1323 3314 1379 3365 et
1435 3310 1692 3365 Saxones
1742 3308 1962 3380 legatos
1993 3309 2064 3363 ad

420 3419 615 3476 regem
647 3402 955 3468 miserunt,
1000 3400 1100 3473 qui
1145 3402 1195 3456 ei
1249 3400 1541 3455 dicerent:
1582 3397 1838 3453 Tametsi
1870 3413 1975 3452 nec
2004 3397 2061 3451 in

416 3492 573 3547 bello
593 3508 697 3547 nec
713 3492 772 3546 in
820 3507 960 3562 pace
981 3490 1101 3545 ulla
1122 3505 1403 3560 umquam
1433 3488 1480 3543 ei
1497 3486 1739 3557 justitize
1760 3486 1847 3541 vel
1868 3485 2063 3557 legum

415 3597 555 3635 cura
586 3580 778 3650 fuerit,
814 3596 875 3635 se
906 3584 1101 3634 tamen
1151 3577 1380 3650 legibus
1418 3593 1548 3631 cum
1601 3591 1666 3631 eo
1698 3592 1869 3648 agere
1898 3574 2061 3641 velle,

418 3673 475 3724 et
505 3686 635 3724 cum
666 3668 931 3736 crimina,
983 3686 1107 3740 quae
1157 3667 1207 3722 ei
1239 3666 1589 3737 obiciantur,
1624 3665 1896 3720 omnibus
1928 3681 2062 3719 con-

420 3762 578 3813 stent
592 3758 721 3814 luce
734 3758 998 3829 clariora,
1019 3774 1079 3813 se
1094 3762 1288 3812 tamen
1303 3772 1424 3811 rem
1439 3756 1496 3810 in
1510 3756 1799 3827 integram
1817 3754 2063 3810 Romani

415 3846 711 3919 pontificis
743 3846 1057 3919 cognitioni
1091 3861 1381 3901 reservare
1408 3863 1420 3911 ;
1455 3849 1688 3899 acturos
1719 3860 1781 3899 se
1810 3860 1942 3898 cum
1973 3859 2062 3910 eo,

416 3941 482 3990 ut
515 3936 603 3971 1⁸⁷⁸
633 3937 691 3991 in
723 3936 1128 4009 puriﬁcatione
1150 3938 1362 3990 sanctae
1396 3932 1587 3988 Mariae
1620 3938 1943 4004 Augustam
1977 3949 2064 3986 oc-

416 4029 629 4091 currat,
664 4025 861 4095 ibique
891 4022 1265 4079 celeberrimo
1297 4026 1582 4077 conventu
1616 4020 1814 4075 habito
1846 4020 2061 4092 princi-

409 4128 553 4182 pum
584 4112 771 4166 tocius
804 4112 986 4184 regni,
1031 4111 1336 4179 discussis,
1384 4115 1771 4180 utrarumque
1804 4110 2060 4181 partium

410 4198 882 4272 allegationibus,
917 4200 1041 4272 ipse
1073 4216 1178 4254 suo
1202 4198 1426 4269 judicio
1457 4197 1545 4252 vel
1577 4198 1809 4252 addicat
1838 4197 1926 4253 vel
1957 4199 2059 4253 ab-

408 4287 593 4344 solvat
613 4293 953 4344 accusatum
976 4307 990 4357 ;
1015 4289 1170 4360 quod
1196 4288 1242 4344 si
1268 4292 1399 4343 ante
1416 4286 1567 4342 diem
1593 4286 2058 4343 anniversarium

405 4377 1029 4433 excommunicationis
1078 4396 1217 4444 suae,
1254 4393 1359 4432 suo
1406 4375 1727 4448 praesertim
1761 4378 1931 4449 vicio,
1962 4394 2057 4432 ex-

405 4467 935 4523 communicatione
967 4484 1078 4523 non
1127 4466 1481 4533 absolvatur,
1526 4466 1750 4537 absque
1781 4472 2057 4522 retracta-

404 4556 561 4613 tione
593 4557 651 4611 in
697 4561 1043 4628 perpetuum
1103 4573 1282 4611 causa
1337 4555 1629 4622 ceciderit,
1682 4572 1785 4610 nec
1829 4555 2057 4627 legibus
2089 4582 2136 4647 D

402 4644 679 4719 deinceps
710 4663 955 4719 regnum
984 4651 1240 4718 repetere
1266 4644 1450 4716 possit
1475 4644 1629 4715 quod
1654 4643 1885 4715 legibus
1906 4645 2059 4701 ultra

405 4735 840 4801 administrare,
861 4752 1117 4790 annuam
1139 4751 1348 4806 passus
1368 4733 2052 4801 excommunicationem,

404 4838 520 4876 non
554 4823 739 4893 possit
769 4849 781 4891 ;
815 4824 863 4879 si
897 4823 1155 4878 oblatam
1187 4821 1577 4878 conditionem
1611 4826 1909 4893 gratanter
1932 4840 2053 4878 am-

398 4909 593 4980 plexet
609 4929 678 4966 ur
705 4917 762 4967 et
792 4912 1053 4967 Romano
1086 4910 1345 4983 pontifici
1396 4928 1495 4981 per
1525 4909 1723 4965 omnia
1748 4910 2053 4968 subditum

2176 3310 2571 3381 bruggensem
2586 3311 2947 3383 episcopum,
2981 3312 3368 3369 Oudalricum
3386 3305 3765 3367 mldeCosbeim

2173 3398 2592 3465 Everhardum,
2624 3404 3075 3473 Hartmannum,
3122 3407 3471 3474 ceterosque
3495 3410 3769 3456 excommu-

2175 3487 2418 3559 nicatos,
2452 3506 2701 3561 quorum
2734 3490 2980 3545 antehac
3009 3507 3187 3562 opera
3208 3491 3585 3562 consiliisque
3610 3482 3769 3559 gratis-

2174 3576 2323 3632 sime
2355 3578 2646 3645 utebatur,
2680 3594 2884 3634 omnes
2918 3580 3127 3635 castris
3161 3581 3367 3654 egredi
3392 3580 3588 3652 jubet;
3617 3571 3772 3631 missis

2175 3683 2408 3738 quoque
2440 3668 2829 3723 Wormaciam
2856 3669 3108 3738 nunciis,
3136 3670 3533 3739 milites,quos
3552 3665 3654 3721 illic
3671 3676 3773 3735 pre-

2174 3755 2307 3810 sidii
2339 3773 2516 3812 causa
2546 3758 2945 3825 constituerat,
3003 3758 3328 3815 abscedere
3360 3758 3664 3828 urbemque
3687 3747 3773 3822 epi-

2174 3861 2346 3916 scopo
2380 3850 2572 3917 patere
2620 3846 2877 3917 praecipit
2908 3848 3035 3916 ‘8”;
3088 3848 3311 3904 dehinc
3370 3847 3590 3910 ceteris,
3619 3841 3700 3915 qui
3722 3836 3770 3892 ad

2173 3935 2387 3989 auxilia
2416 3935 2528 3990 sibi
2563 3936 2800 3991 ferenda
2824 3936 3155 4007 frequentes
3183 3938 3599 4001 convenerant,
3620 3931 3772 4000 singu-

2172 4021 2244 4077 lis
2264 4023 2323 4078 in
2348 4040 2455 4078 sua
2468 4023 2751 4096 dimissis,
2774 4024 3081 4096 ipsejuxta
3102 4027 3452 4081 condictum
3477 4039 3600 4080 cum
3621 4014 3775 4092 palmis

2169 4112 2396 4183 Spiram
2416 4114 2739 4182 contendit,
2764 4114 2961 4186 ibique
2984 4116 3246 4171 intra‘m
3266 4116 3554 4172 terminos
3572 4116 3622 4168 et
3639 4109 3774 4179 leges.

2171 4218 2316 4273 quas
2346 4202 2640 4275 principes
2679 4204 3180 4276 prmscripserant,
3236 4204 3544 4277 aliquanto
3571 4206 3777 4269 ιθωροτο

2170 4290 2538 4347 mediocriter
2564 4291 2742 4348 vitam
2776 4309 3083 4363 moresque
3113 4294 3458 4350 cohibebat.

2240 4381 2482 4453 (Novbr.)
2539 4382 2706 4437 Suevi
2764 4386 2820 4438 et
2891 4399 3155 4451 saxones,
3242 4388 3561 4456 postquam
3617 4370 3778 4433 deditis

2167 4469 2727 4539 Wormaciensibus,
2759 4475 2981 4527 statum
3013 4472 3272 4530 civitatis
3311 4473 3582 4546 episcopo
3610 4463 3685 4502 ¹⁸⁹⁹
3705 4475 3775 4534 ρε-

2171 4559 2542 4615 catissimum
2599 4560 2998 4630 reddiderunt,
3033 4560 3145 4616 laeti
3180 4567 3554 4633 ovantesque
3582 4554 3777 4631 patriam

2168 4649 2525 4720 repetebant,
2559 4650 2984 4723 confestimque
3029 4649 3261 4723 legatos
3290 4651 3540 4706 Romam
3571 4641 3778 4701 destina-

2166 4742 2322 4807 runt,
2382 4739 2479 4809 qui
2537 4755 2747 4809 papam
2809 4740 2890 4795 rei
2957 4744 3133 4811 gestae
3194 4740 3474 4796 ordinem
3528 4729 3783 4794 edocerent

2164 4827 2447 4897 enixeque
2479 4827 2825 4898 flagitarent,
2858 4832 2925 4882 ut
2953 4829 3235 4884 sedandis
3270 4846 3380 4900 per
3405 4826 3614 4883 Gallias
3642 4816 3782 4876 tantis

2164 4914 2450 4971 bellorum
2497 4915 2755 4972 civilium
2803 4917 3263 4988 tempestatibus
3315 4916 3446 4989 ipse
3492 4917 3693 4971 statuta
3716 4904 3784 4961 die

1753 5025 2004 5082 VARI/13
2046 5030 2456 5089 LECTIONES.

468 5126 559 5201 ἴδη
597 5129 747 5183 deest
778 5129 829 5182 4.
909 5128 998 5166 1³⁷⁵
1027 5126 1193 5201 ἱι-θλ5.
1275 5125 1364 5201 11⁷⁵
1393 5124 1536 5201 deest
1569 5126 1621 5201 3.
1656 5125 1708 5179 4.
1778 5126 1876 5201 f3?"
1921 5128 2198 5201 extimplo
2232 5132 2284 5185 3.
2371 5128 2467 5201 “'7',
2490 5130 2837 5201 Vprdinensi
2893 5132 2947 5185 5.
3030 5133 3124 5201 “f9
3154 5132 3313 5187 deest
3346 5133 3402 5185 4.

3486 5129 3572 5165 ¹⁸⁸⁰
3600 5132 3719 5181 tunc
3742 5118 3780 5169 4.

518 5215 723 5275 omnes
742 5216 879 5275 spes
912 5201 961 5255 1.
981 5272 993 5275 _
1044 5199 1133 5275 1332
1159 5197 1467 5267 omnisque
1487 5198 1553 5275 3._
1574 5198 1625 5251 4.
1643 5268 1669 5275 Α
1708 5189 2242 5275 138?,»S_trasburfg.r4.
2269 5203 2330 5275 5.
2370 5200 2504 5275 --ίξιθξ
2527 5199 2907 5275 Βδεὶιίθῃεθω
2934 5203 2984 5257 4,
3017 5204 3051 5256 5
3076 5199 3097 5248 Ρ
3172 5204 3273 5239 1885
3298 5203 3721 5275 spirengensem

395 5265 576 5334 “36L,
610 5287 659 5324 e.
719 5265 913 5325 desunt
970 5272 1020 5324 4.
1076 5265 1499 5325 Josannensem
1536 5270 1585 5323 1.
1641 5268 1694 5323 3.
1773 5265 2203 5329 '887Vdalr.'3.
2256 5273 2307 5327 4.
2370 5271 2528 5328 νάει.
2592 5273 2641 5327 1.

392 5334 485 5370 ¹⁸⁹⁰
527 5338 728 5395 deest4.

2722 5273 2808 5307 1888
2871 5275 3126 5345 precepit
3184 5276 3245 5329 3_
3451 5263 3545 5308 188'
3590 5269 3722 5324 inter
3746 5258 3781 5312 Α.

2000 5415 2232 5473 ΝΟΤᾸΕ.

457 5505 609 5651 (449)
640 5508 722 5562 Cf.
757 5526 936 5589 supra
964 5527 1059 5565 an.
1097 5510 1256 5564 1059.

457 5577 583 5651 (450
635 5578 718 5635 Cf.
752 5579 979 5651 V1rgil.,
1011 5582 1136 5637 [ΕΠ.
1170 5582 1256 5648 IV,

479 5577 603 5651 asc)
635 5578 718 5635 cr.
752 5577 979 5651 Virgil.,
1011 5582 1136 5637 an.
1170 5582 1262 5648 1v,
1294 5582 1384 5637 15.

479 5581 603 5651 450)
635 5581 718 5635 cr.
752 5581 979 5651 Virgil.,
1011 5624 1018 5636 .

453 5581 605 5732 E451)
634 5650 1018 5710 Theoderico.

2232 5512 2378 5585 (452)
2409 5512 2489 5567 Cf.
2542 5512 2991 5588 promissionem
3040 5512 3205 5588 regis
3263 5532 3329 5572 se
3378 5510 3651 5588 Gregorio
3677 5503 3782 5562 cbo.

2155 5585 2417 5643 diturum
2450 5600 2599 5651 esse,
2635 5585 3000 5660 Mon.Legg.,
3036 5585 3199 5665 II,'p.
3234 5588 3331 5645 49.
