3996 6158
437 318 593 380 1235

1587 314 1988 378 LAMBERTI
2032 313 2696 377 HERSFELDENSIS.

3618 318 3736 382 l236

434 456 659 509 Durum
691 450 799 507 hoc
830 448 1007 505 nimis
1032 451 1206 519 atque
1228 446 1595 505 intolerabile
1615 450 1889 504 omnibus
1922 448 2073 520 regis
2104 449 2158 515 Α
2190 452 2389 502 rentur
2438 446 2673 513 mortui,
2708 446 2906 519 plures
2937 444 3242 513 debilitati,
3290 445 3442 517 pauci
3484 449 3734 509 admodum

436 541 785 599 consiliariis
816 538 1005 593 visum
1039 540 1148 592 est.
1184 537 1293 591 Sed
1337 554 1469 591 cum
1519 538 1571 591 ei
1604 538 1957 594 inevitabilis
1990 539 2077 591 in-

436 632 736 687 cumberet
768 626 1083 682 necessitas
1114 642 1347 697 quoquo
1384 628 1470 661 ¹⁹⁰⁸
1504 632 1700 697 posset
1730 632 1897 698 pacto
1930 626 2077 681 redi-

437 719 634 775 mendi
664 716 911 785 itineris,
946 719 1002 770 et
1031 714 1114 768 illi
1166 731 1269 769 nec
1300 718 1430 785 jure
1464 716 1921 788 propinquitatis
1978 732 2081 770 nec

436 812 615 862 tanta;
645 803 999 860 calamitatis
1023 802 1401 857 miseratione
1432 803 1750 873 quicquam
1783 819 2079 857 moveren-

434 899 551 961 tur,
589 893 773 949 multo
806 891 1003 947 labore
1034 896 1089 945 et
1118 896 1378 961 tempore
1419 892 1476 945 in
1510 892 1616 947 hac
1667 892 2081 947 deliberatione

436 983 760 1054 insumpto,
793 982 889 1036 vix
921 986 975 1035 et
1005 996 1152 1051 azgre
1186 982 1420 1035 tandem
1455 982 1833 1052 impetratum
1865 988 1974 1050 est,
2022 985 2085 1036 ut

435 1071 793 1144 provinciam
819 1070 1112 1140 quandam
1137 1069 1487 1139 Burgundiae
1510 1072 1676 1141 (460),
1706 1070 1873 1125 bonis
1896 1071 2082 1125 omni-

436 1162 551 1216 bus
581 1157 1131 1229 locupletissimam,
1177 1159 1529 1213 concedendi
1560 1160 1843 1214 transitus
1876 1176 2085 1214 merce-

439 1250 572 1305 dem
604 1248 988 1319 dignarentur
1035 1248 1124 1281 19°”
1173 1247 1449 1319 accipere.
1490 1250 1572 1301 Ita
1613 1248 1935 1319 indignatio
1983 1249 2087 1304 Do-

441 1337 587 1393 mini
610 1337 700 1373 ¹⁹¹⁰
721 1354 836 1390 non
860 1336 1052 1391 solum
1085 1336 1463 1392 sacramentis
1494 1341 1549 1391 et
1574 1338 1977 1409 frequentibus
1998 1338 2089 1393 be-

441 1426 666 1483 neficiis
696 1425 807 1481 sibi
841 1425 1142 1491 obnoxios,
1171 1427 1270 1479 sed
1316 1426 1490 1481 etiam
1523 1427 1743 1481 amicos
1778 1432 1833 1482 et
1880 1443 2087 1499 genere

443 1516 805 1588 propinquos
853 1514 925 1569 ab
975 1530 1039 1569 eo
1086 1520 1389 1570 averterat.
1452 1516 1769 1571 Difﬁculter
1818 1521 2088 1572 assecuto

442 1603 789 1661 transeundi
820 1603 1118 1659 licentiam
1152 1605 1418 1675 protinus
1468 1604 1582 1659 alia
1631 1606 1913 1661 successit
1943 1606 2090 1660 difﬁ-

443 1693 630 1749 cultas
662 1694 944 1766 (Januar.)
976 1693 1214 1765 Hiemps
1244 1700 1368 1748 erat
1398 1695 1739 1763 asperrima,
1774 1700 1830 1749 et
1862 1701 2089 1750 montes

444 1798 548 1856 per
578 1800 725 1854 quos
742 1782 1025 1837 transitus
1047 1788 1171 1836 erat
1192 1781 1247 1835 in
1273 1782 1628 1838 immensum
1655 1784 1902 1853 porrecti
1920 1789 1976 1838 et
2001 1800 2091 1855 pe-

446 1889 518 1927 ne
540 1871 794 1926 nubibus
836 1886 1113 1925 cacumen
1148 1870 1499 1941 ingerentes,
1525 1872 1605 1925 ita
1627 1871 1778 1927 mole
1797 1872 2015 1927 nivium
2038 1877 2094 1928 et

444 1959 675 2033 glaciali
697 1960 907 2031 frigore
929 1959 1325 2029 obriguerant,
1352 1965 1414 2013 ut
1444 1976 1545 2030 per
1575 1959 1863 2014 lubricum
1896 1960 2091 2031 praeci-

446 2048 747 2119 pitemque
804 2047 1109 2102 decessum
1164 2048 1251 2081 ‘9“
1288 2064 1391 2102 nec
1448 2048 1662 2119 equitis
1722 2066 1827 2103 nec
1884 2049 2094 2121 peditis

447 2150 716 2208 gressum
750 2135 875 2190 sine
906 2135 1160 2205 periculo
1195 2137 1593 2192 admitterent.
1629 2138 1738 2193 Sed
1772 2137 1896 2193 dies
1928 2138 2095 2193 anni-

449 2224 767 2293 versarius,
790 2240 905 2295 quo
939 2240 1037 2279 rex
1058 2224 1115 2279 in
1140 2226 1801 2282 excommunicationem
1848 2228 2094 2282 devene-

450 2318 562 2380 rat,
586 2328 615 2367 e
636 2312 824 2367 vicino
846 2312 1165 2368 imminens
1192 2314 1301 2380 19",
1326 2314 1518 2370 nullas
1540 2316 1901 2371 accelerandi
1925 2316 2096 2371 itine-

451 2401 534 2457 ris
558 2402 650 2435 ¹⁹¹³
680 2418 876 2457 moras
908 2401 1255 2472 patiebatur,
1281 2404 1439 2473 quia,
1474 2403 1585 2459 nisi
1618 2410 1752 2459 ante
1782 2422 1909 2459 eam
1943 2405 2096 2459 diem

451 2489 823 2545 anathemate
837 2489 1254 2558 absolveretur,
1271 2493 1571 2547 decretum
1587 2499 1825 2549 noverat
1842 2510 2099 2548 commu-

448 2577 509 2632 ni
524 2578 856 2649 principum
875 2578 1183 2645 sententia,
1202 2583 1265 2632 ut
1282 2584 1340 2633 et
1361 2596 1538 2635 causa
1560 2581 1616 2635 in
1636 2587 1984 2652 perpetuum
2006 2584 2100 2616 ‘9“

449 2666 755 2723 cecidisset
785 2671 842 2721 et
862 2682 1107 2738 regnum
1130 2668 1255 2722 sine
1279 2668 1395 2723 ullo
1419 2669 1691 2741 deinceps
1712 2670 2097 2739 restitutionis

450 2754 705 2809 remedio
735 2754 1050 2810 amisisset.
1077 2756 1260 2827 Igitur
1290 2758 1579 2828 quosdam
1610 2775 1677 2813 ex
1700 2759 1988 2831 indigenis
2009 2758 2096 2814 lo-

451 2860 653 2900 corum
687 2842 903 2915 peritos
932 2849 991 2898 et
1018 2845 1327 2917 praeruptis
1356 2846 1591 2917 Alpium
1616 2848 1778 2919 jugis
1809 2852 2095 2916 assuetos,

453 2932 719 2988 mercede
751 2932 1046 2999 conduxit,
1084 2934 1181 3003 qui
1213 2934 1558 2989 comitatum
1610 2936 1738 3005 ejus
1782 2953 1885 3008 per
1925 2938 2098 2992 abru-

454 3024 623 3093 ptum
674 3024 932 3075 montem
988 3022 1076 3055 ¹⁹¹⁵
1108 3025 1163 3075 et
1206 3022 1389 3077 moles
1440 3022 1660 3079 nivium
1694 3026 1781 3060 ί⁹¹⁶
1811 3027 2096 3097 ρι’ωοθὸε-

457 3111 609 3174 rent,
639 3112 696 3163 et
718 3108 1234 3180 subsequentibus,
1259 3127 1494 3183 quaqua
1510 3120 1749 3184 possent
1769 3119 1910 3183 arte,
1937 3115 2101 3170 itine-

2188 536 2397 608 integri
2431 535 2868 606 incolumesque
2892 534 3213 607 periculum
3237 537 3452 592 evadere
3472 543 3737 609 potuerunt.

2258 626 2573 696 Postquam
2608 641 2708 695 per
2738 624 2958 679 italiam
2992 624 3150 679 fama
3180 627 3525 695 percrebruit,
3565 630 3737 685 venisse

2191 731 2406 785 regem,
2428 719 2484 769 et
2505 714 2794 785 superatis
2812 713 3153 785 asperrimis
3176 714 3517 784 rupibusjam
3536 716 3659 771 intra
3676 721 3739 754 1°”

2192 803 2368 857 Italiae
2402 804 2547 858 fines
2580 804 2669 837 ‘9”
2700 802 3041 868 consistere,
3068 803 3329 856 certatim
3360 803 3421 857 ad
3452 820 3565 858 eum
3592 822 3741 861 omnes

2191 892 2367 946 Italiae
2399 892 2655 963 episcopi
2684 896 2741 946 et
2771 890 3013 947 comites
3043 891 3428 958 confluebant,
3451 908 3677 964 eumque,
3700 904 3744 950 ut

2192 981 2352 1052 regia
2366 980 2803 1052 magnificentia
2816 981 3061 1052 dignum
3077 984 3445 1050 erat,summo
3457 997 3571 1035 cum
3586 982 3744 1039 honore

2192 1070 2611 1141 suscipiebant,
2656 1075 2830 1141 atque
2876 1070 3029 1124 intra
3060 1070 3149 1104 ¹⁹²⁰
3180 1085 3388 1140 paucos
3416 1069 3524 1125 dies
3555 1072 3625 1106 ‘9“
3653 1072 3744 1127 inii-

2195 1161 2326 1214 nitaa
2347 1158 2745 1214 multitudinis
2766 1160 2837 1214 ad
2861 1175 2993 1213 eum
3014 1164 3393 1230 congregatus
3412 1164 3492 1213 est
3509 1162 3745 1214 exercitus.

2194 1254 2368 1303 Erant
2398 1248 2553 1303 enim
2580 1249 2701 1318 jam
2728 1250 2797 1303 ab
2824 1248 3057 1303 exordio
3081 1248 3243 1319 regni
3282 1250 3400 1317 ejus
3421 1264 3621 1320 semper
3644 1249 3749 1304 desi-

2196 1337 2463 1391 derantes
2490 1336 2800 1391 adventum
2825 1337 2951 1405 ejus
2975 1335 3033 1391 in
3058 1336 3309 1403 Italiam,
3331 1353 3392 1391 eo
3412 1338 3551 1407 quod
3570 1353 3750 1408 regnum

2196 1426 2341 1481 illud
2367 1424 2554 1494 bellis,
2580 1425 2968 1479 seditionibus
3000 1430 3057 1480 et
3084 1424 3400 1481 latrociniis
3428 1442 3488 1480 ac
3509 1426 3653 1480 variis
3678 1427 3753 1497 pri-

2196 1514 2966 1585 vatorumzinfestationibus
2996 1514 3230 1570 assidue
3256 1516 3597 1570 infestaretur
3612 1520 3657 1569 et
3674 1532 3755 1569 om-

2200 1603 2297 1657 nia
2328 1620 2453 1675 quae
2479 1608 2685 1673 praeter
2713 1602 2869 1673 leges
2893 1608 2949 1657 et
2968 1604 3107 1673 jura
3139 1604 3421 1673 majorum
3451 1603 3514 1657 ab
3542 1603 3753 1674 improbis

2200 1692 2540 1747 hominibus
2564 1692 3088 1762 prmsumebantur,
3126 1692 3295 1763 regis:
3326 1692 3650 1747 auctoritatis
3666 1706 3755 1745 cen-

2201 1799 2341 1837 sura
2372 1781 2581 1852 corrigi
2606 1788 2925 1853 sperarent.
2962 1783 3269 1849 Praeterea,
3302 1781 3435 1852 quia
3461 1782 3599 1835 fama
3614 1779 3755 1851 vulga-

2204 1876 2384 1938 verat,
2405 1871 2475 1925 ad
2501 1870 2910 1941 deponendum
2935 1888 3147 1942 papam
3172 1870 3454 1925 ferocibus
3472 1886 3592 1925 eum
3607 1868 3757 1923 animis

2204 1975 2511 2031 properare
2544 1961 2654 2028 ‘9”,
2700 1960 3018 2015 admodum
3068 1959 3523 2031 gratulabantur,
3570 1957 3757 2013 oblatam

2204 2049 2317 2104 sibi
2349 2049 2713 2103 occasionem
2745 2064 2893 2118 esse,
2937 2066 3054 2119 qua
3084 2049 3143 2102 in
3174 2065 3330 2113 eum,
3363 2048 3459 2119 qui
3487 2063 3542 2102 se
3560 2047 3660 2117 jam
3680 2044 3762 2116 pri-

2205 2137 2336 2191 dem
2370 2138 2441 2191 ab
2473 2137 2862 2193 ecclesiastica
2892 2138 3308 2193 communione
3336 2136 3688 2208 suspenderat,
3706 2134 3764 2187 in-

2199 2226 2419 2295 juriam
2454 2243 2621 2280 suam
2652 2226 2860 2281 idonee
2890 2226 3277 2281 vindicarent.

2282 2316 2504 2369 Interea
2533 2332 2683 2385 papa
2735 2320 2972 2385 rogatus
3006 2331 3107 2385 per
3152 2315 3379 2370 litteras
3406 2331 3439 2370 a
3485 2310 3767 2385 principibus

2205 2404 2536 2458 Teutonicis
2572 2406 2661 2439 ¹⁰²³
2684 2403 2785 2474 qui
2807 2404 2864 2457 in
2888 2404 3253 2475 Oppenheim
3277 2408 3649 2466 convenerant,
3674 2398 3767 2453 utin

2208 2492 2610 2563 purificatione
2631 2497 2843 2547 sanctae
2866 2493 3058 2547 Maria:
3076 2494 3147 2547 ad
3166 2493 3578 2548 discutiendam
3596 2503 3769 2545 causam

2208 2581 2361 2653 regis
2389 2588 2662 2652 Augusta:
2682 2585 3029 2647 occurreret,
3053 2581 3255 2638 invitis
3280 2582 3545 2637 Romanis
3564 2574 3772 2652 principi-

2210 2670 2319 2724 bus
2376 2676 2432 2725 et
2487 2675 2721 2741 propter
2777 2669 3065 2725 incertum
3137 2670 3219 2725 rei
3284 2676 3541 2725 eventum
3589 2668 3679 2721 iter
3714 2665 3774 2700 ‘9“

2206 2757 2350 2813 illud
2378 2758 2877 2827 dissuadentibus,
2914 2759 3095 2815 Roma
3124 2775 3400 2831 egressus
3431 2763 3531 2824 est,
3566 2762 3615 2811 et
3638 2769 3769 2826 quan-

2206 2852 2332 2901 tum
2362 2851 2587 2918 poterat
2632 2848 3046 2919 profectionem
3100 2848 3453 2913 accelerans,
3490 2850 3677 2901 statuto
3712 2841 3773 2894 die

2208 2941 2417 3007 praesto
2450 2952 2578 2991 esse
2604 2938 2927 3008 satagebat,
2966 2939 3249 2993 ducatum
3290 2938 3440 3009 (461)
3477 2936 3525 2991 ei
3554 2932 3774 3006 praebente

2210 3024 2514 3092 Mathilda,
2544 3025 2819 3081 derelicta
2849 3025 3017 3082 ducis
3054 3027 3502 3099 Luteringorum
3551 3024 3628 3060 ¹⁹²⁵
3651 3020 3774 3075 Gaze-

2210 3114 2383 3178 lonis,
2421 3113 2539 3168 lilia
2568 3114 2843 3169 Bonifacii
2893 3114 3250 3171 marchionis
3283 3121 3339 3171 et
3367 3113 3621 3170 Beatricis
3646 3107 3776 3164 comi-

458 3197 540 3252 ris
572 3196 943 3268 asperitatem
976 3196 1314 3269 levigarent.
1348 3200 1450 3255 His
1481 3202 1822 3258 ductoribus
1872 3220 2005 3259 cum
2040 3204 2099 3258 in
2132 3194 2173 3259 C
2211 3204 2387 3258 tissaa.
2449 3203 2597 3271 Haec,
2657 3203 2883 3258 vivente
2940 3204 3131 3259 adhuc
3190 3204 3315 3259 viro
3375 3219 3497 3267 suo,
3551 3197 3777 3272 quandam

454 3286 732 3341 verticem
756 3285 972 3340 montis
994 3303 1207 3359 magna
1225 3305 1359 3343 cum
1385 3289 1731 3347 dilﬁcultate
1753 3293 2098 3360 evasissent,

456 3374 620 3430 nulla
647 3374 891 3430 ulterius
914 3376 1321 3446 progrediendi
1340 3379 1506 3450 copia
1529 3384 1670 3447 erat,
1695 3398 1760 3435 eo
1784 3382 1939 3452 quod
1964 3398 2103 3452 pra:-

454 3480 592 3535 ceps
614 3463 831 3518 montis
862 3463 1040 3535 latus,
1073 3469 1129 3519 et
1161 3470 1226 3519 ut
1256 3466 1475 3522 dictum
1509 3474 1597 3523 est
1627 3468 1857 3539 glaciali
1892 3471 2102 3542 frigore

453 3552 767 3621 lubricum,
801 3570 1033 3608 omnem
1062 3555 1293 3625 penitus
1320 3556 1627 3612 decessum
1662 3561 1752 3594 *9”
1785 3575 1995 3630 negare
2026 3562 2100 3613 vi-

455 3641 709 3697 deretur.
748 3641 829 3695 Ibi
860 3642 965 3696 viri
998 3642 1321 3713 periculum
1368 3661 1540 3701 omne
1585 3646 1806 3703 viribus
1840 3649 2101 3704 evincere

454 3733 754 3798 conantes,
790 3747 945 3785 nunc
968 3732 1243 3787 manibus
1273 3737 1330 3787 et
1350 3735 1597 3804 pedibus
1620 3738 1921 3807 reptando,
1948 3755 2101 3793 nunc

454 3818 764 3873 ductorum
784 3836 1023 3874 suorum
1041 3819 1304 3876 humeris
1318 3822 1639 3889 innitendo,
1656 3824 1950 3881 interdum
1966 3844 2105 3898 quo-

458 3923 572 3979 que
602 3908 890 3963 titubante
922 3925 1023 3980 per
1052 3908 1343 3964 lubricum
1375 3927 1581 3983 gressu
1613 3914 1871 3968 cadendo
1902 3919 1955 3969 et
1986 3914 2106 3969 lon-

457 3996 590 4068 gius
622 3996 962 4062 volutando,
994 3996 1088 4051 vix
1126 4000 1361 4053 tandem
1412 4000 1725 4070 aliquando
1756 4018 1890 4056 eum
1944 4003 2102 4073 gravi

458 4083 667 4139 salutis
700 4101 818 4138 sua:
875 4084 1130 4155 periculo
1162 4087 1233 4140 ad
1292 4089 1641 4157 campestria
1696 4096 2101 4159 pervenerunt.

460 4171 743 4242 Reginam
776 4176 833 4226 et
863 4171 1008 4227 alias
1040 4189 1167 4242 quae
1199 4173 1257 4227 in
1290 4176 1567 4245 obsequio
1599 4177 1726 4247 ejus
1756 4184 1943 4249 _erant
1975 4197 2102 4234 mu-

460 4258 653 4327 lieres,
687 4260 865 4314 boum
900 4260 1075 4315 coriis
1104 4261 1431 4333 impositas,
1484 4265 1661 4320 duces
1694 4266 1936 4338 itineris,
1970 4286 2103 4323 con-

461 4348 639 4402 ductu
662 4352 1006 4419 praeeuntes,
1023 4349 1296 4405 deorsum
1316 4352 1945 4427 trahebant.Equorum
1962 4357 2107 4413 alios

2211 3292 2508 3347 viduitatis
2541 3293 2817 3363 speciem,
2840 3292 3204 3365 longissimis
3238 3295 3309 3349 ab
3333 3310 3398 3348 eo
3428 3290 3623 3363 spaciis
3639 3284 3777 3342 exclu-

2211 3399 2293 3448 sa,
2329 3380 2741 3452 praetendebat,
2771 3398 2904 3435 cum
2929 3398 3033 3437 nec
3064 3382 3195 3453 ipsa
3215 3383 3489 3437 maritum
3509 3380 3565 3434 in
3589 3373 3779 3431 Luterin-

2209 3471 2366 3543 giam
2402 3471 2489 3505 ¹⁹²⁶
2520 3476 2681 3524 extra
2728 3469 2919 3524 natale
2964 3470 3152 3525 solum
3211 3471 3382 3542 sequi
3430 3468 3603 3531 vellet,
3631 3470 3676 3519 et
3699 3460 3779 3523 ille,

2210 3560 2457 3614 ducatus
2489 3576 2664 3628 quem
2692 3559 2749 3612 in
2784 3560 3117 3632 Luteringia
3150 3561 3240 3594 '9”
3275 3555 3687 3615 administrabat
3711 3564 3778 3603 ne-

2211 3649 2391 3721 gociis
2424 3648 2766 3721 implicitus,
2800 3648 2891 3701 vix
2923 3649 3011 3683 ¹⁹²⁸
3034 3654 3165 3720 post
3187 3650 3437 3704 tercium
3462 3646 3541 3702 vel
3572 3646 3780 3715 quartum

2212 3754 2434 3792 annum
2467 3737 2648 3792 semel
2699 3736 3001 3791 marcham
3052 3736 3320 3792 Italicam
3372 3735 3643 3791 inviseret.
3685 3728 3780 3781 P081

2213 3828 2382 3897 cujus
2415 3836 2661 3881 mortem
2717 3826 2961 3881 Romani
3018 3826 3320 3897 pontificis
3376 3824 3533 3881 lateri
3576 3822 3651 3858 ’9”
3680 3828 3781 3888 ρθηθ

2213 3932 2409 3971 comes
2443 3915 2741 3969 individua
2800 3915 3133 3970 adhaerebat
3181 3916 3354 3987 (462),
3401 3926 3633 3983 eumque
3677 3904 3781 3959 miro

2214 4005 2439 4059 colebat
2469 4004 2698 4058 affectu.
2741 4003 3003 4074 Cumque
3055 4020 3274 4075 magna
3318 4020 3451 4075 pars
3498 3999 3650 4055 Italia
3697 3994 3784 4063 ejus

2215 4097 2440 4165 pareret
2471 4091 2734 4163 imperio,
2767 4097 2823 4147 et
2854 4092 3128 4147 omnibus
3173 4109 3302 4163 qua:
3353 4092 3535 4164 prima
3578 4078 3783 4141 mortales

2216 4184 2439 4237 ducunt
2474 4199 2650 4251 supra
2684 4185 2902 4236 ceteros
2930 4186 3091 4236 terrae
3117 4180 3281 4236 illius
3313 4180 3591 4253 principes
3617 4172 3784 4229 habun-

2217 4272 2399 4339 daret,
2454 4270 2809 4341 ubicumque
2868 4286 3044 4341 opera
3099 4270 3228 4340 ejus
3289 4285 3441 4340 papa
3490 4258 3784 4335 indiguisset.

2215 4361 2379 4416 ocius
2414 4360 2502 4394 ¹⁹³ο
2526 4360 2725 4412 aderat
2755 4362 2811 4413 et
2830 4362 3134 4429 tamquam
3158 4358 3309 4429 patri
3331 4356 3419 4412 vel
3439 4353 3652 4411 domino
3669 4344 3788 4401 sedu-

458 4453 563 4508 per
585 4436 888 4493 machinas
910 4439 1198 4509 quasdam
1222 4432 1691 4514 summittebant,
1710 4445 1854 4502 alios
1876 4447 2105 4518 colliga-
2136 4454 2183 4518 Β
2218 4449 2339 4505 lum
2378 4447 2645 4503 exibebat
2672 4446 2952 4501 ofﬁcium.
2984 4446 3143 4501 Unde
3174 4463 3284 4501 nec
3306 4445 3538 4501 evadere
3568 4435 3719 4513 potuit
3735 4433 3789 4518 in-

454 4525 534 4581 tis
556 4526 807 4598 pedibus
838 4526 1168 4600 trahebant,
1203 4546 1270 4585 ex
1304 4529 1519 4603 quibus
1544 4531 1712 4587 multi
1744 4535 1884 4589 dum
1918 4537 2105 4592 trahe-

2215 4538 2353 4593 costi
2388 4536 2604 4591 amoris
2634 4535 3052 4606 suspicionem,
3077 4529 3660 4606 passimjactantibus
3684 4517 3789 4591 regis

1814 4702 2054 4759 VARl/E
2096 4705 2511 4761 LECTIONES.

536 4830 970 4903 19m{quoque/1.
1054 4832 1141 4867 ¹⁹⁰⁹
1171 4833 1547 4903 dignarenter
1579 4836 1631 4888 4.

463 4901 689 4955 sum?
722 4904 814 4937 ¹⁹ι²
867 4902 1015 4957 deest
1071 4904 1126 4957 3.
1188 4901 1261 4957 4.-
1299 4906 1353 4958 5.
1436 4906 1524 4939 ³9³³

464 4973 552 5007 ²⁹¹⁷
602 4971 1003 5028 descensum?
1081 4975 1171 5008 ¹⁰¹⁸
1231 4974 1384 5030 inter
1444 4978 1493 5031 4.

463 5042 557 5077 ‘9”
587 5043 733 5099 dces!
768 5045 818 5098 4.
901 5045 991 5080 ¹⁰²³
1022 5044 1396 5101 Theutonicis
1427 5050 1479 5103 3.

462 5116 515 5169 1.
548 5116 602 5169 3.
684 5116 776 5151 ¹⁹²⁷
814 5115 1191 5188 Lutheringia
1223 5119 1273 5171 1.
1306 5119 1359 5172 3.
1394 5120 1444 5172 4.

1715 4836 1802 4870 ¹⁹¹⁰
1834 4837 2008 4892 deum
2042 4840 2091 4892 4.

1581 4907 1722 4961 deest
1781 4909 1831 4961 4.

1560 5050 1651 5084 ’9³⁵
1685 5055 1822 5105 tunc
1853 5052 1905 5104 3.

2172 4839 2258 4874 ‘9”
2294 4839 2597 4894 decessum
2628 4840 2681 4892 5.
2711 4854 2852 4893 corr.
2905 4838 3209 4891 decessum
3242 4838 3295 4890 4.

1929 4910 2322 4981 twiimperp.
2378 4912 2430 4963 3.
2489 4912 2709 4979 sacpius.

1578 4980 1667 5013 “"9
1714 4979 1859 5034 lines
1908 5011 1976 5021 -—
2032 4979 2207 5035 Italia:
2260 4982 2475 5035 desunt.
2535 4984 2588 5035 3.
2651 4984 2699 5034 4.
2744 4982 2796 5034 5.

1987 5052 2076 5084 ¹⁹²⁵
2108 5052 2576 5123 Lutteringorum
2612 5052 2685 5123 3.7
2716 5053 2766 5106 4.
2798 5052 2852 5105 5.
2904 5050 3135 5105 Luther.
3176 5051 3226 5104 1.

1525 5121 1615 5154 ¹⁹²⁸
1647 5127 1780 5192 post
1803 5121 1895 5177 vix
1926 5123 1978 5177 3.
2060 5124 2153 5158 193°
2181 5123 2361 5179 latere
2377 5121 2443 5177 71.

3350 4836 3571 4905 fortasse
3608 4829 3792 4905 desceq-

2804 4889 2894 4944 isizz
3237 4889 3293 4961 3;
3350 4889 3361 4905 '
3388 4906 3475 4940 me
3528 4899 3715 4957 invium

2880 4960 3174 5035 ,θετὸν-ἰθέας
3336 4979 3387 5031 _,,_
3468 4975 3550 5010 im
3602 4970 3723 5050 ἄρα.
3759 4960 3791 5012 i.

3308 5050 3395 5083 ¹⁹²⁶
3429 5044 3791 5108 Lutherinng

2524 5124 2614 5159 193°
2644 5122 2824 5178 cicius
2853 5124 2907 5177 5.

2031 5293 2258 5348 NOT/E.

532 5404 680 5492 (ίξθθ)
714 5407 907 5492 Bngey
941 5410 1283 5492 \(Qeugesia,
1317 5412 1520 5485 Bugia)
1551 5414 1704 5492 inter
1755 5415 2103 5492 Rhodanum

463 5477 527 5557 et.
552 5479 772 5557 Danum
811 5477 1517 5557 ('Ain)‘fluvioshianiﬁars
1550 5487 1852 5556 provincia:
1877 5488 2108 5542 Gallicae

464 5547 1163 5628 Ain,‘cuju«-metropolis
1196 5547 1301 5628 fuit
1332 5547 1565 5628 Allallay‘
1600 5558 1831 5627 (Belica,
1888 5559 2109 5613 Bcllcu-

468 5618 647 5688 cum),
678 5618 856 5674 fuisse
887 5618 1159 5691 cpin‘atur
1179 5618 1540 5698 Guichenon,
1565 5618 1718 5699 quod
1744 5618 1857 5699 qua
1889 5631 2109 5686 ratione

2216 5416 2363 5487 juris
2388 5416 2696 5471 Sabaudici
2722 5415 3060 5487 factumsit,
3085 5412 3321 5487 aliunde
3345 5428 3455 5487 non
3475 5406 3684 5487 liqueflf;
3704 5392 3786 5487 Kf‘j

2294 5490 2441 5558 (401)
2473 5488 2837 5543 Conductum
2862 5472 3194 5555 militarem,
3227 5482 3452 5538 itineris
3480 5472 3787 5552 prasidium;

2218 5560 2401 5627 gelez'l.

2288 5630 2438 5701 (462)
2468 5630 2550 5685 cr.
2584 5630 2723 5698 Liv.,
2755 5628 2991 5699 XXXIX,
3026 5629 3115 5682 25.
