3996 6158
257 302 411 366 1241

1508 304 1894 368 ANNALES.
1939 338 2016 351 —-
2058 305 2190 368 AN.
2238 305 2417 368 1077.

3519 307 3677 370 1242

255 437 658 506 inolevissent,
691 439 1068 496 consentiens
1122 439 1174 496 ei
1230 443 1287 495 et
1333 456 1436 512 pro
1464 439 1617 495 virili
1649 439 1912 513 portione
1942 438 1997 506 Α
2027 439 2358 510 clamasset,
2381 440 2618 496 tandem
2640 439 2981 512 impertrato
2999 437 3590 509 silentio,conversus
3606 441 3679 497 ad

256 531 598 598 cooperator
625 527 938 597 existeret;
973 529 1042 584 ad
1095 527 1394 596 ultimum,
1449 529 1498 583 si
1531 527 1914 600 quid'horum

257 616 762 690 praevaricaretur,
827 617 1053 672 irritam
1113 618 1233 673 fore
1287 617 1458 680 hanc,
1492 635 1618 689 quas
1651 622 1794 673 tunc
1828 618 1915 653 19⁵⁸

257 710 560 776 tantopere
592 705 848 777 expetita
877 707 974 772 sit,
1022 707 1414 762 anathematis
1464 707 1913 778 absolutionem,

256 794 402 867 quin
425 794 606 849 immo
622 795 746 865 jam
771 813 874 867 pro
898 796 1158 852 convicto
1177 796 1559 868 confessoque
1581 796 1916 851 habendum

255 900 388 940 esse
410 885 520 952 19⁵9,
548 900 653 938 nec
678 883 832 939 ultra
851 902 955 957 pro
984 887 1300 941 asserenda
1329 885 1663 941 innocentia
1684 901 1793 940 sua
1814 901 1915 939 au-

256 972 544 1029 dientiam
572 973 1048 1044 impetraturum,
1094 975 1504 1046 principesque
1535 974 1723 1046 regni,
1755 973 1916 1028 omni

255 1063 536 1134 deinceps
568 1061 911 1134 quastione,
960 1069 1170 1119 cuncta
1212 1064 1607 1135 jurisjurandi
1639 1063 1918 1136 religione

256 1150 560 1216 liberatos,
596 1167 790 1224 regem
823 1151 1031 1219 alium,
1066 1152 1122 1207 in
1157 1169 1329 1224 quem
1355 1152 1689 1208 communis
1710 1151 1916 1207 electio

257 1239 682 1307 consensisset,
717 1245 1014 1296 creaturos
1041 1259 1188 1297 esse.
1222 1241 1551 1306 Gratanter,
1578 1259 1674 1297 rex
1700 1241 1919 1311 accepit

257 1329 646 1395 conditiones,
669 1333 725 1384 et
746 1333 1112 1386 servaturum
1137 1347 1198 1386 se
1221 1331 1440 1397 omnia,
1464 1347 1640 1402 quam
1667 1330 1915 1385 sanctis-

257 1415 430 1474 simis
464 1418 554 1453 ¹⁹⁶⁰
585 1422 813 1489 poterat
861 1418 1291 1475 assertionibus
1343 1419 1715 1491 promittebat
1746 1419 1914 1491 (474).

255 1504 377 1562 Nec
405 1509 602 1561 tamen
630 1505 995 1577 promittenti
1027 1511 1248 1570 temere
1269 1508 1413 1562 fides
1439 1507 1642 1563 habita
1663 1513 1752 1562 est
1776 1525 1788 1574 ;
1813 1506 1915 1562 sed

257 1595 445 1651 abbas
475 1594 895 1662 Cloniacensis,
930 1596 1208 1668 quoniam
1240 1597 1328 1635 ί⁹⁸ί
1353 1597 1556 1668 jurare
1580 1595 1916 1652 monasticm

254 1681 562 1757 religionis
593 1684 834 1741 obtentu
868 1686 1246 1751 detrectabat,
1297 1686 1472 1740 fidem
1522 1702 1692 1741 suam
1722 1701 1916 1740 coram

252 1772 446 1829 oculis
476 1774 674 1830 omnia
704 1774 998 1830 cernentis
1029 1775 1128 1831 Dei
1181 1774 1532 1846 interposuit
1558 1791 1570 1830 :
1605 1775 1917 1847 episcopus

251 1879 494 1935 quoque
513 1862 820 1920 Citicensis
843 1868 902 1920 et
931 1863 1243 1937 episcopus
1270 1863 1658 1920 Vercellensis
1692 1864 1842 1936 (475)
1867 1868 1923 1919 et

237 1942 413 2008 'Azzo
445 1953 706 2008 marcbio
741 1957 798 2008 et
828 1952 924 2008 alii
985 1953 1386 2010 conventionis
1442 1954 1570 2024 ejus
1602 1952 1919 2025 principes,

252 2040 454 2097 allatis
487 2047 826 2097 sanctorum
857 2041 1144 2114 reliquiis,
1178 2042 1288 2098 sub
1302 2042 1692 2114 jurejurando
1716 2042 1924 2096 contir-

255 2134 594 2199 maverunt,
621 2131 916 2186 facturum
943 2149 1078 2187 eum
1101 2148 1228 2187 esse
1245 2147 1372 2202 quae
1391 2129 1790 2203 pollicebatur,
1816 2147 1921 2186 nec

258 2218 464 2291 aliqua
486 2237 680 2276 rerum
709 2220 1024 2292 asperitate
1045 2220 1133 2276 vel
1155 2237 1401 2276 casuum
1422 2221 1592 2276 variae
1612 2220 1922 2276 succeden-

254 2308 413 2364 tium
447 2308 837 2365 mutabilitate
867 2311 938 2365 ab
971 2309 1267 2365 sententia
1293 2310 1382 2344 ¹⁹⁶²
1415 2309 1846 2365 deducendum.

331 2398 423 2453 Ita
454 2397 720 2454 absoluto
753 2415 817 2454 eo
868 2398 1490 2466 excommunicatione,
1525 2415 1676 2471 papa
1707 2399 1919 2454 missa-

254 2503 396 2543 rum
429 2486 718 2543 solemnia
749 2488 1083 2557 celebravit,
1133 2488 1512 2560 confectaque
1562 2505 1731 2543 sacra
1761 2486 1918 2543 obla-

254 2576 439 2648 tione,
475 2593 670 2650 regem
693 2594 828 2633 cum
853 2583 1064 2644 cetera,
1083 2595 1210 2651 quae
1235 2578 1506 2649 frequens
1527 2579 1746 2643 aderat,
1771 2578 1919 2633 mul-

257 2665 517 2722 titudine
541 2667 611 2722 ad
631 2666 813 2723 altare
833 2667 1106 2735 evocavit,
1135 2668 1569 2740 praeferensque
1591 2684 1768 2723 manu
1792 2684 1916 2723 cor-

250 2769 369 2826 pus
400 2753 776 2811 Dominicum
822 2757 969 2828 (476)
1002 2775 1014 2812 :
1064 2757 1193 2828 Ego,
1242 2755 1456 2829 inquit,
1481 2757 1601 2829 jam
1625 2755 1848 2827 pridem
1877 2773 1918 2813 α

252 2846 309 2898 te
339 2844 560 2915 tuisque
585 2845 903 2915 fautoribus
937 2844 1157 2902 litteras
1186 2847 1395 2916 accepi,
1435 2846 1631 2918 quibus
1658 2861 1744 2900 me
1773 2847 1916 2901 insi-

250 2931 512 2989 mulabas
539 2933 722 2989 sedem
748 2933 1111 3005 apostolicam
1134 2951 1236 3006 per
1283 2934 1654 2990 Simoniacam
1682 2936 1916 2990 heresim

257 3037 576 3091 occupasse,
605 3025 656 3077 et
683 3023 810 3078 aliis
841 3023 1190 3094 quibusdam,
1242 3031 1352 3078 tam
1395 3031 1520 3078 ante
1551 3024 1915 3094 episcopatum

251 3126 423 3182 quam
450 3118 570 3182 post
598 3115 879 3182 acceptum
932 3115 1324 3184 episcopatum,
1384 3112 1712 3167 criminibus
1743 3114 1912 3167 vitam

2026 545 2220 600 regem
2248 544 2262 585 :
2291 531 2401 584 Fac
2420 545 2570 600 ergo,
2597 530 2808 602 inquit,
2835 527 2946 602 ﬁli,
2978 530 3030 585 si
3063 530 3258 598 placet,
3300 530 3455 602 quod
3482 545 3567 585 me
3594 531 3678 599 fa-

2025 634 2146 674 cere
2170 619 2384 674 vidisti.
2400 619 2692 691 Principes
2706 620 2986 675 Teutonici
3000 619 3160 690 regni
3177 620 3295 674 suis
3306 619 3367 673 in
3381 618 3497 672 dies
3512 633 3680 674 accu-

2023 709 2337 763 sationibus
2349 724 2514 764 aures
2524 708 3352 777 nostrasobtundunt,magnam
3364 708 3469 763 tibi
3477 708 3680 763 molem

2025 799 2356 866 capitalium
2367 799 2662 852 criminum
2678 799 2852 869 impin
2859 805 3062 869 gentes,
3076 813 3184 866 pro
3197 797 3393 867 quibus
3405 813 3513 852 non
3525 797 3678 852 modo

2026 887 2089 941 ob
2110 886 2264 941 omni
2281 903 2474 941 rerum
2490 888 2840 955 publicarum
2862 886 3372 952 administratione,
3394 886 3485 941 sed
3501 887 3576 940 ab
3591 901 3677 940 ec-

2025 973 2342 1031 clesiastica
2357 977 2528 1030 etiam
2544 975 2926 1031 communione
2940 979 2992 1029 et
3010 975 3079 1030 ab
3095 975 3415 1030 omnimodu
3430 976 3553 1029 vitae
3568 990 3679 1032 sa?-

2025 1065 2230 1119 cularis
2250 1066 2663 1120 conversatione
2684 1080 2851 1136 usque
2897 1063 2967 1119 ad
3013 1069 3322 1118 extremum
3343 1065 3600 1124 spiritum
3629 1073 3681 1119 te

2024 1153 2286 1225 suspendi
2305 1163 2555 1224 aportere
2575 1155 2915 1209 existimant.
2936 1155 3142 1208 Petunt
3161 1151 3250 1188 ¹⁹⁶⁵
3271 1152 3442 1206 etiam
3460 1168 3682 1217 magno-

2017 1259 2160 1315 pere
2177 1244 2329 1298 diem
2342 1248 2392 1298 et
2410 1244 2586 1298 locum
2598 1245 2777 1298 statui
2788 1242 3237 1312 audientiamque
3246 1241 3506 1312 prwslari
3517 1257 3679 1296 cano-

2025 1333 2145 1388 nice
2162 1332 2543 1396 discutiendis,
2566 1349 2700 1402 quas
2713 1333 3000 1388 adversum
3025 1336 3076 1386 te
3096 1332 3352 1403 afferant,
3376 1331 3678 1386 accusatio-

2025 1422 2208 1476 nibus.
2229 1423 2294 1476 Et
2314 1423 2460 1477 nosti
2475 1421 2701 1492 optime,
2718 1421 2961 1477 humana
2977 1421 3298 1492 plerumque
3315 1420 3578 1475 vacillare
3579 1421 3678 1492 ju-

2025 1510 2173 1566 dicia
2197 1519 2249 1566 et
2276 1512 2332 1565 in
2351 1511 2594 1582 publicis
2613 1510 3096 1582 disceptationibus
3116 1525 3512 1580 nonnunquam
3529 1509 3679 1580 falsa

2023 1615 2124 1671 pro
2143 1601 2285 1655 veris
2301 1600 2643 1672 persuaderi,
2667 1599 2797 1655 dum
2808 1615 2908 1670 pro
2929 1600 3260 1656 disertorum
3285 1599 3372 1634 ¹⁹⁶⁶
3392 1599 3679 1655 hominum

2026 1690 2271 1760 ingeniis
2329 1690 2417 1728 “87
2476 1697 2527 1745 et
2582 1689 2803 1744 dicendi
2852 1691 3019 1760 copia
3077 1692 3128 1744 et
3156 1689 3431 1744 suavitate
3457 1688 3679 1760 falsitas

2027 1778 2315 1833 verborum
2339 1777 2586 1849 phaleris
2614 1777 2882 1833 adornata
2913 1777 3153 1833 libenter
3182 1776 3428 1848 auditur,
3461 1780 3510 1832 et
3534 1778 3676 1833 veri-

2029 1873 2119 1922 tas
2146 1868 2324 1922 nullis
2352 1867 2678 1938 eloquentiae
2703 1867 2844 1922 nixa
2874 1866 3231 1921 adminiculis
3253 1867 3675 1937 contempnitur.

2032 1956 2168 2012 Cum
2196 1972 2322 2026 ergo
2351 1957 2461 2012 tibi
2489 1957 2619 2012 bene
2635 1956 2944 2012 consultum
2962 1957 3201 2026 cupiam,
3220 1970 3326 2027 pro
3346 1970 3428 2022 eo,
3456 1953 3595 2027 quod
3617 1955 3678 2009 in

2028 2046 2442 2102 calamitatibus
2473 2047 2583 2101 tuis
2632 2046 2865 2119 supplex
2903 2045 3218 2116 apostolicae
3271 2043 3409 2099 sedis
3435 2044 3677 2116 patroci-

2029 2136 2188 2189 nium
2211 2135 2486 2206 expetisti,
2509 2137 2599 2206 fac
2614 2135 2756 2206 quod
2776 2149 2984 2190 moneo.
3009 2133 3071 2189 Si
3103 2141 3156 2188 te
3177 2135 3517 2189 innocentem
3535 2132 3680 2188 nosti

2029 2233 2083 2279 et
2111 2224 2576 2279 existimationem
2610 2231 2766 2278 tuam
2797 2224 2865 2278 ab
2923 2223 3146 2279 mulis
3201 2225 3312 2277 tuis
3335 2238 3436 2294 per
3463 2222 3675 2276 calum-

2024 2314 2220 2385 pniam
2247 2313 2406 2383 falsis
2447 2311 2935 2368 criminationibus
2974 2312 3182 2382 impeti,
3233 2310 3406 2367 libera
3432 2326 3676 2383 compen-

2029 2401 2183 2457 diose
2212 2405 2263 2457 et
2293 2401 2589 2457 Ecclesium
2619 2402 2722 2456 Dei
2743 2399 3002 2456 seandalo
3022 2409 3072 2456 et
3091 2403 3144 2455 te
3164 2401 3344 2472 ipsum
3364 2400 3541 2471 longe
3553 2416 3677 2456 con-

2027 2492 2348 2547 certationis
2373 2492 2652 2559 ambiguo,
2696 2493 2747 2545 et
2775 2505 2926 2545 sume
2975 2489 3118 2544 hanc
3154 2489 3440 2544 residuam
3459 2491 3676 2560 partem

2015 2573 2307 2636 Dominici
2333 2580 2572 2652 corporis
2603 2579 2770 2650 (477),
2803 2581 2866 2633 ut
2910 2577 3256 2650 comprobata
3297 2578 3402 2632 Deo
3429 2579 3562 2633 teste
3593 2579 3678 2633 in-

2027 2670 2278 2723 nocentia
2308 2672 2424 2736 tua,
2483 2668 2799 2724 obstruetur
2854 2683 3010 2723 omne
3053 2683 3110 2723 os
3166 2666 3456 2722 adversum
3495 2673 3544 2722 te
3570 2667 3676 2722 ini-

2026 2774 2134 2830 qua
2164 2758 2252 2793 ¹⁹⁶⁸
2280 2758 2669 2829 garrientium,
2699 2759 2749 2812 et
2777 2772 2865 2811 me
2896 2757 3154 2828 deinceps
3174 2769 3358 2812 causa?
3377 2759 3493 2812 tuae
3511 2755 3671 2811 advo-

2025 2852 2145 2903 cato
2167 2854 2217 2902 et
2235 2847 2563 2902 innocentiw
2583 2853 2695 2902 tua?
2713 2846 3179 2902 vehementissimo
3204 2848 3488 2912 assertore,
3513 2845 3672 2914 prin-

2024 2937 2168 3007 cipes
2197 2936 2304 2991 tibi
2329 2935 2768 3001 reconcilientur,
2802 2950 3032 3006 regnum
3064 2934 3154 2969 195°
3192 2934 3538 3001 restituatur,
3564 2949 3676 2988 om-

2023 3041 2137 3091 nes,
2171 3025 2366 3098 quibus
2385 3026 2511 3097 jam
2566 3024 2663 3078 diu
2716 3039 2802 3079 res
2846 3024 3073 3096 publica
3125 3031 3379 3090 vexatur,
3411 3023 3676 3079 bellorum

2025 3114 2270 3168 civilium
2293 3115 2632 3184 tempestates
2655 3113 2713 3166 in
2747 3122 3075 3184 perpetuum
3113 3114 3428 3182 sopiantur.
3448 3113 3530 3168 Ad
3554 3111 3676 3167 haec

245 3201 580 3270 maculasse,
612 3214 739 3272 qua
777 3199 917 3255 mihi
962 3201 1258 3256 secundum
1305 3203 1445 3256 scita
1493 3216 1760 3255 canonum
1793 3217 1908 3255 om-
1941 3186 1984 3253 C
2025 3200 2145 3272 ille,
2173 3201 2477 3274 inopinata
2507 3217 2566 3255 re
2607 3201 2910 3266 attonitus,
2962 3205 3230 3268 aestuare,
3282 3199 3672 3273 tergiversari,

247 3304 383 3344 nem
442 3289 512 3343 ad
567 3304 752 3345 sacros
807 3289 1032 3345 ordines
1086 3306 1362 3345 accessum
1418 3288 1812 3344 obstruxerint.
1847 3291 1914 3345 Et

247 3379 378 3434 licet
406 3379 708 3434 multorum
738 3378 1060 3435 idoneorum
1089 3381 1228 3435 certe
1270 3380 1490 3434 testium
1520 3379 1914 3450 astipulatione

247 3468 467 3522 crimen
507 3466 766 3539 refellere
818 3483 1035 3538 queam,
1093 3482 1283 3522 eorum
1339 3467 1544 3523 scilicet
1573 3469 1669 3537 qui
1698 3483 1913 3522 omnem

249 3558 390 3612 vitae
419 3572 552 3612 mea
581 3557 649 3611 ab
680 3557 904 3611 ineunte
933 3560 1094 3612 astate
1125 3557 1530 3612 institutionem
1563 3557 1914 3627 integerrime

251 3653 550 3711 noverunt,
575 3649 624 3701 et
654 3661 841 3702 eorum
870 3647 966 3717 qui
1011 3661 1144 3701 meae
1185 3645 1258 3700 ad
1304 3647 1669 3717 episcopatum
1695 3661 1913 3717 promo-

250 3735 433 3790 tionis
463 3742 718 3791 auctores
746 3737 974 3806 fuerunt
1000 3751 1012 3789 :
1033 3751 1128 3806 ego
1149 3743 1355 3800 tamen,
1375 3751 1444 3790 ne
1469 3734 1714 3790 humano
1722 3737 1913 3806 pocius

249 3840 421 3896 quam
450 3824 642 3880 divino
673 3825 783 3880 niti
813 3823 1002 3879 videar
1049 3825 1378 3894 testimonio,
1432 3829 1494 3880 ut
1519 3825 1915 3896 satisfactionis

249 3913 578 3984 compendio
603 3930 822 3970 omnem
879 3914 1134 3968 omnibus
1191 3913 1446 3970 scandali
1497 3915 1820 3986 scrupulum
1851 3913 1915 3970 de

248 4001 442 4059 medio
471 4001 750 4077 auferam,
781 4018 900 4059 ecce
929 4019 1144 4075 corpus,
1187 4003 1555 4072 Dominicum,
1589 4003 1729 4074 quod
1757 4020 1913 4058 sum-

246 4095 456 4164 pturus
486 4108 596 4163 ero,
622 4094 683 4148 in
710 4093 1155 4164 experimentum
1178 4093 1321 4147 mihi
1349 4092 1509 4148 hodie
1536 4093 1636 4162 ﬁat
1654 4094 1912 4149 innocen-

247 4183 349 4237 tia;
380 4196 537 4251 meae,
567 4185 629 4237 ut
657 4182 1000 4253 omnipotens
1032 4182 1172 4237 Deus
1225 4197 1325 4236 suo
1382 4198 1469 4237 me
1523 4182 1680 4238 hodie
1699 4183 1912 4254 judicio

247 4271 340 4327 vel
371 4270 617 4326 absolvat
664 4272 860 4343 objecti
903 4270 1161 4326 criminis
1216 4271 1550 4343 suspicione,
1576 4271 1626 4325 si
1654 4272 1912 4327 innocens

247 4376 402 4431 sum,
430 4361 518 4416 vel
544 4360 838 4416 subitanea
869 4361 1150 4416 interimat
1182 4360 1272 4396 ¹⁹⁶³
1303 4367 1492 4430 morte,
1524 4361 1579 4416 si
1605 4375 1747 4416 reus.
1781 4359 1912 4415 Haec

248 4452 316 4506 et
345 4447 480 4520 alia,
515 4453 580 4504 ut
607 4448 870 4505 solemne
899 4454 1010 4520 est,
1070 4448 1346 4521 praefatus
1402 4447 1578 4504 verba
1606 4447 1910 4516 terribilia,

2023 3289 2266 3346 consilia
2288 3307 2421 3345 eum
2443 3290 2569 3345 suis
2585 3287 2976 3344 familiaribus
2997 3293 3338 3360 segregatus
3354 3305 3389 3343 a
3409 3286 3674 3343 multitu-

2023 3378 2156 3436 dine
2178 3380 2459 3448 conferre,
2483 3383 2541 3434 et
2561 3377 2700 3449 quid
2721 3377 2870 3432 facto
2893 3393 3041 3448 opus
3084 3381 3257 3444 esset,
3282 3375 3533 3448 qualiter
3551 3379 3671 3431 tam

2022 3468 2299 3524 horrendi
2329 3467 2612 3522 examinis
2643 3465 3054 3522 necessitatem
3086 3466 3374 3532 evaderet,
3408 3464 3672 3537 trepidus

2025 3555 2343 3612 consulere.
2379 3556 2698 3627 Resumpto
2721 3555 2962 3609 demum
3003 3551 3235 3625 spiritu,
3264 3553 3494 3609 causari
3515 3554 3670 3626 apud

2021 3661 2235 3717 papam
2251 3643 2505 3716 cmpitde
2519 3642 2788 3699 absentia
2799 3641 3261 3714 principum,qui
3275 3640 3385 3697 sibi
3400 3641 3459 3696 in
3477 3642 3672 3698 adver-

2024 3733 2106 3790 sis
2133 3733 2308 3788 fidem
2341 3732 2530 3788 adhuc
2578 3732 2868 3805 integram
2928 3736 3284 3800 servassent,
3334 3730 3549 3802 quibus
3579 3733 3671 3767 "7°

2021 3821 2369 3878 inconsultis
2383 3825 2439 3876 et
2451 3821 2828 3894 potissimum
2850 3820 3193 3877 absentibus
3209 3819 3669 3888 accusatoribus,

2020 3912 2248 3969 irritam
2280 3913 2400 3967 fore
2430 3928 2534 3966 nec
2563 3911 2878 3984 quicquam
2909 3909 3126 3966 virium
3154 3909 3306 3981 apud
3337 3907 3672 3966 incredulas

2021 4001 2357 4058 habituram
2383 4017 2532 4068 esse,
2557 4015 2993 4072 quamcumque
3015 4015 3118 4071 pro
3139 3997 3491 4071 experienda
3509 3999 3673 4055 inno-

2022 4091 2212 4148 centia
2235 4107 2342 4146 sua
2362 4089 2821 4147 satisfactionem
2845 4088 3047 4162 paucis
3069 4089 3170 4160 qui
3195 4088 3436 4144 aderant
3457 4105 3670 4160 propo-

2022 4180 2112 4235 sui
2121 4183 2240 4234 sset
2259 4197 2271 4248 ;
2289 4177 2530 4252 proinde
2542 4177 2746 4235 sedulo
2761 4194 2972 4250 papam
2987 4193 3151 4234 orare
3165 4180 3228 4233 ut
3241 4193 3361 4233 rem
3380 4177 3670 4250 integram

2021 4267 2276 4341 generali
2299 4267 2542 4324 concilio
2564 4268 2976 4340 communique
2994 4265 3301 4323 audientiae
3317 4265 3592 4335 differret,
3609 4270 3674 4322 ut

2021 4357 2101 4412 ibi
2119 4357 2485 4430 congregatis
2512 4357 2952 4413 accusatoribus
2976 4359 3033 4412 et
3050 4357 3374 4412 secundum
3397 4355 3556 4430 leges
3577 4372 3668 4412 ec-

2020 4445 2375 4502 clesiasticas
2405 4444 2691 4501 discussis
2719 4448 2840 4500 tam
2871 4443 3345 4502 accusationibus
3371 4460 3547 4516 quam
3570 4459 3670 4500 ac-

252 4536 479 4611 quibus
510 4541 690 4593 Deum
737 4553 926 4594 causai
975 4554 1094 4593 SINE
1139 4535 1542 4608 aequissimum
1565 4536 1827 4607 judicem
1859 4541 1915 4593 et
1944 4555 1992 4620 Β
2023 4539 2360 4593 cusatorum
2417 4533 2704 4606 personis,
2764 4532 3218 4599 conditionibus,
3267 4547 3667 4604 quascumque

251 4626 610 4682 innocentiae
642 4630 990 4682 assertorem
1031 4625 1238 4682 adesse
1287 4625 1654 4698 precabatur,
1689 4629 1914 4698 partem

253 4714 551 4772 Dominici
583 4715 842 4788 corporis
873 4714 1094 4787 accepit
1123 4719 1179 4771 et
1224 4714 1476 4770 comedit
1518 4715 1768 4783 (Ianuar.
1800 4715 1913 4787 28).

252 4805 396 4870 Quae
420 4803 716 4860 liberrime
738 4803 1054 4876 absumpta
1076 4801 1187 4870 ηδε,
1210 4819 1344 4858 cum
1367 4801 1600 4875 populis
1625 4802 1683 4858 in
1709 4802 1914 4860 laudes

249 4890 382 4958 Dei,
407 4892 754 4949 innocentiae
791 4892 920 4964 ejus
937 4892 1399 4964 congratulatus,
1423 4890 1790 4964 aliquamdiu
1822 4909 1913 4948 ac-

2025 4623 2318 4697 prinoipes
2337 4622 2499 4695 regni
2517 4622 3344 4694 mquasjudicassent,objecta
3360 4619 3660 4678 refelleret.

2025 4714 2180 4770 Haut
2197 4717 2431 4784 gravate
2453 4728 2602 4784 papa
2622 4711 2839 4782 petenti
2872 4710 3189 4782 adquievit,
3215 4709 3556 4782 expletoque
3577 4727 3668 4767 sa-

2025 4819 2121 4859 cro
2156 4801 2502 4865 ministerio,
2535 4816 2729 4874 regem
2759 4800 2832 4855 ad
2877 4799 3190 4872 prandium
3230 4799 3472 4869 vocavit,
3504 4799 3666 4857 beni-

2025 4890 2424 4966 gnissimeque
2446 4889 2742 4956 refectum,
2765 4892 2821 4946 et
2841 4889 2911 4946 de
2951 4890 3227 4946 omnibus
3247 4905 3372 4960 quae
3399 4903 3532 4945 eum
3564 4889 3668 4945 ob-

1614 4999 1702 5054 VA
1712 4999 1855 5055 ΗῘᾸΕ
1902 4998 2313 5056 LECTIONES.
3041 5057 3044 5059 Α

331 5090 426 5127 1°53
455 5105 611 5146 nunc
644 5091 695 5144 1.
727 5089 809 5145 5?
885 5088 977 5125 ¹⁹⁶⁹
1005 5092 1164 5145 esset
1189 5088 1245 5144 5.
1326 5089 1416 5125 19⁵0
1446 5088 1869 5146 sanctissim’3.

2028 5093 2037 5125 ι
2071 5087 2364 5160 quomodo
2396 5085 2449 5160 4.
2530 5085 2622 5160 ξ⁹⁶²
2653 5085 2986 5160 absentium
3016 5101 3218 5141 acorr.
3239 5085 3294 5141 3.
3375 5084 3468 5122 ¹⁹⁶²
3486 5082 3665 5160 inter-

251 5161 456 5218 veniat
486 5163 540 5217 3.
572 5160 918 5233 interminat
947 5162 998 5215 1.
1079 5161 1171 5198 ¹⁰⁶⁴
1200 5165 1507 5233 assumpta
1534 5162 1589 5215 4.

251 5238 456 5291 torum
485 5234 539 5288 3.
625 5233 715 5270 ¹⁹⁶⁷
747 5232 808 5288 in
840 5247 1028 5305 genus
1058 5233 1112 5288 4.
1190 5231 1281 5268 1⁸⁸⁸
1310 5231 1511 5304 inique
1536 5233 1589 5286 5.

1670 5161 1760 5198 ί⁹⁶⁸
1790 5159 1998 5216 Petivit
2023 5161 2074 5214 4.

1673 5233 1762 5269 ¹⁹⁸⁹
1790 5250 1840 5288 r.
1872 5232 1980 5288 tibi
2011 5232 2066 5286 4.

2158 5159 2247 5194 ηδε
2289 5157 2716 5213 desideriorum
2766 5158 2817 5212 4.
2869 5157 3254 5214 discretorum
3303 5172 3444 5212 corr.
3479 5156 3665 5213 diser-

2146 5231 2237 5267 ιντο
2267 5246 2325 5301 q.
2357 5228 2398 5284 i.
2432 5233 2570 5300 etp.
2604 5227 2798 5284 desunt
2827 5230 2878 5283 4.

1838 5325 2094 5386 ΝΟΤΕ.

330 5420 486 5492 (474)
515 5419 584 5476 ν.
653 5418 1104 5492 promissionem
1162 5419 1339 5491 regis,
1395 5422 1547 5476 Mon.
1610 5419 1806 5491 Legg.,
1837 5418 1912 5487 ll,

250 5509 316 5565 Ρ.
512 5562 849 5635 Gregorius.
935 5575 948 5587 '

331 5563 483 5706 (476)
510 5633 642 5692 Vid.
673 5631 920 5692 Stenzel.

356 5631 482 5706 476)
510 5631 654 5692 Vidi
673 5631 920 5692 Stenzel.
954 5631 998 5706 ι,
1040 5633 1165 5703 411,
1199 5635 1322 5691 not.
1357 5631 1445 5690 16.

2095 5417 2252 5500 (477).
2270 5414 2770 5500 Βὶῑηῇιεξνθχρωθη
2817 5430 2920 5486 per
2948 5414 3666 5500 cup/lanari‘stiaanotbario

2017 5485 2140 5617 Egi
2172 5485 2426 5615 ilnjuéngt
2451 5485 2728 5543 Nicolaus
2758 5485 2902 5558 paea
2931 5503 2964 5540 a
3007 5487 3134 5557 869,
3180 5487 3311 5544 Vid.
3347 5486 3664 5562 Reginonis

2069 5577 2186 5618 nna
2212 5602 2226 5616 .
2259 5576 2294 5616 a
2409 5600 2422 5615 .
2455 5575 2508 5615 a.
