3996 6158
436 260 589 326 1243

1588 256 1992 324 LAMBEBTI
2038 258 2555 321 HERSFELDEN

3626 257 3743 320 12M

439 408 669 449 servare
702 397 995 465 oporteret
1025 392 1334 466 diligenter
1361 394 1739 463 instructum,
1775 413 1907 476 cum
1938 412 2078 468 pace
2107 393 2161 460 Α
2192 396 2474 449 statutam
2528 390 2681 447 diem
2738 384 3328 445 excommunicatione
3381 384 3745 446 absolveretur:

439 484 510 538 ad
544 500 702 552 suos,
736 484 835 554 qui
866 482 1098 555 longius
1127 489 1289 540 extra
1318 486 1622 541 castellum
1658 490 2081 551 remanserant,

438 571 683 627 dimisit.
714 574 1009 644 Epponem
1056 592 1288 647 quoque
1344 576 1686 632 Citisensem
1745 575 2083 646 episcopum

439 660 724 730 praemisit
755 666 887 716 ante
918 679 1074 729 eum,
1106 668 1171 717 ut
1201 680 1317 729 eos,
1352 665 1449 736 qui
1484 664 1533 719 ei
1563 663 2084 730 excommunicato,

441 748 786 819 priusquam
837 752 1208 807 anathemate
1256 755 1673 820 absolveretur,
1697 754 2089 808 indifferenter

438 839 1032 906 communicaverant,
1074 842 1195 896 vice
1227 860 1334 898 sua
1364 843 1960 898 excommunicatione
1993 842 2089 895 ab-

439 924 707 994 solveret,
740 928 991 1002 benigne
1032 948 1375 999 prmcavens,
1428 950 1498 987 ne
1553 949 1727 1003 quam
1780 934 1968 985 denuo
2001 946 2086 984 re-

441 1019 619 1083 ceptae
648 1017 1079 1072 communionis
1111 1019 1403 1075 maculam
1438 1020 1815 1075 contraheret.

514 1101 784 1164 Quidum
841 1106 1096 1161 venisset
1143 1108 1362 1179 (ηψπ),
1389 1114 1443 1163 et
1506 1126 1741 1163 causam
1788 1093 1911 1178 qua
1948 1108 2088 1161 mis-

441 1206 543 1244 sus
576 1190 760 1244 fuerat
793 1192 950 1247 Italis
980 1196 1362 1265 exposuisset,
1398 1197 1711 1252 vehemens
1754 1197 1808 1251 in
1841 1214 1973 1251 eum
2006 1197 2092 1250 ira

441 1281 498 1333 et
526 1278 849 1351 indignatio
883 1288 1080 1339 coorta
1116 1288 1201 1320 ‘9“
1237 1291 1345 1340 est.
1383 1288 1647 1341 Fremere
1678 1303 1880 1341 omnes
1912 1290 1966 1340 et
1988 1303 2091 1339 sa:-

438 1366 559 1422 vire
585 1369 774 1423 verbis
802 1388 867 1424 ac
898 1373 1171 1427 manibus
1202 1380 1521 1445 cmperunt,
1576 1375 1903 1446 apostolicae
1936 1375 2091 1445 lega-

439 1455 585 1511 tioni
610 1457 889 1515 irrisoriis
911 1461 1431 1519 exclamationibus
1455 1466 1807 1536 obstrepere,
1840 1464 2097 1519 convicia

441 1549 499 1598 et
530 1545 863 1615 maledicta,
894 1554 1191 1623 utcunque
1247 1554 1592 1625 turpissima
1643 1555 1802 1608 furor
1849 1570 2095 1625 sugges~

441 1632 638 1705 sisset,
664 1636 921 1709 irrogare
943 1655 955 1695 :
977 1656 1038 1695 se
1060 1643 1723 1698 excommunicationem
1746 1642 1904 1696 illius
1927 1640 2093 1695 nihili

440 1723 749 1796 aestimare,
776 1744 951 1797 quem
976 1729 1172 1800 ipsum
1198 1746 1402 1786 «gmznes
1426 1731 1598 1785 Italiae
1636 1731 1891 1804 episcopi
1915 1730 2097 1801 justis
2128 1766 2174 1829 Β

440 1828 509 1866 ex
530 1815 725 1869 causis
743 1816 869 1885 jam
891 1817 1114 1887 pridem
1133 1820 1757 1885 excommunicassent,
1780 1819 1879 1890 qui
1898 1820 2097 1873 sedem

443 1901 821 1971 apostolicam
856 1921 959 1975 per
988 1906 1396 1962 Simoniacam
1426 1907 1683 1963 heresim
1734 1912 2099 1980 occupasset:

442 1986 777 2046 homicidiis
810 1999 1195 2060 cruentasset,
1230 1995 1537 2051 adulteriis
1566 1996 1814 2068 aliisque
1836 1996 2097 2068 capitali-

442 2076 552 2133 bus
584 2078 931 2136 criminibus
963 2082 1309 2153 polluisset;
1344 2102 1536 2156 regem
1594 2102 1763 2140 secus
1807 2103 1869 2140 ac
1902 2087 2103 2141 deceat

452 2167 643 2239 egisse
674 2169 1015 2243 crimenque
1069 2172 1264 2243 gloriae
1319 2192 1436 2229 suae
1486 2174 1755 2229 intulisse
1795 2192 2097 2246 nunquam

444 2256 818 2326 abolendum,
850 2261 1005 2331 quod
1032 2261 1255 2317 homini
1279 2263 1533 2319 heretico
1565 2268 1621 2318 et
1642 2265 1873 2335 probris
1903 2264 2096 2319 omni-

441 2344 551 2400 bus
564 2346 844 2402 inf‘amato
859 2350 1225 2419 majestatem
1241 2353 1457 2424 regiam
1475 2353 1835 2408 summiserit
1852 2358 1909 2407 et
1924 2370 2095 2423 quem

433 2435 683 2505 justitiae
708 2442 1018 2506 patronum
1038 2438 1353 2511 legumque
1372 2442 1896 2497 ecclesiasticarum
1916 2442 2100 2497 vindi-

443 2539 567 2578 cem
592 2523 702 2578 sibi
727 2532 1055 2597 parassent,
1078 2528 1129 2583 is
1153 2529 1473 2585 fcedissima
1508 2531 1868 2600 subjectione
1891 2549 1997 2586 sua
2029 2532 2095 2585 fi-

444 2611 574 2665 dem
600 2612 769 2683 plane
790 2614 1153 2685 catholicam,
1179 2619 1583 2675 auctoritatem
1610 2620 1893 2685 Ecclesiaa,
1915 2621 2099 2691 digni-

440 2702 621 2754 tatem
653 2700 731 2755 rei
766 2702 1013 2773 publicae
1042 2706 1401 2776 prodiderit;
1451 2725 1511 2763 se
1560 2708 1619 2762 in
1652 2708 1937 2763 ultionem
1969 2710 2098 2779 ejus

445 2804 649 2844 omnes
682 2807 829 2862 quas
861 2794 1159 2863 potuerint
1192 2812 1356 2867 papae
1398 2796 1646 2867 injurias
1694 2796 2005 2868 irrogasse,
2041 2803 2099 2853 et

443 2894 623 2943 nunc,
655 2881 808 2950 quod
856 2880 1013 2937 dictu
1063 2900 1293 2955 quoque
1352 2890 1522 2956 turpe
1580 2886 1677 2956 sit,
1711 2902 1771 2941 se
1799 2886 1855 2939 in
1886 2887 2095 2942 mediis

444 2968 951 3037 perturbationum
980 2970 1251 3027 ﬂuctibus
1276 2973 1512 3041 relictis,
1541 2975 1734 3045 ipsum
1755 2974 1866 3029 sibi
1889 2991 2096 3031 consu-

447 3051 624 3108 luisse
655 3059 713 3109 et
744 3072 877 3110 cum
912 3058 1003 3092 ¹⁹⁷²
1035 3057 1201 3115 hoste
1232 3061 1465 3132 publico
1516 3063 1737 3134 privata
1768 3064 2091 3118 necessitu-

2199 500 2355 538 nunc
2387 500 2449 537 se
2479 480 2754 536 omnibus
2785 477 3072 550 angustiis
3123 477 3331 548 quibus
3376 476 3489 531 vias
3530 477 3635 545 ejus
3656 494 3750 533 con-

2196 571 2513 627 clusissent
2542 568 2763 624 inimici
2796 567 3128 634 liberatum,
3173 581 3394 620 omnem
3422 565 3656 636 deinceps
3680 583 3749 621 cu-

2196 679 2323 716 ram
2368 661 2815 729 industramque
2838 657 2909 711 ad
2943 655 3319 710 vindicandas
3356 671 3483 709 suas
3506 659 3555 709 et
3574 654 3749 711 illorum

2197 750 2443 822 injurias
2474 747 2918 803 translaturum.
2951 744 3059 798 Vix
3086 744 3321 798 tandem
3365 759 3655 814 compresso
3680 762 3750 814 po-

2198 840 2322 895 cius
2383 855 2559 910 quam
2616 837 2865 891 extincto
2923 833 3193 889 concitati
3250 831 3524 887 tumultus
3552 831 3752 888 incendio

2200 929 2461 1001 plerique
2492 945 2559 981 ex
2590 925 2952 998 principibus
2982 922 3190 978 castris
3223 938 3284 976 se
3314 937 3410 993 per
3436 921 3569 975 iram
3590 923 3753 976 subtra-

2199 1018 2427 1084 hentes,
2464 1015 2673 1087 injussi
2714 1015 2773 1068 in
2819 1030 2925 1068 sua
2957 1012 3196 1067 rediere.
3231 1009 3429 1077 Ceteri,
3464 1009 3755 1064 dissimulata

2199 1106 2432 1162 interim
2466 1103 2786 1169 iracundia,
2821 1102 3163 1156 redeuntem
3194 1116 3380 1171 regem
3414 1098 3621 1170 pacifice
3644 1115 3757 1153 exce-

2202 1200 2433 1270 perunt,
2468 1196 2571 1249 aed
2606 1208 2791 1264 neque
2850 1193 2939 1227 ‘9"
2989 1194 3330 1245 consuetam
3377 1188 3425 1243 ei
3453 1188 3756 1243 reverentiam

2204 1284 2539 1341 deferebant
2564 1284 2673 1351 19⁷⁸,
2719 1297 2906 1351 neque
2944 1285 3063 1334 tam
3092 1284 3454 1349 sumptuosa,
3485 1282 3536 1331 et
3554 1277 3683 1347 prius
3701 1282 3758 1329 ut-

2204 1391 2316 1445 que
2338 1373 2559 1441 regiam
2584 1368 3077 1441 magnificentiam
3104 1368 3393 1431 decuerat,
3417 1365 3623 1419 servitia
3640 1365 3676 1418 ei
3694 1380 3760 1418 ex-

2204 1463 2503 1527 hibebant,
2533 1462 2633 1515 sed
2659 1458 2875 1514 aversis
2897 1457 3102 1523 oculis,
3126 1456 3354 1511 infestis
3377 1454 3654 1518 mentibus,
3672 1471 3761 1524 pas-

2206 1554 2315 1607 sim
2352 1569 2453 1624 per
2483 1566 2684 1606 omnes
2716 1547 2962 1619 angulos
3007 1547 3077 1601 de
3125 1545 3361 1600 levitate
3391 1548 3445 1599 et
3472 1543 3659 1612 ineptia
3680 1543 3765 1612 ejus

2208 1641 2589 1707 musitabant,
2643 1637 3087 1707 socordiamque
3145 1633 3493 1689 accusabant
3543 1632 3635 1696 ηπ,
3660 1630 3764 1701 quod

2206 1735 2327 1784 tam
2363 1729 2463 1783 diu
2491 1731 2851 1799 expectatus,
2904 1730 3023 1780 tam
3083 1724 3255 1778 anxie
3285 1721 3634 1783 desideratus,
3660 1718 3765 1789 peri-

2211 1818 2468 1874 clitantis
2499 1816 2675 1871 Italia:
2704 1813 3135 1870 calamitatibus
3193 1811 3343 1866 nihil
3390 1814 3647 1882 postremo
3668 1806 3763 1877 spei.

2210 1906 2353 1962 nihil
2372 1905 2611 1977 presidii
2630 1902 2941 1959 attulisset.
2965 1902 3232 1972 Cumque
3251 1899 3472 1955 Italiam
3495 1899 3766 1969 peragraret,

2209 2001 2274 2051 ut
2291 1995 2402 2064 his,
2424 1994 2523 2066 qui
2542 1993 2807 2064 oppressi
2830 1993 3059 2046 fuerant
3076 1989 3536 2061 calumpniamve
3551 1984 3768 2058 patieban-

2209 2090 2325 2151 tur,
2352 2084 2508 2155 regio
2533 2100 2692 2138 more
2734 2083 2899 2153 justa
2946 2081 3177 2145 faceret,
3209 2094 3316 2133 nec
3338 2078 3393 2131 in
3432 2075 3655 2130 civitates
3678 2087 3769 2126 eum

2208 2173 2583 2245 recipiebant,
2618 2188 2721 2226 nec
2752 2186 2886 2225 cum
2918 2167 3125 2224 faculis
3156 2172 3215 2223 et
3257 2166 3458 2221 faustis
3486 2160 3772 2219 acclamatio-

2209 2264 2403 2327 nibus,
2438 2267 2503 2317 ut
2532 2261 2828 2332 prioribus
2860 2258 3094 2329 regibus
3145 2258 3569 2318 consueverant,
3609 2250 3772 2305 obviam

2209 2352 2257 2406 ei
2285 2350 2697 2422 procedebant,
2727 2348 2827 2403 sed
2852 2348 3013 2414 foris,
3041 2346 3098 2399 in
3118 2341 3616 2400 suburbanislocis
3631 2337 3775 2395 castris

2208 2441 2435 2513 positis,
2471 2437 2819 2493 commorari
2871 2436 3193 2508 jubebatur
3257 2434 3366 2500 “3°,
3422 2438 3474 2487 et
3501 2430 3622 2486 illuc
3646 2428 3685 2483 ei
3708 2425 3775 2480 ali-

2208 2534 2425 2599 menta,
2457 2528 2675 2599 quibus
2706 2526 2993 2581 exercitus
3034 2528 3485 2591 sustentaretur,
3508 2525 3559 2575 et
3576 2519 3677 2589 ipsa
3693 2530 3773 2570 mo-

2207 2619 2337 2673 dica
2358 2622 2414 2672 et
2432 2618 2523 2670 vix
2550 2615 2952 2671 necessitatem
2977 2613 3180 2685 pocius
3212 2629 3390 2682 quam
3418 2608 3664 2681 regalium
3680 2619 3773 2675 epu-

2206 2707 2395 2762 larum
2429 2706 2670 2759 solitum
2705 2704 3076 2775 splendorem
3112 2701 3415 2773 copiamve
3443 2696 3706 2768 explentia,
3729 2706 3774 2743 ne

2206 2794 2526 2850 manifestas
2561 2792 2904 2849 defectionis
2932 2792 3253 2846 immature
3286 2788 3447 2861 argui
3472 2788 3690 2858 possent,
3708 2778 3775 2833 mi-

2205 2884 2558 2948 nistrabant,
2593 2881 2861 2954 apposito
2894 2879 3147 2952 singulis
3195 2879 3254 2933 in
3304 2878 3444 2933 locis
3471 2871 3710 2948 prasidio,
3735 2872 3774 2919 ut

2206 2972 2430 3043 praedas
2464 2973 2612 3026 forte
2644 2972 2713 3025 de
2743 2969 2900 3041 agris
2952 2967 3039 3023 vel
3087 2966 3245 3022 villis
3286 2982 3451 3038 agere
3478 2962 3694 3019 volentes
3714 2973 3773 3010 ar-

2206 3066 2360 3117 mata
2391 3078 2569 3116 manu
2613 3063 3036 3114 coercerentur.

444 3140 579 3196 dine
602 3141 659 3196 in
683 3144 929 3215 gratiam
954 3148 1191 3203 redisse.
1217 3149 1346 3205 Haec
1369 3151 1782 3221 potuissimum
1804 3152 2094 3223 principes
2124 3136 2166 3201 C
2277 3150 2543 3205 Territus
2575 3165 2674 3204 rex
2703 3147 2939 3203 insolita
2970 3161 3168 3201 rerum
3201 3145 3368 3215 facie,
3401 3155 3621 3211 seroque
3646 3131 3771 3223 pomi:

444 3228 619 3284 Italiae
638 3232 917 3303 jactando
959 3239 1014 3289 et
1036 3238 1255 3307 passim
1288 3256 1388 3311 per
1412 3240 1695 3311 populum
1719 3241 1985 3306 serendo,
2008 3243 2094 3295 in-

426 3334 585 3405 gens
599 3320 715 3391 regi
732 3321 933 3376 odium
949 3323 1105 3380 brevi
1124 3329 1781 3384 conflaverant.Adultra
1798 3334 2094 3400 postremo

444 3406 750 3477 seditione,
775 3428 891 3465 una
914 3413 1178 3469 omnium
1197 3415 1488 3487 voluntas,
1508 3435 1627 3472 una
1644 3418 1931 3472 sententia
1948 3424 2092 3488 crat,

450 3499 535 3561 ut,
562 3496 827 3553 abdicato
850 3502 1137 3573 patre,qui
1160 3503 1310 3559 ultro
1331 3505 1491 3577 regni
1510 3507 1767 3561 fascibus
1786 3506 2092 3578 indignum

446 3600 508 3638 se
538 3584 844 3653 effecisset,
880 3588 1064 3643 filium
1100 3592 1247 3662 ejus,
1281 3593 1415 3648 licet
1463 3594 1763 3665 impubem
1820 3595 2011 3650 adhuc
2041 3602 2099 3651 et

445 3672 611 3740 regni
643 3675 899 3745 negociis
932 3676 1338 3752 immaturum,
1372 3698 1564 3753 regem
1596 3684 1709 3739 sibi
1741 3684 2014 3751 facerent,
2041 3688 2096 3739 et

449 3776 580 3815 cum
605 3777 671 3817 eo
700 3764 788 3798 ³³⁷³
813 3764 1055 3821 Romam
1083 3770 1323 3839 profecti
1365 3788 1574 3842 papam
1608 3771 1786 3827 alium
1820 3773 2100 3844 eligerent

448 3865 553 3920 per
576 3868 748 3922 quem
772 3857 829 3907 et
850 3854 975 3924 ipse
999 3857 1226 3926 protins
1278 3859 1595 3931 imperator
1637 3867 2095 3928 consecraretur,

451 3943 509 3992 et
539 3941 737 3996 omnia
792 3958 953 4013 papae
1008 3944 1188 4015 hujus
1245 3949 1552 4018 apostatici
1611 3956 1774 4021 gesta
1804 3966 2099 4005 cessaren-

448 4030 546 4082 tur
577 4029 687 4082 ηπ.

526 4115 751 4171 Perlato
774 4119 845 4172 ad
868 4136 1062 4190 regem
1081 4126 1202 4177 tam
1217 4124 1475 4179 molestae
1494 4127 1943 4197 conspirationis
1958 4144 2103 4182 nun-

455 4200 564 4269 cio,
611 4203 775 4259 misit
826 4223 1070 4279 propere
1115 4210 1401 4283 quidquid
1461 4214 1614 4285 apud
1667 4231 1727 4269 se
1772 4215 2101 4288 principum

455 4294 600 4357 erat,
626 4295 691 4346 ut
720 4310 957 4366 quaqua
978 4297 1219 4367 ratione,
1258 4318 1493 4374 quaqua
1522 4309 1762 4374 possent
1792 4304 2102 4372 industria,

458 4381 703 4435 efferatae
726 4383 1121 4441 multitudinis
1140 4388 1368 4445 animos
1389 4390 1744 4465 mitigarent,
1770 4410 1840 4449 ne
1863 4394 2106 4449 moleste

2202 3244 2357 3311 tens,
2391 3239 2544 3311 quod
2579 3237 2895 3307 incognitae
2927 3236 3121 3308 gentis
3167 3235 3476 3305 inexperta:
3520 3228 3657 3301 prius
3681 3219 3771 3277 ﬁdei

2200 3333 2419 3384 temere
2452 3345 2514 3383 se
2546 3326 2914 3389 credidisset,
2956 3328 3013 3379 et
3060 3323 3402 3380 Teutonicis
3449 3318 3641 3375 ﬁnibus
3665 3326 3773 3369 exce-

2202 3418 2392 3472 dendo
2428 3418 2652 3472 l‘ostcm
2686 3418 2975 3470 mutasset
3023 3414 3132 3480 ‘9‘“,
3194 3430 3313 3467 non
3370 3408 3637 3470 evasisset,
3664 3399 3773 3474 grati

2205 3506 2603 3561 sollicitudine
2633 3509 2691 3559 et
2717 3508 2877 3559 metu
2924 3502 3371 3575 perurgebatur,
3403 3514 3502 3555 nec
3531 3494 3681 3551 ullum
3708 3505 3773 3543 us-

2208 3612 2385 3667 quam
2419 3594 2698 3666 efl‘ugium
2748 3591 3099 3657 inveniebat,
3151 3590 3267 3646 nisi
3326 3590 3385 3644 in
3416 3576 3773 3667 reconciliandis

2206 3666 2371 3751 forte,
2397 3683 2445 3738 si
2469 3700 2585 3754 qua
2608 3682 2831 3736 ratione
2874 3684 3091 3753 posset,
3117 3696 3270 3750 quos
3320 3676 3629 3740 offenderat,
3649 3666 3772 3724 Italo-

2208 3790 2336 3827 rum
2357 3772 2591 3827 animis.
2614 3771 2800 3826 Batus
2822 3770 3020 3841 itaque
3043 3768 3225 3840 huius
3247 3767 3330 3823 rei
3354 3766 3574 3821 unicum
3588 3761 3674 3816 hoc
3687 3768 3772 3810 esse

2207 3861 2569 3933 praesidium,
2605 3864 2669 3915 ut
2699 3859 2911 3913 initum
2970 3874 3104 3913 cum
3164 3857 3424 3912 Romano
3457 3854 3539 3890 ¹⁹⁸²
3569 3843 3770 3933 pontii}?e

2210 3931 2398 4005 fasdus
2430 3950 2822 4020 abrumperet,
2873 3951 2929 4003 et
2980 3946 3115 4001 inde
3173 3945 3502 4018 reparandae
3531 3931 3771 4020 concordia

2210 4038 2445 4094 initium
2469 4016 2698 4103 faceret,
2726 4016 2877 4092 unde
2900 4037 3088 4091 fuerat
3134 4016 3264 4091 orta
3282 4030 3563 4090 discordia
3586 4044 3597 4082 :
3620 4016 3771 4081 Oudal-

2210 4128 2399 4184 ricum
2421 4128 2492 4182 de
2513 4126 2779 4182 Cosheim
2824 4131 2879 4180 et
2923 4128 3164 4191 ceteros,
3189 4141 3338 4196 quos
3364 4122 3458 4178 ille
3487 4109 3772 4203 severissima

2212 4216 2582 4273 anathemate
2614 4234 2649 4270 a
2680 4215 3060 4271 contubernio
3092 4213 3221 4284 ejus
3247 4212 3548 4273 amoverat,
3570 4206 3619 4259 in
3634 4199 3772 4273 ρτὶείί·

2212 4324 2355 4361 num
2376 4306 2574 4378 gratiae
2607 4309 2663 4359 et
2694 4303 3107 4359 familiaritatis
3136 4319 3255 4356 suae
3282 4301 3518 4375 gradum
3540 4284 3770 4379 revocavit,

2213 4401 2271 4453 et
2300 4372 2432 4451 cum
2461 4395 2545 4449 eis
2576 4395 2766 4448 denuo
2797 4393 2867 4447 de
2896 4391 3159 4462 privatis,
3202 4372 3556 4461 devpublicis
3583 4372 3770 4462 negociis

458 4469 786 4569 acciperent
807 4480 907 4528 aut
924 4475 983 4529 in
1006 4478 1421 4535 contumeliam
1447 4498 1613 4537 suam
1639 4483 1856 4538 factum
1878 4488 2107 4555 reputa—
2135 4505 2180 4569 D
2214 4485 2415 4539 eadem
2450 4484 2540 4519 19⁸³
2574 4498 2689 4553 qua
2717 4460 3098 4537 consueverat
3149 4460 3543 4550 singularitate
3569 4486 3623 4527 ac
3646 4460 3769 4538 privi-

457 4562 603 4625 rent,
629 4562 779 4630 quod
805 4566 1063 4618 extrema
1101 4568 1445 4624 necessitate
1485 4571 1825 4641 compulsus
1847 4587 2105 4627 commu-

456 4648 548 4703 nis
568 4651 859 4706 commodi
882 4652 1105 4710 ratione
1128 4655 1390 4725 fecisset;
1412 4674 1515 4714 nec
1533 4660 1867 4716 Teutonicis
1888 4660 2103 4732 princi-

455 4738 651 4808 pibus,
676 4740 774 4810 qui
798 4740 909 4795 sibi
932 4760 1035 4813 per
1055 4746 1453 4817 calumpniam
1491 4764 1734 4820 regnum
1763 4751 1985 4821 eripere
2006 4750 2102 4805 de-

457 4824 582 4880 dita
611 4844 786 4899 opera
830 4831 1326 4905 machinarentur,
1378 4852 1484 4891 nec
1532 4838 1791 4893 Romano
1822 4838 2101 4910 pontifici,

457 4915 559 4986 qui
590 4917 661 4970 ad
695 4921 1069 4975 avertendum
1101 4927 1323 4979 statum
1376 4929 1588 4981 sancite
1630 4926 1899 4984 Ecclesiae
1926 4928 2105 4999 spiri-

454 5004 600 5060 tuali
630 5004 825 5079 gladio
856 5008 1069 5080 (Ephes.
1104 5028 1181 5079 vr,
1217 5014 1325 5082 17),
1359 5013 1816 5087 circumquaque
1839 5017 2106 5084 fulgura-

458 5098 545 5149 ret
570 5095 679 5166 ηπ,
713 5096 882 5153 aliter
916 5100 1187 5156 satisfieri
1217 5102 1480 5173 potuisse
1515 5105 1627 5175 “’76,
1667 5122 1845 5177 quam
1877 5112 1941 5162 ut
1971 5111 2105 5163 ante

2211 4574 2361 4645 legio
2388 4571 2630 4627 consilia
2654 4570 3005 4625 conferebat.
3048 4570 3193 4623 Tum
3237 4564 3536 4623 assiduein
3556 4553 3769 4645 convelli}

2214 4636 2544 4735 principum
2568 4660 2990 4715 criminabatur
3019 4662 3076 4713 et
3106 4656 3443 4712 detrahebat
3469 4656 3686 4735 Romani)
3711 4636 3770 4675 "“

2214 4732 2497 4823 pontifici,
2520 4750 2675 4819 quod
2696 4749 2823 4820 ipse
2843 4763 3077 4803 omnem
3098 4746 3276 4816 hunc,
3300 4744 3397 4817 qui
3413 4758 3525 4798 rem
3546 4732 3769 4810 publicam

2214 4838 2627 4906 concussisset,
2659 4841 2896 4893 ventum
2928 4836 3181 4892 turbinis
3211 4839 3268 4891 et
3304 4823 3670 4889 commotionis
3694 4832 3771 4873 se-

2212 4930 2466 4986 vissimaa
2496 4926 2808 5000 procellam
2842 4926 2968 4982 suis
3008 4922 3527 4981 machinationibus
3553 4910 3769 5000 concita?

2215 5022 2302 5075 set
2333 5019 2444 5086 19⁸⁵,
2477 4997 2602 5089 ipse
2633 5016 2921 5087 omnium,
2952 5030 3083 5086 quas
3128 5014 3188 5068 in
3241 5009 3477 5069 ecclesia
3514 5003 3601 5060 Dei
3624 4997 3695 5036 ¹⁹³⁶
3715 5004 3771 5046 1‘9‘

2213 5106 2364 5163 centi
2384 5104 2676 5164 memoriis
2697 5122 2866 5161 secus
2882 5103 3247 5173 accidissent,
3263 5104 3458 5159 auctor
3473 5092 3771 5153 incentor!!!le

1808 5293 2057 5349 VARL/E
2095 5293 2507 5350 LECTIONES.

538 5430 625 5466 ¹⁹⁷¹
660 5437 855 5487 exorta
886 5435 937 5486 4.
1017 5433 1108 5468 ¹⁹τ²
1141 5450 1275 5488 eum
1307 5434 1357 5486 4.
1439 5434 1530 5473 19⁷³
1575 5434 1717 5489 deest
1747 5437 1798 5489 4.

462 5501 648 5556 tuisse
676 5504 728 5556 3.
808 5506 894 5540 ινττ
927 5504 1073 5559 deest
1105 5508 1155 5559 4.
1188 5507 1275 5541 ¹⁹⁷⁸
1353 5522 1468 5560 non
1501 5506 1560 5560 (ἰ.
1596 5506 1646 5559 4.

1880 5438 1971 5479 ¹⁹⁷ι
2002 5440 2372 5492 cessarentur
2419 5436 2471 5489 3.

1728 5508 1817 5541 “’79
1865 5508 2222 5565 incusabant
2262 5510 2314 5563 4.

2558 5436 2647 5471 ¹⁹⁷⁵
2692 5432 2943 5505 fulgaret
2971 5434 3025 5486 4.
3106 5432 3194 5471 "76
3241 5426 3511 5497 potuisset
3552 5424 3765 5537 corr.

2558 5506 2835 5537 ,ξνιηι-...ιηπ
2878 5506 2901 5537 1.
3007 5502 3099 5537 1981
3149 5502 3428 5537 {minuant
3456 5497 3500 5537 ἓν
3572 5488 3691 5537 mir
3723 5495 3763 5533 ο-

2396 5488 2485 5541 ¹⁹⁸⁰
2532 5488 2835 5562 videbatqu
2874 5506 2928 5559 4.
3007 5502 3099 5539 ¹⁹⁸ί
3149 5488 3431 5557 imitasset
3456 5497 3503 5551 3.
3572 5488 3691 5538 ""r

462 5590 636 5630 mano
666 5574 720 5628 5.
802 5576 890 5609 ³9⁸³
922 5577 1189 5633 eamdem
1221 5580 1273 5633 4.
1355 5578 1442 5614 ¹⁹⁸⁴
1474 5578 1758 5634 rhomano
1789 5582 1841 5636 5.
1865 5582 1990 5652 jam
2018 5583 2249 5654 saepius.
2326 5580 2415 5615 ωδε
2444 5578 2838 5639 concitassent
2867 5578 2920 5633 4.
3000 5574 3091 5614 ³⁸⁸⁸
3118 5572 3275 5634 Omni
3306 5573 3355 5629 1.
3385 5568 3461 5624 5?
