3996 6158
191 309 342 369 1253

1115 309 1214 369 DE
1258 307 1634 370 COENOBIO
1678 306 2275 372 MALLEACENSIS
2323 308 2658 373 INSULE.

3434 323 3590 382 1254

186 439 286 494 tiis
308 439 598 510 affectam,
622 439 968 496 comitantes
997 457 1059 496 se
1082 443 1370 512 quatenus
1400 439 1709 496 iibidinose
1742 456 1838 494 no-
1866 442 1920 506 Α
1949 441 2142 496 Abbas
2188 458 2442 513 quoque,
2504 443 2780 513 quoniam
2839 444 2950 500 sibi
3009 450 3066 501 et
3112 451 3507 522 sanguinitate
3538 459 3596 510 et

186 535 278 584 cte
308 546 434 599 quae
465 529 832 600 imminebat,
865 534 985 585 tota
1015 547 1081 584 ea
1128 530 1530 594 abuterentur,
1562 531 1833 584 concitat.

185 619 349 684 Quod
371 617 452 672 illi
476 623 858 689 exsequentes
882 635 1050 673 mane
1081 619 1229 673 facto
1254 618 1500 690 pedibus
1524 618 1684 673 illam
1701 619 1838 672 effu-

182 712 345 780 gant.
384 705 458 762 Iis
487 705 569 761 ita
599 707 842 778 patratis
873 708 942 762 ad
975 723 1102 762 sese
1133 707 1364 763 rediens
1403 707 1632 778 mulier,
1666 707 1837 779 quale

184 795 413 851 facinus
444 800 659 868 egerat,
722 813 1016 868 quamque
1047 813 1218 868 grave
1268 802 1462 852 mente
1494 796 1836 868 perpendit:

184 884 600 956 revolvensque
651 901 847 940 secum
907 887 1059 957 quod
1121 903 1484 958 consequens
1531 891 1671 952 erat,
1707 886 1836 942 dico

183 979 387 1029 autem
420 975 566 1029 iram
599 990 777 1046 super
806 980 967 1030 tanta
991 975 1254 1045 audacia,
1279 975 1394 1030 imo
1425 975 1693 1040 stultitia,
1729 974 1836 1028 im-

183 1062 532 1136 placabilem
567 1063 782 1127 mariti,
808 1069 979 1119 noctu
1015 1081 1145 1119 cum
1181 1065 1381 1136 paucis
1404 1063 1603 1134 elapsa
1633 1063 1837 1118 Caino-

183 1169 323 1208 nem
356 1157 636 1219 castrum,
669 1153 824 1225 quod
870 1170 986 1208 suae
1028 1157 1166 1208 tunc
1220 1154 1459 1208 ditionis
1491 1158 1632 1220 erat,
1665 1169 1840 1223 expe-

185 1241 302 1296 tiit.
334 1243 468 1307 Quae
498 1241 697 1296 omnia
729 1242 826 1296 ubi
877 1241 1148 1314 princeps
1177 1243 1417 1314 accepit,
1465 1240 1840 1296 indicibiliter

185 1336 456 1397 maestus,
516 1329 749 1402 qualem
781 1336 942 1386 tanto
1000 1330 1201 1386 sceleri
1259 1332 1600 1402 rependeret
1654 1330 1838 1385 vicem

183 1419 398 1474 anxius
446 1419 747 1491 exquirere
803 1419 996 1491 cmpit.
1055 1420 1272 1475 Verum
1331 1420 1608 1491 quoniam
1641 1419 1841 1474 aberat

189 1525 447 1582 persona
461 1507 708 1579 hujusce
735 1507 1036 1580 pravitatis
1059 1509 1301 1574 auctrix,
1326 1509 1682 1580 impuneque
1712 1508 1837 1563 abs-

183 1602 464 1664 cesserat,
527 1596 784 1652 furorem
844 1597 1157 1668 repressit:
1214 1615 1305 1652 res
1359 1603 1574 1661 tamen,
1623 1597 1839 1668 quibus

181 1703 320 1742 earn
335 1686 888 1751 dotaverat,cuidam
904 1685 1310 1742 strenuissimo
1324 1687 1646 1742 secundum
1661 1685 1838 1756 hujus

182 1775 390 1832 seaculi
415 1792 691 1848 pompam
714 1774 889 1830 militi
919 1775 1508 1831 contradidit.Verum
1533 1780 1596 1830 ut
1613 1773 1836 1830 Mallia-

183 1825 390 1832 -.."n
415 1825 691 1848 ,-_-,__
924 1825 1288 1830 ------_____--
1315 1825 1323 1830 .
1346 1825 1394 1831 -_
1414 1825 1508 1831 η.
1539 1825 1810 1830 την-ψη-

181 1881 384 1929 cense,
419 1865 570 1936 quod
603 1864 734 1937 ipsa
765 1864 1066 1921 inchoarat
1094 1864 1447 1932 cmnobium,
1483 1863 1618 1919 inde
1668 1863 1839 1935 perﬁ-
1868 1825 1916 1889 Β

183 1958 347 2009 ceret
378 1953 703 2025 imperavit.
739 1958 842 2008 Dat
862 1952 958 2008 ille
989 1953 1184 2008 ﬁdem.
1215 1953 1510 2008 Creditum
1533 1957 1640 2008 est.
1667 1953 1841 2007 Porro

180 2048 386 2098 autem
406 2042 476 2109 is,
499 2043 651 2114 quod
698 2043 1067 2114 promiserat,
1084 2047 1282 2113 utpote
1300 2032 1492 2097 carnis
1510 2043 1666 2097 ﬁlius
1688 2046 1854 2114 post-

179 2148 438 2205 ponens,
462 2148 708 2204 quaeque
731 2131 956 2204 potiora
986 2149 1093 2188 suo
1125 2133 1456 2186 reservabat
1485 2132 1617 2187 usui
1641 2138 1847 2203 praeter

178 2238 378 2293 pauca
407 2238 534 2293 quae
566 2222 858 2294 praebebat
880 2221 1152 2276 intimato
1185 2221 1363 2293 operi.
1397 2221 1543 2277 Nam
1567 2238 1845 2292 quaecun-

179 2326 304 2382 que
337 2327 404 2366 ex
437 2310 530 2365 his
579 2311 753 2365 rebus
804 2327 928 2382 quas
979 2309 1318 2366 monasterii
1366 2310 1538 2382 ccepit
1583 2327 1761 2365 causa
1791 2323 1848 2365 et

179 2399 442 2454 maritus
471 2399 707 2470 conjugi
750 2403 808 2453 et
835 2415 903 2453 ea
951 2399 1340 2455 destinaverat
1369 2398 1846 2454 construentibus

179 2487 341 2548 illud
375 2487 523 2558 iuris
553 2487 725 2543 militi
757 2487 1103 2559 suppetebat
1149 2504 1216 2542 ex
1245 2487 1489 2559 integro,
1521 2487 1647 2559 ipse
1690 2487 1844 2556 ejus-

182 2594 307 2651 que
342 2593 622 2648 sequaces
653 2576 837 2632 nimia
862 2576 1196 2642 voracitate,
1221 2575 1582 2641 temulentia,
1616 2574 1846 2630 luxuria

180 2666 614 2739 exstirpabant.

262 2822 340 2874 At
367 2816 866 2874 clementissimus
914 2834 1109 2873 rerum
1159 2817 1422 2872 omnium
1455 2823 1643 2873 rector
1674 2819 1844 2888 Deus,

186 2907 295 2980 qui
317 2908 549 2980 piorum
571 2911 707 2962 vota
729 2907 1058 2962 misericors
1077 2907 1353 2976 adjuvare
1373 2911 1458 2961 est
1481 2907 1848 2978 solitus,post

185 2998 470 3063 duorum,
503 3001 569 3051 ut
618 2997 820 3063 fertur,
872 3013 1157 3050 annorum
1205 2995 1561 3051 curriculum
1605 2995 1846 3050 consilio

182 3087 456 3141 virorum
475 3085 828 3157 sapientium
851 3085 1154 3156 utriusque
1171 3084 1633 3156 conjugis,unire
1651 3085 1848 3156 digna-

1949 529 2132 584 multo
2163 535 2284 585 erat
2316 547 2557 586 munere
2587 532 2892 597 obnoxius,
2928 535 3176 591 libenter
3203 539 3444 596 obaudit
3474 543 3594 598 fra-

1949 623 2182 690 tresque
2213 619 2282 673 ad
2317 619 2421 674 hoc
2451 619 2690 676 idoneos
2722 623 3026 678 contradit.

2017 707 2399 762 Praelocutum
2433 714 2627 764 tamen
2656 727 2720 766 ac
2747 712 3051 767 deﬁnitum
3075 720 3161 770 est
3191 719 3392 772 tandiu
3415 723 3594 776 eccle-

1948 794 2094 849 siam
2130 795 2288 851 illam
2323 801 2380 851 et
2423 798 2739 853 monachos
2781 818 2898 854 sua:
2949 803 3299 860 ordinationi
3332 809 3592 877 subesse,

1949 885 2130 939 donec
2147 884 2412 955 largitate
2429 887 2733 958 utriusque
2754 890 3020 961 conjugis
3040 900 3211 964 atque
3234 894 3594 968 reliquorum

1947 977 2111 1027 terra:
2142 974 2468 1028 dominium
2495 977 2821 1031 tenentium
2860 979 3116 1034 virorum
3150 983 3230 1038 ita
3262 988 3594 1057 temporali-

1949 1062 2059 1116 bus
2082 1062 2469 1134 dignitatibus
2492 1065 2622 1118 ditel
2639 1083 2704 1118 ur
2723 1072 2785 1119 ut
2802 1067 2983 1123 abbas
3005 1069 3128 1124 loco
3151 1071 3248 1127 illo
3270 1082 3597 1145 opportune

1948 1150 2292 1206 instituatur
2314 1153 2604 1223 proprius.
2627 1155 2924 1226 Scriptura
2941 1159 3236 1216 ﬁrmatum
3256 1169 3360 1216 est.
3380 1164 3597 1220 Deinde

1949 1239 2242 1310 saepedicti
2276 1240 2482 1295 fratres
2514 1242 2893 1299 advenerunt.
2920 1247 3336 1304 Monasterium
3369 1269 3594 1324 recepe-

1949 1332 2106 1394 runt,
2141 1328 2467 1384 monachile
2497 1341 2746 1402 pensum
2777 1334 3012 1390 domino
3037 1354 3194 1394 more
3227 1339 3396 1395 solito
3429 1342 3598 1397 obtu-

1950 1417 2159 1472 lerunt.
2200 1418 2498 1474 [ndicibile
2529 1422 2810 1491 gaudium
2863 1426 3112 1481 adventu
3147 1445 3252 1483 suo
3284 1431 3594 1487 comitissae

1947 1507 2338 1578 prmbuerunt.

2019 1595 2225 1651 Paucis
2256 1613 2387 1651 vero
2437 1598 2682 1654 evolutis
2714 1600 2921 1657 diebus
2970 1603 3264 1677 plerisque
3295 1609 3596 1682 episcopo-

1950 1701 2080 1738 rum
2102 1685 2172 1739 ad
2196 1686 2418 1740 curiam
2447 1688 2612 1743 ducis
2637 1691 2854 1760 praafati
2879 1692 3212 1766 adveniunt,
3260 1713 3323 1752 ac
3347 1698 3418 1752 de
3440 1715 3596 1754 com-

1951 1773 2230 1829 munibus
2287 1774 2542 1830 ecclesias
2601 1783 2814 1832 sanctae
2882 1780 3255 1851 utilitatibus,
3316 1795 3600 1857 praesente

1949 1861 2212 1934 principe
2241 1863 2615 1931 disserentes,
2669 1868 2950 1923 nonnulla
2978 1869 3183 1927 idonee
3225 1873 3455 1930 decreta
3484 1881 3602 1933 sta-

1953 1955 2145 2006 tuunt.
2207 1953 2362 2007 Inter
2414 1970 2560 2024 quos
2620 1956 3070 2029 Burdegalensis
3128 1961 3600 2036 archiepiscopus

1951 2039 2232 2095 vocabulo
2273 2041 2638 2098 Gumbaldus
2687 2061 2820 2099 cum
2873 2046 3167 2118 aliquibus
3217 2053 3601 2125 suffrageneis

1955 2128 2078 2184 suis
2108 2129 2326 2199 aderat,
2357 2147 2528 2201 quem
2562 2132 2833 2205 princeps
2864 2136 3105 2192 consilio
3136 2141 3424 2213 conjugis,
3458 2159 3602 2214 quo-

1955 2217 2112 2272 niam
2145 2216 2441 2289 religionis
2474 2221 2698 2277 amicus
2742 2223 3056 2292 ferebatur,
3106 2228 3175 2281 ad
3209 2229 3602 2288 dedicandum

1955 2305 2332 2362 Malleacense
2383 2310 2712 2366 cmnobium
2764 2311 2987 2368 invitat.
3041 2315 3341 2373 Consentit
3370 2319 3518 2392 ipse,
3546 2326 3605 2376 et

1956 2412 2074 2450 una
2103 2412 2236 2450 cum
2270 2397 2511 2469 reliquis
2539 2399 2804 2469 ejusdem
2836 2401 3057 2458 ordinis
3088 2405 3424 2462 solemniter
3454 2409 3600 2464 cele-

1955 2483 2084 2538 brat
2114 2486 2611 2542 consecrationem
2643 2488 2930 2546 basilicae:
2975 2508 3091 2563 qua
3120 2495 3344 2566 expleta
3374 2496 3603 2569 aliquos

1954 2589 2358 2644 episcoporum
2392 2592 2661 2648 princeps
2692 2593 2890 2633 secum
2915 2597 3224 2638 assumens
3249 2601 3428 2640 causa
3458 2603 3599 2642 COD-

1955 2661 2297 2717 secrationis
2351 2663 2604 2719 ecclesiae
2670 2665 2828 2721 Beati
2887 2667 3110 2737 Hilarii,
3173 2689 3350 2743 quam
3408 2691 3602 2730 coram

1955 2750 2143 2821 ipsius
2173 2750 2306 2805 aula
2336 2752 2614 2824 principis
2664 2757 3046 2813 constitutam
3100 2762 3496 2831 praediximus,
3531 2765 3602 2820 ad

1955 2856 2083 2894 eam
2116 2856 2213 2895 eos
2245 2841 2427 2895 duxit.
2453 2843 2870 2900 Pictaviensem
2892 2864 3024 2902 vero
3048 2847 3239 2904 solum
3273 2853 3604 2921 pontiﬁcem

1956 2945 2154 2983 secum
2188 2929 2486 2986 comitissa
2517 2932 2756 2988 retinuit
2801 2951 2866 2990 ac
2914 2935 3100 2993 multa
3142 2943 3485 2997 Sanctorum
3518 2942 3604 3013 pi-

1955 3034 2138 3089 gnora
2158 3035 2284 3090 qua:
2310 3021 2698 3104 undecunque
2716 3023 3046 3097 collegerat,
3077 3027 3135 3083 in
3160 3027 3397 3085 sinistro
3419 3047 3608 3086 emno-

1957 3106 2036 3160 bii
2083 3109 2234 3162 unde
2293 3109 2523 3180 agimus
2578 3114 2839 3168 membro
2899 3114 2998 3170 illo
3057 3121 3203 3174 teste
3258 3121 3602 3174 recondidit.

182 3182 292 3231 ius
323 3181 414 3278 θξιξ
444 3174 780 3278 (ξίνοτίίυηξο
813 3174 1113 3274 δυίίίυίίξθω
1145 3175 1338 3230 omnis
1376 3178 1541 3274 te"?
1591 3173 1846 3278 Populus
1878 3195 1920 3261 C
1963 3195 2256 3250 Postremo
2279 3213 2473 3251 coram
2506 3198 2813 3271 principali
2847 3220 2947 3257 ara
2975 3205 3215 3260 veniens
3246 3225 3608 3278 quascunque

182 3271 319 3322 tam
353 3264 697 3319 diuturnam
729 3263 893 3318 ducis
924 3263 1015 3318 sui
1045 3279 1183 3334 erga
1214 3279 1452 3318 uxorem
1497 3265 1642 3318 iram
1677 3263 1846 3318 vehe-

183 3357 431 3411 menter
482 3352 846 3422 exhorrebat,
907 3358 964 3406 et
1017 3351 1295 3423 quoniam
1344 3351 1653 3423 multiplici
1685 3353 1851 3423 copia

185 3442 335 3500 boni
367 3441 547 3497 donec
575 3440 677 3496 illa
725 3457 924 3496 secum
974 3441 1204 3496 adesset
1253 3442 1538 3495 mundum
1571 3441 1848 3513 cingeret,

184 3531 519 3604 replicabat
541 3547 667 3602 quae
693 3547 761 3585 ea
787 3529 1041 3602 fugiente
1062 3529 1383 3598 recesserit,
1403 3530 1852 3601 miserandaque

185 3619 510 3678 calamitas
539 3636 674 3674 mox
703 3635 1038 3691 assurgens,
1064 3635 1192 3690 quae
1220 3635 1337 3673 suae
1360 3619 1742 3689 subjacebant
1764 3617 1852 3672 di-

187 3709 348 3766 tioni
383 3707 756 3780 oppresserit.
791 3707 1046 3763 Credidit
1094 3707 1274 3779 igitur
1302 3707 1572 3779 princeps
1603 3707 1695 3762 his
1725 3724 1852 3779 quas

189 3799 570 3864 dicebantur,
623 3797 930 3868 furoreque
973 3797 1172 3852 sedato
1221 3796 1451 3852 mulieri
1485 3796 1850 3854 annectitur:

188 3901 456 3961 quaeque
477 3885 560 3940 illi
585 3886 746 3958 prius
760 3886 1126 3958 delegaverat
1146 3890 1532 3958 augmentans
1558 3887 1854 3954 sese,dum

187 3977 315 4034 sibi
349 3975 776 4048 indignaretur,
809 3975 1062 4047 graviter
1095 3992 1318 4031 errasse
1349 3975 1676 4032 conﬁtetur.
1712 3977 1854 4032 Pru-

188 4065 552 4123 dentissima
571 4065 822 4135 denique
844 4064 1063 4120 femina
1077 4065 1323 4135 pristino
1339 4066 1534 4137 vigore
1555 4069 1856 4136 resumpto

191 4169 572 4228 quacunque
596 4154 667 4208 ad
688 4153 1162 4225 supplementum
1195 4152 1580 4209 Malliacensis
1602 4153 1856 4209 ecclesia:

189 4260 528 4316 congruere
559 4242 880 4312 accipiebat
909 4259 1082 4310 quam
1105 4242 1404 4296 celerrime
1433 4243 1658 4297 efﬁcere
1691 4260 1859 4314 coge-

192 4334 325 4396 bat,
343 4347 704 4402 censumque
733 4348 846 4385 non
864 4331 1174 4385 minimum
1193 4330 1643 4385 aediﬁcatoribus
1675 4332 1858 4386 effun-

199 4422 409 4477 debat.
441 4420 556 4474 Nec
589 4419 770 4474 multo
795 4425 946 4490 post,
969 4420 1192 4474 volente
1223 4419 1490 4485 Domino,
1515 4418 1657 4473 illud
1683 4419 1860 4472 zediﬁ-

196 4512 367 4568 cium
421 4508 658 4580 plenum
711 4507 934 4580 accepit
983 4508 1270 4562 effectum.
1323 4508 1546 4562 Gaudet
1593 4507 1860 4579 princeps

198 4599 524 4669 omnisque
555 4597 716 4670 regni
747 4600 1084 4652 conventus.

279 4749 548 4816 Quadam
581 4763 776 4802 autem
832 4747 929 4801 diu
987 4763 1120 4801 cum
1154 4746 1360 4802 marito
1417 4745 1702 4800 familiare
1734 4745 1864 4800 iniit

204 4837 596 4910 colloquium,
620 4836 879 4909 rogitans
903 4835 1020 4890 illic
1039 4836 1192 4891 viros
1215 4836 1476 4908 plantare
1499 4835 1569 4889 ad
1588 4835 1862 4906 Deiaptos

203 4926 587 4983 famulatum.
612 4925 715 4980 Cui
742 4924 877 4980 ille:
907 4925 965 4980 Si
989 4925 1128 4996 quid
1152 4930 1210 4979 tu
1246 4926 1303 4979 in
1331 4924 1616 4996 principio
1643 4923 1862 4996 petisti,

203 5016 357 5088 quia
389 5020 444 5070 et
475 5031 579 5088 ego
611 5013 754 5070 alias
785 5015 1045 5079 intendo,
1091 5018 1154 5069 tu
1187 5013 1335 5068 hanc
1381 5031 1500 5070 rem
1550 5014 1868 5085 prudenter

202 5104 524 5176 disponere
554 5108 848 5159 memento
873 5121 886 5170 ;
923 5118 1166 5174 qumque
1195 5119 1328 5158 vero
1361 5101 1579 5157 utiliter
1607 5103 1865 5173 perfece-

205 5195 297 5248 ris
329 5192 473 5247 mihi
526 5191 884 5262 complacere
916 5191 1154 5245 credito.
1201 5190 1347 5246 Tum
1383 5189 1482 5244 illa
1510 5192 1866 5245 Gaubertum

210 5280 561 5337 monasterii
590 5281 786 5336 Sancti
838 5279 1058 5334 Juliani
1090 5279 1361 5351 martyris
1410 5279 1677 5334 abbatem
1713 5280 1866 5350 quod

209 5369 470 5425 Turonis
501 5369 750 5424 habetur
771 5370 839 5423 ad
865 5385 926 5424 se
949 5368 1271 5424 accersiens
1302 5367 1479 5422 totius
1501 5367 1764 5423 ordinem
1789 5368 1870 5423 rei

210 5464 455 5515 enarrat
480 5477 493 5527 ;
526 5474 702 5530 seque
731 5458 850 5513 illic
873 5458 1148 5513 tredecim
1177 5459 1407 5526 fratres,
1431 5473 1681 5527 quorum
1717 5473 1871 5512 unus

210 5548 383 5605 Prior
413 5548 703 5604 diceretur
723 5547 958 5603 titulare
978 5546 1144 5614 velle,
1173 5551 1230 5602 et
1252 5562 1322 5602 ex
1351 5561 1456 5600 suo
1480 5562 1578 5601 eos
1610 5545 1872 5601 coenobio

208 5637 567 5716 praestolari,
601 5638 650 5698 si
679 5638 806 5714 ipse
855 5636 1002 5695 votis
1049 5639 1179 5711 ejus
1226 5640 1530 5710 annuerat,
1573 5635 1870 5710 praedicat.

1960 3301 1993 3339 a
2024 3283 2231 3338 marito
2263 3285 2372 3340 sub
2405 3285 2789 3356 appellatione
2811 3291 2963 3345 dotis
2991 3299 3289 3364 acceperat
3310 3295 3368 3349 in
3399 3295 3610 3350 vicinia

1960 3371 2164 3426 insula:
2196 3377 2410 3428 terram
2445 3373 2668 3429 scilicet
2699 3393 2824 3448 quae
2857 3377 3070 3434 Podius
3115 3381 3339 3436 Letardi
3370 3389 3610 3439 vocatur

1959 3477 2076 3515 unc
2108 3477 2242 3515 cum
2275 3461 2455 3517 servis
2486 3479 2631 3534 quos
2653 3463 2791 3521 illuc
2822 3482 2889 3522 ex
2920 3468 3111 3524 nativo
3135 3469 3256 3524 solo
3286 3487 3391 3526 suo
3423 3471 3607 3527 addu-

1960 3554 2140 3618 xerat,
2173 3549 2298 3605 loco
2323 3554 2379 3605 et
2401 3553 2704 3607 monachis
2729 3555 2988 3622 tradidit,
3011 3556 3212 3629 sicque
3240 3557 3370 3613 laeta
3389 3559 3609 3617 disces-

1962 3638 2058 3694 sit.
2077 3639 2291 3694 Verum
2321 3640 2596 3710 quoniam
2618 3641 3078 3701 Malliacensium
3098 3646 3478 3704 ecclesiarum
3501 3667 3610 3706 au-

1963 3732 2150 3783 ctores
2182 3729 2424 3800 prodere
2475 3731 2876 3801 promisimus,
2909 3738 3144 3806 tempus
3167 3738 3375 3792 suadet
3405 3745 3464 3793 et
3493 3756 3606 3807 res,

1965 3821 2029 3870 ut
2055 3815 2490 3888 aliquantulum
2520 3817 2658 3874 illuc
2690 3820 2906 3892 stylum
2938 3823 3336 3880 deflectemus.

2036 3980 2064 4044 §
2094 3978 2142 4032 II
2149 3977 2189 4033 Ι.
2224 4009 2289 4018 ——
2323 3979 2572 4046 Qualiter
2596 3981 2830 4048 [undam
2859 3987 2937 4038 est
2965 3985 3197 4040 ecclesia
3226 3985 3290 4042 de
3319 3987 3502 4042 Lihee.

2040 4123 2252 4177 Eadem
2286 4139 2424 4178 sane
2455 4128 2799 4195 tempestate
2829 4126 3026 4198 patria:
3048 4127 3184 4183 huic
3214 4145 3341 4184 sese
3372 4129 3614 4202 quidam

1969 4217 2283 4284 praesentat
2312 4213 2639 4269 monachus
2673 4220 2794 4270 arte
2825 4217 3111 4283 medicus,
3135 4218 3388 4288 natione,
3419 4224 3484 4274 ut
3505 4220 3617 4274 fer—

1969 4306 2086 4367 tur,
2121 4300 2320 4366 Italus,
2355 4301 2458 4372 qui
2521 4319 2622 4372 pro
2677 4305 2820 4358 artis
2878 4305 3088 4376 peritia
3144 4323 3276 4362 mox
3327 4307 3482 4372 duci,
3517 4307 3620 4379 qui

1971 4388 2264 4459 aliquibus
2291 4391 2608 4445 vexabatur
2625 4391 2947 4459 doloribus,
2969 4394 3033 4448 ﬁt
3055 4394 3421 4450 notissimus.
3447 4397 3500 4450 Is
3522 4414 3622 4451 au-

1972 4481 2089 4531 tem
2115 4481 2426 4548 postquam
2453 4495 2520 4532 ex
2542 4479 2711 4533 urina
2733 4480 2834 4534 viri
2854 4480 2968 4534 vim
2993 4486 3380 4554 naturamque
3401 4484 3624 4553 passio-

1891 4556 1938 4620 D
1972 4582 2112 4620 num
2137 4566 2389 4635 collegit,
2415 4582 2744 4638 congruens
2766 4568 2954 4623 eidem
2983 4570 3306 4624 remedium
3330 4572 3618 4640 praestitit.

1973 4653 2128 4711 Nihil
2160 4662 2351 4708 tamen
2387 4655 2457 4708 ab
2491 4671 2556 4708 eo
2588 4654 2733 4709 lucri
2765 4657 3020 4726 expetiit,
3056 4657 3168 4711 nisi
3191 4663 3255 4712 ut
3285 4659 3624 4714 concederet

1970 4743 2243 4799 locellum
2295 4743 2406 4798 sibi
2459 4742 2517 4797 in
2568 4743 2954 4814 amplitudine
3003 4745 3402 4802 Malleacensis
3441 4747 3621 4820 silvze,

1975 4833 2130 4904 quod
2169 4831 2438 4887 cellulam
2461 4838 2516 4887 et
2537 4833 2705 4887 breve
2727 4834 3043 4888 oratorium
3069 4836 3315 4891 retinere
3348 4845 3543 4908 posset
3563 4837 3622 4890 in

1973 4921 2342 4978 veneratione
2396 4922 2704 4977 Genitricis
2744 4923 2955 4978 Christi
3002 4925 3228 4980 Domini
3263 4926 3468 4981 nostri.
3501 4929 3624 4992 Quo

1979 5017 2274 5067 annuente
2308 5011 2575 5066 fundavit
2600 5011 2908 5066 ecclesiam
2942 5030 3118 5084 quam
3141 5014 3428 5070 hactenus
3457 5030 3623 5069 voca-

1977 5117 2111 5156 mus
2145 5101 2478 5155 Liecensem
2515 5099 2819 5171 capellam.
2871 5100 3064 5156 Unum
3100 5119 3268 5173 porro
3318 5104 3390 5157 de
3419 5103 3624 5158 eodem

1976 5191 2098 5245 viro
2133 5189 2325 5260 accepi
2360 5189 2514 5260 quod
2563 5188 2771 5244 litteris
2823 5191 3100 5246 mandare
3140 5196 3333 5246 ratum
3365 5191 3623 5248 credidi:

1979 5279 2280 5344 Quoddam
2315 5277 2531 5349 quippe
2553 5278 2774 5334 adierat
2795 5280 3076 5350 Oppidum
3109 5280 3507 5335 Mareventum
3528 5297 3626 5335 vo-

1980 5373 2207 5424 catum:
2230 5371 2520 5437 quatenus
2538 5367 2767 5422 cuidam
2787 5367 2964 5422 nobili
2984 5367 3218 5438 aliquod
3234 5369 3485 5424 scientiae
3507 5386 3626 5424 suas

1981 5457 2344 5528 impenderet
2373 5460 2530 5523 (nam
2555 5455 2891 5528 agrotabat)
2914 5457 3428 5514 medicamentum.
3451 5458 3628 5514 Porro

1982 5551 2176 5602 autem
2207 5545 2349 5599 dum
2372 5544 2595 5616 aliquot
2623 5545 2701 5599 ibi
2734 5544 2858 5600 dies
2880 5544 3109 5614 faceret,
3134 5547 3440 5619 praesensit
3470 5547 3627 5620 quod

1983 5633 2434 5694 irrevocabiliter
2455 5634 2766 5694 immatura
2778 5651 2936 5696 mors
2961 5635 3417 5698 sibiimmineret
3438 5655 3452 5696 :
3475 5634 3625 5711 soci:
