3996 6158
166 252 320 312 125⁸7

1098 252 1199 310 DE
1244 250 1621 310 COENUBIO
1668 249 2257 314 MALLEACENSIS
2305 258 2635 318 lNSUL/E.

3417 264 3440 320 1
3455 262 3570 322 258

163 380 1378 454 versarius-Obseditquippeubidominum
1403 398 1573 438 suum
1596 382 1812 438 obiisse
1841 384 1896 449 Α
1927 389 2092 439 tuum
2125 389 2412 453 exercitia,
2449 390 2896 461 quadragesimo
2911 389 3098 462 primo
3121 391 3308 446 aetatis
3327 408 3444 445 suae
3467 409 3574 446 an-

163 474 341 530 veloci
370 472 578 527 nuntio
595 472 891 526 advertere
922 471 1129 542 potuit,
1164 470 1466 526 castellum
1498 473 1652 542 quod
1667 472 1810 527 Gen-

162 564 379 620 tiaeum
411 561 643 628 dicitur,
659 576 724 616 eo
748 561 900 632 quod
915 560 1194 614 etcivitati
1219 561 1546 631 proximum
1564 565 1621 615 et
1639 559 1808 616 multi

161 652 330 724 copia
358 650 494 706 boni
521 649 969 720 completum,et
991 649 1496 720 subitajuventute
1515 651 1808 704 munitum

163 741 266 796 illo
297 746 557 811 tempore
614 738 956 792 habebatur.
989 737 1343 807 Coniiciebat
1391 739 1606 793 etenim
1635 738 1810 793 dubio

161 828 366 902 procul
423 828 576 900 quod
636 842 1001 898 consequens
1053 827 1361 882 videbatur
1411 843 1559 897 esse,
1611 827 1808 882 videli-

159 925 251 974 cet
281 936 314 974 a
344 935 406 973 se
438 915 580 972 illud
615 921 851 987 captum
886 916 952 969 iri
986 933 1176 986 posse,
1210 917 1363 986 quod
1416 915 1646 971 nullum
1699 917 1811 970 sibi

161 1007 410 1062 ulterius
471 1005 855 1076 municipium
917 1005 1244 1060 obsisteret.
1287 1007 1470 1070 Quam
1505 1005 1810 1060 factionem

160 1097 263 1152 ubi
298 1096 613 1151 modernus
633 1094 900 1164 princeps
923 1095 1244 1164 praesensit,
1268 1095 1515 1150 liberare
1545 1111 1681 1149 suos
1703 1094 1816 1149 eol-

160 1187 311 1243 lecto
341 1183 593 1240 exercitu
617 1183 889 1238 obsessos
906 1183 1086 1238 armis
1110 1181 1420 1238 ultricibus
1440 1200 1618 1254 quam
1637 1183 1815 1238 celer-

161 1276 314 1331 rime
345 1270 688 1346 properavit.
723 1271 988 1342 Cumque
1017 1271 1226 1326 vicinia
1257 1271 1488 1327 hostilis
1531 1273 1816 1327 exercitus

161 1360 738 1436 experisset,nobiles
759 1375 1025 1431 quosque
1048 1376 1112 1416 ac
1132 1361 1268 1416 belli
1291 1361 1641 1432 procurandi
1675 1378 1818 1433 gna-

162 1470 262 1509 ros
288 1450 594 1508 ordinandi
628 1450 1100 1520 informandique
1121 1466 1298 1506 causa
1319 1467 1421 1522 per
1442 1466 1646 1507 omnes
1668 1451 1821 1506 acies

161 1542 371 1613 dirigit
403 1558 415 1607 ;
450 1547 502 1595 et
536 1543 599 1594 ut
628 1539 700 1594 ad
726 1537 1066 1608 hujusmodi
1090 1539 1627 1612 negotium,partim
1650 1540 1822 1595 verbo

164 1628 388 1701 partim
444 1627 734 1697 majorum
767 1624 1052 1696 exemplo,
1085 1626 1442 1681 sufﬁcienter
1470 1626 1826 1681 instruerent

160 1719 300 1774 viva
322 1732 457 1773 voce
487 1713 813 1787 imperavit.
847 1714 960 1769 Nec
991 1713 1304 1769 dissimilia
1332 1714 1426 1770 his
1463 1715 1642 1770 dabat
1679 1715 1826 1770 Boso

167 1810 462 1880 praecepta
490 1803 855 1860 suis.Verum
876 1802 973 1857 ubi
999 1803 1070 1857 ad
1110 1803 1445 1858 conﬂictum
1469 1808 1702 1859 ventum
1725 1807 1834 1867 est,

171 1899 316 1968 post
372 1893 692 1949 multorum
749 1891 990 1946 vulnera
1047 1895 1103 1946 et
1159 1908 1330 1947 neces
1387 1893 1625 1948 tandem
1665 1892 1833 1958 Boso,

172 1989 392 2041 cuncto
423 1999 568 2055 pene
598 1980 814 2037 amisso
837 1979 1042 2048 milite,
1077 1981 1344 2035 addictus
1364 1983 1726 2052 turpiterque
1748 1981 1837 2036 fu-

172 2079 360 2146 gatus
383 2076 490 2127 est.
524 2073 646 2136 Qua
690 2076 912 2142 patrata
972 2069 1334 2124 Pietavorum
1395 2071 1531 2137 dux,
1593 2069 1838 2125 Domino

179 2162 586 2235 permittente,
611 2161 1011 2230 juvamenque
1040 2158 1837 2230 ferente,victoria,oppidum

174 2253 342 2324 quod
377 2250 570 2320 Rupes
602 2246 882 2302 Medeldis
903 2245 1206 2313 vocitatur,
1229 2263 1295 2300 eo
1321 2247 1476 2318 quod
1509 2246 1714 2302 ditioni
1738 2247 1841 2302 Bo-

174 2340 350 2396 sonis
407 2337 632 2410 praefati
691 2336 1053 2406 subjacebat,
1111 2335 1340 2390 obsedit
1364 2340 1420 2390 et
1449 2337 1840 2408 oppugnando

172 2427 376 2500 cepit:
404 2427 462 2481 in
499 2442 613 2497 quo
641 2424 1025 2480 Adalmodem
1057 2424 1325 2494 ejusdem
1356 2423 1597 2480 Bosonis
1641 2425 1840 2495 conju-

171 2533 312 2590 gem
339 2520 630 2586 repertam
666 2511 936 2567 ﬁdelibus
972 2511 1097 2566 suis
1148 2513 1490 2567 servandam
1550 2513 1840 2568 contradi-

171 2605 290 2660 dit.
327 2604 510 2667 Quam
543 2599 1266 2671 cumlaseiviajuventutis
1287 2618 1415 2672 quae
1446 2601 1630 2656 latera
1649 2603 1843 2656 obser-

174 2694 363 2748 vabat
391 2691 672 2764 principis
705 2690 778 2744 ad
810 2689 1005 2744 mariti
1038 2688 1315 2759 injuriam
1347 2689 1840 2745 decerneretludi-

175 2783 314 2837 brio
375 2781 548 2845 tradi,
608 2779 938 2834 severedux
995 2777 1225 2840 restitit,
1259 2777 1739 2848 nobilitatemque
1761 2778 1840 2832 fe-

177 2872 362 2925 minas
385 2869 720 2934 miseratus,
747 2870 922 2937 atque
951 2863 1149 2920 electis
1179 2864 1539 2920 sufﬁcienter
1555 2864 1842 2918 militibus

176 2961 255 3014 ad
291 2963 564 3020 matrem,
595 2972 721 3026 qua:
753 2953 1012 3009 Candida
1040 2953 1842 3020 dicebatur,eam.honoriﬁce

183 3046 542 3104 direxit.Pro
557 3047 729 3114 cujus
751 3041 1136 3098 humanitatis
1157 3043 1343 3114 gratia
1369 3042 1638 3112 promisit
1660 3045 1844 3096 mater

1919 491 2014 539 no,
2050 477 2208 545 regni
2242 494 2374 531 vero
2409 479 2529 546 lilii,
2564 483 2628 533 ut
2657 480 2841 545 aiunt,
2868 480 3181 546 secundo,e
3213 481 3405 535 carnis
3439 496 3568 551 pro-

1919 580 2119 634 gressa
2149 570 2237 618 est
2268 567 2580 638 ergastulo.
2614 567 2830 624 Verum
2865 570 3208 640 priusquam
3246 569 3572 634 decederet,

1921 650 2107 706 ﬁlium
2140 653 2211 707 ad
2246 671 2306 708 se
2333 672 2666 711 accersens:
2728 657 2822 722 Mi,
2858 657 3066 728 inquit,
3098 661 3251 723 nate,
3300 658 3570 729 egojam,

1920 741 2090 809 cujus
2149 745 2201 796 te
2259 742 2512 799 Charitas
2568 744 2721 800 ultra
2781 745 3092 816 humanos,
3136 747 3185 800 si
3218 746 3330 801 dici
3363 747 3448 801 fas
3474 747 3570 815 sit,

1921 829 2185 883 educavit
2241 832 2502 897 affectus,
2559 838 2623 889 ut
2649 835 2859 902 cernis,
2902 834 3205 905 defungor.
3238 835 3356 889 Hoc
3388 851 3572 889 unum

1919 931 2051 970 vero
2082 921 2214 971 ante
2243 934 2277 972 a
2308 923 2362 973 te
2395 925 2617 990 expeto,
2650 925 2963 991 quatenus,
2998 922 3068 976 ob
3095 922 3206 977 mei
3233 927 3572 994 perpetuam

1923 1006 2267 1061 memoriam
2299 1008 2681 1080 Ecclesiaeque
2713 1009 3208 1066 Malliacensensis
3231 1016 3571 1083 augmenta-

1922 1092 2142 1148 tionem
2175 1095 2618 1169 tuitionemqne,
2651 1097 2858 1153 ultimo
2879 1113 2943 1154 a'c
2961 1099 3008 1154 si
3033 1098 3574 1170 valedicentesjun-

1925 1197 2136 1250 gamur
2165 1183 2385 1251 osculo,
2419 1187 2655 1241 demum
2688 1191 2884 1241 autem
2918 1187 3047 1241 laeta
3066 1185 3577 1258 emigro.Cumque

1930 1268 2092 1326 illius
2121 1287 2319 1328 vocem
2351 1274 2421 1328 ad
2457 1273 2603 1330 hanc
2637 1275 2978 1345 petitionem
3013 1276 3217 1330 matris
3247 1275 3481 1331 ubertas
3502 1274 3579 1330 la-

1932 1374 2264 1429 crymarum
2297 1362 2708 1418 intercluderet
2737 1380 2800 1418 ac
2832 1362 3179 1435 singultum,
3205 1365 3446 1419 nutibus
3489 1367 3578 1418 ta-

1938 1463 2091 1517 men,
2133 1449 2350 1520 quibus
2380 1456 2626 1522 poterat,
2662 1452 2848 1523 ipsius
2877 1452 3185 1508 desideriis
3215 1453 3386 1507 corde
3414 1457 3587 1508 tenus

1938 1553 2195 1593 annuere
2228 1556 2289 1594 se
2321 1539 2634 1606 indicabat,
2669 1546 2726 1596 et
2769 1543 2909 1613 quia
2956 1541 3027 1596 de
3085 1541 3178 1596 his
3229 1541 3586 1611 meminerit,

1937 1629 2069 1696 post
2099 1627 2227 1696 ejus
2257 1629 2482 1684 obitum
2514 1629 2789 1701 operibus
2829 1629 3164 1686 declaravit.

1864 1757 1914 1820 B
2014 1768 2043 1838 §
2068 1768 2188 1822 VII.
2220 1773 2299 1825 De
2334 1770 2649 1826 Theodelzno
2681 1772 2873 1826 abbate
2904 1772 3098 1827 Sancti
3127 1774 3279 1827 Petri
3305 1775 3518 1828 veteris.

2018 1893 2091 1948 Ut
2119 1899 2312 1948 autem
2346 1895 2415 1949 ad
2441 1895 2741 1966 superiora
2772 1897 3100 1964 redeamus,
3133 1912 3269 1951 cum
3301 1897 3594 1951 Turonen-

1947 1981 2112 2036 sibus
2171 1982 2472 2038 monachis
2523 1983 2763 2054 quidam
2822 1983 3056 2038 advenit
3085 1985 3280 2053 frater,
3321 1983 3598 2040 vocabulo

1947 2070 2378 2126 Theodelinus:
2429 2072 2499 2126 de
2547 2073 2700 2143 quod
2735 2072 3014 2143 quoniam
3044 2071 3282 2144 grandis
3314 2071 3483 2127 nobis
3514 2075 3604 2128 est

1947 2175 2140 2215 sermo
2170 2160 2494 2228 habendus,
2543 2163 2670 2230 ejus
2701 2167 2759 2216 et
2813 2162 3001 2233 patria
3031 2161 3419 2232 signiﬁcanda
3447 2165 3605 2216 estet

1950 2264 2155 2320 genus.
2185 2248 2313 2302 Fuit
2342 2249 2578 2320 quippe,
2604 2253 2668 2304 ut
2699 2250 2900 2320 fertur,
2934 2265 3144 2322 genere
3195 2249 3604 2317 Hebraaus,na-

1952 2337 2110 2392 tione
2129 2335 2596 2408 Gallus:jamque
2615 2337 2958 2393 adolescens
2973 2337 3332 2395 monachicis
3349 2336 3605 2408 discipli-

1953 2425 2044 2478 nis
2103 2425 2445 2491 instructus,
2505 2431 2680 2498 atque
2729 2427 3072 2498 procedente
3110 2431 3371 2497 tempore
3401 2425 3517 2480 vita
3548 2430 3607 2481 et

1951 2514 2392 2568 converaatione
2405 2514 2700 2585 simulque
2712 2515 3216 2570 activisexercitiis
3229 2514 3612 2570 solertissime

1952 2602 2255 2672 praeditus,
2291 2603 2546 2671 itemque
2577 2603 2832 2674 ingenio,
2867 2602 3608 2672 modestia,consilio,con-

1952 2690 2188 2758 stantia,
2221 2691 2550 2761 prudentia,
2587 2693 2872 2763 praecipue
2892 2709 3022 2747 vero
3046 2692 3284 2746 lenitate
3321 2690 3610 2746 decentis-

1953 2779 2101 2834 sime
2130 2784 2391 2834 ornatus.
2427 2780 2573 2834 l-luie
2602 2797 2744 2836 sane
2793 2785 2848 2836 et
2902 2780 3292 2852 praepositum
3342 2779 3605 2834 laborem

1951 2872 2010 2921 et
2040 2867 2218 2923 totius
2249 2868 2585 2923 monasterii
2619 2868 3097 2925 deliberationem
3123 2869 3303 2924 abbas
3322 2867 3613 2937 suus,imo

1953 2973 2054 3027 per
2110 2973 2244 3011 eum
2306 2957 2604 3011 commisit
2637 2958 2934 3013 Dominus.
2966 2957 3071 3023 Qui
3104 2957 3294 3029 prima
3324 2956 3611 3011 adventus

1952 3045 2044 3100 sui
2072 3045 2279 3110 fronte,
2313 3046 2530 3116 quippe
2548 3044 3379 3117 prudentissimus,explorare
3399 3060 3601 3100 eorum

182 3137 460 3195 Candida
492 3151 676 3205 usque
708 3132 950 3187 fluvium
984 3132 1330 3186 Rhodanum
1362 3130 1524 3201 regni
1574 3130 1841 3200 ejusdem
1871 3120 1913 3184 C
1953 3133 2298 3202 incolarum,
2331 3133 2403 3187 ad
2434 3149 2583 3203 quos
2614 3135 2941 3204 accedebat,
2975 3134 3204 3189 animos
3219 3133 3602 3203 volens,quaa-

184 3224 484 3302 principis
507 3240 608 3295 per
628 3239 689 3278 se
715 3221 958 3276 dilatare
983 3219 1261 3290 jura.Nec
1289 3221 1651 3274 estmentita.
1677 3219 1848 3273 Porro

183 3321 392 3372 autem
453 3312 600 3369 Boso
657 3309 860 3382 paucis
933 3309 1187 3364 emensis
1261 3307 1470 3364 diebus
1541 3308 1702 3379 gravi
1758 3307 1847 3362 in-

185 3402 508 3462 commodo
548 3403 848 3470 correptus
907 3399 1154 3470 turpiter
1214 3397 1484 3463 decessit,
1527 3397 1850 3452 factionum

185 3508 434 3566 quoque
487 3491 545 3544 in
605 3487 910 3544 dominum
961 3485 1413 3540 commissarum
1473 3502 1672 3556 poenas
1718 3485 1847 3540 luit.

181 3583 376 3652 Cujus
434 3581 642 3636 Emma
696 3575 975 3648 principis
1031 3574 1410 3630 Pictaviensis
1459 3575 1854 3646 genitrixﬁne

185 3667 575 3744 agnito,clam
609 3666 832 3738 legatos
863 3665 934 3720 ad
953 3663 1274 3719 Candidam
1308 3662 1692 3733 miltit,eaque
1723 3679 1855 3717 con-

185 3759 380 3825 sulta,
415 3755 795 3812 Adalmodem
826 3753 1091 3824 ejusdem
1123 3751 1392 3806 Candidas
1426 3749 1603 3806 ﬁliam
1635 3751 1736 3805 ﬁlii
1762 3751 1855 3807 sui

187 3847 478 3919 conjugio
501 3844 760 3910 sociavit,
793 3843 879 3897 Ad
911 3840 1324 3896 candidahaud
1348 3839 1658 3895 immemor
1679 3857 1854 3913 spon-

191 3937 391 3994 sionis
423 3952 542 3991 sua:
572 3950 639 3989 eo
684 3947 874 4004 usque
903 3947 1017 4002 quo
1041 3928 1402 4002 praedixerat,
1439 3929 1854 3985 Pictaviensem

190 4029 488 4084 ducatum
519 4020 939 4094 augmentavit.

273 4203 385 4258 His
417 4201 666 4272 denique
695 4203 752 4256 et
780 4195 1119 4269 hujusmodi
1147 4196 1630 4268 prosperitatibus
1653 4196 1860 4268 princi-

195 4295 300 4366 pis
361 4291 742 4346 conﬁrmatus
794 4289 852 4342 in
885 4303 1152 4359 regnum,
1187 4302 1346 4340 mare
1390 4290 1754 4356 suggerente,
1789 4286 1859 4339 ad

199 4380 587 4438 Malliacense
644 4377 974 4434 coenobium
1001 4373 1394 4430 extollendum
1425 4372 1706 4428 convertit
1734 4379 1860 4428 stu-

1959 3223 2091 3276 dam
2127 3220 2366 3276 famulis
2396 3221 2773 3290 extraneisve,
2803 3223 2970 3291 quasi
3011 3222 3292 3286 vecordis,
3351 3226 3606 3290 praeten-

1959 3309 2136 3364 debat
2166 3309 2419 3376 indicia;
2452 3325 2566 3379 quo
2598 3309 2826 3363 facilius
2857 3325 2924 3363 ex
2954 3309 3295 3363 eorumdem
3324 3307 3515 3361 verbis
3552 3309 3607 3360 et

1958 3399 2160 3471 gestis,
2189 3397 2424 3453 virtutis
2455 3415 2527 3452 an
2556 3396 2977 3452 imbecillitatis
3007 3396 3112 3450 viri
3143 3399 3358 3462 essent,
3383 3395 3524 3448 dum
3547 3410 3612 3449 se

1959 3504 2026 3543 ac
2058 3487 2103 3542 si
2136 3487 2414 3542 insanum
2445 3487 2827 3555 attenderent,
2861 3485 3060 3556 aliqua
3087 3483 3384 3556 colligeret
3434 3497 3610 3554 argu-

1962 3579 2179 3630 menta.
2234 3576 2301 3628 At
2326 3573 2425 3628 ubi
2472 3572 2645 3644 paulo
2675 3578 2807 3644 post
2837 3572 3086 3629 levitatis
3116 3589 3216 3628 eos
3245 3575 3613 3642 ventosasque

1956 3664 2246 3732 jactantize
2299 3661 2451 3716 malo
2509 3661 2771 3718 laborare
2823 3661 3254 3728 animadvertit,
3315 3664 3438 3715 tum
3499 3675 3612 3730 quo

1965 3757 2131 3824 pacto
2160 3767 2360 3807 eorum
2377 3766 2650 3821 pompam
2666 3749 2966 3805 tolerando
2991 3749 3317 3821 quamlibet
3339 3747 3612 3804 amicitiae

1965 3859 2083 3898 sua:
2111 3841 2452 3911 adjungeret
2473 3843 2825 3910 pertractare
2851 3839 3040 3910 erepit.
3066 3839 3132 3894 Et
3151 3838 3391 3909 quidem
3409 3841 3616 3908 poten-

1962 3931 2112 3985 tium
2139 3930 2323 3984 fastus
2352 3926 2695 3982 muneribus
2725 3927 3020 3982 interdum
3053 3927 3356 3997 placabat:
3391 3924 3612 3980 medio-

1967 4019 2155 4074 crium
2176 4034 2308 4073 vero
2338 4020 2464 4071 tum
2497 4015 2611 4071 leni
2643 4016 3190 4080 moderatione,tum
3221 4013 3612 4070 exhortatorio

1967 4123 2237 4164 sermone
2269 4105 2721 4177 complanabat;
2753 4104 3040 4176 praecipue
3097 4108 3290 4159 autem
3332 4101 3612 4172 subjectis

1968 4197 2079 4253 sibi
2113 4195 2389 4251 fratribus
2419 4210 2665 4266 quaeque
2685 4193 3014 4250 necessaria
3035 4191 3392 4250 sufﬁcienter
3412 4191 3614 4246 admo-

1969 4289 2109 4340 dum
2143 4290 2198 4339 et
2227 4284 2482 4338 humane
2513 4283 2886 4354 inpendebat,
2919 4289 2975 4337 et
3003 4282 3085 4336 ita
3139 4281 3453 4353 unicuique
3485 4295 3617 4336 sese

1971 4372 2268 4427 liberalem
2303 4376 2474 4441 atque
2495 4371 2742 4424 hilarem
2771 4369 3121 4438 ostentabat,
3148 4374 3210 4424 ut
3227 4368 3497 4440 singulus
3520 4383 3614 4422 eo-

199 4469 558 4527 dium.Nam
590 4484 704 4539 quo
724 4466 978 4537 primum
1013 4469 1273 4534 tempore
1303 4463 1604 4534 paterejus
1621 4461 1690 4516 ad
1707 4461 1860 4517 idem
1897 4482 1942 4544 D
1973 4477 2103 4515 rum
2137 4459 2390 4530 amplius
2423 4458 2644 4513 cmteris
2673 4459 2745 4512 ab
2777 4474 2842 4513 eo
2874 4475 2935 4512 se
2957 4457 3122 4528 diligi
3143 4458 3314 4512 corde
3336 4457 3616 4510 crederet.

201 4555 969 4615 ccenobiumtediﬁcandum
989 4554 1296 4623 conjugem
1321 4549 1669 4617 suam,sicut
1689 4568 1868 4622 supra
1899 4543 1926 4544 ί
1977 4551 2238 4619 Cumque
2272 4547 2362 4601 his
2394 4551 2450 4600 et
2481 4546 2823 4617 huiusmodi
2853 4545 3010 4600 domi
3059 4543 3315 4614 forisque
3371 4543 3620 4608 ﬂoreret,

203 4646 555 4711 retulimus,
590 4643 1052 4716 perpulit,totum
1084 4640 1288 4696 insulae
1310 4639 1620 4711 corpus,ob
1660 4639 1866 4694 silvam

204 4739 271 4793 in
307 4753 382 4792 ea
411 4721 762 4803 concretam,
796 4737 1001 4804 praeter
1029 4728 1375 4801 particulam
1425 4729 1742 4799 quamdam
1795 4729 1867 4784 ad

209 4824 563 4898 aquilonem
613 4823 985 4876 Mariscuma
1029 4818 1122 4874 via
1178 4822 1378 4872 vocata
1399 4821 1588 4871 vetere
1635 4833 1870 4888 vergen-

1980 4640 2249 4708 famaque
2309 4634 2616 4706 probitatis
2646 4635 2774 4703 ejus
2810 4633 2978 4703 longe
3009 4632 3243 4702 lateque
3279 4644 3624 4701 percurrens

1980 4743 2084 4782 nec
2124 4725 2316 4796 ipsum
2349 4726 2512 4777 terrae
2544 4722 2750 4775 ducem
2771 4720 2992 4788 lateret,
3025 4720 3125 4774 sed
3157 4719 3331 4787 etiam
3355 4716 3627 4787 alloquiis

1979 4815 2108 4886 ejus
2136 4811 2458 4884 sepissime
2489 4809 2758 4882 privatim
2791 4812 2847 4862 et
2872 4807 3100 4879 publice
3149 4811 3445 4874 uteretur;
3498 4807 3630 4876 post

209 4893 367 4979 tein,
399 4912 512 4968 sibi
543 4910 793 4966 venandi
825 4924 1003 4963 causa
1033 4905 1294 4962 retinuit.
1325 4907 1475 4959 Tum
1533 4905 1728 4976 itaque
1757 4905 1874 4959 dux
1983 4904 2346 4972 aliquantum
2380 4898 2661 4970 temporis
2691 4898 2844 4969 apud
2877 4899 3145 4952 abbatem
3189 4913 3363 4952 suum
3413 4893 3631 4948 invidia

209 5002 379 5059 votis
407 5000 513 5072 pias
539 4999 744 5054 matris
775 4997 1062 5060 alludens,
1091 4996 1460 5049 Turonenses
1495 4993 1874 5064 fratres,quos

213 5091 462 5164 genitor
491 5106 524 5144 a
555 5087 825 5160 praedicto
848 5081 1330 5149 coenobio,causis
1350 5081 1663 5152 przelibatis
1697 5081 1875 5137 inter-

215 5178 602 5242 cedentibus,
659 5177 907 5248 fugarat,
966 5169 1601 5235 clementerrevocavit,
1635 5187 1880 5242 quasque

217 5269 399 5343 prius
413 5267 738 5322 habuerant
760 5261 1211 5332 restituit,atque
1228 5276 1325 5314 eos
1347 5258 1663 5314 honoriﬁce
1684 5276 1744 5313 se
1759 5264 1878 5314 tra-

222 5361 531 5414 ctaturum
565 5353 886 5425 respondit.
918 5349 1170 5405 Credunt
1199 5347 1280 5402 illi
1311 5352 1367 5401 et
1383 5346 1641 5416 veniunt,
1674 5351 1731 5400 et
1753 5364 1884 5418 pro-

222 5429 423 5504 missa
452 5443 653 5500 omnia
669 5441 862 5513 adepti
884 5437 1161 5494 sunt.Nec
1185 5434 1370 5490 multo
1393 5439 1524 5506 post
1539 5435 1886 5490 venerabilis

227 5535 451 5593 Emme.
468 5532 635 5590 ducis
656 5529 1063 5606 genitrix,post
1083 5523 1432 5598 multiplicia
1457 5527 1788 5579 sanctorum
1802 5541 1892 5582 ac-

571 5662 826 5725 ΡΑτιιοι..
877 5653 1134 5719 CXLVI.

1985 4991 2311 5048 delatorum
2343 5006 2409 5044 ac
2442 4989 2489 5042 si
2523 4993 2808 5057 tyrannus
2840 4991 3164 5055 accusatur,
3193 4983 3632 5054 liberalitasque

1987 5083 2114 5152 ejus
2147 5081 2204 5134 in
2237 5078 2574 5134 ambitionis
2607 5083 2829 5148 partem
2862 5073 3472 5146 ascribitur,quodque
3503 5087 3632 5126 eam

1990 5187 2103 5224 non
2137 5185 2313 5223 causa
2345 5167 2576 5232 Domni,
2601 5165 2740 5236 quin
2774 5167 2966 5235 potius
2999 5163 3336 5236 acquirendi
3397 5157 3635 5216 honoris

1992 5257 2177 5330 gratia
2230 5259 2540 5322 excerceat,
2600 5253 2962 5325 divulgatum
3012 5254 3278 5308 habetur.
3329 5251 3427 5306 His
3459 5251 3638 5321 igitur

1993 5344 2366 5401 commonitis
2423 5342 2624 5398 elusus
2684 5343 2864 5397 abbas
2913 5359 3090 5413 quam
3115 5341 3279 5396 facile
3312 5341 3641 5412 nugacibus

1997 5433 2366 5507 prelatorum
2426 5448 2583 5487 more
2644 5430 2908 5498 credidit,
2943 5429 3394 5503 propediemque
3424 5446 3550 5485 sese
3581 5428 3641 5484 id

1998 5523 2241 5597 experiri
2275 5538 2378 5596 per
2406 5521 2787 5593 semetipsum
2812 5520 3155 5577 necessariis
3182 5518 3387 5575 amicis
3419 5519 3646 5577 intima-

3251 5645 3330 5738 49
