3962 6158
432 224 586 284 1259

1499 221 1732 280 PETRI
1778 217 2374 281 MALLEACENSIS
2420 223 2771 285 MONACHI

3595 241 3697 303 1260

426 355 525 409 vit.
558 354 889 411 Accelerato
928 352 1221 425 siquidem
1253 352 1458 407 itinere
1497 351 1646 406 clam
1707 349 2075 423 Burguliensi
2106 352 2155 416 Α
2190 354 2466 422 quoniam
2499 357 2735 427 quidem
2759 357 2905 412 nihil
2917 360 3091 429 justaz
3126 359 3462 430 querimoniae
3482 373 3700 439 ergamale

424 444 707 511 canobio,
743 443 837 499 cui
893 446 1154 513 praaerat,
1214 456 1276 496 se
1329 441 1648 511 excutiens,
1708 441 2072 495 Pictavorum

426 532 572 587 ﬁnes
604 530 946 603 ingreditur,
981 530 1217 585 fratrem
1248 546 1480 602 quoque
1512 534 1848 585 accusatum
1875 528 2074 583 nimiis

424 618 719 691 proﬂigari
749 618 1265 690 contumeliis.jam
1286 618 1484 691 patulo
1501 618 2074 673 minitatur.Postera

426 706 705 763 nimirum
728 707 895 762 diein
928 708 1184 779 quadam
1217 707 1617 780 Burguliensis
1657 705 1900 762 coenobii
1930 704 2075 760 cella

426 796 737 852 divertens.
756 813 883 868 quas
906 796 1298 853 Malliaoensis
1328 797 1583 852 ecclesiae
1608 796 1858 851 habetur
1879 794 2072 849 afﬁnis

428 884 721 940 industria
778 886 1169 956 quorumdam
1222 901 1283 940 se
1315 885 1637 941 amantium
1675 889 1843 940 nocte
1871 884 2072 939 eadem

418 971 543 1030 viro
575 973 670 1028 Dei
700 972 1019 1028 Thedelino
1074 975 1359 1044 pateﬁunt
1406 973 1578 1028 minae
1608 976 1664 1027 et
1692 971 1824 1028 odia
1854 970 2069 1043 proprii

422 1062 673 1117 abbatis.
733 1062 900 1117 Mane
956 1061 1153 1133 itaque
1179 1063 1351 1131 facto,
1384 1062 1702 1117 fortissimo
1734 1078 1926 1116 rerum
1961 1060 2071 1115 Do-

420 1150 581 1206 mino
606 1150 890 1218 invocato,
920 1150 1217 1222 simulque
1248 1149 1501 1222 puritate
1526 1148 1887 1204 conscientiae
1935 1165 2071 1202 con-

417 1239 588 1308 ﬁsus,
642 1242 924 1311 apparatu
972 1238 1203 1293 venturi
1261 1238 1449 1293 Patris
1477 1237 1804 1293 necessario
1834 1236 2072 1291 famulis

419 1325 755 1395 commisso,
787 1341 1106 1382 conscenso
1136 1343 1284 1398 equo
1317 1325 1569 1381 obiviare
1596 1326 1648 1381 ei
1671 1328 1881 1381 stutuit
1901 1325 2071 1380 corde

421 1414 921 1471 constantissimo.
982 1417 1243 1486 Cumque
1290 1432 1407 1470 non
1438 1414 1607 1486 longe
1638 1414 2018 1485 processisset
2038 1430 2071 1467 a

419 1502 772 1559 monasterio
800 1508 972 1559 Patre
1001 1503 1188 1571 obvio,
1222 1520 1372 1575 equo
1404 1504 1497 1559 cui
1530 1503 1846 1569 insederat,
1881 1502 2071 1574 negle-

418 1596 531 1662 cto,
591 1597 710 1648 toto
762 1609 1002 1665 corpore
1057 1593 1117 1647 in
1177 1592 1409 1663 palude,
1452 1609 1577 1663 quae
1607 1609 1821 1664 magna
1849 1609 1914 1647 eo
1946 1591 2069 1646 loco

417 1686 561 1752 erat,
593 1685 905 1754 prostrato,
932 1681 1395 1737 benedictionem
1422 1682 1493 1735 ab
1524 1682 1726 1735 eodem
1758 1697 1919 1735 more
1959 1681 2068 1734 im-

418 1770 609 1842 plorat
640 1769 831 1826 solito.
866 1771 921 1825 Is
952 1774 1147 1824 autem
1165 1770 1223 1823 in
1246 1786 1311 1824 eo
1335 1785 1522 1840 neque
1544 1769 1737 1824 visum
1758 1770 2069 1824 deﬂectens

416 1876 604 1929 neque
631 1860 874 1914 verbum
907 1858 1146 1929 aliquod
1180 1858 1481 1929 proferens
1505 1858 1680 1913 citato
1713 1874 1918 1929 gressu
1944 1874 2073 1929 per-

416 1947 668 2015 transiit,
702 1963 926 2014 eumve,
962 1963 1066 2002 ceu
1099 1946 1348 2017 hostem,
1390 1947 1693 2002 obduratis
1752 1946 2073 2002 visceribus

416 2026 677 2107 sprevit.
710 2036 860 2091 Tum
920 2034 1207 2090 mirabilis
1265 2035 1658 2091 Theodelinus
1702 2035 2071 2107 proverbium

419 2128 747 2180 memoratu
778 2123 1361 2195 dignissimum,voce
1387 2129 1476 2179 est
1497 2124 1680 2179 libera
1704 2130 2077 2196 prosecutus.

492 2234 515 2264 κ
551 2212 1158 2285 Certe,inquit,reipsa
1174 2213 1519 2285 probabitur
1541 2218 1739 2268 utrum
1772 2219 1835 2268 tu
1860 2214 2076 2270 duritia

417 2301 754 2374 improvisa,
791 2318 863 2357 an
897 2317 1003 2373 ego
1034 2301 1319 2373 patientia
1350 2317 1580 2358 mecum
1612 2320 1646 2357 a
1676 2302 2071 2372 eunabulis,si

418 2390 530 2446 dici
562 2391 650 2445 fas
715 2390 811 2456 sit,
863 2394 1137 2445 concreta
1165 2389 1463 2445 victoriam
1496 2391 1789 2461 adipiscar
1819 2391 2068 2455 facilius,

418 2479 587 2545 Nam,
644 2477 757 2534 nisi
814 2477 951 2533 hinc
1000 2494 1093 2533 me
1134 2479 1738 2550 assurgerejusseris,
1762 2480 2067 2535 deﬁnitum

418 2567 479 2624 in
536 2566 764 2622 Christo
820 2566 1092 2639 opperior
1145 2567 1299 2638 quod
1354 2567 1451 2622 hic
1501 2583 1593 2622 me
1623 2567 1882 2623 inveniat
1913 2569 2064 2623 ﬁnis.

419 2655 647 2712 Interea
706 2656 887 2711 abbas
955 2655 1095 2711 talia
1151 2672 1267 2710 non
1325 2672 1539 2711 curans
1612 2655 1980 2728 longiuscule
2036 2674 2069 2712 a

415 2743 541 2800 loco
593 2748 931 2816 secesserat,
991 2761 1125 2800 cum
1184 2745 1257 2799 ab
1300 2745 1675 2800 audientibus
1700 2745 1910 2817 accipit
1940 2762 2068 2817 quae

415 2833 721 2890 humiliter
750 2838 1081 2904 prostratus
1108 2834 1194 2889 vir
1214 2834 1341 2904 jam
1375 2833 1565 2888 dictus
1586 2834 1638 2889 ei
1672 2834 1913 2890 dixerat.
1966 2836 2067 2891 Ve-

415 2938 547 2977 rum
605 2922 666 2976 hi
721 2922 823 2993 qui
881 2938 1081 2978 secum
1131 2923 1372 2978 aderant
1420 2922 1646 2989 fratres,
1732 2923 1898 2978 valde
1956 2923 2066 2978 mi-

415 3009 593 3065 serati
624 3010 944 3079 hominem,
977 3014 1110 3067 ante
1141 3010 1223 3066 rei
1265 3011 1775 3079 exanimationem,
1823 3029 2059 3084 praeser-
2092 3026 2105 3035 '

2182 446 2496 499 tractatum
2527 446 2761 501 fratrem
2793 464 2990 502 revera
3020 447 3313 518 inveniret,
3357 451 3490 521 prius
3536 457 3699 527 quidem

2182 529 2472 588 levitatem
2497 535 2675 589 animi
2701 536 2757 589 in
2778 537 3065 591 credendo
3084 536 3228 592 falsa
3257 540 3391 609 apud
3417 557 3467 594 se
3486 544 3707 614 reprehen-

2183 622 2346 689 dens,
2373 628 2572 693 postea
2601 641 2731 679 vero
2764 642 3008 696 quaeque
3038 642 3071 680 a
3094 627 3344 697 personis
3373 628 3549 685 talibus
3572 635 3705 690 audie-

2184 716 2292 774 rat,
2319 713 2640 767 verecunde
2670 720 2885 780 tamen,
2918 714 3011 769 his
3044 716 3143 786 qui
3173 732 3230 771 se
3251 716 3708 778 circumstabantre-

2183 800 2392 871 ferens,
2424 818 2530 855 cur
2558 802 2898 874 indignatus
2925 803 3707 879 sitexponitCumqueprafatus

2184 889 2360 943 frater
2390 890 2671 945 rationem
2705 892 2968 947 redderet
3000 892 3237 948 honeste
3266 895 3331 949 de
3350 895 3583 965 objectis:
3613 900 3707 963 «Te,

2181 978 2362 1032 abbas
2391 979 2563 1033 etiam
2597 979 2808 1049 inquit,
2842 980 2945 1047 ﬁli,
2979 980 3187 1036 horum
3219 983 3347 1054 fuga
3373 988 3423 1037 et
3450 1002 3587 1039 suam
3618 986 3711 1041 invi-

2181 1065 2335 1121 diam
2366 1073 2422 1121 et
2452 1073 2613 1122 tuam
2647 1084 2880 1139 quoque
2908 1069 3296 1126 innocentiam
3325 1076 3496 1142 aperte
3514 1075 3710 1129 detexit.»

2186 1160 2310 1210 llzec
2343 1172 2574 1227 quoque
2606 1157 2806 1214 dicens
2837 1160 3107 1225 surrexit,
3140 1159 3401 1231 priorque
3443 1162 3714 1218 satisfaciens

2182 1245 2405 1300 veniam
2434 1247 2679 1317 supplex
2709 1247 2759 1301 ci
2818 1248 3154 1318 postulavit.
3215 1250 3366 1314 Quod
3421 1249 3711 1306 Theodelinus
3852 1236 3853 1307 l

2179 1350 2421 1390 cernens
2452 1335 2631 1390 humo
2662 1339 2718 1391 et
2742 1335 2867 1407 ipse
2897 1336 3136 1392 acclinis
3162 1355 3362 1393 noxam
3388 1340 3521 1393 Patri
3548 1341 3717 1411 benigne

2179 1414 2425 1470 remisit.
2460 1416 2697 1471 Peracta
2727 1417 2926 1489 itaque
2955 1418 3435 1485 reconciliatione,
3458 1419 3716 1475 utilitatibus

2178 1519 2326 1573 quas
2356 1505 2412 1559 in
2442 1506 2757 1561 commisso
2788 1506 2901 1561 sibi
2932 1507 3123 1562 ofﬁcio
3166 1507 3533 1563 Theodelinus
3581 1509 3721 1564 fecerat

2179 1593 2358 1648 abbas
2389 1593 2730 1663 delectatus,
2762 1600 2817 1649 et
2844 1600 2909 1649 ut
2942 1596 3202 1667 quotidie
3236 1597 3293 1651 in
3324 1596 3517 1652 melius
3555 1598 3718 1668 proﬁce-

2179 1686 2282 1747 ret,
2316 1699 2502 1753 neque
2528 1684 2893 1739 adulantium
2946 1685 3180 1757 linguas
3240 1684 3479 1757 amplius
3528 1690 3722 1741 metueret

2184 1776 2422 1845 paterne
2443 1776 2531 1827 est
2553 1772 2905 1828 exhortatus.
2933 1774 3015 1828 Ad
3051 1776 3461 1830 monasterium
3490 1775 3720 1846 igiturpes-

2183 1864 2447 1917 triduum
2478 1862 2821 1933 saepedictus
2853 1864 3033 1918 abbas
3064 1864 3373 1919 revertitur
3399 1880 3411 1919 :
3465 1863 3723 1919 Theodelinu

2185 1951 2345 2005 fratri
2406 1950 2587 2006 multo
2637 1950 2807 2022 plura
2848 1968 3022 2022 quam
3052 1953 3216 2023 prius
3240 1952 3641 2008 committuntur
3659 1951 3726 2004 Nec

2186 2039 2366 2093 multo
2398 2044 2529 2109 post
2557 2044 2613 2093 et
2632 2040 2814 2095 abbas
2845 2041 3115 2095 moritur.
3174 2040 3296 2103 Quo
3354 2041 3595 2095 defuncto
3627 2038 3729 2109 prin-

2186 2136 2320 2191 ceps
2352 2120 2717 2175 Pictavorum
2767 2120 3101 2175 Malliacum
3154 2120 3319 2186 adiit,
3368 2120 3559 2191 cuique
3602 2119 3730 2188 ipsum

2184 2208 2532 2273 coenobium,
2565 2207 2655 2262 cui
2679 2208 2805 2278 jam
2839 2207 3025 2262 multa
3053 2207 3305 2280 largitus
3336 2210 3510 2263 fuerat
3532 2223 3585 2261 ac
3601 2204 3732 2273 largiri

2184 2296 2473 2367 sperabat,
2503 2297 2961 2361 commendaret,
3019 2300 3271 2352 tractare
3317 2298 3501 2368 coepit.
3554 2298 3735 2363 Cumque

2182 2388 2488 2454 parentum
2521 2384 2929 2440 confmderatio
2949 2386 3244 2440 memoriae
3268 2385 3735 2452 oceurrisset,quan-

2181 2472 2494 2542 doquidem
2507 2473 2633 2542 jam
2652 2477 2737 2528 tot
2752 2473 2968 2543 praedia
2988 2475 3191 2529 eadem
3210 2473 3551 2546 possedisset
3567 2469 3737 2526 ecclesia

2181 2576 2429 2631 quorum
2443 2561 2766 2631 amplitudo
2779 2562 3048 2617 abbatem
3064 2564 3368 2634 proprium
3382 2557 3738 2633 exigeret,etiam

2180 2648 2227 2703 si
2250 2650 2687 2720 progenitorum
2709 2650 2836 2720 ejus
2858 2650 2915 2705 id
2930 2651 3222 2706 industria
3237 2652 3297 2705 in
3320 2650 3612 2723 primordio
3627 2642 3739 2715 empti

2178 2736 2369 2809 operis
2398 2754 2514 2791 non
2570 2737 2893 2808 statuisset,
2928 2737 3063 2793 licet
3090 2740 3219 2810 ipse
3251 2737 3445 2793 insula
3468 2737 3629 2791 adhuc
3652 2747 3738 2803 pra-

2176 2829 2264 2880 ter
2292 2825 2626 2895 praedictam
2661 2825 3007 2895 particulam
3042 2826 3155 2881 sibi
3180 2824 3569 2893 deesset,nulli
3588 2819 3741 2893 justius

2176 2930 2351 2985 quam
2384 2913 2758 2979 Theodelino,
2792 2915 2893 2986 qui
2920 2914 3138 2970 multos
3169 2932 3238 2971 eo
3274 2914 3473 2970 inloco
3511 2906 3743 2967 sustinuis-

2177 3010 2265 3060 set
2307 3003 2556 3071 labores,
2586 3002 2855 3075 regimini
2900 3004 3166 3076 ejusdem
3230 3004 3517 3076 prmﬁcere
3568 2996 3746 3055 basilica

409 3097 518 3154 tim
549 3097 800 3170 publice,
831 3098 886 3153 id
912 3099 1180 3155 abbatem
1213 3099 1399 3154 facere
1430 3116 1545 3155 non
1578 3100 1851 3156 debuisse
1881 3102 2059 3172 lacry-
2086 3084 2130 3150 C
2169 3095 2821 3167 animadvertit,quique
2844 3094 3062 3149 multos
3084 3093 3381 3149 nobilium
3407 3109 3517 3147 sua:
3537 3085 3740 3145 obnoxius

412 3186 707 3243 mabiliter
735 3186 1024 3259 allegant;
1058 3192 1231 3260 atque
1258 3188 1536 3259 hujusmo
1588 3189 1806 3244 factum
1857 3206 2060 3246 mona-

412 3273 540 3330 chis
570 3274 808 3346 quidem
839 3275 1575 3347 inauditum,saecularibus
1606 3293 1738 3333 vero
1768 3279 2060 3334 detestan-

413 3363 551 3419 dum
584 3364 912 3419 enuntiant.
1960 3431 1969 3435 p

486 3454 745 3517 Quorum
772 3452 1241 3524 suggestionibus
1274 3453 1577 3525 paululum
1612 3455 1791 3510 abbas
1824 3456 2064 3511 inclina-

415 3547 513 3598 tus
538 3559 552 3598 :
590 3563 619 3593 «
642 3542 1421 3614 Retrogradum,inquit,iter
1451 3561 1603 3599 unus
1634 3549 1891 3600 vestrum
1914 3545 2059 3600 arri-

418 3631 586 3704 piens
630 3631 821 3686 virum
852 3630 1216 3699 conveniant,
1250 3647 1501 3703 eumque
1531 3648 1768 3704 surgere
1796 3633 1908 3689 mei
1938 3634 2061 3690 vice

416 3725 605 3795 cogat,
638 3726 694 3777 et
748 3738 855 3777 nos
882 3719 1161 3791 subsequi
1202 3721 1533 3787 admoneat,
1561 3726 1642 3787 ut,
1676 3722 1723 3775 si
1757 3723 2057 3789 obedierit,

415 3811 697 3882 quiavere
710 3809 953 3865 humilis
972 3808 1287 3865 sitcunctis
1306 3808 1605 3864 clarescat.
1620 3810 1758 3865 nUbi
1778 3816 1970 3867 autem
1987 3814 2059 3867 ad

409 3901 600 3956 virum
629 3899 728 3955 Dei
756 3898 985 3954 abbatis
1013 3896 1202 3953 delata
1231 3900 1369 3952 sunt
1393 3897 1601 3966 edicta,
1637 3916 1703 3953 ac
1733 3900 1783 3954 si
1832 3900 2058 3956 coalitus

411 3985 1365 4056 admoneretur.snrrexit,totaque
1397 3985 1494 4041 illa
1525 3987 1616 4043 die
1637 3993 1907 4060 aspectus
1929 3992 2057 4060 ejus

410 4079 543 4133 dem
574 4075 767 4130 Patris
788 4075 955 4129 valde
985 4073 1278 4146 sapienter
1306 4074 1916 4147 declinans,parvitate
1942 4078 2054 4132 cibi

406 4163 882 4236 potusqueetiam
896 4163 1166 4218 inimicos
1185 4164 1255 4218 ad
1273 4164 1729 4220 misericordiam
1753 4168 2053 4236 protraxit.

404 4244 699 4309 Delatores
730 4268 871 4308 sane
900 4251 1146 4322 injurias
1169 4268 1302 4307 eum
1333 4258 1427 4308 sat
1469 4255 1732 4309 modeste
1780 4255 2053 4326 perferre,

403 4342 660 4414 itemque
691 4341 772 4398 rei
804 4340 1231 4397 discussionem
1263 4342 1421 4397 omni
1440 4343 1711 4398 aviditate
1733 4343 2049 4417 praestolar,

2172 3189 2401 3243 fecisset
2430 3184 2691 3241 bonitati.
2721 3184 2881 3247 Quod
2910 3183 3009 3238 ubi
3040 3182 3433 3254 optimatibus
3468 3180 3557 3251 qui
3605 3188 3741 3232 secum

2171 3278 2413 3333 aderant
2442 3275 2852 3347 signiﬁcasset,
2892 3272 3094 3344 eisque
3144 3272 3258 3327 hoc
3311 3268 3638 3341 complacare
3660 3277 3741 3333 per-

2173 3368 2467 3440 penderet,
2502 3381 2652 3436 saepe
2678 3368 2935 3418 taxatum
2968 3361 3159 3416 virum
3184 3361 3283 3417 Dei
3307 3352 3745 3428 advocat,quidque

2173 3456 2283 3512 sibi
2318 3472 2493 3527 super
2522 3470 2586 3508 eo
2617 3453 2677 3507 in
2710 3451 3045 3522 hujusmodi
3080 3450 3322 3522 negotio
3357 3450 3574 3505 animus
3598 3454 3742 3512 sugge-

2170 3550 2321 3602 reret
2350 3545 2399 3600 ei
2430 3543 2661 3599 revelat.
2688 3548 2761 3595 At
2790 3541 2885 3596 ille
2917 3541 3178 3595 modeste
3210 3539 3544 3610 quidemne
3561 3530 3745 3588 rationu-

2170 3636 2364 3690 biliter
2394 3635 2534 3688 dum
2566 3633 2617 3687 ei
2648 3636 2704 3687 et
2724 3629 3015 3702 prioribus
3046 3628 3174 3683 suis
3222 3629 3404 3683 etiam
3458 3629 3576 3697 post
3618 3616 3744 3673 Patris

2170 3726 2473 3779 decessum
2524 3726 2580 3776 et
2638 3723 2851 3775 sanctis
2910 3719 3162 3773 maxime
3194 3718 3416 3789 regulas
3471 3731 3528 3770 se
3572 3709 3744 3767 subesse

2168 3814 2413 3884 ideoque
2471 3810 2585 3866 tale
2642 3809 2783 3879 quid
2811 3807 2937 3862 sine
2968 3808 3213 3861 fratrum
3251 3804 3493 3861 consilio
3527 3800 3744 3856 voluntate

2167 3908 2225 3957 et
2250 3902 2482 3957 licentia
2513 3898 2809 3969 suscipere
2842 3913 2956 3951 non
2985 3912 3190 3967 possse
3219 3894 3485 3961 inferret,
3530 3895 3634 3944 tum
3670 3884 3744 3937 du!

2165 3992 2318 4047 viros
2343 3993 2416 4047 ad
2448 4006 2565 4044 rem
2593 3986 2979 4059 peragendam
3012 4000 3233 4056 gnaros
3268 3984 3341 4039 ad
3370 3984 3563 4037 fratres
3582 3987 3745 4030 monas-

2166 4083 2294 4138 terii
2325 4081 2626 4136 intimatos
2654 4075 2882 4141 direxit,
2907 4074 3226 4129 obsecrans
3256 4071 3371 4128 sibi
3404 4068 3639 4125 etvirum
3655 4077 3743 4117 con-

2164 4173 2295 4229 dedi
2327 4175 2383 4227 et
2439 4166 2672 4238 scriptis
2722 4164 2891 4236 plene
2929 4161 3031 4218 tali
3087 4178 3358 4217 annuere
3415 4148 3744 4215 electionillli

2165 4280 2296 4318 vere
2329 4278 2431 4333 pro
2454 4259 2544 4315 sui
2578 4254 2899 4312 reverentia
2946 4254 3148 4309 libenti
3208 4251 3412 4307 animo
3458 4240 3744 4333 praetendunt

2162 4325 2412 4425 principi
2444 4364 2567 4420 qum
2600 4342 2925 4417 postularat
2953 4342 3168 4397 omnia.
3207 4340 3323 4407 Qui
3344 4342 3597 4395 assecuta
3613 4325 3745 4425 cordis

401 4436 724 4497 cernentes,
741 4430 1036 4502 simulque
1066 4431 1286 4502 pudore
1307 4435 1710 4486 commentatre
1735 4449 1767 4487 a
1798 4450 1857 4488 se
1889 4434 2044 4491 falsi-
2071 4450 2118 4513 Ι)
2150 4420 2241 4499 Qui
2268 4420 2418 4503 voto,
2451 4434 2695 4509 praesule
2725 4432 2887 4487 urbis
2915 4447 3033 4485 suae
3061 4434 3293 4500 vocato,
3327 4420 3741 4513 Malliacensica-

394 4522 534 4579 tatis
566 4526 893 4578 metuentes
923 4525 1094 4576 noctu
1123 4519 1407 4592 eﬁ‘ugiunt
1434 4563 1446 4588 ,
1482 4537 1715 4576 sacrum
1762 4540 1895 4578 vero
1933 4523 2039 4580 hoc

386 4612 680 4683 judicium
703 4610 1311 4684 pravitatisintantataa
1328 4609 1691 4681 sapientibus
1706 4610 2048 4683 relinquunt

394 4703 567 4757 Porro
599 4700 985 4772 subsequenti
1011 4700 1103 4754 die
1133 4702 1202 4754 ad
1229 4699 1529 4769 negotium
1548 4699 1943 4756 dirimendum
1968 4704 2047 4759 lo-

391 4807 495 4847 cus
524 4790 831 4862 expetitur-
865 4794 1231 4845 accusatores
1262 4806 1379 4843 una
1407 4805 1541 4844 cum
1573 4789 1868 4845 diii'amato
1900 4794 2042 4848 cita-

386 4883 616 4934 verunt.
650 4881 702 4935 Is
734 4879 922 4934 alacer
967 4894 1205 4949 corpore
1252 4879 1439 4933 nitida
1484 4879 1838 4934 conscientia
1896 4882 2039 4937 ﬁsus

386 4968 572 5036 adest,
606 4984 860 5040 nugaces
886 4968 1090 5023 abesse
1120 4968 1550 5023 renuntiantur.
1585 4970 1706 5033 Quo
1735 4968 1915 5026 abbas
1938 4988 2034 5025 ac-

385 5058 720 5131 cepto,dum
751 5074 867 5130 prie
900 5056 1239 5113 confusione
1256 5056 1478 5127 aperire
1508 5056 1618 5112 sibi
1651 5074 1715 5112 os
1730 5074 1843 5112 non
1858 5064 2032 5115 esset.

2150 4531 2320 4588 nobio
2343 4523 2763 4583 Theodelinum
2780 4522 3006 4575 Patrem
3027 4519 3530 4589 praeﬁcit,auctore
3547 4509 3741 4567 Domino.

2156 4619 2207 4675 ls
2230 4623 2422 4674 autem
2442 4611 2940 4686 quamprudenter
2960 4624 3264 4678 quamque
3284 4607 3535 4661 humane
3549 4596 3738 4686 officium

2154 4708 2262 4764 sibi
2324 4682 2707 4762 commissum
2757 4697 3277 4766 administraverit,
3326 4694 3465 4766 quia
3494 4690 3647 4747 ullius
3669 4682 3741 4738 elo-

2151 4796 2394 4868 quentia
2424 4793 2590 4865 plene
2618 4790 2676 4844 id
2707 4788 2926 4859 nequit,
2963 4802 3220 4856 sequens
3253 4802 3327 4839 ex
3357 4787 3515 4857 parte
3566 4774 3737 4850 pagum

2149 4886 2198 4941 si
2232 4886 2383 4940 Deus
2410 4879 2698 4945 annuerit,
2732 4876 3080 4948 praedocebit
3110 4875 3226 4929 Sed
3258 4876 3390 4945 jam
3445 4872 3530 4926 hie
3573 4876 3739 4921 sermo-

2146 4990 2279 5029 nem
2312 4972 2677 5034 claudamus,
2710 4981 2954 5039 quaeque
2984 4967 3213 5019 restant
3245 4962 3363 5018 alio
3398 4955 3649 5035 principio
3672 4963 3731 5004 or-

2143 5063 2395 5117 diamur.

1541 5256 1776 5317 LIBER
1819 5260 2153 5323 SECUNDI
2196 5259 2637 5323 PB/EFATIO.

449 5416 650 5472 Omnis
681 5436 770 5475 res
805 5437 930 5491 qua:
965 5418 1228 5492 partibus
1261 5420 1485 5475 constat
1519 5418 1719 5475 tandiu
1754 5419 2025 5494 imperfe-

375 5508 585 5563 ctionis
616 5507 921 5579 dispendio
950 5515 1199 5578 notatur,
1234 5512 1415 5565 donec
1446 5509 1645 5564 eadem
1682 5511 2026 5567 necessariis

2137 5422 2395 5478 ommino
2418 5417 2839 5493 supplementis
2855 5412 3529 5481 cumuletur.Nam,licet
3547 5402 3729 5493 quilibet

2136 5513 2375 5569 domum
2428 5492 2712 5567 aediﬁcare
2774 5506 2973 5564 volens
3033 5504 3153 5558 vitae
3193 5492 3724 5568 lundamentajaciaiy
