3962 6158
438 378 593 440 1267

1503 375 1734 437 PETRI
1783 376 2378 437 MALLEACENSIS
2424 374 2779 438 MONACHI

3611 382 3713 447 ηδε

437 512 732 568 memoriae
765 525 1001 580 campos
1051 500 1439 579 percurrendo
1472 512 1736 579 retracta,
1772 526 1837 565 ac
1869 509 1915 563 si
1949 508 2087 579 quid
2121 510 2171 575 Α
2203 508 2374 580 repti,
2429 507 2872 564 conclamabant
2928 503 3108 577 priori
3176 504 3371 563 debere
3416 509 3597 567 restitui
3636 514 3714 571 loco

436 600 730 673 praevales,
767 598 953 669 praebe
978 598 1132 652 unde
1164 597 1291 652 sitis
1323 614 1465 652 mea:
1495 600 1668 652 ardor
1698 599 1888 669 capiat
1920 598 2081 653 refri-

434 689 648 761 geria.»
670 687 754 740 Ad
786 688 906 741 haec
937 687 1253 741 admodum
1287 688 1570 742 attonitus
1602 704 1794 747 comes
1827 688 2083 759 primum

436 775 669 848 quidem
703 774 1006 845 paululum
1038 776 1211 829 verba
1244 775 1506 830 faucibus
1538 776 1811 840 occludit,
1835 776 2043 829 deinde
2070 792 2081 827 ε

440 893 469 923 ‹‹
499 872 807 938 Quoniam,
869 872 1080 943 inquit,
1130 889 1502 945 nequaquam
1555 874 1673 928 haec
1721 874 1804 928 tui
1856 878 2084 927 tantum

439 977 569 1017 reor
615 968 808 1032 petere
857 979 1053 1027 causa,
1106 962 1245 1033 quin
1296 963 1490 1032 potius
1542 962 1861 1017 multorum
1930 979 2085 1017 com-

440 1051 599 1105 modi
651 1050 856 1122 gratia,
911 1055 987 1119 et,
1020 1056 1085 1104 ut
1114 1050 1383 1121 legimus,
1436 1050 1569 1121 plus
1613 1051 1857 1105 aliorum
1911 1068 2088 1121 quam

441 1144 645 1194 nostra
702 1156 807 1193 nos
865 1154 1120 1209 quaerere
1178 1141 1342 1193 decet
1398 1148 1723 1211 opportuna
1800 1140 2089 1211 praesidia,

440 1237 555 1292 tale
590 1236 759 1307 quale
810 1237 1073 1309 postulas
1103 1236 1159 1290 in
1197 1236 1450 1307 quadam
1489 1236 1643 1307 juris
1676 1237 1788 1291 mei
1840 1236 2093 1291 Ecclesia

441 1326 788 1381 thesaurum
819 1324 1253 1396 progenitorum
1280 1342 1542 1379 meorum
1575 1324 1887 1379 reservavit
1916 1324 2093 1379 indu-

442 1415 602 1480 stria,
637 1431 773 1484 quo,
804 1418 907 1469 tua
954 1414 1268 1469 obstrictus
1314 1414 1641 1479 dilectione,
1679 1432 1769 1469 me
1815 1414 2093 1484 exspolio,

439 1512 663 1583 tibique
712 1512 868 1566 hunc
924 1512 1171 1566 liberum
1220 1512 1493 1566 concedo.
1550 1534 1575 1559 »
1628 1511 1757 1566 Fuit
1804 1511 2094 1583 siquidem

438 1601 574 1656 Jesu
608 1601 819 1655 Christi
853 1617 1055 1655 servus
1084 1600 1362 1655 vocabulo
1394 1600 1755 1672 Rigomerus,
1790 1602 1960 1671 cujus
1990 1601 2096 1655 viri

440 1690 716 1761 leguntur
749 1694 911 1745 actus
942 1694 998 1745 et
1021 1691 1173 1762 apud
1209 1707 1313 1743 nos
1345 1690 1564 1744 crebris
1588 1689 1833 1761 refulget
1855 1690 2100 1745 miracu-

438 1769 535 1845 lis,
569 1780 739 1849 cujus
791 1781 986 1834 forsan
1018 1796 1123 1833 nec
1174 1780 1389 1832 famam
1438 1794 1744 1849 acceperas
1791 1778 2095 1834 hactenus.

442 1876 668 1929 Mecum
693 1876 889 1945 itaque
926 1876 1182 1945 aliquem
1207 1875 1401 1928 arcani
1436 1875 1617 1928 fidum
1642 1876 1945 1930 custodem
1973 1892 2105 1930 nec-
2137 1880 2183 1943 B

446 1979 558 2016 non
590 1968 646 2016 et
678 1962 955 2034 religione
987 1964 1297 2034 probatum
1332 1963 1585 2034 dirigito.
1610 1965 1728 2035 Ego
1761 1968 1955 2019 autem
1970 1967 2109 2034 ejus

442 2052 843 2123 assignatione
874 2053 944 2106 ad
977 2068 1285 2123 usquequo
1320 2053 1658 2108 inferendus
1681 2058 1769 2108 est
1801 2053 1993 2109 locum
2027 2056 2110 2110 di-

445 2158 580 2214 gno,
629 2142 687 2195 in
738 2146 1025 2212 quantum
1075 2141 1329 2204 valuero,
1385 2141 1733 2211 dignissimo
1785 2159 2109 2214 prosequar

444 2230 754 2300 obsequio.
792 2230 889 2284 His
915 2230 1133 2284 auditis
1164 2230 1250 2283 vir
1279 2232 1641 2285 venerandus
1674 2236 1890 2301 quanto
1926 2233 2107 2303 tripu-

442 2320 621 2374 diavit
668 2320 903 2391 gaudio,
959 2335 1259 2389 quamque
1314 2320 1513 2373 festive
1569 2336 1802 2374 summo
1857 2321 2102 2377 Domino

442 2407 704 2479 tantique
734 2406 871 2461 boni
904 2406 1165 2479 largitori
1199 2407 1603 2478 multipliciter
1638 2408 1979 2464 innumeras
2014 2427 2098 2465 re-

439 2496 640 2567 pendit
668 2496 892 2567 gratias
917 2495 1433 2566 reticeo,quoniam
1468 2496 1702 2566 quidem
1728 2514 2098 2553 summorum

440 2598 737 2648 oratorum
790 2596 1059 2664 poemata
1088 2592 1181 2645 his
1223 2593 1606 2647 succumbere
1657 2594 1851 2647 credo.
1885 2594 2096 2667 Deligi-

439 2688 536 2737 tur
582 2682 818 2737 tandem
871 2680 1169 2736 communi
1220 2680 1462 2736 consilio
1525 2681 1704 2735 frater
1751 2682 1990 2753 quidam
2043 2690 2099 2739 et

440 2770 699 2825 bonitate
731 2769 1167 2832 celeberrimus,
1196 2773 1251 2823 et
1282 2769 1621 2840 bujusmodi
1656 2770 1893 2841 negotii,
1928 2776 1988 2825 ut
2023 2773 2098 2827 fe-

441 2863 596 2928 runt,
632 2860 934 2914 ordinator
984 2858 1398 2930 peritissimus,
1434 2858 1749 2929 comitique
1782 2858 1952 2931 longe
1984 2861 2094 2915 sub

438 2956 590 3012 alius
621 2957 810 3027 operis
833 2955 1199 3010 intimatione
1233 2956 1653 3010 associatur.At
1687 2957 1784 3010 ubi
1814 2958 2093 3013 Cenoma-

438 3044 628 3099 nicam
664 3045 868 3099 urbem
902 3043 1149 3115 ingressi
1183 3048 1338 3114 sunt,
1363 3044 1597 3099 intimat
1629 3046 1913 3101 monacho
1945 3063 2091 3118 pra:-

436 3134 590 3187 fatus
640 3148 837 3187 comes
888 3137 952 3185 ut
1001 3149 1034 3186 a
1082 3132 1171 3186 sui
1229 3133 1519 3187 consortio
1568 3150 1627 3189 se
1672 3135 2000 3203 subtrahat,
2034 3140 2090 3191 et

434 3237 669 3292 quoquo
699 3220 991 3291 potuerit,
1026 3238 1091 3276 ac
1122 3221 1168 3275 si
1204 3238 1336 3275 eum
1371 3239 1404 3275 a
1436 3238 1496 3275 se
1549 3223 1853 3293 pepulerit,
1888 3223 2087 3295 hospi-
2120 3240 2161 3305 ρ

431 3309 595 3365 tandi
627 3309 816 3382 gratia
834 3309 1081 3364 divertat
1109 3326 1121 3376 ;
1145 3310 1318 3364 rebus
1344 3313 1511 3365 nocte
1533 3310 1976 3381 decoloratis,ad
2001 3312 2091 3367 sui

433 3407 769 3463 suasionem
817 3406 993 3477 legati
1044 3423 1105 3461 se
1155 3423 1333 3477 quam
1386 3406 1684 3463 celerrime
1740 3408 1927 3463 adeat.
1961 3409 2091 3463 Haec

429 3496 621 3552 verbis
652 3494 785 3561 ille;
824 3496 991 3550 factis
1024 3494 1179 3549 haud
1212 3495 1379 3549 aliter
1428 3496 1720 3567 supplevit
1752 3498 1882 3551 iste.
1916 3498 2090 3552 Deni-

433 3600 546 3657 que
576 3584 905 3655 ingreditur
933 3582 1030 3638 ille
1061 3583 1427 3651 comitatum,
1462 3585 1852 3640 familiaribus
1898 3603 1959 3641 se
1988 3586 2093 3642 ali-

435 3690 553 3745 qua
586 3676 924 3727 sanctorum
957 3671 1083 3726 loca
1131 3676 1395 3743 expetere
1425 3672 1570 3727 velle
1604 3673 1883 3729 orationis
1915 3692 2095 3730 causa

435 3760 698 3828 simulat,
732 3760 1057 3832 sagmarios
1106 3761 1343 3815 demum
1394 3761 1651 3833 itemque
1703 3763 2092 3818 sut'ficientem

438 3854 809 3923 apparatum,
841 3854 1016 3921 prout
1064 3849 1344 3921 longioris
1389 3850 1490 3905 viae
1522 3851 1842 3906 necessitas
1894 3857 2093 3923 postu-

432 3937 634 4009 lasset,
668 3938 861 4009 parari
896 3937 1250 3993 officialibus
1297 3940 1406 3994 sub
1437 3940 1702 4009 ejusdem
1734 3942 1922 3996 noctis
1956 3941 2094 3996 arti-

437 4027 568 4082 culo
617 4027 931 4098 imperitat.
966 4026 1149 4081 Finito
1201 4032 1397 4083 autem
1432 4028 1545 4090 die.
1578 4044 1715 4084 cum
1768 4046 1971 4085 omnes
2002 4032 2093 4087 sui

440 4121 679 4175 monitis
734 4122 861 4191 ejus
922 4122 1177 4192 parando
1250 4128 1581 4193 opportuna
1643 4130 2091 4196 perstreperent,

440 4209 581 4263 urbs
610 4225 742 4262 vero
773 4209 964 4263 omnis
996 4210 1352 4281 peregrinari
1386 4228 1519 4265 eum
1552 4212 1694 4267 velle
1733 4214 2091 4285 opinaretur,

439 4320 559 4361 rem
595 4305 874 4359 nimirum
926 4306 1380 4361 subsecuturam
1414 4324 1517 4362 nec
1551 4308 1706 4364 ullus
1737 4311 1972 4381 quidem
2004 4310 2090 4367 le-

439 4392 678 4449 vissime
709 4393 915 4449 saltem
949 4394 1367 4466 suspicaretur,
1403 4395 1548 4450 clam
1584 4397 1733 4452 idem
1774 4416 1969 4455 comes
1999 4418 2090 4455 ac-

442 4483 651 4539 cersito
681 4484 1011 4538 secundum
1042 4484 1441 4555 signiﬁcatum
1463 4486 1650 4541 foedus
1682 4488 1856 4543 fratre
1886 4490 1956 4544 de
1979 4508 2091 4561 quo

2193 603 2394 653 sancta
2427 598 2686 668 pignera,
2720 595 2979 667 alioquin
3010 612 3369 666 nequaquam
3408 615 3627 657 evasuros
3646 604 3717 659 hu-

2186 688 2448 757 jusmodi
2508 685 2872 741 discrimina.
2936 685 3069 748 Quae
3126 685 3353 752 idcirco,
3395 692 3449 740 ut
3494 691 3715 748 credimus.

2196 776 2391 829 divina
2421 775 2536 846 egit
2566 774 2843 845 potentia,
2879 779 3168 845 quatenus
3210 774 3259 828 is
3288 774 3379 845 qui
3406 777 3642 833 transferri
3664 798 3720 836 co-

2198 865 2468 929 nabatur,
2502 863 2759 918 solidiori
2794 868 3169 917 veneraretur
3200 866 3256 916 et
3291 862 3539 918 coleretur
3560 866 3720 939 diligen-

2197 954 2296 1007 tia.
2349 954 2651 1008 Enimvero
2692 951 2867 1024 paulo
2918 950 3048 1023 post
3095 952 3316 1006 reddito
3361 956 3725 1020 sereno,voleute

2200 1042 2709 1113 Christo,congrue
2741 1042 3019 1096 omnibus
3049 1058 3179 1113 quae
3208 1057 3299 1095 res
3328 1041 3582 1113 flagitabat
3603 1045 3724 1114 dispo-

2199 1131 2351 1199 sitis,
2384 1131 2488 1184 viri
2521 1130 2825 1185 ecclesiam
2858 1130 3240 1201 egrediuntur
3270 1135 3575 1202 acceptoque
3598 1132 3726 1187 itinere

2201 1221 2401 1275 eadem
2434 1220 2527 1274 die
2575 1221 2645 1273 ad
2678 1236 2866 1290 usque
2915 1220 3327 1290 Andegavense
3372 1220 3605 1290 Oppidum
3641 1223 3729 1275 mira

2203 1308 2497 1363 celeritate
2547 1308 3021 1379 proﬁciscuntur.
3054 1309 3144 1375 Et,
3176 1307 3441 1378 quoniam
3477 1308 3582 1379 ipsa
3603 1310 3730 1363 eadem

2205 1398 2297 1452 die
2328 1396 2741 1451 anniversarias
2773 1396 3167 1451 solemnitatis
3192 1396 3339 1451 beati
3370 1396 3540 1451 Albini
3565 1396 3731 1468 episcopi

2206 1485 2370 1540 urbis
2416 1486 2732 1555 Andegava:
2769 1485 2930 1555 plebs
2963 1485 3109 1539 festa
3160 1483 3457 1552 recolebat,
3487 1487 3639 1537 missa:
3660 1485 3731 1538 adi-

2207 1573 2497 1646 piscendae
2546 1579 2696 1640 voto,
2734 1574 2921 1629 sancti
2965 1572 3227 1627 thesauri
3278 1572 3447 1643 bajuli
3492 1572 3539 1625 in
3580 1573 3734 1627 basilica

2208 1663 2473 1732 ejusdem
2496 1662 2683 1717 sancti
2708 1661 3251 1727 divertunt,scrinia
3276 1660 3734 1733 deponunt,of‘ficiun

2208 1752 2379 1821 cujus
2410 1767 2587 1806 causa
2639 1752 2819 1806 aedem
2852 1766 3079 1805 sacram
3112 1749 3376 1804 adierant
3420 1754 3663 1821 expetunt,
3682 1750 3738 1803 sed

2212 1840 2354 1911 quid
2372 1845 2432 1895 tu
2442 1856 2511 1894 nc
2534 1839 2662 1895 novi
2687 1856 2789 1910 per
2807 1839 3140 1894 exanimata
3158 1840 3337 1894 nostri
3366 1839 3618 1910 Rigomeri
3635 1853 3739 1891 mem-

2221 1928 2324 1983 bra
2351 1928 2603 1984 effecerit
2632 1929 2863 1983 Arbiter
2901 1944 3215 1999 supremus
3246 1927 3615 2000 proferendum
3637 1942 3742 1997 quam

2216 2019 2531 2074 tacendum
2563 2018 2791 2073 videtur
2820 2017 3063 2089 gratius.
3098 2018 3172 2073 Ut
3205 2033 3453 2089 namque
3480 2016 3593 2071 hinc
3616 2014 3744 2087 paulu-

2217 2106 2341 2162 lum
2372 2107 2627 2163 ludendo
2660 2124 2865 2162 canam
2901 2124 2913 2162 :
2960 2138 2963 2143 -

2284 2287 2482 2341 Virtus
2513 2289 2665 2341 tecta
2712 2300 2919 2356 parum
2952 2284 3145 2352 refert,
3176 2283 3493 2355 vitiumque
3529 2280 3750 2353 sepultum.

2212 2374 2387 2429 Porro
2419 2378 2613 2428 autem
2669 2374 2808 2427 dum
2843 2376 3213 2427 sacrosancta
3249 2371 3512 2444 mysteria
3548 2367 3751 2441 praestola-

2210 2467 2413 2517 rentur
2439 2462 2566 2529 viri,
2586 2467 2645 2517 et
2673 2462 2907 2527 scrinia,
2927 2477 3075 2531 quae,
3095 2465 3159 2515 ut
3189 2460 3464 2530 diximus,
3479 2458 3630 2514 sacris
3655 2462 3755 2511 erant

2210 2542 2552 2623 pignoribus
2601 2551 2802 2615 ditata,
2836 2550 3087 2621 quodam
3144 2550 3399 2605 ecclesiae
3429 2548 3540 2603 loco
3581 2544 3754 2617 exposita

2208 2639 2580 2707 haberentur,
2599 2639 2865 2710 protinus
2896 2638 3135 2709 quidam
3169 2638 3518 2710 paralyticus
3543 2651 3658 2708 pene
3678 2649 3755 2687 om-

2207 2726 2298 2782 nis
2329 2744 2616 2798 corporeae
2635 2726 2988 2781 valetudinis
3005 2742 3209 2798 expers
3230 2727 3519 2798 portitoris
3539 2723 3684 2779 officio
3698 2720 3753 2773 illo

2205 2816 2482 2881 adfertur,
2531 2832 2791 2886 casuque
2842 2832 3021 2886 supra
3070 2816 3351 2886 praedicta
3397 2813 3591 2869 scrinia
3626 2806 3758 2865 orandi

2201 2904 2389 2976 gratia
2421 2904 2654 2959 nescius
2685 2904 2823 2975 quid
2860 2904 2916 2958 in
2950 2920 3011 2958 se
3046 2904 3366 2959 retinerent
3396 2904 3657 2969 recubans,
3675 2898 3755 2968 plus

2202 2993 2370 3048 solito
2403 2992 2710 3065 obrigitur,
2739 2993 2949 3047 deinde
2979 2997 3060 3047 tet
3090 2992 3447 3048 incommodi
3480 2986 3761 3045 infestationi-

2200 3082 2311 3135 bus
2344 3081 2689 3153 agitatur,ut
2713 3081 2825 3136 sibi
2855 3080 3090 3136 vitalem
3119 3082 3329 3136 ﬂatum
3354 3080 3598 3135 amisisse
3616 3078 3759 3129 videre-

2199 3175 2313 3226 tur.
2333 3170 2509 3225 Paulo
2548 3176 2677 3242 post
2706 3171 3084 3233 vero.mirum
3114 3170 3277 3225 dictu
3305 3171 3317 3224 l
3358 3166 3679 3241 stupentibus
3702 3162 3759 3233 qui

2203 3259 2449 3313 aderant
2479 3260 2775 3325 omnibus,
2809 3260 2973 3315 adest
3004 3259 3247 3330 inopina
3279 3259 3457 3324 salus,
3478 3275 3535 3313 ac
3563 3273 3644 3327 per
3666 3268 3760 3307 mor-

2201 3346 2286 3400 tui
2318 3347 2601 3416 membra,
2617 3346 2829 3401 viventi
2863 3346 3087 3402 medela
3116 3348 3213 3402 diu
3253 3346 3570 3420 praestolata
3595 3336 3760 3415 porrigi-

2202 3436 2448 3499 tur.Quo
2482 3435 2876 3507 patrato,dum
2910 3436 3074 3507 plebs
3108 3453 3237 3507 quae
3273 3436 3411 3491 illuc
3440 3425 3761 3490 solemnizandi

2203 3540 2382 3578 causa
2412 3529 2757 3579 convenerat
2790 3542 2905 3578 una
2933 3541 3066 3579 cum
3100 3524 3408 3581 meliorato
3438 3525 3621 3595 mgroto
3642 3514 3762 3573 exsul-

2203 3617 2355 3667 taret
2372 3630 2475 3683 pro
2495 3612 2772 3668 miracule
2793 3613 2851 3668 in
2873 3613 3099 3669 Domini
3124 3612 3407 3669 laudibus
3423 3634 3436 3683 ς
3454 3611 3706 3679 nullusque
3719 3602 3765 3657 rei

2204 3701 2615 3756 certitudinem
2650 3706 3009 3773 agnosceret,
3038 3707 3249 3774 praeter
3276 3704 3537 3758 comitem
3565 3715 3619 3753 ac
3642 3692 3763 3750 socios

2204 3791 2364 3861 ejus;
2390 3790 2501 3861 ipsi
2533 3794 2725 3845 autem
2751 3790 2959 3846 timore
2992 3790 3269 3847 Fulconis
3290 3792 3543 3861 ejusdem
3570 3786 3766 3842 urbisco-

2206 3878 2386 3945 mitis,
2420 3879 2490 3933 ad
2525 3895 2699 3950 quem
2732 3879 3017 3935 attinebat
3047 3885 3103 3935 et
3143 3876 3584 3935 Cenomanensis
3604 3870 3764 3929 comita-

2203 3972 2319 4035 tus,
2353 3968 2423 4023 de
2471 3971 2527 4023 S.
2560 3968 2853 4039 Rigomeri
2904 3969 3310 4040 deportatione
3341 3974 3397 4024 et
3441 3968 3506 4023 ab
3534 3982 3589 4021 eo
3630 3958 3767 4018 collata

2204 4061 2416 4127 aegroto
2469 4055 2751 4127 sospitate
2812 4057 3172 4112 conticerent
3225 4057 3480 4129 penitus,
3525 4049 3764 4126 prodigium

2205 4145 2347 4199 illud
2403 4147 2711 4217 magnifice
2752 4146 2906 4201 beati
2957 4148 3150 4202 Albini
3200 4147 3479 4203 laudibus
3526 4138 3765 4199 ascribilur.

2209 4234 2418 4289 Verum
2452 4236 2639 4290 sancti
2691 4236 2953 4291 thesauri
2985 4236 3199 4291 latores
3234 4253 3432 4291 moras
3462 4246 3638 4289 omnes
3662 4238 3766 4280 ταω-

2204 4328 2425 4394 pentes,
2456 4330 2760 4396 acceptum
2813 4326 2923 4381 iter
2972 4325 3234 4381 studiose
3290 4324 3681 4397 persequentes,
3716 4326 3766 4364 se-

2202 4412 2401 4481 quenti
2435 4413 2525 4467 die
2552 4413 2877 4469 coenobium
2913 4414 3160 4484 petivere
3194 4412 3585 4485 Burguliense.
3605 4406 3656 4460 Et
3678 4412 3767 4471 qUO'

2202 4501 2356 4555 niam
2385 4502 2805 4557 Theodelinum
2834 4503 3136 4573 praefatum
3174 4502 3407 4557 Patrem
3441 4500 3568 4555 illuc
3587 4489 3768 4563 suspica-

443 4572 717 4672 superius
751 4572 1131 4672 .dicebamus,
1164 4590 1281 4629 una
1310 4591 1443 4628 cum
1476 4592 1542 4630 eo
1583 4576 1885 4632 ecclesiam
1921 4579 2091 4651 Rigo-
2123 4610 2170 4672 Ι)
2205 4590 2576 4657 bantur,nam
2594 4572 3767 4663 spOponderatoccurrisse,atqueadventum

444 4661 588 4717 meri
619 4660 856 4733 gloriosi
903 4666 1187 4734 penetrat,
1222 4665 1494 4719 custodes
1525 4670 1814 4735 quatenus
1846 4684 1967 4722 rem
1998 4685 2092 4723 oc-

444 4751 665 4820 culant,
717 4752 1103 4822 jurejurando
1161 4752 1415 4824 obligat;
1466 4754 1695 4819 deinde,
1755 4756 2096 4827 suppliciter

446 4840 749 4911 praemisso
780 4841 1043 4909 oratu,ad
1076 4840 1306 4911 glebam
1338 4860 1464 4912 quae
1488 4844 1929 4899 sanctissimum
1959 4864 2096 4916 pra:-

444 4928 608 4983 libati
641 4928 826 4983 Patris
860 4928 1149 4984 retinebat
1170 4947 1381 5000 corpus
1413 4931 1718 5002 appropiat
1742 4950 1754 4999 ;
1779 4938 2097 5003 postremo,

446 5025 751 5097 patefactis
784 5026 1049 5096 ejusdem
1081 5026 1262 5097 glebae
1294 5028 1478 5093 ostiis,
1500 5035 1906 5084 sacrosanctos
1938 5036 2099 5088 artus

446 5114 584 5169 inde
614 5131 747 5169 cum
765 5113 1048 5169 indicibili
1080 5116 1427 5169 abstrahens
1450 5118 1771 5171 reverentia
1789 5118 1846 5172 in
1866 5119 2098 5175 scriniis

450 5202 521 5256 ad
553 5202 659 5257 hoc
708 5209 1030 5275 opportune
1061 5204 1277 5275 paratis
1329 5205 1624 5273 transfert,
1660 5208 1935 5279 omnique
1966 5208 2096 5262 dili-

451 5290 645 5357 gentia
665 5292 1147 5364 signat.Gumque
1170 5293 1289 5347 haec
1308 5298 1583 5364 agerentu
1596 5296 1842 5361 r,subito
1860 5297 2099 5367 inopina

451 5385 800 5448 concrepant
830 5380 1105 5448 tonitrua,
1138 5382 1607 5453 densissimaque
1647 5392 1955 5440 coruscant
1986 5388 2096 5441 ful-

452 5479 617 5534 gura,
649 5466 719 5520 lic
744 5474 781 5522 2t
812 5469 982 5539 paulo
1031 5476 1163 5525 ante
1194 5472 1503 5542 temperies
1536 5474 1766 5529 adesset
1796 5492 1967 5544 quam
2004 5493 2097 5531 se-

450 5555 743 5608 rena.M«.x
776 5574 1007 5627 quoque
1039 5560 1114 5612 rei
1150 5566 1573 5629 procuratores,
1594 5567 1797 5631 praeter
1826 5564 2095 5620 comitem

452 5659 517 5698 ac
547 5644 923 5711 monachum,
955 5662 1081 5700 sese
1135 5647 1268 5702 hinc
1303 5650 1729 5717 subtrahentes,
1764 5658 1921 5708 metu
1970 5671 2093 5710 cor-

2204 4694 2402 4733 eorum
2438 4679 2689 4751 opperiri
2739 4678 2905 4735 valde
2938 4678 3208 4749 sollicite,
3245 4682 3579 4751 apparatum
3612 4676 3767 4757 (luoquf3

2206 4766 2589 4823 nihilominus
2611 4772 2783 4822 tanta:
2818 4769 2897 4823 rei
2930 4768 3321 4824 sufﬁcientem
3348 4764 3628 4839 vigilanter
3644 4767 3768 4829 proﬁ'

2206 4856 2341 4911 dere
2372 4875 2383 4923 ;
2420 4874 2448 4910 c
2482 4856 2655 4911 sociis
2687 4855 2941 4926 aliquem
2976 4857 3432 4927 praemittuntﬁe
3461 4846 3768 4913 adesse,item-

2208 4962 2319 5015 que
2349 4950 2557 4998 cuncta
2589 4962 2716 5015 qius
2750 4949 3040 5015 optarant,
3062 4950 3297 5001 auctore
3333 4942 3565 5000 Domino
3590 4934 3767 4991 Christo,

2208 5033 2597 5105 gnaviter,sed
2630 5037 2686 5086 et
2718 5038 2852 5087 utra
2883 5050 3059 5104 quam
3094 5029 3525 5105 sperarant,qui
3552 5022 3767 5082 intimaret

2207 5122 2550 5192 εοωβιθεεο·
2585 5122 2706 5185 Quo
2740 5121 2825 5174 vir
2854 5122 2953 5176 Dei
2982 5126 3239 5193 accepto,
3275 5126 3492 5194 quanto
3528 5112 3767 5194 lrstiﬂcatus

2206 5215 2294 5265 est
2325 5191 2603 5281 tripudio,
2638 5215 2977 5281 quantoque
3006 5191 3586 5280 exhilaratusjubilo,
3605 5191 3764 5273 quando

2208 5299 2261 5352 id
2299 5297 2548 5368 alicujus
2568 5299 2835 5369 expediet
2863 5298 3038 5353 etiam
3071 5298 3324 5353 rhetoris
3356 5296 3530 5352 oratio
3550 5284 3763 5375 PTandf‘tn

2208 5386 2503 5442 accersitis
2532 5388 2797 5457 ejusdem
2829 5387 3075 5442 coenobii
3108 5388 3525 5449 fratribus.rem
3556 5372 3762 5462 patefecit.

2207 5482 2380 5546 atque
2411 5480 2475 5531 ut
2504 5493 2631 5531 sese
2652 5476 2722 5531 ad
2756 5476 3186 5549 susceptionem
3207 5474 3459 5531 ccelestis
3483 5463 3763 5543 protectioms

2206 5570 2599 5637 praepararent
2644 5565 2889 5637 supplex
2920 5563 3269 5638 imploravit.
3326 5562 3406 5617 Illi
3437 5575 3557 5616 vero
3600 5553 3680 5607 hoc
3701 5560 3759 5638 50f

2206 5636 2569 5710 lemnissime
2601 5636 2982 5725 exsequentes
3008 5636 3167 5711 omni
3194 5653 3390 5709 studio
3422 5636 3760 5719 receperuntyet
