3996 6158
263 382 421 447 1269

1195 394 1295 456 DE
1339 391 1716 462 COENOBIO
1762 399 2356 467 MALLEACENSIS
2401 405 2740 471 INSULIE.

3521 411 3672 474 1270

261 517 321 621 in
350 518 594 576 ecclesia
612 521 983 595 Burguliensi
1014 543 1189 598 quam
1212 531 1482 585 decenter
1497 539 1908 605 exposuerunt,
1943 539 1997 602 Α
2028 537 2575 608 posuissemus,nisi
2589 541 2782 598 adhuc
2795 540 3460 621 pauculacapitulabuic
3479 543 3671 602 ordini

260 606 455 664 felices
486 609 595 665 hos
625 615 1042 681 ponuntiantes
1073 616 1288 686 quibus
1316 618 1432 674 tale
1450 619 1600 676 Deus
1622 623 1911 695 dirigebat

258 697 673 768 patrocinium.
726 757 731 762 ,

331 831 557 888 Interea
586 833 755 889 Pater
781 835 1170 894 Theodelinus
1203 840 1333 912 ipsa
1362 843 1566 898 eadem
1598 843 1742 900 hora
1771 862 1910 916 quo-

255 920 394 974 dam
421 920 704 977 citissimo
729 924 910 980 accito
935 927 1475 1001 veredario,negot1i
1497 932 1676 988 totius
1699 933 1907 988 seriem

253 1009 726 1067 Malliacensibus
760 1013 1037 1070 fratribus
1067 1016 1643 1092 intimavit,quidque
1667 1022 1815 1093 ipsio
1840 1022 1901 1076 in

251 1100 556 1170 procinctu
588 1103 1154 1174 exceptionis'sititae
1203 1107 1626 1178 providendum
1675 1110 1906 1182 potissi-

250 1205 537 1261 mumqne
568 1194 998 1262 procurandum
1047 1197 1376 1252 necessario
1419 1199 1667 1255 instaret
1697 1200 1906 1256 litteris

249 1279 562 1334 ordinavit.
588 1279 771 1352 Cujus
804 1282 1200 1340 Malliacenses
1221 1286 1465 1343 nutibus
1497 1288 1723 1343 hanstis
1749 1289 1905 1361 lega-

247 1368 432 1423 tarios
447 1368 905 1442 circumquaque
919 1372 1540 1441 emittunt,multorum
1557 1377 1903 1448 populorum

245 1461 529 1522 catervas,
563 1457 834 1530 idemque
876 1461 1295 1518 monachorum
1327 1468 1383 1519 et
1414 1464 1755 1521 clericorum
1789 1483 1903 1522 non

245 1546 565 1602 minimum
624 1555 838 1604 emtum
888 1551 1038 1606 mira
1094 1551 1352 1624 agilitate
1396 1554 1696 1628 colligunt.
1728 1556 1904 1612 Nocte

243 1633 484 1691 interim
510 1635 612 1692 illa
641 1655 756 1709 qua
777 1638 1064 1711 emigrata
1091 1649 1473 1698 sacrosanctae
1503 1661 1656 1716 gazae
1688 1644 1905 1700 Mallia-

245 1725 410 1780 censi
432 1727 788 1782 monasterio
819 1733 985 1783 erant
1038 1730 1622 1803 inferendae,quidam
1655 1733 1900 1790 fratrum

244 1813 311 1868 in
345 1830 411 1870 eo
442 1814 772 1886 quiescens,
808 1817 1126 1874 Barcinous
1168 1819 1422 1890 natione,
1459 1823 1606 1878 Tezo
1639 1822 1895 1890 nomine,

2019 629 2349 682 necessaria
2415 630 2766 702 subjungere
2812 647 3140 706 congruum
3183 634 3666 692 deorevissemus.

2017 715 2353 788 Composito
2381 717 2562 791 igitur
2590 725 2790 776 sancto
2813 721 3045 778 Domini
3066 721 3191 779 loco
3223 727 3279 779 et
3299 723 3503 780 ordine
3523 741 3670 796 pree-

2017 804 2272 872 titulato,
2331 806 2523 863 adhuc
2584 809 2936 866 inconcussa
2987 812 3286 882 perstabat
3339 813 3664 869 beatissimi

2015 902 2440 974 Aquitanorum
2468 907 2696 976 patroni
2719 906 2922 963 Hilarii
2951 909 3216 978 basilica,
3247 926 3425 982 quam
3455 927 3666 983 prace-

2019 991 2176 1046 denti
2198 991 2458 1048 libellulo
2481 995 2897 1052 aediﬁcavimus
2919 1014 3114 1053 coram
3135 998 3414 1071 principis
3435 999 3587 1057 aula.
3604 1000 3666 1058 In

2019 1097 2136 1152 qua
2167 1081 2431 1137 nonnula
2462 1088 2690 1154 patrata
2718 1084 2987 1140 feruntur
3017 1085 3320 1153 miracula,
3351 1104 3498 1158 qua,
3523 1089 3664 1144 dum

2015 1170 2360 1240 compendio
2392 1187 2626 1243 operam
2655 1174 3084 1241 damus,satius
3116 1174 3386 1230 ducimus
3417 1175 3663 1232 reticen-

2015 1257 2108 1312 da.
2161 1259 2333 1314 Porro
2376 1275 2510 1315 vero
2557 1260 2617 1315 in
2675 1278 2826 1333 saepe
2872 1266 3064 1318 taxato
3096 1263 3378 1329 emnobio,
3426 1263 3665 1335 quidam

2013 1353 2412 1424 Constantius,
2455 1357 2547 1412 cui
2574 1374 2861 1430 agnomen
2893 1364 3016 1416 erat
3045 1359 3365 1427 Brizaldus,
3398 1361 3667 1433 proposi-

2013 1447 2154 1498 turae
2188 1444 2377 1500 oitfcio
2409 1446 2761 1518 potiebatur,
2793 1447 3072 1520 quoniam
3103 1449 3472 1505 saacularium
3503 1467 3668 1522 expe-

2013 1531 2300 1588 ditionum
2340 1533 2668 1591 industrius
2717 1537 2980 1608 apprime
3026 1528 3363 1608 putabatur.
3397 1538 3500 1593 Hic
3529 1555 3665 1611 ergo

2012 1621 2106 1676 die
2131 1623 2386 1693 quadam
2418 1623 2843 1692 Theodelinum
2866 1630 3092 1698 patrem
3121 1625 3492 1694 conveniens,
3517 1627 3666 1683 mul-

2010 1709 2322 1766 titudinem
2367 1711 2748 1770 ecclesiarum
2803 1713 3012 1770 insulis
3065 1715 3305 1770 omnino
3352 1716 3664 1789 exprobra-

2011 1799 2128 1867 bat,
2185 1802 2360 1871 atque
2422 1803 2832 1873 conquerenda
2880 1802 3140 1874 aliquam
3197 1819 3399 1861 earum
3455 1805 3664 1862 merito

239 1900 605 1960 immensum
631 1902 875 1961 luminis
905 1905 1272 1977 splendorem
1306 1909 1377 1963 ab
1408 1909 1638 1965 Oriente
1668 1911 1725 1965 in
1758 1928 1909 1967 som-
1935 1905 1984 1970 B
2015 1895 2451 1953 convellendam
2504 1899 2817 1970 garriebat
2880 1901 3063 1971 Cujus
3129 1901 3386 1972 Primum
3453 1917 3664 1975 ⁸1188⁸·

243 1991 342 2045 nis
390 2008 683 2065 emergere
706 1994 913 2064 [vidit],
962 1994 1172 2051 deinde
1200 1997 1554 2068 pedetentim
1587 2016 1759 2054 omne
1789 2017 1899 2055 cie-

246 2079 406 2134 nobii
439 2096 650 2151 corpus
676 2082 988 2154 complere,
1013 2100 1117 2138 nec
1150 2084 1333 2140 multo
1366 2091 1497 2157 post
1525 2086 1896 2144 innumeram

235 2168 592 2240 populorum
619 2171 1008 2242 frequentiam
1031 2173 1290 2244 undique
1321 2191 1758 2243 concurrere,ac
1791 2177 1896 2233 mi-

235 2272 372 2312 rum
393 2259 586 2313 nescio
611 2259 750 2330 quid
775 2261 831 2314 in
851 2261 1053 2316 eodem
1075 2261 1296 2317 lumine
1319 2280 1669 2336 suspensam
1693 2282 1893 2337 exspe-

234 2347 696 2419 ctare,idemque
710 2349 821 2403 sibi
851 2350 1020 2420 quasi
1037 2351 1578 2409 submurmurando
1597 2355 1897 2426 promitte-

233 2436 398 2491 re.Et
417 2435 614 2508 ipsum
635 2438 872 2508 quidem
898 2438 1180 2495 hactenus
1202 2440 1354 2496 beati
1375 2441 1897 2513 Rigomerilatebat

230 2525 540 2580 adventus.
595 2526 650 2581 Si
687 2532 880 2582 autem
913 2529 1250 2583 mortalium
1275 2532 1500 2586 somnis
1527 2537 1726 2588 nostra
1755 2549 1892 2588 con-

220 2613 458 2684 jectura
490 2615 663 2686 digne
687 2616 1024 2688 porrigitur,
1055 2618 1284 2674 videtur
1312 2619 1469 2674 haud
1494 2621 1746 2677 absurde
1777 2639 1892 2678 non

231 2701 411 2757 unius
443 2707 676 2758 tantum
711 2704 870 2760 illius
902 2705 1015 2760 diei
1050 2705 1373 2763 solemnem
1405 2708 1687 2777 laetitiam,
1721 2710 1891 2781 quin-

230 2791 432 2862 potius
464 2790 795 2863 largiﬂuam
830 2795 1116 2850 bonorum
1149 2795 1412 2852 omnium
1441 2798 1803 2854 afﬂuentiam
1827 2816 1893 2854 ac

227 2881 640 2951 aegrotantium
701 2898 814 2936 non
881 2883 1071 2938 solum
1108 2901 1300 2954 carne,
1335 2887 1435 2940 sed
1471 2887 1645 2942 etiam
1678 2888 1892 2944 animis

227 2967 903 3041 consolationem,quam
937 2973 1005 3026 ad
1039 2973 1190 3028 beati
1224 2974 1556 3046 Rignomeri
1591 2977 1893 3049 suffragia-

229 3059 722 3114 concurrentibus
753 3061 976 3116 confert
1005 3061 1314 3131 Dominus,
1347 3066 1689 3135 portendere
1721 3071 1888 3137 opta-

219 3147 588 3202 tam.Verum
625 3149 722 3202 ubi
756 3148 969 3205 latores
996 3151 1267 3222 superius
1303 3153 1583 3225 assignati
1618 3172 1733 3209 una
1755 3172 1888 3209 cum

2012 1984 2304 2041 stionibus
2373 1987 2463 2042 vir
2528 1988 2626 2042 Dei
2703 1988 3021 2056 resultans,
3078 1990 3454 2060 postmodum
3528 2005 3664 2046 vero

2006 2077 2134 2145 ejus
2164 2074 2648 2147 instigationibus
2677 2077 2972 2144 addictus,
3034 2078 3163 2150 ejus
3217 2076 3509 2134 voluntati
3538 2095 3661 2135 rem

2005 2163 2249 2218 dimisit.
2300 2167 2374 2220 At
2411 2164 2507 2220 ille
2562 2165 2700 2220 inde
2749 2182 3042 2238 egressus,
3104 2165 3662 2240 multitudinemque

2002 2252 2261 2307 virorum
2315 2251 2593 2324 colligens
2642 2254 2713 2308 ad
2765 2253 3071 2310 ecclesiam
3114 2254 3267 2309 beati
3298 2253 3502 2311 Hilarii
3560 2273 3662 2312 ac-

2004 2339 2198 2408 cessit,
2235 2357 2481 2413 eamque
2511 2341 2776 2398 funditus
2801 2343 3024 2398 evertit.
3053 2345 3347 2408 Quantum
3376 2343 3659 2400 nimirum

2004 2437 2130 2507 ejus
2161 2438 2408 2492 Domino
2441 2444 2606 2511 grata
2648 2439 2821 2495 fuerit
2848 2457 3046 2512 opera,
3093 2440 3257 2496 -u1tio
3289 2440 3507 2497 detexit
3534 2457 3658 2496 ma-

2004 2526 2214 2582 nifeste
2244 2527 2855 2598 subsecuta.Namque
2873 2544 2978 2583 nec
3007 2528 3148 2584 dum
3167 2528 3402 2600 penitus
3424 2544 3657 2585 corrue-

2004 2619 2095 2670 rat
2124 2615 2315 2686 paries
2346 2615 2758 2684 ultimus,cum
2785 2631 2916 2672 ecce
2945 2616 3100 2672 idem
3134 2621 3522 2690 praesumptor
3541 2633 3659 2674 mo-

2002 2703 2226 2758 nachus
2258 2703 2456 2759 lethaii
2491 2705 2693 2760 morbo
2725 2710 3049 2778 correptus,
3091 2707 3161 2761 de
3192 2722 3344 2778 equo
3375 2705 3469 2762 cui
3501 2706 3657 2763 inse-

2002 2793 2167 2848 derat
2190 2793 2694 2865 proruit,denique
2715 2795 2934 2850 caduco
2955 2795 3326 2850 incommodo
3349 2797 3439 2850 est
3451 2793 3655 2867 fatiga-

2000 2884 2116 2936 tus.
2149 2886 2449 2938 Postremo
2481 2883 2688 2954 grandi
2720 2899 2958 2939 emenso
3003 2881 3308 2939 intervallo
3339 2899 3660 2956 parumger

2000 2975 2268 3026 cessante
2299 2972 2502 3026 morbo
2561 2970 2886 3043 respiravit,
2931 2976 2990 3026 et
3036 2988 3163 3042 quaa
3222 2986 3359 3043 erga
3402 2988 3464 3027 se
3491 2975 3659 3043 gesta

2000 3059 2357 3126 fuerat,dum
2384 3060 2510 3132 ipse
2532 3061 2800 3129 nesciret,
2817 3077 2849 3116 a
2868 3059 3199 3116 videntibus
3230 3058 3471 3132 accepit.
3505 3061 3656 3116 Tum

1999 3147 2196 3219 itaque
2228 3147 2458 3219 publice
2506 3165 2567 3203 se
2597 3165 2889 3220 peccasse,
2935 3166 2996 3204 se
3049 3147 3398 3220 gravissimo
3431 3165 3657 3204 errasse

216 3236 923 3294 Theodelinovenerando
945 3239 1429 3322 pretiosissimam
1447 3259 1740 3314 gemmam
1761 3243 1892 3299 Mal-
1921 3273 1963 3338 ρ
2003 3246 2309 3300 confessus
2339 3249 2427 3301 est
2457 3264 2468 3313 ;
2503 3245 2714 3300 deinde
2742 3245 2934 3299 ofﬁcio
2960 3244 3317 3300 famulorum
3346 3245 3418 3300 ad
3453 3262 3654 3300 mona-

221 3324 470 3380 liacensi
507 3325 731 3381 insullae
753 3327 1099 3397 intulerunt,
1135 3315 1354 3386 clamor
1385 3329 1589 3401 ingens
1617 3331 1890 3402 utrinque

212 3414 509 3482 oboritur,
541 3415 706 3470 adest
739 3432 908 3471 sacer
943 3422 1268 3473 conventus
1301 3419 1716 3484 fratrum,binc
1747 3437 1888 3491 quo-

214 3519 336 3573 que
368 3506 425 3557 et
453 3502 588 3559 inde
619 3503 930 3576 multiplex
965 3507 1298 3577 frequentia
1322 3508 1630 3563 turbarum
1653 3508 1887 3564 laudem

210 3591 455 3646 Domini
474 3593 734 3664 undique
756 3594 1155 3649 resonantium
1180 3613 1192 3650 :
1219 3596 1471 3651 ministri
1497 3614 1885 3666 necnon,cum

211 3681 497 3737 crucibus
545 3687 602 3736 et
651 3683 832 3738 cereis
877 3683 1398 3740 circumstantibus
1431 3685 1581 3752 aliis,
1615 3686 1886 3742 humeris

219 3775 470 3827 ovantes
502 3777 772 3827 sanctum
826 3790 1037 3846 corpus
1097 3775 1426 3846 imponunt,
1488 3775 1712 3847 reliqua
1751 3793 1885 3832 vero

211 3859 560 3930 multitudo,
591 3862 754 3917 ﬂexis
785 3862 1126 3934 poplitibus,
1159 3863 1450 3934 Rigomeri
1480 3864 1716 3936 gloriosi
1747 3882 1883 3921 cum

212 3949 430 4004 multis
483 3949 783 4023 lacrymis,
817 3952 1034 4024 oppida
1061 3952 1196 4007 licet
1225 3958 1584 4024 exoptarent,
1629 3955 1887 4025 rogitant

215 4039 636 4111 patronicium.
695 4041 958 4095 Tandem
1017 4057 1158 4096 sane
1215 4042 1640 4113 supplicatione
1690 4043 1884 4099 debita

209 4127 535 4198 completa,
561 4128 998 4199 antipbonaque
1030 4129 1322 4201 imposita,
1341 4130 1694 4186 Malliacensi
1716 4133 1882 4188 indu-

207 4220 361 4270 cunt
396 4215 794 4287 ecclesiezjam
823 4218 962 4272 olim
986 4235 1019 4272 a
1039 4218 1284 4273 Domino
1311 4220 1719 4289 prazdestinata
1747 4221 1880 4277 cha-

207 4305 951 4377 rismata,circumquaque
982 4312 1367 4378 concrepante
1397 4307 1617 4362 laetitia.
1638 4310 1702 4363 Et
1733 4327 1875 4380 quo-

209 4395 380 4448 niam
414 4395 603 4465 major
632 4395 896 4464 ejusdem
929 4395 1186 4450 ecclesia:
1209 4400 1412 4467 crypta
1441 4397 1650 4451 infecta
1683 4398 1875 4453 adhuc

204 4483 308 4537 his
340 4481 550 4537 diebus
581 4484 943 4550 manebat,in
974 4485 1176 4539 dextra
1206 4485 1466 4539 membro
1515 4492 1875 4557 componunt

206 4571 382 4626 omni
415 4587 549 4626 cum
581 4571 904 4643 diligentia,
937 4590 1052 4643 quo
1085 4577 1299 4628 sanctae
1330 4574 1431 4629 Dei
1465 4574 1775 4631 Genitricis
1805 4593 1870 4631 ac

207 4664 510 4732 perpetua:
550 4659 808 4732 Virginis
839 4661 1091 4716 habetur
1119 4665 1176 4715 et
1201 4679 1318 4716 ara.

289 4794 370 4848 De
402 4792 700 4848 miraculis
729 4810 871 4848 sane
900 4794 1176 4866 deinceps
1207 4811 1308 4866 per
1338 4811 1470 4849 cum
1518 4795 1737 4852 ibidem
1769 4814 1872 4870 ge-

206 4881 484 4953 stis,qua
515 4885 600 4936 tot
625 4898 689 4937 ac
721 4885 881 4938 tanta
904 4887 1041 4938 sunt
1063 4888 1216 4938 utea
1235 4883 1400 4956 plene
1430 4885 1642 4940 referre
1673 4886 1871 4942 nullus

205 4971 552 5040 hominum,
585 4975 649 5026 ut
681 4971 866 5037 aiunt,
901 4971 1178 5042 sufficiat,
1219 4973 1287 5027 ad
1347 4991 1602 5044 prcesens
1632 4975 1869 5046 quidem

203 5064 511 5127 tacemus;
531 5059 774 5116 sivitam
794 5065 992 5115 autem
1014 5061 1169 5116 Deus
1189 5061 1416 5117 dederit
1435 5063 1870 5135 aliquantulum

205 5149 617 5221 longam,quae
639 5149 728 5204 vel
751 5153 971 5220 quanta
992 5149 1289 5205 seniorum
1323 5152 1871 5222 probatissimorum

207 5239 546 5294 assertione
579 5239 650 5294 de
685 5237 777 5293 his
808 5238 1152 5310 accipimus,
1186 5239 1446 5310 quolibet
1477 5258 1765 5308 sermone,
1800 5242 1870 5296 ad

205 5328 455 5384 laudem
487 5326 722 5383 Domini
755 5327 940 5382 nostri
969 5329 1104 5382 Jesu
1135 5327 1366 5395 Christi,
1429 5330 1526 5401 qui
1561 5331 1695 5385 fecit
1745 5347 1872 5401 quae

207 5418 422 5473 futura
449 5419 854 5481 sunt,exarare
875 5416 1652 5488 aggrediemur.Terminum
1677 5422 1871 5473 autem

205 5504 656 5576 istic,quoniam
691 5508 748 5560 et
775 5504 1116 5560 brevitatem
1140 5506 1323 5560 nostri
1352 5505 1568 5576 ingenii
1597 5512 1653 5562 et
1683 5524 1876 5562 narra-

205 5595 438 5650 tionem
468 5592 643 5665 paulo
674 5593 928 5666 amplius
960 5611 1136 5666 quam
1172 5593 1428 5649 decuerit
1459 5595 1604 5650 forte
1635 5595 1876 5666 protela-

207 5688 340 5740 tam
414 5698 850 5752 mensuramus,
911 5684 1251 5751 terminum,
1299 5683 1562 5756 inquam,
1596 5685 1874 5742 chartulae

2001 3335 2246 3390 sterium
2277 3335 2732 3403 defertur,casus
2764 3335 2890 3404 ejus
2923 3333 3079 3388 Patri
3101 3349 3167 3387 ac
3198 3334 3476 3389 fratribus
3508 3350 3655 3388 rese-

1999 3426 2179 3478 ratur.
2214 3423 2337 3486 Quo
2380 3421 2576 3476 audito
2625 3420 2855 3476 validus
2884 3436 3090 3476 omnes
3120 3420 3299 3476 timor
3340 3420 3648 3493 corripuit,

1999 3521 2417 3591 communique
2447 3518 2712 3575 consulto
2740 3519 2811 3573 ad
2844 3517 3035 3574 locum
3069 3517 3329 3573 dirutum
3361 3517 3591 3590 aliquos
3619 3536 3650 3575 e

1997 3611 2276 3666 fratribus
2311 3609 2620 3664 Dominum
2652 3612 2979 3664 reverentes
3010 3606 3292 3679 dirigunt,
3325 3607 3653 3680 altarisque

1995 3699 2219 3770 lapides
2274 3702 2331 3753 et
2367 3701 2714 3753 caementum
2746 3697 2900 3767 quod
2933 3695 3250 3751 inctactum
3285 3701 3652 3752 remanserat

1996 3793 2163 3843 caute
2194 3787 2374 3842 nimie
2405 3785 2876 3857 colligere,atque
2906 3783 2964 3838 in
2998 3784 3352 3840 monasterio
3375 3785 3446 3840 ad
3479 3800 3541 3840 se
3564 3785 3648 3840 af-

1994 3877 2144 3932 ferre
2176 3873 2637 3948 praecipiuntJlli
2663 3873 2900 3945 quidem
2932 3872 3154 3929 alacres
3185 3873 3530 3940 obaudiunt;
3551 3872 3648 3928 isti

1993 3982 2128 4021 vero
2161 3966 2355 4038 ipsum
2387 3963 2542 4019 idem
2575 3963 2756 4019 altare
2815 3962 2873 4016 in
2905 3961 3095 4034 capite
3119 3961 3407 4034 designati
3437 3978 3647 4017 mona-

1991 4055 2154 4110 sterii
2203 4054 2264 4109 in
2312 4054 2593 4109 honorem
2638 4053 2903 4123 ejusdem
2933 4051 3119 4106 sancti
3153 4050 3352 4106 Hilarii
3391 4050 3646 4123 erigunt.

1992 4153 2191 4208 Frater
2217 4167 2358 4206 sane
2389 4149 2484 4204 ille
2532 4149 2701 4220 cujus
2747 4149 3046 4204 temeritas
3077 4147 3271 4204 locum
3305 4147 3646 4220 proﬂigave-

1988 4246 2099 4310 rat,
2146 4243 2398 4312 quatuor
2427 4237 2688 4310 quidem,
2723 4242 2788 4292 ut
2816 4237 3008 4307 aiunt,
3046 4253 3298 4293 .menses
3347 4241 3646 4310 superstes

1987 4329 2338 4398 exstitit,nec
2363 4332 2558 4384 tamen
2591 4326 2825 4397 aliquod
2857 4324 3076 4380 doloris
3108 4324 3370 4381 levamen
3399 4325 3645 4398 adipisci

1986 4416 2444 4489 promeruit.Sed
2476 4420 2532 4469 et
2566 4415 2718 4469 Patri
2750 4431 2902 4486 saepe
2933 4418 3126 4469 texato
3152 4413 3651 4481 Theodelino,sic-

1986 4508 2050 4559 ut
2100 4505 2157 4558 in
2206 4505 2393 4574 prima
2422 4505 2609 4557 fronte
2641 4501 2827 4557 multa
2857 4518 3153 4573 prospera,
3185 4503 3263 4556 ita
3293 4517 3324 4557 e
3354 4501 3644 4556 contrario

1900 4639 1948 4701 D
1976 4595 2146 4665 juxta
2171 4593 2296 4648 vitae
2328 4593 2649 4648 terminum
2690 4589 2975 4645 nonnulla
3031 4589 3330 4644 obviavere
3377 4590 3639 4645 adversa.

1981 4693 2050 4747 Et
2067 4690 2256 4763 primo
2280 4689 2515 4761 quidem
2538 4704 2733 4743 rerum
2755 4702 3162 4758 possessarum
3184 4685 3539 4742 creberrima
3585 4690 3643 4742 et

1982 4778 2330 4852 gravissima
2360 4778 2595 4844 damna,
2626 4774 2836 4830 deinde
2866 4791 2972 4830 suo
3004 4773 3253 4846 corpori,
3286 4790 3352 4830 ac
3384 4773 3642 4829 familia-

1983 4885 2113 4925 rum
2128 4867 2448 4922 amicorum
2465 4863 2834 4937 prosperitati
2849 4862 3642 4936 peneimportabiliaingrue-

1981 4958 2125 5013 bant
2155 4954 2562 5023 incommoda;
2596 4957 2891 5025 postremo
2924 4953 3066 5007 dum
3097 4953 3223 5024 ipse
3252 4955 3428 5009 noctu
3459 4953 3635 5007 decu-

1981 5046 2254 5102 baret.in
2307 5045 2480 5099 domo
2546 5043 2941 5108 inﬁrmorum,
2995 5045 3232 5112 cogente
3289 5039 3640 5097 necessitate

1982 5133 2350 5206 aegritudinis
2368 5131 2700 5204 praevalida,
2718 5131 2912 5186 subito
2935 5129 3259 5201 evaginatis
3279 5128 3639 5202 gladiis,duo

1983 5232 2224 5304 quidam
2256 5246 2560 5286 servorum
2612 5246 2680 5285 ex
2709 5229 2898 5285 sancti
2930 5228 3080 5283 Petri
3112 5227 3357 5296 familia,
3389 5243 3639 5299 quorum

1985 5322 2128 5376 alter
2156 5318 2636 5386 Hercambaldus,
2671 5333 2923 5388 sequens
2960 5332 3093 5372 vero
3124 5315 3415 5373 Galterius
3444 5315 3638 5374 dictus

1981 5409 2042 5464 in
2076 5408 2426 5480 baptismate
2456 5409 2584 5478 ejus
2615 5405 2773 5460 ﬁlius
2831 5409 2977 5472 erat,
3031 5421 3210 5476 super
3246 5422 3383 5461 eum
3412 5405 3635 5475 iruunt,

1985 5512 2229 5560 mortem
2263 5505 2476 5558 inferre
2503 5503 2764 5576 gestiunt
2785 5499 2944 5556 omni
2967 5501 3232 5557 audacia.
3257 5503 3408 5558 Tum
3439 5507 3635 5559 autem

1984 5611 2160 5666 quam
2187 5593 2503 5649 Dominum
2518 5590 2783 5646 timuerit
2800 5589 2953 5646 idem
2976 5590 3145 5646 Pater
3160 5590 3386 5664 liquido
3399 5590 3631 5654 claruit,

1984 5686 2126 5741 dum
2187 5683 2405 5741 cervice
2436 5686 2600 5739 extra
2629 5684 2878 5738 stratum
2929 5685 3124 5738 exerta
3182 5697 3372 5752 neque
3401 5677 3630 5740 veniam
