3996 6158
234 367 266 429 1
278 366 398 430 273

1533 368 1854 440 ΝΟΤΙΤῙΑ
1898 370 2341 435 HISTORICA.

3483 375 3638 436 1274

229 501 572 576 pontiﬁcem
596 503 1100 562 renuntiaverunt.
1137 507 1442 573 Is,dudum
1465 509 1782 566 canonicus
1803 524 1885 564 re-
1910 505 1967 572 Α
1997 504 2123 559 nire
2169 507 2440 576 gravatus
2461 508 2616 562 esset
2635 503 2974 578 pontiﬁcatu
3022 504 3284 579 privavit,
3309 510 3366 564 et
3386 506 3636 564 Alexan-

225 593 455 667 gularis
486 593 543 648 in
569 595 922 651 monasterio
947 598 1320 654 Lateranensi
1359 599 1568 666 factus,
1591 617 1660 656 ex
1689 614 1754 654 eo
1788 615 1878 652 or-

221 681 365 737 dine
378 682 448 736 ad
464 680 774 737 Ecclesiam
794 683 1143 740 Luccensem
1158 692 1465 757 promotus
1479 688 1682 744 fuerat.
1695 687 1880 741 Lucca

220 771 466 837 accitus,
493 771 736 826 Romam
754 771 908 827 illico
926 773 1114 841 venit;
1136 775 1233 830 ubi
1255 781 1569 848 antequam
1591 775 1878 832 Cadalous

217 864 291 915 ut
312 865 753 915 consecraretur
773 862 1088 928 accederet,
1117 863 1301 935 pridie
1330 864 1754 929 Kal.0ctobris,
1787 863 1879 918 die

216 948 546 1018 Dominico,
573 948 633 1003 in
666 949 908 1006 basilica
931 951 1126 1006 Sancti
1152 952 1329 1019 Petri,
1352 955 1423 1008 ab
1447 953 1735 1025 episcopis
1758 969 1872 1007 car-

218 1037 520 1092 dinalibus
552 1038 960 1112 inauguratus,
995 1039 1306 1096 Alexandri
1341 1043 1387 1096 Ι[
1421 1042 1875 1115 appellationem

222 1125 338 1180 sibi
366 1125 667 1198 imposuit,
701 1127 986 1199 seditque,
1022 1129 1246 1185 Caesare
1289 1131 1532 1186 Henrico
1567 1131 1656 1196 1V,
1690 1147 1876 1186 annos

224 1214 520 1282 undecim,
554 1231 787 1271 menses
818 1233 938 1283 sex,
975 1217 1099 1273 dies
1129 1218 1332 1289 viginti
1369 1221 1536 1274 duos.

299 1303 427 1358 Haec
487 1303 730 1359 audiens
789 1304 1096 1378 Cadalous,
1151 1305 1564 1379 imperatorem
1595 1312 1873 1379 Augusta:

225 1392 662 1448 Vindelicorum
713 1393 878 1460 adiit,
909 1399 965 1449 et
995 1393 1251 1468 insignia
1280 1396 1656 1468 pontiﬁcalia,
1687 1396 1768 1450 illi
1803 1396 1873 1452 ab

224 1480 376 1536 Urbe
400 1480 765 1550 transmissa,
781 1499 1095 1554 usurpans,
1119 1501 1179 1539 se
1200 1485 1530 1555 pontiﬁcem
1552 1487 1873 1541 maximum

221 1567 577 1641 appellabat,
603 1575 659 1625 et
681 1570 898 1626 bellum
923 1577 1122 1627 contra
1145 1572 1540 1630 Alexandrum
1558 1575 1871 1641 adornans,

221 1657 282 1713 in
302 1658 526 1714 Italiam
541 1659 716 1726 venit,
730 1665 787 1715 et
803 1661 955 1716 haud
973 1665 1200 1717 contem
1211 1663 1439 1719 mendis
1462 1663 1872 1735 Longobardo-

219 1763 354 1801 rum
387 1746 566 1818 copiis
597 1747 968 1819 comparatis,
1019 1745 1266 1804 armata
1296 1765 1475 1804 manu
1509 1753 1774 1818 Romam,
1811 1753 1876 1804 ut

218 1834 600 1907 apostolicam
631 1837 830 1892 sedem
859 1837 913 1890 vi
965 1841 1440 1908 consequeretur,
1475 1836 1740 1893 accessit.
1772 1837 1873 1892 Cui

219 1924 418 1980 Cincio
449 1925 702 1996 quodam
740 1924 921 1980 nobili
971 1926 1252 1995 Romano,
1308 1926 1588 1998 Stephani
1620 1926 1874 1998 praefecti

221 2013 368 2080 filio,
397 2015 539 2069 urbs
561 2013 836 2085 Leonina,
859 2032 962 2070 arx
982 2016 1038 2071 S.
1062 2014 1285 2088 Angeli,
1316 2033 1460 2087 pons
1482 2015 1718 2071 Milvius
1739 2032 1872 2086 pro-

220 2103 346 2157 dita
375 2103 553 2170 fuere,
587 2119 714 2174 quae
742 2103 934 2158 valido
964 2103 1235 2175 praesidio
1265 2104 1338 2159 ab
1370 2120 1436 2159 eo
1465 2103 1692 2160 munita
1715 2108 1873 2160 sunt.

222 2190 472 2246 Cadaolo
504 2191 968 2263 superveniente,
1001 2191 1058 2246 in
1091 2191 1275 2263 pratis
1307 2191 1652 2248 Neronianis
1682 2192 1875 2264 gravis

226 2295 425 2352 pugna
452 2280 859 2346 committitur,
892 2297 1009 2353 qua
1056 2280 1224 2335 multi
1267 2281 1546 2352 utrinque
1576 2281 1871 2347 cecidere;

230 2383 365 2440 pars
395 2372 592 2425 tamen
623 2367 858 2425 Cadaloi
919 2368 1226 2441 praevalere
1281 2370 1408 2425 visa
1463 2373 1572 2440 est,
1601 2369 1875 2442 plurimis

226 2458 754 2514 Alexandrinorum
805 2458 988 2514 caesis.
1045 2457 1370 2514 Alexander
1425 2462 1553 2513 tum
1609 2459 1874 2514 Laterani

229 2551 453 2603 armato
484 2547 752 2618 praesidio
784 2564 846 2603 se
875 2547 1227 2603 continebat.
1267 2546 1692 2618 Superveniens
1723 2546 1872 2601 inte-

228 2635 341 2690 rim
371 2636 488 2692 dux
534 2635 926 2704 Gothefridus,
977 2637 1180 2692 ambas
1229 2640 1427 2708 partes
1475 2635 1774 2691 discedere
1803 2635 1876 2690 ab

229 2724 630 2796 armisjussit,
663 2725 966 2797 suasitque
1005 2730 1070 2780 ut
1116 2724 1526 2795 contreversia,
1561 2740 1676 2780 non
1703 2726 1872 2795 ferro,

226 2815 327 2870 sed
347 2815 482 2885 jure
504 2815 786 2870 finiretur.
831 2814 1106 2881 Quievere
1149 2814 1572 2886 aliquantisper
1594 2813 1875 2868 factiones

225 2902 568 2970 Alexander,
595 2903 790 2959 media
810 2904 1269 2975 Quadragesima
1307 2902 1442 2957 anni
1473 2903 1631 2967 1062,
1655 2902 1873 2973 synodo

224 2992 633 3064 episcoporum
660 2992 922 3048 Laterani
945 2997 1164 3063 coacta,
1201 2991 1513 3046 Cadaloum
1538 3007 1872 3046 excommu-

225 3081 457 3136 nicevit.
507 3081 816 3153 Cadalous,
876 3082 1142 3136 Parmam
1205 3097 1492 3149 reversus,
1553 3080 1706 3134 idem
1739 3096 1870 3134 cum

223 3169 730 3226 consentientibus
761 3170 1050 3242 episcopis
1072 3170 1350 3224 adversus
1367 3168 1764 3224 Alexandrum
1797 3168 1874 3222 fe-

1905 1879 1952 1944 B

1989 595 2184 663 drum,
2219 598 2282 648 ut
2306 593 2634 666 legitimum
2667 595 3019 668 pontificem,
3070 596 3495 667 complectitur.
3528 598 3637 663 Qui

1988 683 2214 753 objecta
2241 682 2352 738 sibi
2379 684 2670 750 Simoniae,
2732 690 2790 742 et
2845 686 3125 742 adversus
3181 687 3465 742 Caesarem
3497 703 3632 742 cum

1986 771 2338 826 Normannis
2369 773 2842 845 conspirationis,
2876 775 3126 830 crimina
3154 775 3346 842 diluit,
3380 772 3529 830 Tum
3561 776 3633 830 ab

1987 860 2262 916 omnibus
2291 861 2602 934 episcopis,
2634 867 2691 919 et
2719 864 3040 934 praesertim
3085 863 3503 936 Longobardis,
3533 865 3631 936 qui

1986 951 2116 1020 ejus
2146 950 2496 1006 creationem
2531 952 2781 1007 maxime
2829 957 3331 1024 oppugnaverunt,
3363 957 3429 1007 ut
3459 968 3632 1008 verus

1986 1039 2197 1094 Christi
2231 1039 2482 1095 vicarius
2516 1045 2855 1109 veneratur;
2899 1058 3044 1112 quos
3074 1041 3458 1096 blandissime
3489 1041 3634 1096 allo-

1986 1132 2172 1194 cutos,
2195 1127 2306 1183 sibi
2329 1128 2742 1188 amicissimos.
2767 1133 2823 1184 et
2846 1129 2992 1184 fidos
3023 1128 3268 1183 dimisit.
3294 1129 3486 1183 Rebus
3507 1144 3631 1183 om-

1987 1217 2161 1272 nibus
2183 1233 2248 1271 ex
2267 1219 2556 1273 sententia
2582 1217 2943 1290 compositis,
2972 1222 3028 1273 et
3069 1217 3388 1272 Mantuane
3413 1217 3632 1290 synodo

1984 1305 2274 1372 absoluta,
2299 1306 2622 1362 Alexander
2643 1307 2888 1362 Romam
2919 1324 3122 1363 versus
3162 1307 3273 1362 iter
3309 1305 3501 1377 cepit;
3526 1305 3631 1360 Ca-

1984 1394 2190 1450 dalous
2223 1395 2513 1451 Parmam.
2538 1400 2594 1452 et
2624 1395 2720 1452 alii
2754 1397 2825 1451 ad
2859 1396 3030 1451 urbes
3062 1413 3201 1451 suas
3235 1395 3446 1451 reversi
3467 1398 3628 1451 sunt.

1982 1485 2167 1555 Atque
2202 1484 2309 1539 hac
2343 1485 2586 1553 ratione,
2621 1485 3026 1541 archidiacono
3061 1484 3454 1540 Hildebrando
3483 1500 3632 1555 pras-

1984 1573 2155 1646 cipuo
2178 1577 2430 1638 auctore,
2453 1574 2716 1630 Romana
2750 1573 3005 1631 Ecclesia
3042 1574 3098 1628 in
3124 1573 3415 1629 creatione
3446 1571 3636 1645 ponti-

1983 1662 2160 1718 ﬁcum
2185 1680 2353 1718 suam
2386 1663 2717 1720 libertatem
2739 1663 3122 1735 recuperavit.
3148 1663 3498 1729 Alexander,
3521 1662 3634 1717 Ro-

1983 1767 2142 1806 mam
2173 1752 2426 1820 rediens,
2463 1758 2655 1807 Luccae
2683 1752 2888 1807 tandiu
2939 1752 3213 1808 subsistit
3259 1751 3413 1823 quod
3443 1751 3634 1806 archi-

1985 1839 2265 1895 diaconus
2297 1841 2494 1897 Romae
2525 1858 2616 1896 res
2646 1841 3119 1897 Normannorum
3152 1839 3413 1895 tumultu
3436 1840 3639 1895 turba-

1983 1929 2073 1982 tas
2103 1931 2496 1998 componeret.

2055 2016 2252 2071 Lucca:
2271 2015 2598 2088 ecclesiam,
2611 2017 2784 2086 cujus
2800 2021 2971 2072 antea
2984 2016 3295 2089 episcopus
3309 2017 3516 2086 fuerat,
3535 2016 3634 2071 de-

1986 2104 2218 2173 dicavit,
2251 2109 2308 2160 et
2354 2105 2557 2162 multis
2605 2106 2924 2180 privilegiis
2973 2106 3291 2163 exornavit.
3325 2106 3447 2170 Quo
3481 2121 3634 2161 anno

1985 2193 2150 2266 Hugo
2181 2193 2478 2250 Candidus
2537 2195 2872 2267 cardinalis,
2928 2196 3109 2252 totius
3167 2194 3506 2251 schismatis
3533 2211 3634 2249 au-

1986 2287 2129 2350 ctor,
2161 2282 2502 2354 poenitentia
2549 2284 2786 2350 ductus,
2842 2283 3075 2340 veniam
3132 2283 3378 2355 supplex
3408 2284 3478 2337 ab
3513 2281 3635 2336 Ale-

1983 2372 2204 2427 xandro
2233 2372 2398 2444 petiit
2428 2377 2485 2427 et
2505 2373 2859 2444 impetravit.

2055 2466 2224 2516 Anno
2250 2460 2458 2516 salutis
2499 2463 2660 2527 1065,
2710 2463 2886 2518 rebus
2929 2461 3204 2518 omnibus
3251 2459 3632 2514 Hildebrandi

1985 2549 2287 2621 diligentia
2308 2549 2366 2604 in
2392 2550 2534 2605 urbe
2573 2550 2815 2621 pacatis,
2849 2549 3174 2605 Alexander
3194 2550 3436 2604 Romam
3458 2547 3633 2603 rediit

1985 2639 2154 2708 cujus
2176 2655 2354 2694 suasu
2377 2638 2830 2709 Hildebrandus,
2881 2638 3203 2694 Gothefridi
3245 2637 3411 2692 ducis
3432 2641 3490 2693 et
3508 2637 3629 2693 Ma-

1983 2727 2186 2783 thildis
2218 2727 2528 2783 comitissaa
2581 2727 2964 2783 auxiliaribus
3020 2727 3204 2799 copiis
3263 2727 3468 2794 fretus,
3501 2742 3628 2796 quas

1983 2816 2319 2872 schismatis
2333 2820 2446 2872 tem
2457 2833 2592 2888 pore
2604 2816 2924 2872 Normanni
2942 2817 3000 2871 in
3019 2815 3335 2887 Campania
3353 2815 3425 2870 de
3441 2814 3632 2870 Eccle-

1983 2905 2072 2961 sia
2092 2906 2353 2960 Romana
2372 2906 2426 2959 vi
2450 2905 2836 2970 abstulerant,
2878 2905 3113 2977 recepit,
3151 2918 3473 2977 pacemque
3493 2919 3626 2958 cum

1983 2994 2056 3050 iis
2080 2994 2394 3065 renovavit,
2429 2999 2487 3049 et
2516 2995 2778 3066 ipsorum
2807 2995 2924 3049 dux
2953 2996 3240 3050 Robertus
3269 2993 3629 3049 Guiscardus

1983 3083 2346 3154 principatus
2379 3084 2467 3138 sui
2525 3084 2953 3154 possessionem
3005 3082 3374 3139 beneficiario
3397 3083 3532 3152 jure
3557 3080 3629 3136 ab

1981 3169 2311 3226 Alexandro
2329 3171 2606 3237 secundo,
2630 3172 3128 3242 quemadmodum
3147 3172 3321 3226 etiam
3345 3188 3378 3226 a
3397 3168 3632 3225 Nicolao

224 3260 326 3327 cit,
386 3258 711 3330 majorique
767 3259 1023 3314 exercitu
1082 3263 1301 3328 coacto,
1362 3273 1515 3312 anno
1574 3256 1674 3327 qui
1706 3271 1872 3311 secu-
1906 3244 1948 3310 C
1988 3262 2245 3315 secundo
2267 3259 2588 3315 etiamtum
2613 3259 2869 3330 primum
2889 3256 3635 3329 fecerat,suscepit;ponti-
3716 3289 3733 3300 κ

223 3354 323 3403 tus
355 3352 463 3413 est,
496 3348 568 3403 ad
600 3347 763 3403 urbis
812 3347 1310 3419 oppugnationem
1383 3345 1575 3401 rediit.
1624 3347 1694 3400 At
1721 3361 1875 3412 vero,

225 3436 610 3509 erupentibus
633 3436 914 3494 Romanis
935 3452 1069 3492 cum
1111 3434 1433 3492 Gothefridi
1485 3433 1652 3490 ducis
1673 3432 1878 3506 copiis,

225 3531 430 3582 tantus
451 3530 637 3582 terror
655 3524 1019 3582 Honorianos
1045 3523 1258 3580 invasit
1279 3528 1342 3578 ut
1371 3538 1576 3579 omnes
1597 3522 1658 3577 in
1681 3524 1879 3593 fugam

227 3613 342 3670 acti
367 3613 506 3680 sint,
529 3617 585 3670 et
604 3613 848 3686 paulum
899 3611 1152 3669 abfuerit
1194 3611 1334 3676 quin
1366 3610 1676 3679 Cadalous,
1701 3628 1734 3666 a
1756 3609 1880 3666 suis

227 3704 519 3774 desertus,
541 3702 602 3758 in
626 3702 887 3759 hostium
921 3704 1268 3774 potestatem
1289 3699 1527 3765 veniret,
1552 3712 1726 3772 quem
1748 3699 1879 3754 Cin-

230 3793 381 3860 cius,
442 3792 592 3848 facto
651 3808 786 3848 cum
846 3790 972 3847 suis
1025 3806 1229 3860 cuneo,
1288 3805 1391 3861 per
1442 3788 1636 3845 media
1665 3787 1879 3843 civium

231 3880 491 3953 agmina,
510 3895 659 3953 aegre
678 3879 735 3934 in
754 3878 1034 3935 Hadriani
1046 3895 1176 3934 arce
1187 3878 1476 3950 perduxit.
1494 3877 1601 3932 Ubi
1614 3877 1879 3948 aliquan-

230 3970 332 4025 diu
357 3985 492 4025 cum
514 3969 796 4025 obsassus
816 3972 874 4032 et
902 3967 1126 4023 nullam
1176 3967 1288 4022 sibi
1312 3966 1492 4024 libere
1517 3965 1767 4022 abeundi
1794 3967 1884 4021 ia-

231 4057 514 4113 cultatem
543 4073 671 4113 esse
691 4056 933 4124 videret,
955 4055 1230 4112 trecentis
1253 4055 1478 4127 argenti
1501 4053 1666 4109 libris
1688 4053 1882 4108 Cincio

231 4145 572 4219 persolutis,
605 4144 918 4201 incolumis
950 4144 1233 4200 dimissus
1282 4148 1392 4198 est.
1445 4143 1590 4198 Cum
1640 4159 1884 4214 magnas

231 4234 370 4290 urbi
399 4233 618 4306 duplici
671 4233 1107 4306 oppugnatione
1164 4231 1527 4287 calamitates
1566 4231 1883 4298 intulisset,

231 4323 395 4397 turpi
428 4325 566 4396 fuga
595 4340 732 4379 cum
782 4323 988 4396 paucis
1019 4322 1244 4394 aliquot
1274 4325 1460 4391 actus,
1496 4321 1767 4376 Parmam
1797 4337 1883 4374 re-

235 4413 368 4484 diit,
395 4416 452 4468 et
474 4411 831 4485 pontificalia
862 4412 1066 4468 munia
1106 4410 1449 4482 usurpabat,
1483 4412 1556 4463 At
1586 4424 1720 4463 vero
1752 4425 1885 4464 cum

235 4502 502 4560 schisma
527 4501 588 4557 in
645 4502 886 4574 longum
943 4499 1397 4573 protraheretur,
1453 4502 1651 4554 actum
1708 4500 1797 4552 est
1825 4501 1889 4552 ut

1987 3348 2079 3403 fex
2100 3351 2300 3420 postea
2325 3347 2383 3402 in
2405 3346 2786 3418 Campaniam
2822 3347 3142 3417 profectus,
3164 3345 3386 3401 Cassini
3410 3343 3635 3415 aliquot

1987 3435 2307 3492 monachos
2323 3434 2651 3490 Cassinates
2671 3433 2848 3490 variis
2869 3433 3280 3507 dignitatibus,
3303 3430 3477 3487 etiam
3507 3443 3632 3485 car-

1988 3525 2274 3590 dinalatu,
2291 3526 2329 3578 ll
2340 3523 2664 3580 ildebrandi
2679 3527 2882 3596 rogatu
2893 3565 2907 3586 ,
2922 3521 3411 3592 exornavit.Apud
3425 3519 3632 3575 urbem

1989 3613 2267 3685 Melphim
2299 3613 2578 3685 primum,
2613 3617 2744 3685 post
2772 3611 3018 3680 schima,
3052 3610 3365 3667 concilium
3387 3607 3634 3664 alterum

1990 3703 2256 3758 Laterani
2277 3702 2336 3756 in
2368 3702 2572 3757 urbem
2596 3717 2861 3758 reversus
2904 3699 3233 3756 celebravit.
3259 3699 3492 3755 Petrum
3525 3697 3638 3753 Da-

1991 3791 2172 3846 miani
2197 3791 2528 3846 Ostiensem
2545 3789 2886 3862 episcopum
2909 3790 2981 3844 ad
3005 3789 3418 3861 imperatorem
3437 3786 3639 3841 Henri-

1991 3897 2124 3936 cum
2151 3881 2222 3936 IV
2254 3897 2388 3934 cum
2418 3879 2705 3952 legatione
2727 3879 2912 3946 misit,
2941 3894 3011 3933 ne
3032 3878 3350 3950 legitimam
3370 3891 3638 3941 uxorem,

1990 3969 2196 4042 pellice
2214 3969 2470 4034 inducta,
2497 3969 2621 4024 sine
2650 3983 2828 4023 causa
2860 3966 3112 4037 ejiceret.
3152 3965 3433 4020 Eumdem
3456 3964 3639 4036 impe-

1992 4063 2243 4114 ratorem
2266 4058 2337 4112 ad
2361 4056 2818 4113 satisfactionem
2860 4057 3106 4110 Romam
3143 4053 3368 4109 vocavit
3389 4069 3491 4124 pro
3511 4051 3642 4106 labe

1993 4147 2324 4204 Simoniaca
2354 4145 2465 4201 sibi
2495 4147 2743 4216 objecta,
2777 4144 2992 4216 quippe
3045 4143 3143 4214 qui
3185 4142 3556 4214 episcopatus
3585 4143 3644 4194 et

1999 4233 2264 4289 abbatias
2287 4233 2416 4304 plus
2441 4231 2821 4288 offerentibus
2843 4237 2901 4287 et
2919 4231 3261 4287 hominibus
3286 4229 3378 4284 his
3409 4226 3643 4283 honori-

1997 4323 2112 4378 bus
2142 4322 2402 4394 indignis
2431 4321 2765 4377 vendidisse
2795 4321 3104 4376 diceretur.
3129 4318 3399 4375 Carolum
3419 4317 3645 4389 episco-

2004 4427 2144 4482 pum
2176 4411 2702 4477 Constantiensem,
2722 4409 2793 4464 de
2812 4410 3144 4464 Simoniaca
3163 4408 3292 4463 labe
3313 4407 3644 4462 convictum

1999 4498 2060 4554 in
2079 4500 2298 4571 synodo
2323 4498 2638 4568 Moguntiae
2667 4503 2888 4563 coacta,
2910 4497 3250 4568 episcopatu
3271 4494 3404 4566 ejici
3417 4491 3602 4562 jussit
3627 4508 3640 4557 ;

235 4592 495 4648 Mantua:
547 4591 860 4647 concilium
912 4589 1269 4647 indiceretur
1323 4588 1384 4643 in
1432 4585 1892 4658 Quadragesima
1920 4607 1968 4672 D
2000 4587 2317 4643 Robertum
2341 4585 2696 4656 Augiensem
2745 4585 3038 4651 abbatem,
3085 4583 3348 4672 ejusdem
3381 4576 3646 4672 criminis

235 4679 527 4753 proxima,
557 4697 710 4735 anno
754 4679 984 4734 Domini
1017 4678 1175 4733 1064.

309 4768 609 4824 Advenere
664 4785 735 4824 ex
789 4766 1100 4824 Germania
1154 4764 1380 4833 Vanno,
1415 4762 1892 4836 archiepiscopus

233 4857 625 4924 Coloniensis,
703 4856 796 4911 cui
869 4855 1031 4927 regni
1105 4853 1535 4910 administratio
1613 4857 1671 4907 et
1728 4852 1894 4924 pueri

236 4945 619 5019 imperatoris
672 4944 852 5000 tutela
910 4945 982 5000 ab
1043 4943 1270 5015 imperii
1328 4941 1713 5014 principibus,
1771 4957 1891 4994 ma-

233 5040 329 5091 tre
360 5039 583 5107 Aguete
612 5033 866 5101 exclusa,
899 5031 1218 5088 commissa
1265 5032 1514 5098 fuerant,
1562 5034 1618 5086 et
1648 5030 1893 5085 Vinces—

233 5124 374 5179 laus
400 5122 673 5179 Altaichii
703 5122 1034 5194 episcopus,
1083 5120 1397 5176 Annalium
1444 5119 1713 5177 Baiorum
1748 5119 1894 5175 scri-

235 5218 398 5286 ptor,
428 5211 635 5268 multis
658 5211 950 5283 episcopis
976 5209 1255 5280 cemitati,
1279 5215 1336 5265 et
1361 5227 1429 5266 ex
1448 5209 1614 5265 Italia
1635 5207 1893 5280 episcopi

236 5307 297 5358 et
319 5301 565 5357 abbates
589 5298 761 5356 multi
787 5317 801 5368 ;
833 5300 904 5355 ad
929 5299 1083 5371 quod
1121 5298 1447 5355 Alexander
1471 5314 1606 5354 cum
1633 5296 1895 5352 cardina-

235 5390 404 5445 libus
435 5388 700 5446 accessit.
751 5388 1040 5446 Honorius
1087 5387 1158 5443 ad
1206 5394 1406 5459 Aquas
1464 5386 1672 5458 Nigras
1701 5384 1892 5441 subsi-

240 5482 433 5544 stens,
467 5495 533 5533 eo
564 5478 838 5534 accedere
868 5477 1178 5544 recusavit,
1211 5475 1325 5532 nisi
1358 5491 1428 5531 ex
1457 5474 1646 5530 ofﬁcio
1677 5491 1783 5529 suo
1806 5491 1895 5546 sy-

238 5567 402 5624 nodo
425 5583 673 5640 praaesse
694 5568 1150 5638 permitteretur,
1171 5567 1340 5636 cujus
1355 5563 1689 5636 superbiam
1704 5568 1894 5636 etper-

237 5656 528 5713 tinaciam
561 5661 772 5713 cuncta
810 5658 1070 5728 synodus
1119 5656 1427 5724 damnans,
1462 5670 1594 5709 eum
1627 5653 1780 5724 quod
1807 5669 1896 5709 ve-

2001 4693 2187 4745 reum,
2220 4692 2396 4747 opera
2445 4673 2702 4745 Hugcnis
2751 4673 2978 4728 abbatis
3025 4671 3425 4726 Cluniacensis
3455 4669 3647 4739 legato

2004 4764 2318 4838 apostolico
2333 4765 2615 4836 privante.
2631 4761 2994 4817 Cassinatem
3009 4759 3332 4825 ecclesiam,
3354 4759 3425 4813 ab
3439 4757 3650 4813 abbate

2006 4854 2298 4910 Desiderio
2329 4871 2363 4908 a
2394 4850 2799 4907 fundamentis
2825 4851 3188 4915 aedificatam,
3227 4864 3438 4920 magno
3471 4845 3646 4902 Italis:

2004 4943 2409 5015 episcoporum
2431 4946 2488 4996 et
2519 4955 2822 5011 procerum
2851 4954 3092 4994 numero
3115 4939 3486 5008 congregato,
3520 4933 3645 4989 Kal.

2005 5031 2256 5088 octobris
2278 5030 2414 5086 anni
2442 5030 2572 5084 1061
2596 5027 2782 5083 multa
2798 5043 2930 5082 cum
2954 5025 3323 5082 solemnitate
3340 5023 3645 5080 dedicavit.

2005 5121 2405 5177 lnterfuerunt
2441 5121 2617 5172 tantae
2651 5116 2973 5173 celebritati
3007 5115 3264 5188 pontifex
3291 5129 3426 5169 cum
3458 5112 3648 5168 cardi-

2006 5209 2261 5275 nalibus,
2320 5206 2762 5278 archiepiscopi,
2822 5204 3077 5278 episcopi
3135 5203 3324 5271 XLIV,
3384 5206 3443 5259 et
3468 5203 3652 5260 totius

2004 5297 2230 5370 Apulia:
2261 5301 2318 5352 et
2347 5294 2622 5352 Calabriae
2656 5309 2942 5366 proceres.
3588 5365 3594 5370 ι

2075 5387 2277 5442 Eidem
2299 5384 2562 5441 ccenobio
2585 5382 2842 5455 pontifex
2876 5382 3293 5438 monasterium
3330 5381 3649 5439 Palladium

2006 5477 2200 5531 Romae
2229 5481 2288 5530 et
2326 5472 2703 5529 Tarracinam
2747 5471 3051 5526 concessit.
3086 5476 3250 5526 Anno
3281 5470 3380 5543 qui
3412 5475 3651 5527 secutus

2005 5568 2092 5620 est
2114 5562 2368 5636 pontifex
2389 5562 2549 5618 aliud
2586 5561 2852 5615 Laterani
2875 5559 3185 5615 concilium
3224 5560 3495 5631 quintum
3513 5558 3648 5629 egiti

2006 5655 2064 5710 in
2091 5670 2205 5724 quo
2223 5651 2528 5725 episcopos
2551 5649 2771 5720 aliquot
2809 5653 2865 5704 et
2895 5648 3134 5705 abbates
3174 5648 3545 5714 Teutonicos,
3575 5645 3646 5701 de
