3996 6158
430 371 591 434 12⁸75

1722 373 2173 435 ALEXANDRI
2216 372 2269 434 ll
2317 372 2546 434 PAPJE

3602 369 3711 431 1276

431 506 721 563 Simolaca
772 504 901 561 labe
956 504 1268 573 convictos,
1329 506 1647 572 damnavit,
1708 511 1765 564 et
1814 506 2071 580 legatum
2104 507 2159 573 Α
2190 510 2401 572 ctante,
2434 507 2809 560 consecratus
2837 505 2947 569 est,
2980 515 3113 555 cum
3161 500 3365 569 quanta
3385 497 3520 554 mala
3543 498 3622 554 Dei
3646 502 3716 557 Ec-

435 597 505 652 ad
526 612 653 651 eam
669 594 1096 667 reprimendam
1114 594 1589 667 misitHugonem
1605 597 1873 652 abbatem
1885 598 2076 653 Cluni-

434 700 723 739 aecnsem.
752 683 812 738 In
837 684 1135 755 sequentis
1158 686 1293 739 anni
1318 686 1538 758 synodo
1555 686 1667 741 alia
1681 687 2073 754 Lateranensi,

434 788 562 842 quae
586 775 749 827 sexta
761 771 869 826 fuit
881 788 1083 827 earum
1097 790 1243 844 quas
1256 774 1328 829 ab
1342 792 1408 829 eo
1435 781 1813 847 congregatas
1828 781 2074 845 constat,

435 859 657 931 aliquot
681 858 901 932 praelati
927 861 1246 918 honoribus
1267 864 1421 918 exuti
1445 872 1603 919 sunt.
1646 865 1916 921 Gibertus
1943 870 2079 920 Cor-

436 947 583 1020 rigia
600 947 952 1020 Parmensis,
977 949 1116 1005 olim
1157 951 1476 1023 imperialis
1505 954 1651 1008 aulae
1674 954 2078 1020 cancellarius,

436 1040 639 1108 rogatu
666 1039 940 1109 Augustae
975 1040 1237 1111 Agnetis,
1273 1042 1746 1115 archiepiscopus
1779 1044 2083 1099 Ravennae

441 1124 514 1180 ab
569 1124 893 1181 Alexandro
926 1145 1094 1199 papa,
1128 1146 1465 1202 quanquam
1498 1132 1614 1187 fere
1643 1132 1821 1187 invito
1849 1138 1906 1188 et
1938 1132 2085 1187 relu-

2184 595 2369 650 clesiae
2404 610 2539 650 eum
2566 593 2866 648 illaturum
2901 606 3026 646 esse
3056 589 3143 643 vir
3189 593 3406 642 sanctus
3436 596 3717 659 prasageret.

2186 685 2252 739 Et
2282 684 2439 739 haud
2473 685 2641 755 longe
2673 687 2823 754 post.
2871 679 3032 735 festis
3082 676 3433 749 paschalibus
3475 676 3721 733 celebratis.

2186 773 2510 828 Alexander
2540 790 2709 844 papa,
2744 769 2904 826 senio
2934 768 3249 830 confectus,
3295 766 3469 819 Roma:
3495 765 3542 818 in
3572 767 3723 836 palatio

2187 862 2558 917 Lateranensi
2590 863 2757 917 beato
2788 859 2901 915 ﬁne
2932 856 3167 929 quievit.
3191 856 3359 924 Cujus
3392 855 3635 923 corpusin
3660 860 3727 910 ba-

2190 952 2353 1007 silica
2383 950 2886 1015 Constantiniana,
2923 947 3089 1015 cujus
3120 943 3256 999 olim
3302 942 3579 997 canonicus
3604 944 3730 998 fuerat

2191 1047 2242 1096 et
2276 1042 2333 1095 in
2368 1057 2484 1111 qua
2513 1040 2783 1094 eumdem
2816 1036 3078 1091 ordinem
3124 1032 3431 1103 collapsum
3463 1032 3733 1101 restituerat,

2194 1129 2487 1201 sepultum
2520 1132 2627 1183 est.
2666 1127 2790 1185 Non
2828 1124 3049 1183 vacavit
3080 1123 3265 1177 sedes.

1393 1282 3737 1320 Μ

1207 1428 1713 1522 NOTITIA
1801 1427 2477 1521 HISTORICA
2562 1423 3083 1517 ALTERA.

1373 1607 1605 1676 (MANSI,
1640 1607 1885 1662 Concilia
1912 1604 2220 1678 generalia,
2254 1610 2395 1661 tom.
2430 1604 2568 1673 XIX,
2602 1622 2732 1676 pag.
2766 1603 2916 1673 039.)

516 1917 858 1989 Alexander,
888 1918 1077 1991 patria
1100 1918 1573 1989 Mediolanensis,
1604 1919 1914 1991 episcopus
1945 1923 2091 1974 Luc—
2124 1930 2170 1994 Β
2195 1935 2333 1974 vum
2365 1919 2465 1974 sed
2504 1917 2731 1972 viribus
2779 1914 2999 1987 ingenii
3048 1916 3104 1968 et
3152 1911 3341 1984 gratia
3385 1903 3759 1994 Spiritussaucti

452 2006 665 2073 censis,
685 2011 857 2062 antea
876 2007 1194 2063 Anselmus
1216 2012 1609 2080 nuncupatus,
1639 2014 1772 2081 post
1792 2013 1909 2064 tres
1938 2025 2096 2063 men-

451 2111 544 2150 ses
571 2095 908 2168 interregni,
937 2114 968 2151 a
998 2096 1395 2153 cardinalihus
1444 2102 1655 2153 sanctae
1688 2098 1963 2153 Romanae
1994 2098 2096 2152 Ec-

452 2183 636 2239 clesiae
667 2183 924 2254 legitimo
954 2186 1069 2241 ritu
1102 2186 1359 2258 pontifex
1389 2191 1685 2242 Romanus
1715 2187 1894 2258 hujus
1917 2185 2100 2241 nomi-

452 2273 544 2328 nis
566 2274 860 2329 secundus
888 2274 1108 2330 electus
1133 2280 1222 2330 est
1244 2292 1394 2331 anno
1416 2275 1629 2332 Christi
1652 2276 1812 2346 1061,
1836 2280 2099 2347 tempore

450 2362 749 2435 regnantis
778 2363 1010 2419 Henrici
1040 2364 1132 2419 IV.
1168 2365 1310 2420 Cum
1345 2365 1541 2421 obitus
1571 2364 1789 2421 Nicolai
1822 2382 1983 2437 papae
2015 2365 2098 2418 in-

451 2450 761 2518 notuisset,
794 2452 1037 2508 comites
1086 2453 1405 2510 Tusculani
1452 2459 1509 2508 et
1557 2454 1849 2510 Galeriani
1879 2453 2096 2525 aliique

452 2540 697 2595 Romani
729 2556 1018 2611 proceres,
1050 2546 1286 2613 propter
1319 2543 1506 2598 fcedus
1554 2560 1687 2598 cum
1719 2544 2096 2598 Nortmannis

452 2627 664 2683 initum
695 2633 907 2685 sancte
950 2630 1224 2685 Romanae
1270 2630 1538 2685 Ecclesiae
1586 2631 1979 2686 cardinalibus
2008 2630 2097 2684 in-

458 2716 626 2782 fenei,
677 2718 880 2774 habita
934 2719 1381 2791 pseudosynodo
1439 2719 1778 2784 Basileensi,
1827 2718 2098 2775 comitem

455 2808 771 2878 quemdam
792 2805 1033 2863 Galerius
1049 2808 1425 2880 deputarunt,
1445 2809 1545 2880 qui
1568 2825 1842 2864 coronam
1861 2824 2099 2863 auream

455 2899 513 2951 et
534 2896 823 2969 insignem
843 2896 1184 2968 patriciatus
1200 2896 1457 2966 titulum,
1478 2899 1550 2953 ad
1568 2913 1762 2969 regem
1787 2897 2100 2953 Henricum

458 2985 742 3051 deferens,
769 3000 871 3055 pro
894 2985 1155 3040 Romano
1179 2986 1449 3056 pontiﬁce
1475 3002 1543 3041 ex
1574 2985 1975 3059 Longohardia
1997 2985 2099 3040 eli-

457 3073 646 3145 gendo
658 3072 1376 3145 sollicitaret.Cardinales,
1391 3074 1883 3131 circumventione
1900 3091 2101 3130 eorum

460 3160 711 3233 cognita,
742 3160 897 3217 idem
929 3161 1347 3233 praestiterunt,
1379 3168 1437 3219 et
1484 3164 1557 3219 ad
1600 3165 1873 3219 eumdem
1906 3179 2101 3235 regem

458 3248 820 3349 stephanum
843 3249 1194 3360 cardinalem
1219 3252 1644 3360 eresbyterum,
1663 3252 1959 3323 quondam
1977 3252 2105 3308 Clu-
2133 3292 2176 3360 Ο

462 3336 756 3394 niacensis
771 3337 1019 3394 ccenobii
1032 3339 1408 3406 monachum,
1423 3340 1788 3413 ablegarunt.
1822 3342 2099 3407 Quicum,

463 3426 639 3500 regiis
662 3426 946 3483 ministris
979 3428 1370 3495 obstantibus,
1394 3433 1597 3485 contra
1618 3431 1718 3500 jus
1737 3430 2001 3503 gentium
2033 3431 2104 3485 ad

462 3515 822 3588 colloquium
850 3515 1005 3589 regis
1035 3534 1151 3573 non
1182 3518 1607 3589 admitteretur,
1638 3518 1812 3574 rediit
1841 3519 1912 3573 ad
1946 3536 2107 3584 suos,

463 3604 725 3678 quidque
753 3604 866 3661 sibi
918 3606 1206 3662 evenisset
1260 3623 1457 3663 coram
1514 3608 1789 3663 omnibus
1818 3607 2106 3680 exposuit.

466 3693 642 3749 Facta
666 3692 963 3757 relatione,
986 3693 1141 3749 circa
1174 3693 1461 3750 Kalendas
1498 3694 1762 3750 Octobris
1784 3693 2109 3750 cardinales

464 3780 799 3855 pontiﬁcem
829 3781 1150 3854 elegerunt.
1183 3798 1300 3838 non
1331 3798 1505 3853 quem
1536 3782 1769 3849 vellent,
1800 3782 1904 3838 sed
1933 3798 2109 3854 quem

468 3872 590 3944 regi
620 3874 853 3944 gratum
885 3871 1005 3926 fore
1034 3872 1357 3943 putabant:
1412 3871 1695 3927 nimirum
1738 3871 2108 3937 Anselmum,

470 3959 657 4032 patria
668 3958 1534 4033 Mediolanensem,episcopum
1558 3962 1931 4028 Luccensem,
1957 3960 2111 4032 regis

470 4048 841 4112 familiarem,
860 4047 1123 4119 aulasque
1145 4048 1313 4120 regiae
1332 4049 1499 4119 quasi
1516 4049 1821 4105 alumnum
1837 4054 1894 4105 et
1913 4050 2110 4104 dome-

473 4136 712 4193 sticum.
734 4136 839 4191 Sed
866 4136 1009 4206 quid
1027 4136 1277 4191 accidit?
1298 4138 1512 4191 Audita
1531 4138 1809 4193 electione
1828 4137 2111 4205 Anselmi,

474 4241 602 4295 quis
631 4224 813 4280 inscio
843 4228 900 4277 et
927 4223 1261 4278 inconsulto
1305 4240 1438 4295 rege
1490 4225 1850 4296 contigisset,
1884 4225 2115 4280 concla-

475 4316 634 4367 mata
649 4316 739 4367 est
753 4311 825 4367 ab
840 4327 930 4367 om
941 4311 1113 4367 nibus
1130 4311 1189 4366 in
1207 4312 1341 4367 aula
1356 4312 1511 4385 regis
1530 4312 1747 4383 injuria
1767 4314 1888 4384 regi
1928 4313 2110 4369 illata.

472 4406 716 4457 Hortatu
746 4416 883 4473 ergo
930 4400 1193 4457 Guiberti
1240 4401 1573 4458 Parmensis
1602 4402 1952 4471 cancellarii,
2000 4405 2115 4459 duo

476 4490 731 4563 episcOpi
753 4489 986 4563 publico
1008 4489 1401 4547 coneubinatu
1420 4490 1687 4546 infamati
1705 4507 1839 4547 eum
1862 4493 2116 4548 Gerardo

473 4580 573 4637 illo
603 4579 842 4637 Galeria:
872 4578 1083 4636 comite
1110 4582 1168 4635 et
1195 4579 1477 4653 sacrilego
1502 4580 1792 4651 praedone,
1825 4597 2000 4653 quem
2018 4581 2117 4637 Ni-

2206 2006 2637 2077 admirabilem,
2661 2023 2729 2061 ex
2751 2003 3158 2059 archidiacono
3195 1998 3409 2055 creavit
3434 1992 3760 2051 cancellarium

2206 2097 2300 2152 cui
2346 2096 2626 2152 universe
2669 2095 2941 2149 Romanae
2998 2088 3269 2146 Ecclesiae
3327 2080 3701 2141 administratio
3721 2095 3764 2132 ex

2207 2186 2397 2241 ofﬁcio
2421 2184 2899 2239 committeretur.
2922 2179 3232 2243 Cadalous,
3257 2172 3533 2245 corruptis
3552 2185 3667 2224 auro
3683 2183 3767 2238 pro—

2208 2274 2439 2330 ceribus
2470 2273 2660 2338 Urbis,
2694 2273 2938 2326 Romam
2961 2272 3184 2325 armata
3216 2280 3394 2320 manu
3420 2259 3767 2333 ingreditenta-

2205 2363 2289 2419 vit
2313 2381 2325 2419 :
2362 2364 2462 2418 sed
2486 2361 2758 2434 repulsus
2785 2375 2998 2430 magna
3023 2357 3113 2413 sui
3138 2354 3476 2410 confusione
3512 2350 3573 2404 ad
3604 2344 3771 2418 propria

2208 2452 2459 2509 revertit.
2483 2455 2744 2522 Cumque
2764 2449 2886 2504 haec
2904 2446 3100 2503 omnia
3122 2440 3543 2503 ﬁerentstudio,
3560 2435 3771 2522 instinctu

2209 2547 2265 2597 et
2293 2558 2468 2613 opera
2497 2521 2669 2595 istius
2700 2537 2961 2595 Guiberti
2994 2534 3300 2608 principis,
3324 2546 3493 2603 quem
3513 2521 3773 2613 imperauit

2208 2610 2623 2686 cancellarium
2656 2629 2889 2693 fecerat,
2924 2624 3209 2697 singulari
3242 2621 3343 2678 Dei
3376 2616 3598 2674 consilio
3626 2610 3777 2667 accidit

2210 2723 2275 2773 ut
2295 2722 2498 2773 sancto
2518 2716 2747 2771 Annoni
2765 2713 3087 2770 Coloniensi
3107 2709 3543 2782 archiepiscopo
3559 2702 3659 2774 (qui
3680 2704 3777 2752 Hen-

2209 2806 2394 2863 ricum
2418 2821 2610 2877 regem
2635 2820 2883 2876 puerum
2914 2804 3041 2873 jam
3076 2815 3368 2856 annorum
3392 2798 3577 2851 decem
3602 2810 3629 2845 a
3651 2792 3780 2882 mat-re

2211 2900 2433 2969 Agnete
2453 2876 2826 2967 imperatrice
2863 2892 3243 2955 subduxerat,
3271 2885 3658 2953 blanditiisque
3682 2876 3781 2969 deli-

2214 2967 2426 3050 nitum,
2458 2989 2917 3053 caaterorumque
2958 2980 3284 3035 Germania:
3327 2972 3635 3048 principum
3662 2967 3783 3022 obse-

2212 3074 2349 3145 quio
2364 3075 2794 3144 frequentatum
2812 3075 2868 3126 et
2884 3068 3201 3133 cultum,ed
3213 3065 3504 3122 ucandum
3520 3056 3784 3115 retinuerat)

2213 3164 2367 3235 regis
2397 3160 2665 3217 custodia
2688 3167 2746 3216 et
2766 3159 2927 3232 regni
2970 3153 3427 3218 administratio,
3447 3147 3644 3206 habitis
3661 3146 3787 3200 desu-

2216 3267 2319 3324 per
2346 3249 2617 3315 comitiis,
2651 3249 3121 3304 demandaretur.
3155 3249 3323 3300 Hanc
3356 3244 3670 3324 potestatem
3695 3248 3788 3287 con-

2215 3323 2470 3406 secutus,
2495 3340 2564 3394 ad
2589 3354 2679 3394 res
2694 3337 2959 3393 Ecclesia
2971 3333 3410 3406 componendas
3426 3335 3587 3400 atque
3599 3323 3793 3381 schisma

2216 3446 2429 3485 novum
2453 3428 2625 3501 plane
2645 3427 3087 3498 exstirpandum
3111 3422 3364 3479 contulit
3381 3437 3442 3476 se
3464 3420 3520 3473 in
3543 3412 3793 3472 Italiam,et

2217 3519 2463 3575 Romam
2486 3533 2673 3589 usque
2696 3516 2978 3589 pervenit.
3005 3515 3144 3569 Inde
3191 3514 3253 3567 in
3275 3507 3630 3566 Germaniam
3658 3513 3792 3596 rever-

2219 3626 2343 3675 sus,
2366 3608 2601 3663 hortatu
2624 3605 2777 3662 Petri
2804 3604 3067 3661 Damiani
3115 3602 3177 3657 in
3200 3600 3517 3673 praesentia
3559 3593 3689 3664 regis

2220 3713 2529 3770 scoporum
2554 3695 2877 3751 Germaniae
2905 3697 2961 3749 et
2980 3691 3158 3748 Italiae
3178 3690 3471 3762 synodum
3500 3680 3795 3770 convocavit:

2220 3765 2355 3859 qua,
2378 3789 2511 3858 post
2530 3783 2987 3857 disputationem
3012 3782 3163 3836 inter
3186 3780 3466 3835 Romanae
3488 3765 3800 3859 Ecclesitede-

2220 3855 2509 3931 fenebrem
2542 3880 2599 3929 et
2629 3855 2974 3929 advocatum
3008 3870 3235 3942 regium
3287 3867 3569 3928 habitam,
3597 3855 3800 3915 omnium

2219 3961 2923 4021 acclamationeCadalous
2939 3960 3158 4032 pseudo
3166 3957 3427 4029 pontifex
3438 3957 3523 4009 est
3533 3950 3802 4007 damnatus.

2221 4051 2533 4109 Alexandri
2594 4056 2786 4107 autem
2843 4049 3044 4105 electio
3107 4046 3507 4118 comprobata.
3540 4036 3681 4104 Quod
3708 4044 3802 4087 Cum

2221 4144 2419 4199 Patres
2442 4140 2743 4196 Mantuani
2765 4138 3017 4205 concilii,
3068 4137 3159 4192 cui
3208 4138 3381 4191 Anno
3401 4124 3729 4190 Coloniensis
3751 4119 3807 4173 18-

2223 4232 2458 4305 gatione
2487 4229 2641 4301 regis
2671 4228 2905 4283 nomine
2932 4228 3166 4281 functus
3198 4225 3355 4278 inter
3383 4224 3588 4287 fuerat,
3610 4230 3700 4305 sua
3716 4224 3807 4305 ξεη·

2224 4300 2407 4378 tentia
2421 4300 2935 4375 conﬁrmassentet
2956 4313 3367 4370 schismrticus
3386 4306 3632 4366 secundo
3650 4300 3811 4357 Urbem

2223 4408 2534 4466 infeliciter
2563 4422 2893 4479 expugnare
2915 4406 3217 4469 tentasset,
3245 4401 3486 4457 tandem
3510 4392 3811 4481 pseudopot‘v

2226 4499 2365 4555 tifex
2396 4515 2429 4552 a
2458 4496 2772 4552 schismate
2803 4495 3100 4560 recedens,
3145 4491 3329 4563 petita
3358 4493 3417 4544 et
3448 4486 3669 4543 obtenta
3691 4487 3816 4571 vesia

2227 4586 2571 4651 Alexandro,
2607 4583 2808 4657 paucis
2839 4586 2973 4654 post
3002 4582 3206 4637 diebus
3251 4578 3469 4634 malam
3511 4575 3814 4657 mortemin:

476 4670 677 4726 colaus
724 4668 783 4725 in
811 4669 1071 4725 Romano
1093 4668 1337 4724 concilio
1355 4669 2122 4742 excommunicaverat,ipso
2152 4667 2200 4732 D
2230 4675 2432 4733 currit.
2474 4645 2736 4745 Augusta
2788 4689 2915 4745 quae
2964 4670 3196 4726 nefaria
3244 4665 3481 4723 cadaloi
3528 4652 3816 4745 promotionl

480 4758 625 4815 festo
647 4758 905 4815 Simonis
929 4763 987 4814 et
1004 4758 1169 4813 Judaa
1191 4757 1623 4824 convenientes,
1644 4756 1959 4813 Cadaloum
1982 4761 2118 4813 Par-

479 4864 741 4904 mensem
772 4848 1109 4919 episcopum
1146 4847 1271 4917 jam
1329 4851 1499 4902 antea
1550 4846 2118 4902 excommunicatum

477 4936 797 5010 elegerunt,
831 4952 1161 5007 novumque
1191 4936 1452 4991 schisma
1499 4936 1885 4991 concitarunt.
1919 4936 2120 4992 Petrus

479 5026 747 5082 Damiani
780 5024 1228 5081 schismaticum
1260 5040 1363 5095 per
1392 5024 1619 5079 litteras
1648 5024 1989 5095 increpavit,
2021 5027 2121 5081 sed

478 5119 709 5171 tantum
741 5114 908 5170 abest
937 5118 1002 5169 ut
1032 5113 1206 5169 homo
1230 5111 1509 5184 pestilens
1529 5112 1742 5168 litteris
1763 5113 1917 5169 Petri
1938 5119 2125 5170 exter-

482 5204 628 5260 ritus
646 5207 922 5269 cessaret,
947 5206 1011 5257 ut
1035 5202 1211 5258 etiam
1234 5201 1359 5273 ipse
1382 5200 1763 5272 turpissimus
1784 5202 2126 5275 turpissime

479 5290 713 5363 viveret,
771 5290 1019 5363 aliisque
1071 5289 1319 5363 turpiter
1389 5290 1717 5346 viventibus
1773 5292 2124 5348 conniverat.

484 5378 748 5451 Cumque
778 5397 844 5436 ea
874 5397 935 5436 re
965 5379 1455 5435 incontinentium
1489 5378 1829 5436 clericorum
1862 5383 2127 5439 omnium

487 5467 701 5523 animis
755 5469 867 5523 sibi
925 5468 1258 5525 conciliaret
1296 5467 1643 5539 libidinique
1700 5470 1860 5526 frena
1888 5470 2128 5540 laxaret,

486 5554 625 5611 dicti
650 5560 789 5609 sunt
803 5556 1129 5625 Cadaloitae,
1150 5557 1248 5629 qui
1267 5562 1435 5613 antea
1450 5557 1742 5613 Nicolaitae
1764 5559 2127 5618 dicebantur.

558 5643 884 5701 Alexander
925 5645 1408 5715 Hildebrandum,
1462 5651 1686 5704 statura
1732 5649 1967 5721 quidem
1998 5670 2129 5724 par-

2230 4766 2465 4830 faverat,
2491 4762 2890 4835 paenitentiam
2917 4764 3118 4815 actura
3138 4762 3383 4813 Romam
3406 4753 3562 4809 venit
3580 4749 3645 4805 ad
3665 4740 3820 4799 limina

2230 4851 2647 4925 apostolorum,
2707 4866 2886 4921 seque
2929 4866 3043 4905 non
3098 4850 3328 4903 tantum
3381 4837 3819 4925 imperio,i\_'erllll1

2232 4919 2407 4998 etiam
2461 4940 2724 4996 saeculari
2781 4919 2922 4995 cura
2978 4942 3036 4992 et
3074 4936 3291 4992 honore
3350 4936 3532 4987 totam
3566 4919 3821 4981 abdicavit.

2232 5030 2557 5086 Alexander
2576 5027 2835 5101 pontifex
2856 5028 3051 5083 sedem
3101 5022 3484 5096 apostolicam
3525 5014 3702 5088 quiete
3721 5004 3821 5101 atie'

2234 5125 2391 5193 ptus,
2417 5092 2761 5190 legationem
2787 5116 2948 5172 misit
2963 5116 3033 5171 ad
3057 5092 3400 5170 Eduardum
3441 5120 3628 5179 regem
3648 5092 3824 5193 Anglia

2236 5179 2337 5282 pre
2366 5179 2674 5265 Wulstano
2702 5204 3129 5279 Wigorniensis
3180 5199 3448 5257 Ecclesia:
3478 5193 3725 5266 episcopo
3749 5179 3824 5282 eli-

2236 5275 2445 5371 gendo.
2472 5297 2703 5352 Petrum
2727 5275 2992 5351 Dainiani
3017 5290 3302 5364 ablegavit
3330 5289 3388 5343 in
3414 5284 3623 5371 Gallias
3639 5275 3829 5371 prqplel

2238 5364 2540 5459 angustias
2572 5386 2785 5457 quibus
2809 5383 3217 5441 Cluniacenses
3241 5375 3512 5435 monachi
3541 5364 3828 5461 afﬂigeli‘an'

2237 5450 2371 5545 tur’;
2405 5450 2677 5531 eumdem
2710 5474 2873 5530 misit
2902 5471 3253 5529 Florentiam
3286 5468 3358 5524 ad
3382 5464 3636 5523 schisma
3656 5450 3828 5510 ibidem

2239 5568 2556 5623 conflatum
2586 5566 2777 5621 denuo
2808 5561 3293 5635 componendum.
3779 5621 3807 5635 η

2310 5656 2588 5714 Ηωιοεεὶω
2640 5653 3082 5723 Nicolaitarum,
3142 5649 3242 5722 qui
3297 5644 3635 5703 clericorum
3684 5628 3830 5687 conh-

3841 126 3843 191 4

3842 204 3845 275 4

3842 284 3847 351 4

3846 362 3849 435 4

3848 440 3851 495 4

3852 520 3853 569 4

3841 126 3843 191 4

3842 204 3845 275 4

3842 284 3847 351 4

3846 362 3849 435 4

3848 440 3851 495 4

3852 520 3853 569 4
