3996 6158
225 336 386 396 1277

1480 339 1803 402 ΝΟΤΙΤΙΑ
1843 340 2396 404 DlPLOMATlCA.

3482 336 3637 401 1278

224 467 495 525 nentium
518 469 792 541 conjugia
814 469 1182 543 pertinaciter
1201 471 1608 544 defendebant,
1632 489 1736 545 per
1766 473 1872 528 Da-
1902 488 1960 553 Α
1989 477 2106 529 tam
2140 474 2449 545 conjugem
2477 473 2783 546 repudiare
2814 473 3077 547 parabat,
3109 488 3212 546 per
3248 472 3485 529 Petrum
3516 472 3630 529 Da-

226 558 496 613 mianum
557 558 878 614 confutavit
920 568 975 615 et
1021 560 1353 615 eradicavit.
1404 562 1875 619 Incestuosorum

225 663 364 703 vero
396 647 688 714 haresim,
721 665 849 720 qua
899 648 1242 704 auctoritate
1281 650 1593 706 Justiniani
1625 652 1876 723 impera-

224 736 375 791 toris
398 738 715 804 asserebat,
736 738 938 792 eadem
961 737 1181 793 ratione
1200 739 1383 810 quain
1404 740 1875 795 successionibus

224 826 625 881 numerandos
647 842 777 881 esse
796 826 1013 898 gradus
1030 828 1580 899 consanguinitatis,
1606 845 1721 883 non
1745 834 1873 884 tan-

220 919 353 968 tum
384 930 486 986 per
504 913 810 985 epistolam
833 914 978 970 Petri
1002 916 1289 984 Damiani,
1312 933 1513 972 verum
1536 918 1713 973 etiam
1736 918 1875 973 duo-

220 1003 341 1059 bus
362 1002 747 1074 pluribusque
766 1003 960 1058 Roma
983 1003 1198 1059 habitis
1212 1005 1870 1079 conciliisimpugnavit.

221 1091 443 1147 Contra
477 1108 656 1147 novos
685 1091 988 1148 hareticos
1037 1094 1144 1149 hoc
1191 1098 1452 1165 tempore
1483 1100 1869 1168 emergentes,

218 1181 631 1253 quidocebant
652 1182 1025 1253 episc'Opatus
1046 1199 1079 1237 a
1102 1183 1641 1256 principibuslaicis
1655 1185 1874 1256 absque

221 1270 473 1325 crimine
506 1270 777 1325 Simonia
808 1270 962 1326 licite
992 1272 1105 1326 emi
1138 1289 1330 1343 posse,
1363 1290 1626 1345 quosque
1666 1278 1873 1330 Petrus

221 1359 493 1414 Damiani
518 1359 750 1431 scriptis
780 1360 903 1415 suis
926 1362 1178 1432 graviter
1206 1361 1526 1417 insectatus
1544 1366 1651 1428 est,
1675 1363 1870 1418 decre-

216 1452 351 1503 tum
370 1447 550 1503 edidit
571 1465 686 1519 quo
708 1450 899 1504 omnis
916 1449 1179 1505 beneficii
1201 1450 1869 1507 ecclesiasticivcnditio-

220 1554 361 1592 nem
394 1542 448 1592 et
477 1538 833 1609 emptionem
867 1538 1185 1593 interdixit.

299 1631 411 1682 Per
439 1626 816 1682 Godefridum
847 1627 1067 1683 Tuscia
1090 1627 1513 1694 marchionem,
1546 1629 1870 1684 Romanam

218 1714 541 1771 Ecclesiam
589 1714 854 1770 liberavit
884 1732 918 1770 a
963 1716 1378 1771 Nortmannis:
1417 1733 1550 1771 cum
1591 1718 1717 1787 jam
1768 1716 1871 1771 Ri-

218 1804 476 1859 chardus
507 1805 1004 1859 Nortmannorum
1033 1803 1304 1876 princeps
1334 1804 1629 1876 Aquinum
1682 1820 1870 1876 usque

216 1892 403 1947 victor
432 1892 809 1964 pervenisset,
842 1893 1053 1949 Urbem
1087 1892 1347 1964 proxime
1380 1894 1710 1964 invasurus,
1748 1898 1871 1949 uta

214 1982 495 2053 pontifice
527 1982 899 2054 imperatoris
946 1982 1175 2053 insigne
1207 1983 1486 2054 consequi
1517 1986 1734 2054 posset.
1780 1983 1867 2038 Ad

211 2070 595 2126 Guillelmum
615 2070 884 2127 comitem
899 2070 1312 2138 Nortmannia,
1331 2087 1502 2143 quem
1517 2072 1866 2140 Edwardus,

209 2158 375 2231 virgo
398 2159 680 2229 virginem
704 2159 927 2215 habens
955 2176 1192 2215 uxorem
1214 2159 1506 2227 Editham,
1527 2160 1688 2215 nulla
1709 2159 1869 2232 prole

211 2247 437 2318 relicta,
465 2265 864 2304 successorem
888 2249 1052 2321 regni
1085 2249 1486 2319 constituerat,
1511 2249 1675 2305 misit
1692 2248 1866 2304 vexil-

209 2336 360 2405 lum,
382 2342 447 2391 ut
467 2337 786 2392 Haroldum
821 2342 1138 2409 tyrannum
1168 2336 1391 2408 Anglia
1425 2354 1672 2410 regnum
1703 2354 1869 2393 occu-

207 2430 451 2497 pantem
474 2433 605 2498 post
624 2426 847 2481 obitum
864 2426 1049 2481 sancti
1072 2425 1343 2481 Edwardi
1362 2426 1514 2497 regis
1527 2424 1860 2497 expelleret,

213 2519 395 2586 atque
422 2521 482 2577 ut
500 2514 802 2587 legitimus
824 2531 1127 2570 successor
1142 2515 1342 2571 eodem
1362 2531 1539 2587 regno
1558 2515 1861 2586 potiretur.

212 2607 327 2659 Pro
359 2603 779 2675 componendis
829 2603 1216 2659 seditionibus
1266 2620 1372 2676 per
1415 2603 1778 2659 Simoniacos
1809 2608 1868 2659 et

207 2692 559 2748 fornicarios
608 2692 847 2748 clericos
898 2692 1132 2763 exortis,
1173 2692 1523 2764 legationem
1573 2692 1735 2747 misit
1790 2694 1862 2748 ad

199 2780 697 2838 Mediolancnses.
731 2781 971 2837 Decreta
1001 2782 1311 2837 autoritate
1350 2778 1668 2852 apostolica
1715 2781 1861 2853 ipsis

199 2870 548 2943 prascripta
576 2870 728 2924 infra
755 2871 1215 2942 subjunguntur.
1244 2878 1282 2925 A
1314 2869 1627 2925 Guilielmo
1650 2870 1861 2925 comite

194 2959 588 3031 Burgundia,
622 2964 679 3014 et
709 2959 1109 3031 compluribus
1141 2959 1494 3014 Francorum
1542 2958 1859 3027 nobilibus,

192 3066 309 3121 pro
340 3048 703 3104 defendenda
724 3048 986 3103 Romana
1006 3047 1281 3115 Ecclesia,
1305 3047 1693 3118 quotiesopus
1715 3052 1859 3112 erat,

185 3139 463 3209 juratam
496 3137 952 3210 promissionem
975 3135 1211 3207 accepit.
1244 3135 1427 3191 Usum
1456 3135 1661 3203 mitrae,
1695 3134 1859 3191 laicis

1988 563 2167 618 miani
2199 562 2518 634 apostolica
2566 563 2855 635 legatione
2904 580 2937 617 a
2965 562 3262 634 proposito
3320 562 3631 618 revocavit.

1986 651 2472 723 Argentinensem
2494 653 2856 724 episcopum,
2888 652 3255 708 Guarnerum
3278 651 3534 719 nomine,
3555 652 3627 707 ob

1986 740 2205 796 crimen
2226 741 2494 796 Simonia
2525 741 2863 813 episcopatu
2896 740 3158 812 privavit.
3210 740 3355 796 Cum
3384 740 3628 813 Mogun-

1984 829 2107 884 tino
2128 833 2185 884 et
2214 828 2625 900 Bambergensi
2658 831 2728 884 de
2748 830 3020 885 Simonia
3041 828 3295 885 crimine
3336 828 3626 885 accusatis

1984 923 2255 973 sanctum
2286 922 2587 974 Annonem
2612 919 2683 974 ad
2706 936 2766 973 se
2784 917 3133 985 venientem,
3166 921 3223 973 et
3244 934 3346 990 pro
3370 917 3482 973 reis
3503 917 3623 989 epi-

1982 1008 2176 1079 scopis
2206 1008 2679 1077 intercedentem,
2733 1007 3051 1063 honorifice
3099 1007 3343 1079 excepit,
3388 1007 3625 1062 brachio

1983 1098 2169 1151 sancti
2199 1096 2428 1152 Casarii
2458 1096 2729 1164 donavit;
2781 1096 3028 1167 ejusque
3058 1095 3272 1161 favore,
3324 1095 3470 1149 citra
3499 1112 3627 1150 mu-

1983 1201 2188 1241 nerum
2205 1186 2625 1257 acceptionem,
2647 1190 2713 1241 ut
2732 1202 2866 1241 cum
2889 1184 3106 1257 injuria
3125 1182 3417 1256 pontificis
3440 1184 3626 1255 suspi-

1981 1278 2147 1329 catur
2179 1275 2538 1345 Lambertus,
2572 1274 2876 1346 praedictos
2905 1273 3169 1330 absolvit.
3206 1274 3311 1328 Per
3339 1272 3561 1343 legatos
3592 1289 3627 1327 a

1981 1361 2158 1419 latere
2174 1380 2282 1418 suo
2302 1362 2361 1418 in
2375 1362 2645 1435 Angliam
2663 1363 2946 1419 missosin
2970 1361 3217 1418 concilio
3230 1360 3624 1418 Wintoniensi

1980 1452 2353 1524 Stigandum,
2376 1451 2809 1508 Cantuariensis
2835 1450 3101 1507 Ecclesia
3137 1450 3490 1516 invasorem,
3522 1449 3624 1503 de-

1979 1541 2175 1612 posuit
2199 1559 2211 1607 ;
2239 1542 2557 1597 Lanfranco
2575 1541 2764 1596 eidem
2798 1541 3111 1613 subrogato
3137 1538 3352 1610 duplex
3378 1536 3621 1610 pallium

1979 1629 2283 1685 concessit.
2305 1631 2540 1685 Petrum
2560 1628 2876 1700 Anagnina
2898 1627 3145 1685 civitatis
3166 1626 3526 1699 episcopum,
3550 1627 3621 1681 ad

1979 1717 2316 1773 Michaelem
2328 1717 2450 1785 VII,
2466 1717 2716 1773 Orientis
2729 1717 3162 1789 imperatorem,
3178 1714 3621 1788 apocrisiarium

1980 1805 2171 1874 misit;
2196 1807 2351 1861 unde
2372 1807 2644 1861 eumdem
2663 1806 3071 1877 imperatorem
3093 1821 3227 1859 cum
3246 1805 3508 1859 Romana
3524 1804 3625 1858 Ec-

1978 1893 2157 1951 clesia
2176 1894 2589 1949 communione
2612 1895 2992 1964 conjunctum
3023 1893 3204 1948 fuisse
3226 1896 3426 1963 aperte
3455 1890 3620 1947 colli-

1978 1983 2153 2056 gitur.
2180 1983 2485 2038 Basilicam
2507 1983 2703 2038 Sancti
2720 1982 3012 2038 Benedicti
3034 1981 3090 2035 in
3115 1980 3470 2035 monasterio
3492 1981 3625 2037 Cas-

1978 2071 2197 2127 sinensi
2223 2072 2429 2144 ipsein
2463 2071 2771 2143 prasentia
2800 2071 3065 2127 omnium
3097 2068 3486 2125 cardinalium
3516 2068 3623 2123 de-

1977 2161 2207 2216 dicavit.
2232 2161 2545 2216 Henricum
2565 2176 2780 2231 regem,
2807 2176 2981 2231 quem
3008 2163 3241 2230 propter
3259 2156 3622 2213 Simoniacas

1976 2248 2346 2305 abbatiarum
2360 2254 2416 2304 et
2431 2248 2875 2320 episcopatuum
2894 2246 3369 2315 nundinationes,
3390 2244 3619 2316 aliaque

1974 2337 2144 2410 plura
2173 2338 2405 2404 delicta,
2454 2338 2708 2392 Saxones
2761 2340 2817 2392 et
2861 2336 3151 2409 principes
3201 2334 3431 2406 imperii
3464 2332 3619 2404 apud

1975 2427 2310 2498 pontiﬁcem
2354 2430 2786 2491 accusaverant,
2837 2441 3131 2497 quemque
3161 2428 3399 2479 sanctus
3427 2424 3617 2487 Anno,

1975 2516 2243 2571 abdicata
2272 2515 2423 2570 hanc
2446 2516 2517 2570 ob
2534 2530 2772 2570 causam
2799 2514 2961 2585 regni
2984 2529 3131 2583 cura
3153 2515 3210 2567 et
3241 2509 3616 2566 administra-

1972 2604 2148 2669 tione,
2175 2604 2247 2658 ab
2268 2603 2564 2675 impietate
2586 2608 2642 2659 et
2662 2602 2986 2674 sacrilegiis
3007 2601 3161 2673 apud
3184 2598 3455 2655 eumdem
3479 2614 3617 2669 pon-

1971 2692 2188 2747 tificem
2220 2691 2495 2764 graphice
2522 2691 2930 2762 descripserat,
2979 2705 3082 2761 per
3110 2688 3335 2743 litteras
3366 2687 3611 2742 Romam

1971 2780 2166 2836 citavit
2194 2797 2205 2836 :
2239 2797 2440 2835 verum
2465 2784 2650 2835 morte
2676 2784 3023 2851 praventus,
3048 2793 3286 2833 causam
3308 2774 3462 2847 regis
3484 2790 3615 2830 suc-

1970 2869 2183 2925 cessori
2203 2870 2282 2940 dij
2292 2868 2639 2924 udicandam
2660 2868 2913 2940 reliquit.
2937 2868 3201 2923 Mortuus
3221 2870 3311 2921 est
3333 2864 3609 2937 pontifex,

1970 2958 2326 3014 miraculosa
2363 2959 2645 3014 damonis
2678 2956 3019 3030 expulsione
3049 2959 3105 3011 et
3134 2954 3326 3010 claudi
3358 2951 3613 3008 hominis

1970 3062 2109 3101 cura
2139 3046 2573 3112 celeberrimus,
2608 3048 2824 3115 Roma,
2856 3045 3082 3101 decimo
3123 3042 3410 3099 Kalendas
3457 3039 3611 3110 Maii,

1969 3150 2121 3190 anno
2152 3136 2310 3200 1072,
2345 3151 2477 3189 cum
2532 3133 2781 3190 sedisset
2835 3150 3021 3189 annos
3051 3131 3346 3199 undecim,
3380 3144 3612 3185 menses

194 3227 491 3282 hactenus
524 3226 957 3292 inconcessum,
978 3224 1262 3281 Vratislao
1294 3223 1428 3279 duci
1460 3223 1851 3279 Bohemorum
1884 3214 1927 3281 C
1965 3240 2087 3289 sex,
2118 3227 2175 3278 et
2205 3223 2328 3279 dies
2354 3222 2560 3295 viginti
2591 3223 2760 3277 duos.

192 3315 511 3371 concessit.
537 3314 851 3370 Henricum
875 3329 1092 3386 regem,
1123 3313 1219 3384 qui
1240 3311 1485 3385 juvenili
1510 3312 1703 3367 furore
1724 3312 1860 3367 Ber-

197 3463 3615 3493 Μ

1178 3596 1683 3693 ΝΟΤΙΤΙΑ
1751 3595 2634 3692 DIPLOMATICA.

1072 3823 1283 3894 (JAFFE,
1333 3825 1555 3895 Regesta
1599 3818 1927 3893 pontiﬁcum
1981 3819 2367 3889 Romanorum,
2418 3834 2550 3890 pag.
2601 3818 2751 3889 389.)

1677 3970 2100 3982 -ψ-

271 4096 337 4152 In
360 4095 671 4152 Alexandri
696 4098 743 4152 ΙΙ
768 4097 944 4153 bullis
966 4099 1239 4171 (quarum
1262 4099 1429 4171 signa
1451 4097 1863 4172 chronologica
1889 4098 1937 4163 D

190 4186 361 4242 haud
411 4202 542 4241 raro
574 4191 713 4242 sunt
760 4187 1092 4258 depravata)
1122 4188 1244 4243 hac
1275 4188 1478 4244 insunt
1508 4190 1806 4245 sententia
1834 4206 1847 4245 ε
1950 4254 1958 4263 ⁸

192 4276 452 4331 MAGNUS
476 4273 631 4331 Deus
654 4292 871 4331 Nos'rsn
892 4294 959 4331 ET
981 4294 1176 4333 MAGNA
1195 4294 1400 4333 vm'rus
1434 4293 1585 4345 esus;
1606 4310 1673 4318 ——
1696 4279 1852 4332 Dsus

191 4379 477 4420 NOSTBUM
495 4379 797 4419 neruorum
817 4381 1105 4421 E’I‘VIRTUS
1132 4383 1144 4434 ;
1168 4398 1235 4407 —
1262 4367 1573 4422 Ennmvrr
1595 4384 1673 4422 ME
1696 4372 1848 4422 Deus

190 4470 258 4509 IN
283 4468 533 4508 VIRTUTE
562 4469 793 4509 BRACHII
822 4470 939 4509 8U].

266 4616 439 4669 Teste
471 4613 948 4686 subscripserunt
969 4631 982 4670 :

343 4703 669 4775 Bonifacius
700 4703 974 4775 episcopus
1004 4704 1325 4761 Albanensis
1348 4706 1459 4777 (27,
1494 4708 1603 4778 49).

340 4794 546 4847 Petrus
578 4794 895 4849 Damianus
920 4795 1203 4865 episwpus
1231 4796 1499 4851 Ostiensis
1528 4796 1640 4867 (27,
1663 4798 1773 4869 49).

340 4882 583 4937 Joannes
612 4883 892 4953 episcopus
911 4883 1256 4955 Portuensis,
1289 4885 1400 4953 (27,
1430 4885 1542 4957 29).

338 4971 633 5040 Le0pertus
662 4966 946 5042 episcopus
974 4972 1289 5028 Parmensis
1319 4974 1453 5043 (49).

341 5058 661 5114 Mainardus
687 5058 742 5114 S.
774 5060 987 5131 Ruﬁna
1014 5063 1290 5133 episcopus
1318 5064 1453 5134 (27).

339 5146 623 5203 Hubaldus
652 5149 935 5219 episcopus
966 5149 1292 5207 Sabinensis
1317 5153 1427 5223 (27,
1462 5154 1572 5225 49).

336 5237 578 5292 Joannes
606 5239 886 5309 episcopus
919 5240 1339 5298 Tusculanensis
1373 5244 1505 5314 (27).

337 5325 658 5382 Desiderius
694 5327 878 5398 presb.
908 5328 1058 5385 card.
1109 5346 1247 5385 rom.
1309 5332 1451 5386 Eccl.
1502 5339 1553 5388 et
1589 5333 1755 5389 abbas
1785 5335 1842 5387 S.

412 5414 696 5470 Benedicti
726 5415 859 5487 (27).

339 5503 597 5569 Joannes,
654 5504 751 5574 qui
788 5512 839 5560 et
890 5506 1153 5575 Minutas,
1215 5508 1368 5563 card.
1429 5511 1516 5564 tit.
1570 5509 1623 5565 S.
1658 5510 1845 5567 Mariae

415 5599 572 5649 trans
606 5593 849 5651 Tiberim
878 5594 1011 5666 (49).

2110 4094 2416 4167 Stephanus
2444 4098 2664 4150 vocatus
2692 4092 3001 4149 cardinalis
3022 4092 3155 4164 (49).

2109 4183 2520 4240 Hildebrandus
2549 4184 2604 4239 S.
2639 4185 2700 4238 R.
2732 4183 2792 4237 E.
2824 4182 3245 4238 archidiaconus
3276 4180 3390 4251 (27,
3418 4179 3533 4251 29).

2036 4273 2273 4343 Scripta
2304 4272 2474 4328 bulla
2506 4276 2646 4327 sunt
2675 4288 2776 4343 per
2806 4288 3050 4327 manum
3075 4286 3089 4325 :

2102 4362 2352 4416 Rainerii
2379 4362 2668 4417 scriniarii
2686 4370 2736 4417 et
2756 4360 2963 4416 notarii
2976 4362 3123 4415 sacri
3131 4360 3337 4430 palatii
3357 4358 3470 4429 (13,
3492 4358 3603 4428 33).

2105 4448 2427 4504 ϐαίηὶπροηίδ
2479 4450 2688 4504 notarii
2733 4450 2887 4503 sacri
2932 4449 3134 4519 palatii
3178 4454 3490 4517 sanctaque
3541 4448 3602 4500 R.

2170 4538 2232 4591 E.
2266 4537 2399 4607 (26).

2100 4626 2366 4696 Stephani
2410 4625 2619 4680 notarii
2663 4625 2967 4695 regionarii
3011 4628 3066 4678 et
3120 4622 3386 4678 scrinarii
3431 4620 3488 4675 S.
3538 4622 3601 4676 R.

2171 4715 2232 4768 E.
2266 4713 2399 4783 (29).

2101 4802 2312 4857 Octavii
2338 4801 2627 4856 scriniarii
2654 4808 2706 4856 et
2733 4801 2944 4857 notarii
2972 4801 3119 4856 sacri
3133 4799 3332 4871 palatii
3351 4797 3463 4868 (51,
3484 4796 3596 4868 52).

2095 4892 2330 4947 Joannis
2358 4891 2569 4945 notarii
2597 4897 2649 4946 et
2678 4891 2981 4959 regionarii
3011 4905 3076 4944 ac
3103 4887 3366 4943 scrinarii
3393 4902 3439 4942 δ.
3484 4885 3599 4941 sed.

2142 5029 2148 5041 ,
2170 4984 2339 5051 apost.
2373 4979 2485 5051 (58,
2515 4978 2631 5050 59).

2024 5073 2204 5138 Data,

2431 5156 2629 5212 Mense
2653 5156 2753 5226 jan
2763 5154 2922 5212 uario
2953 5157 3091 5212 1063
3111 5173 3123 5212 :

1953 5248 2061 5303 Per
2090 5261 2367 5303 manum:
2403 5245 2680 5302 Mainardi
2720 5262 2766 5300 s.
2806 5246 3068 5303 Ecclesiae
3113 5245 3279 5301 Silva
3338 5241 3603 5299 Candida

2488 5336 2724 5405 episcopi
2770 5341 2821 5389 et
2865 5338 3042 5404 apost.
3080 5333 3201 5390 sed.
3245 5332 3602 5389 bibliotheca-

2484 5425 2563 5478 rii
2591 5423 2666 5494 (8,
2701 5423 2811 5493 10).

2166 5512 2203 5566 A
2234 5510 2515 5568 Januario
2552 5512 2690 5565 1063
2718 5511 2791 5565 ad
2820 5512 3171 5569 Januarium
3209 5513 3384 5567 1069:

1953 5600 2062 5657 Per
2092 5616 2333 5658 manum
2358 5618 2371 5658 :
2404 5601 2559 5659 Petri
2579 5599 2987 5658 bibliothecarii
3007 5600 3084 5674 (9,
3118 5602 3209 5673 25,
3234 5602 3326 5671 26,
3350 5602 3465 5674 29).
