3962 6158
527 340 682 403 1279

1028 563 1144 617 vice
1170 562 1385 617 domini
1416 565 1660 617 Annonis
1718 563 2052 619 Coloniensis
2087 581 2178 618 ar-

1029 652 1356 723 chiepiswpi
1397 656 1447 706 et
1494 654 1665 723 ipsius
1711 652 1767 707 S.
1804 654 1861 708 Il.
1897 654 1957 706 E.
1991 654 2176 707 archi-

1027 742 1351 795 cancellarii
1380 743 1507 813 (11).

956 831 1108 884 Petri
1136 832 1190 885 S.
1234 832 1293 884 R.
1326 832 1388 884 E.
1421 830 1744 884 subdiaconi
1773 834 1821 884 et
1856 832 2182 886 canceliarii

1026 921 1144 972 vice
1166 919 1381 973 domini
1425 922 1667 973 Annonis
1699 919 2035 974 Coloniensis
2085 937 2179 973 ar-

1026 1007 1358 1079 chiepiscopi
1387 1017 1438 1063 et
1468 1009 1578 1062 sed.
1603 1012 1775 1078 apost.
1814 1009 2178 1063 archicancel-

1030 1097 1164 1150 larii
1192 1098 1303 1163 (13,
1339 1098 1427 1162 14,
1457 1099 1547 1164 24,
1579 1098 1668 1160 32,
1701 1098 1793 1161 33,
1824 1098 1935 1165 47).

957 1186 1112 1239 Petri
1143 1185 1196 1238 S.
1234 1187 1291 1239 Il.
1326 1187 1385 1238 E.
1418 1186 1744 1239 subdiaconi
1773 1190 1933 1254 atque
1984 1186 2179 1239 biblio-

1027 1273 1259 1327 thecarii
1298 1275 1407 1341 (27,
1440 1275 1529 1338 31,
1562 1275 1651 1340 34,
1705 1276 1796 1340 35,
1826 1275 1917 1341 50,
1966 1276 2057 1339 53,
2088 1276 2178 1343 55,

1028 1362 1098 1415 57
1133 1362 1232 1427 bis,
1254 1362 1343 1429 59,
1375 1364 1468 1428 60,
1498 1362 1608 1427 62).

962 1451 1248 1505 Rembaldi
1274 1451 1601 1507 subdiaconi
1629 1452 1760 1521 (48).

1815 338 2268 403 ALEXANDRI
2311 339 2365 402 11
2410 340 2642 403 ΡΑΡΕ
3100 308 3105 311 ’
3684 348 3773 410 mo

955 474 1109 528 Petri
1151 472 1563 530 bibliothecarii
1610 474 1754 529 5.12.
1804 476 1874 529 E.
1926 474 2167 547 acolyihi
2196 475 2249 540 Α

2714 474 2872 530 Petri
2899 473 3089 529 clerici
3115 472 3386 543 fungentis
3416 474 3510 529 vice
3544 477 3658 534 Petri
3687 480 3771 551 8.12.

2786 566 2848 619 Ε.
2899 562 3218 618 subdiaconi
3262 570 3311 617 et
3355 562 3678 623 bibliothecarii
3714 575 3773 639 {61,

2790 653 2879 719 e3,
2912 653 3022 722 e7).

2637 743 2682 795 A
2712 741 2991 796 Januario
3031 741 3103 796 ad
3132 740 3366 795 Junium
3400 742 3549 797 1070:

2293 831 2399 887 Per
2430 847 2673 886 manum
2699 847 2710 885 :
2737 832 2889 886 Petri
2912 831 3101 886 clerici
3122 832 3389 900 fungentis
3426 833 3523 886 vice
3559 834 3673 888 Petri
3692 837 3724 889 S.
3744 840 3773 891 Β.

2786 921 2846 973 Ε.
2882 918 3187 973 cardinalis
3209 926 3258 974 et
3284 918 3632 975 bibliothecarii
3652 925 3774 987 (71,72.

2791 1009 2880 1078 73,
2912 1010 3024 1075 75).

2541 1098 2621 1152 Ab
2655 1097 2887 1152 Octobri
2922 1098 3060 1151 1070
3106 1097 3175 1151 ad
3210 1096 3465 1151 Martium
3495 1098 3634 1152 1073:

2296 1187 2403 1241 Per
2431 1202 2715 1241 manum:
2748 1188 2902 1241 Petri
2929 1185 2985 1240 S.
3016 1187 3073 1239 Β.
3107 1187 3167 1239 E.
3200 1184 3491 1241 cardinalis
3523 1189 3777 1257 presbyteri

2793 1273 3203 1328 bibiiothecarii
3228 1275 3337 1343 (76,
3366 1275 3453 1341 77,
3477 1275 3645 1342 78,80,
3665 1278 3778 1344 81,57,

2790 1364 2881 1430 88,
2914 1364 3002 1427 89,
3032 1364 3124 1430 9ο,
3160 1364 3303 1431 145).

1605 1813 2596 1913 ALEXAND!“
2725 1816 2855 1914 ιι

1871 2041 2270 2098 PONTIFICIS
2313 2041 2595 2098 ROMANI

1116 2245 1958 2341 EPISTOL/E
2058 2246 2247 2339 ET
2358 2244 3351 2340 DIPLOMATA.

1330 2598 1350 2651 Ι

522 2681 829 2738 Alexandri
856 2684 905 2739 II
934 2683 1187 2754 Epistola
1218 2686 1287 2739 ad
1315 2685 1747 2741 Mediolanenses
1789 2692 2168 2739 conterraneos

678 2770 826 2811 suos.
861 2786 929 2795 --
958 2758 1173 2811 Excitat
1199 2773 1289 2812 eos
1318 2756 1388 2812 ad
1417 2759 1685 2813 virtutum
1715 2758 2003 2811 emercitia.

1142 2846 1333 2916 (Anno
1368 2847 1549 2917 1061.)

930 2933 1161 3006 [ΜΑΝει,
1198 2934 1401 2989 Concil.
1436 2935 1575 3007 XIX,
1603 2935 1754 3005 9-51.]

592 3041 934 3096 ALEXANDER
958 3040 1288 3113 episcopus,
1321 3058 1525 3097 servus
1556 3058 1858 3097 servorum
1891 3041 2008 3108 Dei,
2045 3057 2169 3096 om-

524 3129 697 3184 nibus
731 3129 1270 3186 Mediolanensibus
1304 3130 1457 3186 clero
1496 3134 1554 3186 et
1585 3130 1799 3203 populo
1831 3129 2083 3185 salutem
2116 3133 2172 3185 et

524 3218 905 3290 apostolicam
939 3212 1428 3275 benedictionem.

592 3306 781 3363 Divini
796 3307 1006 3378 judicii
1028 3307 1410 3379 dispositione
1432 3307 1727 3379 provisum
1752 3312 1842 3362 est
1868 3310 1931 3361 ut
1949 3306 2171 3361 Medio-

462 3420 465 3421 ν
521 3394 781 3452 lanensis
811 3396 1077 3452 Ecclesiae
1108 3396 1289 3464 filius,
1321 3402 1380 3451 et
1425 3396 1833 3451 Ambrosianis
1890 3395 2169 3451 uberibus

522 3485 910 3554 sublactatus,
927 3486 997 3541 ad
1016 3486 1366 3541 famulatum
1384 3484 1709 3556 apostolica)
1722 3484 1878 3540 sedis
1891 3484 2168 3556 indignus

522 3575 898 3630 ascenderem
922 3591 987 3630 ac
1010 3574 1185 3630 matri
1206 3574 1471 3630 omnium
1498 3572 1889 3629 Ecclesiarum
1913 3577 2169 3644 pastora-

521 3661 594 3718 lis
612 3679 761 3718 curae
787 3662 1181 3719 sollicitudine
1204 3662 1576 3719 deservirem.
1611 3662 1773 3717 Unde
1812 3680 1946 3717 cum
1990 3662 2170 3718 totius

524 3751 872 3808 universalis
895 3751 1163 3807 Ecclesiae
1188 3768 1327 3807 cura
1350 3751 1519 3806 nobis
1542 3767 1655 3805 non
1681 3750 1822 3805 levis
1844 3751 2166 3817 incumbat,

526 3840 872 3911 propensius
902 3840 1059 3895 circa
1087 3857 1188 3895 vos
1222 3840 1349 3912 ipsa
1370 3843 1579 3895 natura
1608 3855 1715 3893 nos
1748 3843 2022 3910 provocat
2043 3855 2170 3893 esse

524 3928 868 4001 pervigiles:
905 3934 969 3984 ut
1015 3929 1169 3985 unde
1217 3946 1322 3984 nos
1371 3932 1598 3984 constat
1645 3927 1888 3998 originis
1931 3927 2167 3983 duxisse

524 4018 938 4088 primordium,
962 4018 1037 4072 ibi
1061 4018 1235 4073 etiam
1255 4017 1493 4089 majoris
1517 4018 1586 4072 ad
1610 4021 1882 4071 aeternam
1915 4016 2165 4071 salutem

524 4104 847 4161 habeamus
866 4105 1281 4161 sollicitudinis
1302 4107 1747 4161 incrementum.
1772 4104 1919 4159 Nam
1941 4109 1999 4159 et
2020 4104 2173 4177 ignis

525 4209 593 4247 ea
613 4193 869 4264 primum
890 4193 1054 4262 ligna
1072 4194 1394 4265 conﬂagrat
1413 4209 1481 4247 ex
1502 4193 1721 4263 quibus
1736 4191 1939 4260 oritur,
1964 4196 2021 4247 et
2044 4192 2173 4248 fons

527 4286 661 4336 ante
692 4282 889 4337 omnia
942 4280 1074 4337 illas
1122 4286 1287 4337 terra:
1336 4298 1512 4337 venas
1561 4280 1820 4335 infundit
1858 4297 1927 4336 ex
1956 4282 2171 4352 quibus

527 4369 715 4425 ﬂuens
736 4370 1049 4425 derivatur.
1075 4370 1238 4426 Unde
1266 4388 1389 4440 vos,
1415 4369 1802 4437 dilectissimi,
1830 4369 2071 4426 internae
2092 4370 2174 4425 di-

526 4457 792 4516 lectionis
824 4459 1019 4515 studio
1065 4459 1399 4526 cohortans,
1447 4476 1606 4531 rogo,
1642 4464 1706 4514 ut
1751 4460 1821 4515 ad
1873 4458 2082 4515 caelum
2112 4476 2173 4515 se

524 4544 717 4603 vester
748 4547 991 4619 spiritus
1013 4548 1216 4620 erigat,
1241 4548 1573 4620 deceptoria
1590 4552 1952 4603 terrenarum
1977 4563 2170 4603 rerum

525 4641 582 4692 et
612 4636 830 4692 caduca
853 4635 1013 4692 lucra
1039 4642 1393 4705 contemnat,
1419 4638 1490 4693 ab
1531 4653 1729 4692 amore
1754 4636 1970 4692 caenosi
1994 4635 2171 4707 hujus

525 4725 733 4781 mundi
764 4742 828 4781 se
849 4727 1166 4797 prudenter
1187 4726 1473 4798 expediat,
1498 4727 1566 4781 ad
1588 4725 1876 4781 Creatoris
1896 4724 1985 4781 sui
2018 4724 2168 4780 desi-

524 4815 751 4869 derium
778 4814 1121 4871 medullitus
1143 4814 1492 4871 inardescat.
1510 4814 1848 4882 Estisenim,
1873 4814 2025 4869 sicut
2044 4814 2173 4867 bea-

523 4907 622 4958 tus
651 4903 795 4958 dicit
815 4903 1137 4976 apostolus,
1166 4920 1297 4975 gens
1333 4912 1539 4973 sancta,
1571 4904 1806 4975 papulas
1854 4904 2167 4974 acquisitio-

522 4994 613 5047 nis
637 5010 655 5047 :
682 4996 745 5047 ut
774 4995 1005 5049 virtutes
1036 4994 1383 5049 annuniietis
1412 4993 1548 5063 ejus,
1580 4994 1676 5062 qui
1704 4992 1771 5047 de
1813 4991 2050 5047 tenebris
2081 5008 2171 5046 vos

522 5084 734 5137 vocavit
760 5082 831 5137 ad
852 5082 1187 5137 admirabile
1208 5082 1392 5137 lumen
1412 5098 1574 5136 suum
1596 5083 1642 5152 (1
1668 5082 1815 5136 Petr.
1842 5082 1923 5152 11).
1948 5080 2170 5146 Quibus

522 5187 660 5242 ergo
678 5170 988 5227 hereditas
1002 5171 1481 5237 incontaminata,
1496 5169 2024 5237 immarccscibilis,
2040 5186 2170 5225 con-

527 5264 793 5315 servatur
822 5260 878 5315 in
912 5259 1073 5315 cmlis
1098 5277 1110 5315 :
1137 5258 1291 5314 absit
1320 5264 1385 5314 ut
1415 5276 1615 5314 eorum
1661 5275 1827 5315 mens
1861 5275 1963 5331 per
2010 5274 2168 5315 amo-

527 5361 648 5401 rem
681 5350 856 5404 rebus
879 5351 955 5405 sit
977 5348 1232 5405 involuta
1254 5348 1517 5405 terrenis.

599 5435 794 5504 Plane,
819 5439 958 5510 quia
978 5438 1152 5494 etiam
1175 5436 1844 5511 vulgaribusloquimur,
1864 5437 2165 5511 vulgatum

525 5524 833 5596 Scriptura;
867 5528 1266 5583 testimonium
1323 5527 1599 5583 libentius
1648 5527 2011 5583 exhibemus.
2046 5527 2164 5583 Me-

526 5618 783 5671 mentote
805 5614 1024 5684 itaque,
1040 5618 1246 5672 fratres
1268 5617 1404 5685 mei,
1425 5617 1578 5689 quod
1604 5615 1665 5671 in
1688 5615 1945 5672 oratione
1968 5616 2162 5673 Domi-

2197 2597 2242 2662 B
2274 2594 2401 2651 nica
2436 2594 2631 2651 dicitis
2656 2613 2669 2650 :
2703 2598 2873 2652 Pater
2899 2600 3105 2666 noster,
3127 2597 3227 2667 qui
3249 2612 3306 2651 es
3336 2598 3392 2650 in
3414 2594 3550 2651 caelis
3573 2590 3787 2665 (lautum.

2280 2686 2461 2749 Quem
2496 2684 2693 2757 itaque
2723 2686 2951 2740 Patrem
2989 2701 3291 2751 vocamus,
3326 2685 3396 2739 ad
3446 2685 3561 2754 ejus
3597 2678 3790 2736 haeredita-

2277 2778 2393 2827 tem
2418 2777 2551 2837 tota
2581 2773 2795 2829 mentis
2827 2773 3306 2845 concupiscentia
3328 2774 3583 2829 festinare
3601 2770 3791 2825 debemus.

2279 2861 2359 2916 De
2389 2865 2623 2916 terrena
2648 2879 2828 2933 porro
2861 2861 3195 2917 haereditate
3217 2862 3498 2933 scriptum
3519 2866 3621 2915 est:
3645 2856 3792 2913 Heredi-

2276 2954 2381 3018 tas,
2413 2949 2483 3004 ad
2524 2966 2696 3019 quam
2738 2952 2799 3004 in
2838 2952 3115 3022 principio
3160 2953 3479 3021 festinatur,
3523 2951 3573 3004 in
3612 2946 3789 3001 nuisse

2282 3038 2653 3094 benedictione
2682 3040 2886 3095 carebit
2912 3040 3093 3110 (Prov.
3122 3040 3240 3111 xx).
3276 3040 3393 3095 Cur
3422 3055 3567 3111 ergo,
3599 3051 3698 3091 cum
3720 3031 3795 3085 dici-

2281 3143 2412 3181 mus
2436 3143 2449 3183 :
2473 3133 2642 3183 Pater
2672 3136 2879 3199 noster,
2914 3132 3122 3200 praesto
3152 3128 3590 3202 sobjungimus:
3620 3125 3695 3192 Qui
3718 3120 3796 3175 ait

2278 3217 2449 3283 caelis,
2482 3221 2540 3271 et
2568 3233 2683 3272 non
2712 3218 2929 3289 potius,
2954 3218 3054 3289 qui
3077 3234 3138 3273 es
3184 3218 3246 3272 in
3278 3218 3470 3287 terris,
3498 3213 3708 3270 videlicet
3728 3223 3795 3279 qui

2279 3305 2449 3361 nobis
2481 3305 2738 3361 notiores
2769 3310 2944 3374 sunt;
2993 3306 3134 3374 sive,
3168 3307 3275 3379 qui
3325 3323 3388 3362 es
3425 3306 3481 3360 in
3510 3303 3665 3376 aquis,
3687 3296 3795 3353 autin

2278 3393 2526 3466 abyssis,
2555 3411 2689 3449 cum
2722 3395 2939 3466 ubique
2962 3399 3112 3451 Deus
3130 3395 3230 3462 sit,
3257 3396 3517 3467 nihilque
3533 3394 3594 3449 ab
3619 3393 3711 3461 ejus
3724 3402 3797 3458 pr?-

2279 3476 2468 3538 sentia
2496 3499 2743 3538 vacuum
2769 3483 2890 3539 sit?
2912 3484 3013 3539 sed
3048 3500 3182 3539 cum
3214 3484 3497 3539 dicimus:
3528 3488 3662 3537 Pater
3680 3480 3795 3535 eadm

2277 3570 2492 3627 idcirco
2524 3571 2836 3628 addimus:
2866 3572 2973 3640 Qui
2999 3588 3053 3627 es
3086 3574 3146 3627 in
3172 3573 3350 3641 caelis,
3378 3577 3440 3627 ut
3459 3573 3523 3626 ad
3545 3570 3673 3626 illam
3687 3563 3799 3621 calt?

2277 3664 2393 3716 tem
2426 3659 2821 3717 hereditatem
2844 3677 2972 3717 sese
3000 3664 3200 3717 noster
3240 3662 3472 3717 animus
3509 3660 3661 3730 erigat
3683 3658 3795 3722 atque

2279 3749 2337 3804 in
2371 3752 2491 3804 tam
2522 3749 2774 3805 sublime
2804 3766 3040 3821 germen
3074 3749 3341 3806 adscitus
3375 3754 3438 3805 ut
3481 3749 3549 3805 sit
3576 3737 3797 3802 heresDei.

2277 3842 2506 3894 terrena
2526 3837 2798 3910 qualibet
2820 3838 3157 3911 ignobiliter
3178 3855 3297 3895 non
3314 3838 3573 3910 requirat.
3591 3833 3796 3889 Enimvero

2285 3927 2453 3982 Pater
2474 3926 2628 3995 fidei,
2651 3927 2968 3999 Abraham,
2996 3926 3195 3999 plures
3218 3928 3430 3985 habuit
3451 3926 3604 3995 filios,
3622 3921 3693 3978 sed
3710 3916 3798 3973 solus

2284 4013 2381 4069 ille
2415 4014 2645 4081 nobilis,
2672 4016 2771 4087 qui
2800 4016 2908 4070 fuit
2938 4016 3131 4072 uxoris
3157 4041 3170 4084 ;
3194 4017 3298 4088 qui
3340 4033 3466 4072 vero
3487 4032 3547 4071 ex
3564 4008 3799 4068 concubina-

2281 4120 2413 4158 rum
2445 4107 2585 4158 sunt
2613 4104 2979 4177 ignobilitate
3000 4106 3282 4177 suscepti,
3306 4110 3547 4177 paternae
3564 4092 3799 4157 hereditatis

2282 4192 2652 4249 successione
2672 4192 2947 4266 leguntur
2966 4194 3209 4251 exclusi.
3232 4195 3409 4251 Porro
3430 4198 3622 4254 autem,
3637 4189 3734 4242 dum
3747 4194 3798 4234 €05

2281 4280 2428 4336 aluit
2455 4281 2771 4352 Abraham,
2797 4300 3000 4339 omnes
3023 4284 3372 4339 dicebantur
3393 4283 3490 4339 filii
3510 4278 3734 4337 Abraham
3750 4274 3798 4329 ξεί

2280 4388 2434 4436 vero,
2484 4388 2618 4426 cum
2650 4376 3066 4428 testamentum
3099 4373 3277 4441 venit,
3314 4374 3414 4445 qui
3445 4375 3583 4428 esset
3605 4363 3797 4437 legitimus

2280 4456 2483 4524 haeres,
2514 4458 2613 4529 qui
2646 4458 2771 4512 fieri
2797 4459 3028 4515 deberet
3070 4459 3327 4517 exheres
3360 4463 3602 4533 patenter
3622 4446 3796 4511 ostendit

2282 4545 2451 4617 Nam,
2484 4546 2788 4619 Scriptura
2818 4552 3088 4620 testante,
3139 4549 3302 4604 dedit
3350 4547 3619 4604 Abraham
3652 4548 3796 4597 omnem

2281 4634 2671 4691 hmreditatem
2697 4635 2816 4691 filio
2838 4654 2945 4693 suo
2968 4642 3130 4693 Isaac
3153 4656 3165 4707 ;
3189 4637 3332 4694 filiis
3353 4643 3536 4693 autem
3558 4626 3797 4691 concubina-

2280 4739 2411 4778 rum
2446 4725 2605 4780 dedit
2647 4740 2914 4794 munera,
2947 4730 3004 4782 et
3051 4728 3379 4800 segregavit
3422 4742 3515 4782 eos
3556 4740 3584 4779 a
3622 4719 3706 4775 ﬁlio
3738 4725 3797 4766 suo

2281 4817 2443 4869 Isaac
2475 4814 2633 4886 (Gen.
2665 4815 2817 4886 xxv).

2352 4902 2493 4957 Ecce
2522 4902 2720 4974 itaque
2748 4920 2952 4959 omnes
2982 4903 3329 4960 dicebantur
3359 4903 3480 4971 ﬁlii,
3510 4900 3597 4957 sed
3623 4911 3707 4952 non
3728 4904 3794 4944 οω-

2281 5008 2384 5047 nes
2410 4991 2767 5048 haireditatis
2799 4996 3051 5064 paternas
3083 4997 3223 5049 sunt
3245 4994 3383 5065 jura
3412 4989 3599 5049 sortiti.
3634 4985 3700 5039 Sic
3722 4990 3794 5051 pm”

2281 5080 2429 5135 fecto
2484 5080 2686 5137 fratres
2737 5080 3119 5154 quamplures
3168 5087 3307 5138 sunt
3360 5081 3522 5137 hodie
3566 5070 3794 5157 Chiis“???

2280 5168 2658 5241 professionis
2687 5170 2857 5226 titulo
2888 5171 3165 5243 decorati,
3188 5171 3287 5243 qui
3318 5169 3567 5226 videlicet
3592 5164 3639 5219 in
3663 5154 3792 5217 Clll’iéli

2281 5258 2616 5315 haereditate
2645 5276 3017 5332 nequaquam
3050 5263 3348 5316 merentur
3376 5256 3600 5316 ascribi:
3640 5255 3681 5306 et
3702 5254 3790 5300 nunt

2204 5333 2246 5397 θ
2278 5347 2512 5420 (Ιυίάθω
2535 5351 2773 5419 paterno
2788 5348 3064 5405 vocabulo
3077 5348 3417 5423 gloriantur,
3429 5346 3521 5403 sed
3534 5341 3788 5413 nequaqan

2275 5436 2347 5493 ad
2379 5436 2774 5493 hmreditanda
2806 5442 3045 5511 paterna
3074 5440 3227 5495 bona
3245 5436 3585 5511 perveniunt,
3602 5428 3721 5521 quia.
3738 5432 3789 5521 fe:

2275 5525 2363 5582 lut
2392 5524 2597 5598 spurii,
2623 5543 2735 5582 non
2757 5526 3034 5597 coelestia,
3056 5529 3155 5585 sed
3179 5534 3406 5584 terrena
3424 5517 3700 5599 ignobiliter
3713 5520 3773 5564 σοι]

2274 5616 2599 5688 cupiscunt.
2633 5616 2748 5673 Vos
2776 5621 2997 5690 autem,
3048 5617 3429 5685 dilectissimi,
3461 5609 3675 5670 membra
3695 5610 3785 5655 ωειο
