3996 6158
203 249 343 310 1281

1365 251 1768 312 ΕΡΙΞΤΟΙηΕ
1810 250 1908 312 ET
1953 250 2432 312 DIPLOMATA.

3439 262 3466 319 1
3477 260 3594 322 282

196 385 406 439 viscera
433 382 641 438 animae
669 398 832 448 meas,
865 383 950 438 sic
981 383 1225 455 satagite
1257 398 1359 455 per
1386 385 1539 439 viam
1575 383 1835 440 mandati
1867 394 1919 458 Α
1951 363 2196 454 questus
2219 391 2307 438 est
2334 385 2490 454 quod
2515 385 2756 456 quidam
2788 387 3094 455 Edbertus,
3121 390 3439 446 Farriensis
3469 394 3596 464 epi-

199 472 442 528 ccslestis
475 470 744 526 incedere
795 475 860 526 ut
908 488 1074 527 mens
1105 477 1305 527 nostra
1351 473 1560 528 merito
1610 490 1844 544 semper

198 563 397 617 debeat
420 561 492 615 de
522 563 726 616 sancta
745 560 1318 632 consanguineorum
1341 578 1581 617 suorum
1604 579 1842 618 conver-

199 651 352 707 sione
383 650 656 722 gaudere.
695 649 1012 720 Speremus
1061 655 1256 705 autem
1289 650 1349 705 in
1383 667 1448 705 eo
1481 651 1580 723 qui
1612 653 1683 706 de
1714 650 1842 705 Vir-

199 741 324 813 gine
354 740 630 812 dignatus
653 742 743 794 est
772 738 933 795 nasci
957 739 1114 810 quia,
1139 741 1326 795 nostri
1358 739 1668 796 ministerii
1694 745 1842 795 tem-

197 847 348 903 pore,
382 832 584 884 sancta
615 827 953 883 clericorum
988 829 1233 884 castitas
1265 829 1638 895 exaltabitur,
1669 834 1726 885 et
1756 830 1844 883 in-

198 918 616 975 continentium
651 916 882 972 luxuria
920 935 1052 972 cum
1085 919 1311 974 caeteris
1349 919 1675 974 hmresibus
1706 935 1843 974 con-

197 1007 877 1077 fundetur.0mnipotens
898 1008 1450 1076 Deus,dilectissimi
1475 1009 1683 1063 fratres
1705 1007 1842 1069 mei,

196 1099 264 1154 ab
281 1095 437 1153 omni
462 1113 560 1151 vos
578 1095 862 1167 pravitate
886 1097 1271 1167 custodiat,et
1293 1097 1647 1169 perjustitia:
1672 1097 1845 1152 semi-

193 1194 312 1243 tam
343 1187 414 1242 ad
445 1184 704 1242 cmlestia
732 1195 834 1240 vos
865 1201 1046 1259 regna
1077 1187 1378 1259 perducat.

987 1276 1056 1331 Il.

185 1364 487 1421 Alexandri
535 1364 582 1420 Il
622 1364 865 1436 epistola
917 1365 987 1420 ad
1045 1366 1388 1436 Landul/um
1442 1374 1494 1421 et
1550 1365 1839 1419 Arialdum

255 1439 495 1493 clericos.
521 1435 725 1508 —Non
773 1439 852 1491 ita
896 1452 1010 1492 esse
1036 1435 1438 1507 indulgendum
1481 1438 1724 1508 perjuris
1775 1440 1835 1491 ut

251 1508 585 1580 perjurandi
611 1507 772 1562 detur
801 1511 1034 1564 occasio.

539 1596 1001 1668 (Fragmentum.
1025 1629 1092 1636 —
1115 1600 1282 1652 Anno
1317 1597 1501 1666 1061.)

487 1685 717 1758 [ΜΑΝει
778 1685 982 1741 Concil.
1041 1686 1184 1756 XIX,
1235 1686 1345 1741 col.
1393 1688 1545 1756 980.]

257 1781 585 1832 Possumus
616 1774 676 1828 in
711 1775 969 1846 perjurio
999 1768 1197 1848 aliquo
1230 1775 1474 1830 crimine
1518 1775 1701 1848 lapsis
1730 1774 1848 1829 mi-

187 1865 513 1922 sericordiae
546 1880 789 1918 manum
821 1865 1136 1936 porrigere,
1167 1865 1269 1920 sed
1301 1881 1419 1920 non
1445 1865 1726 1920 debemus
1757 1865 1852 1919 ad.

189 1959 401 2011 futura:
435 1952 787 2026 perditionis
816 1953 1151 2024 exemplum
1182 1953 1482 2009 licentiam
1513 1954 1670 2009 dare.

958 2042 1056 2096 III.

181 2133 490 2189 Alexandri
521 2134 572 2187 II
593 2133 831 2203 cpistola
869 2132 945 2204 ad
984 2132 1290 2204 Heraldum
1321 2133 1611 2200 Norvegiae
1639 2148 1819 2204 regem

258 2237 325 2246 —
356 2202 630 2259 Hortatur
663 2220 787 2259 eum
840 2203 910 2257 ad
951 2202 1312 2258 obediendum
1360 2204 1651 2260 Adalberlo
1679 2202 1816 2258 Ham

258 2277 522 2346 burgensi
549 2276 974 2346 archiepiscopo.

814 2367 1002 2433 (Anno
1037 2364 1221 2434 1061.)

600 2453 836 2524 [MANSI,
871 2452 1079 2508 Concil.
1111 2451 1250 2521 XIX,
1286 2453 1440 2524 942.]

258 2545 606 2596 ALEXANDEB
633 2542 968 2612 episcopus,
999 2557 1205 2596 servus
1248 2556 1550 2596 servorum
1585 2542 1705 2609 Dei,
1742 2542 1849 2596 ΗΑ-

185 2647 375 2686 mmo
404 2629 901 2685 Nortmannorum
935 2629 1057 2701 regi
1089 2629 1340 2684 salutem
1375 2634 1434 2684 et
1467 2631 1849 2702 apostolicam

185 2719 678 2776 benedictionem.

267 2808 417 2874 Quia
447 2807 638 2863 adhuc
669 2807 845 2862 rudes
875 2807 934 2862 in
966 2807 1079 2862 lide
1099 2807 1350 2863 existitis
1371 2811 1429 2862 et
1457 2807 1516 2862 in
1545 2808 1851 2864 ecclesias-

187 2899 307 2953 tica
322 2895 1080 2969 disciplinaquodammodo
1098 2895 1697 2968 claudicatis,oportet
1714 2914 1842 2966 nos,

189 2987 411 3060 quibus
435 2985 612 3041 totius
635 2985 906 3040 Ecclesiae
928 2990 1018 3040 est
1038 2985 1425 3040 commissum
1449 2985 1736 3057 regimen,
1761 2987 1850 3040 di-

188 3077 348 3131 vinis
379 3073 878 3130 admonitionibus
914 3091 1014 3129 vos
1065 3075 1428 3146 frequentius
1459 3075 1713 3129 visitare.
1735 3075 1845 3130 Sed

189 3165 339 3236 quia
368 3165 440 3219 ob
470 3163 779 3236 longarum
807 3161 1212 3217 difﬁcultatem
1237 3163 1461 3217 viarum
1486 3180 1587 3234 per
1607 3181 1714 3218 nos
1740 3163 1849 3219 hoc

187 3269 369 3325 agere
403 3252 644 3307 minime
682 3250 968 3316 valemus,
1001 3251 1202 3306 sciatis
1251 3268 1356 3306 nos
1387 3251 1619 3306 Alberto
1651 3252 1848 3322 [Adal-

188 3341 384 3414 berto]
418 3342 720 3396 Bremensi
767 3339 1206 3412 archiepiscopo
1237 3339 1450 3395 vicario
1501 3346 1699 3396 nostro
1729 3341 1850 3396 haec

193 3432 449 3486 firmiter
469 3429 858 3486 commisisse.
883 3429 1200 3484 Praadictus
1226 3429 1426 3500 itaque
1458 3430 1851 3502 archiepisco-

190 3538 310 3592 pus
342 3518 568 3591 legatus
589 3523 788 3574 noster
811 3518 936 3573 suis
958 3518 1128 3572 nobis
1150 3524 1237 3572 est
1260 3523 1620 3590 conquestus
1641 3520 1854 3591 episto-

187 3608 274 3664 lis
305 3608 462 3679 quod
493 3607 751 3679 episcopi
788 3610 994 3661 vestra
1041 3607 1351 3678 provinciae
1400 3612 1502 3662 aut
1549 3623 1663 3662 non
1713 3612 1856 3663 sunt

191 3696 548 3763 consecrati,
580 3701 682 3752 aut
710 3697 848 3751 data
877 3694 1124 3768 pecunia
1153 3702 1357 3751 contra
1386 3697 1649 3752 Romana
1677 3696 1854 3768 privi-

193 3787 356 3859 legia
377 3803 502 3857 quze
535 3803 652 3842 suae
685 3785 931 3841 ecclesia
962 3785 1191 3856 sibique
1220 3785 1360 3840 data
1390 3789 1529 3840 sunt
1560 3787 1616 3839 in
1649 3785 1858 3856 Anglia

192 3876 287 3931 vel
322 3877 382 3930 in
414 3875 597 3930 Gallia
629 3875 880 3947 pessime
911 3878 1050 3928 sunt
1080 3873 1351 3930 ordinati.
1380 3873 1541 3928 Unde
1567 3889 1632 3928 ex
1665 3879 1858 3928 aucto-

194 3967 376 4021 ritate
408 3963 805 4036 apostolorum
860 3964 1007 4018 Petri
1041 3969 1098 4018 et
1129 3962 1288 4018 Pauli
1323 3980 1424 4018 vos
1469 3964 1856 4018 admonemus

194 4060 283 4126 ut,
310 4053 485 4108 sicuti
517 4053 846 4125 apostolicae
879 4053 999 4107 sedi
1044 4051 1425 4108 reverentiam
1473 4051 1859 4122 subjectionis

193 4142 434 4198 debetis
458 4141 750 4208 exhibere,
783 4140 864 4196 ita
894 4142 1194 4212 praefatam
1225 4139 1541 4197 venerabili
1571 4139 1857 4212 archiepi-

193 4248 383 4303 scopo
413 4231 628 4286 vicario
670 4235 868 4286 nostro
916 4235 973 4286 et
1025 4229 1143 4284 vice
1187 4233 1389 4284 nostra
1435 4229 1725 4300 fungenti,
1759 4245 1860 4284 vos

191 4319 504 4391 vestrique
533 4319 793 4391 episcopi
825 4318 1204 4390 impendatis,
1239 4322 1352 4373 etc.

992 4407 1084 4462 IV.

1952 487 2185 542 scopus,
2219 472 2422 526 multis
2463 471 2807 529 criminibus
2839 475 3156 542 involutus,
3190 478 3260 533 ad
3307 480 3597 552 synodum

1953 576 2120 615 suam
2153 575 2256 631 per
2282 560 2601 616 triennium
2633 567 2894 630 vocatus,
2928 565 3119 620 venire
3148 569 3596 639 contempserit;

1952 649 2106 720 quod
2141 649 2282 719 quia
2309 649 2552 705 consilio
2595 653 2987 720 quorumdam
3017 659 3344 708 vestrorum
3381 656 3602 711 dicitur

1951 752 2080 791 esse
2131 739 2371 805 t'actum,
2404 737 2758 794 mandamus
2797 744 2853 794 et
2890 741 3210 812 apostolica
3253 746 3601 800 auctoritate

1951 825 2347 896 praecipimus,
2363 831 2426 880 ut
2448 828 2520 880 ab
2543 827 2884 897 bujusmodi
2905 831 3190 885 recedatis
3210 833 3449 888 omnino
3471 850 3603 888 con-

1953 913 2107 979 silio,
2129 930 2383 984 eumque
2412 915 2483 969 ad
2515 915 2876 972 audientiam
2903 918 3163 988 praedicti
3187 921 3384 976 fratris
3415 922 3600 978 nostri

1952 1001 2036 1057 ire
2067 1003 2450 1071 admoneatis,
2481 1009 2773 1075 quatenus
2804 1013 2936 1078 post
2975 1010 3186 1062 factam
3218 1011 3602 1067 examinatio-

1955 1107 2087 1145 nem
2119 1091 2397 1146 canonice
2422 1092 2746 1162 judicetur.
3471 1087 3473 1089 ’

2743 1200 2810 1254 V.

1954 1287 2117 1341 Bulla
2164 1287 2472 1344 Alexandri
2517 1304 2680 1360 papae
2738 1291 2784 1343 II
2834 1305 2934 1360 pro
2987 1291 3289 1347 stabilitate
3342 1293 3605 1350 bonorum

2024 1360 2332 1436 (tioipoll‘en
2341 1361 2414 1414 sis
2431 1362 2763 1416 monasterii
2776 1365 2966 1416 contra
2980 1364 3347 1434 cujuscunque
3355 1382 3605 1436 personae

2022 1431 2450 1500 infestationem.

2574 1522 2762 1590 (Anno
2799 1523 2981 1593 1062.)

2004 1608 2443 1679 [Cocouenmss,
2478 1609 2760 1664 bullarum
2791 1611 3062 1682 Colleclio,
3096 1617 3238 1669 tom.
3275 1615 3345 1683 Il,
3377 1632 3434 1686 p.
3468 1616 3547 1686 4.]

2023 1716 2367 1768 ALEXANDER
2393 1715 2723 1786 episcopus,
2749 1732 2974 1787 servus,
3006 1734 3308 1776 servorum
3341 1721 3463 1788 Dei,
3498 1724 3608 1778 fra-

2301 1766 2364 1768 s“
2401 1766 2723 1786 _,,----r_-,
2749 1766 2974 1787 --_.__,
3006 1766 3091 1774 η-
3116 1766 3308 1776 .--.....
3341 1766 3463 1788 ..νη
3498 1766 3582 1778 ....

1879 1766 1924 1830 Β
1960 1802 2150 1856 tribus
2189 1802 2248 1856 in
2283 1802 2658 1874 Rivipollensi
2707 1806 2968 1860 cmnobio
3016 1809 3127 1861 sub
3165 1809 3266 1863 Dei
3297 1810 3608 1866 Genitricis

1960 1890 2208 1946 tuitione
2237 1891 2610 1963 degentibus,
2639 1890 2889 1946 salutem
2922 1897 2978 1948 et
3006 1897 3386 1966 apostolicam
3435 1900 3608 1954 bene-

1958 1979 2299 2034 dictionem.

2029 2068 2337 2134 Quoniam,
2367 2067 2566 2123 divina
2597 2068 2826 2124 favente
2855 2069 3189 2141 clementia,
3217 2090 3351 2130 cum
3383 2080 3612 2148 aposto-

1957 2155 2080 2211 licae
2104 2157 2262 2212 sedis
2285 2156 2567 2230 regimine
2599 2165 2944 2213 cunctarum
2975 2160 3367 2218 Ecclesiarum
3395 2165 3610 2220 sollici-

1957 2245 2100 2299 tudo
2119 2245 2286 2300 nobis
2310 2246 2617 2314 incumbit,
2639 2246 2856 2302 idcirco
2871 2249 2894 2318 j
2908 2251 3053 2304 ustis
3071 2251 3453 2321 petitionibus
3470 2271 3610 2325 quo-

1958 2350 2326 2405 rumcunque
2349 2335 2611 2389 fidelium
2638 2351 2742 2390 nos
2760 2337 3029 2391 convenit
3048 2347 3393 2406 annuere,et
3414 2343 3485 2396 ad
3511 2359 3611 2398 no-

1958 2427 2092 2478 stra
2111 2423 2350 2494 pietatis
2367 2422 2652 2478 auxilium
2673 2426 3077 2496 confugientes
3094 2429 3460 2485 auctoritatis
3478 2448 3612 2502 apo-

1958 2511 2176 2566 stolica:
2209 2511 2411 2583 clypeo
2445 2512 2692 2566 munire.
2719 2514 2998 2575 Quocirca
3042 2515 3370 2573 dilectionis
3400 2535 3464 2572 ac
3495 2520 3610 2574 l‘ra-

1957 2600 2252 2656 ternitatis
2274 2606 2475 2655 vestrae
2493 2601 2717 2656 litteras
2740 2617 2842 2672 per
2862 2603 3098 2657 fratrem
3120 2609 3176 2658 S.
3201 2606 3609 2679 suscipientes,

1957 2695 2015 2743 et
2045 2690 2202 2760 quod
2233 2689 2291 2742 in
2323 2690 2407 2744 eis
2446 2694 2711 2762 expetere
2758 2691 3109 2746 videbamini
3160 2693 3614 2766 diligentissime

1960 2779 2407 2849 perpendentes,
2423 2779 2697 2850 quoniam
2715 2781 2943 2850 justam
2971 2781 3311 2852 petitionem
3335 2791 3391 2839 et
3413 2791 3614 2842 aucto-

1961 2869 2133 2922 ritate
2157 2873 2358 2922 nostra
2380 2868 2448 2922 ad
2479 2868 2900 2938 perliciendum
2927 2887 3042 2924 non
3063 2871 3612 2944 indignamjudica-

1961 2955 2391 3021 vimus,vestris
2406 2956 2794 3028 petitionibus
2811 2958 3182 3028 acquiescere
3199 2977 3310 3016 non
3329 2965 3616 3019 recusavi-

1962 3060 2116 3098 mus.
2135 3043 2296 3099 Unde
2318 3061 2420 3100 vos
2441 3045 2638 3100 debita
2657 3045 2941 3101 cbaritate
2963 3064 3271 3104 monemus
3298 3055 3364 3105 ut
3392 3052 3610 3122 profes-

1880 3132 1922 3197 C
1961 3131 2146 3188 sionis
2163 3138 2377 3187 sanctze
2400 3134 2944 3206 propositum,quod
2964 3137 3079 3192 Deo
3103 3138 3400 3210 aspirante
3418 3157 3614 3196 susce—

1960 3221 2151 3293 pistis,
2176 3238 2279 3292 pro
2305 3221 2527 3276 viribus
2558 3238 2790 3292 semper
2808 3225 3176 3290 custodiatis,
3201 3244 3304 3282 nec
3325 3229 3396 3282 ab
3429 3229 3530 3283 illo
3551 3231 3610 3284 in

1960 3315 2228 3364 neutram
2251 3315 2475 3380 partem
2493 3309 2610 3364 ullo
2628 3311 2800 3364 modo
2817 3311 3158 3368 deﬂectatis.
3176 3314 3493 3386 Episcopos
3516 3333 3615 3371 au-

1960 3405 2099 3466 tem,
2120 3399 2386 3465 comites,
2405 3399 2720 3471 principes,
2739 3399 3216 3470 magistratus,et
3239 3409 3504 3473 potentes
3526 3421 3615 3460 ve-

1961 3494 2083 3543 stra
2100 3487 2312 3542 vicinia
2331 3487 2674 3552 incolentes,
2689 3494 2933 3559 paterna
2947 3488 3342 3547 sollicitudine
3363 3508 3612 3548 commoo

1964 3593 2174 3632 nemus
2197 3581 2260 3630 ut
2281 3576 2457 3630 vestri
2478 3577 2725 3632 coenobii
2759 3593 2990 3649 semper
3009 3579 3070 3633 in
3092 3581 3368 3636 omnibus
3389 3583 3615 3653 adjuto-

1963 3666 2424 3734 res,defensores
2442 3682 2508 3720 ac
2529 3671 2947 3738 propagatores
2967 3669 3240 3736 existant,
3254 3675 3310 3725 et
3327 3687 3616 3741 quoscun-

1965 3771 2078 3825 que
2107 3755 2453 3823 contrarios,
2478 3755 2566 3809 vel
2611 3756 2682 3808 ad
2716 3756 3045 3810 nocendum
3084 3758 3460 3814 avidissimos
3488 3777 3617 3816 esse

1963 3843 2421 3913 viderint,digna
2439 3860 2689 3898 censura
2709 3852 3033 3912 coerceant,
3057 3852 3348 3917 quatenus
3368 3854 3425 3904 et
3445 3865 3479 3903 a
3499 3849 3615 3904 Deo

1965 3933 2408 3988 retributionem
2435 3933 2778 4003 percipiant,
2794 3939 2851 3988 et
2872 3935 3202 4004 apostolicae
3224 3936 3402 3992 simul
3425 3954 3491 3992 ac
3514 3955 3618 3994 no-

1966 4028 2099 4077 stra}
2134 4021 2557 4077 benedictionis
2598 4022 2973 4093 participium
3013 4024 3285 4080 habeant.
3318 4024 3454 4081 Illos
3485 4043 3618 4082 vero

1969 4110 2070 4182 qui
2097 4111 2333 4182 praadia,
2348 4127 2474 4181 qua:
2496 4111 2808 4181 vobisjure
2829 4113 3138 4182 debentur,
3158 4115 3312 4170 dono
3337 4115 3618 4172 abbatum

1968 4216 2086 4256 non
2108 4200 2252 4255 satis
2275 4200 2450 4270 digne
2473 4199 2937 4271 praesidentium,
2961 4219 3063 4258 seu
3095 4203 3321 4276 rapina,
3343 4204 3431 4260 vel
3459 4205 3618 4261 inva-

1969 4289 2289 4356 sione,sive
2314 4288 2713 4360 qualicunque
2743 4291 2968 4362 injuste
2985 4294 3290 4349 occasione
3321 4294 3621 4366 possidere

1966 4378 2611 4441 videntur,auctoritate
2631 4379 2951 4449 apostolica
2970 4382 3438 4449 convenimus,et
3457 4383 3620 4439 insu-

194 4497 520 4556 Alexandri
553 4497 598 4551 ll
626 4496 857 4566 epistola
886 4495 956 4551 ad
1003 4497 1275 4566 episcOpos
1324 4496 1532 4550 Daniw.
1559 4525 1623 4534 —
1654 4495 1861 4550 Praeci-
1897 4495 1941 4558 D
1973 4481 2076 4536 per
2096 4465 2533 4566 iP‘GPIf‘iPa‘idf
2554 4467 3082 4566 [Pandanusutilla
3099 4485 3470 4566 nfqufquam
3493 4469 3624 4566 τέω

276 4571 366 4641 pit
394 4572 453 4622 ut
498 4568 823 4641 Edbﬁertum,
856 4569 1167 4641 episcopum
1197 4568 1562 4632 Farriensem,
1595 4567 1663 4620 ab
1707 4566 1866 4641 Adal-
1914 4569 1920 4576 '

279 4638 455 4709 berto,
505 4640 910 4710 archiepiscopo
959 4638 1516 4710 llamburgensi,pcr
1552 4640 1867 4710 triennium

277 4711 356 4766 ad
400 4710 669 4780 synodum
693 4709 978 4774 ’vocalum,
1019 4709 1277 4764 inducere
1321 4709 1394 4764 ad
1444 4709 1867 4764 inobedientiam

280 4782 573 4837 desistant.

837 4853 1024 4923 (Anno
1069 4853 1254 4918 1061.)

197 4940 620 5016 [Auamﬁesla
650 4941 956 5016 Hamburg.
981 4942 1164 5010 l‘onl.‘,
1195 4940 1359 5016 apud
1391 4940 1602 5016 Ριειιζζζὲ
1625 4937 1865 5016 Ilionam.

434 5012 614 5068 Germ.
647 5013 797 5082 hist.,
837 5012 1050 5083 Script.
1084 5019 1226 5066 tom.
1260 5011 1380 5080 VII,
1416 5028 1469 5082 p.
1505 5012 1654 5081 365.]

282 5108 637 5159 ALEXANDER
667 5102 998 5172 episcopus,
1033 5116 1235 5154 servus
1257 5116 1555 5154 servorum
1590 5099 1713 5166 Dei,
1745 5115 1868 5153 om-

202 5193 397 5248 nibus
426 5190 718 5263 episcopis
746 5190 804 5244 in
840 5206 1017 5261 regno
1046 5189 1340 5244 Danorum
1375 5187 1711 5242 constitutis
1733 5205 1870 5258 apo-

200 5281 440 5338 stolicae
471 5281 594 5336 sedi
626 5285 682 5335 et
705 5283 902 5335 nostro
924 5278 1136 5333 vicario
1164 5276 1592 5342 obedientibus,
1621 5275 1871 5330 salutem

202 5374 270 5426 et
302 5369 687 5442 apostolicam
719 5368 1206 5424 benedictionem.

286 5459 662 5526 Adalbertus,
687 5457 1252 5529 Hammaburgensis
1283 5453 1758 5526 archiepiscopus
1779 5470 1873 5508 ve-

206 5548 528 5617 nerabilis,
552 5549 803 5605 vicarius
827 5552 1043 5620 noster,
1059 5544 1270 5604 litteris
1291 5548 1348 5600 et
1366 5542 1575 5617 legatis
1596 5541 1721 5598 suis
1744 5557 1876 5600 con-

1977 4559 2171 4619 neant,
2189 4554 2289 4608 sed
2313 4554 2467 4608 sicut
2488 4554 2582 4608 Dei
2606 4570 2736 4608 esse
2760 4561 3104 4622 noscuntur,
3130 4557 3209 4610 ita
3233 4557 3348 4611 Deo
3370 4562 3622 4627 quanto-

1975 4643 2102 4698 cius
2116 4643 2356 4697 reddere
2372 4642 2838 4705 studeant.Quod
2854 4643 2900 4697 si
2915 4650 3225 4715 postquam
3241 4644 3390 4700 banc
3411 4650 3622 4700 nostra:

1976 4731 2346 4804 paternitatis
2395 4731 2930 4787 interminationem
2974 4733 3289 4801 audierint,
3324 4735 3476 4788 intra
3522 4751 3622 4790 sex

1977 4821 2271 4876 mensium
2289 4819 2547 4890 spatium
2571 4821 2808 4875 reddere
2828 4821 3186 4889 distulerint,
3203 4822 3392 4878 sciant
3406 4839 3469 4878 se
3489 4839 3524 4878 a
3542 4829 3625 4879 to-

1974 4911 2094 4964 tius
2131 4908 2390 4964 Ecclesim
2433 4923 2675 4979 corpore
2706 4911 3084 4980 separandos,
3111 4916 3168 4966 et
3205 4917 3496 4984 perpetuae
3527 4929 3624 4969 ex-

1977 4999 2528 5055 communicationis
2543 4998 2740 5068 jaculo
2759 5000 3257 5066 feriendos,donec
3280 5003 3628 5073 resipiscant

1979 5094 2037 5143 et
2067 5089 2244 5159 digna
2276 5088 2638 5159 pamitudiue
2667 5088 3051 5144 satisfaciant.
3074 5095 3251 5146 Porro
3289 5107 3626 5148 commone-

1983 5195 2113 5232 mus
2132 5184 2189 5232 et
2203 5177 2521 5248 apostolica
2534 5177 2829 5250 simulque
2843 5179 3122 5234 canonica
3135 5180 3479 5236 auctoritate
3497 5198 3632 5252 prae-

1981 5269 2231 5338 cipimus
2253 5273 2317 5320 ut
2347 5265 2549 5322 nullus
2579 5269 2789 5323 amodo
2811 5273 2867 5323 et
2887 5269 3164 5341 deinceps
3183 5270 3356 5324 vestri
3378 5272 3627 5327 emnobii

1983 5355 2236 5428 regimen
2260 5371 2361 5426 per
2375 5355 2767 5411 Simoniacam
2787 5357 3052 5411 haeresim
3072 5358 3351 5430 obtineat,
3367 5360 3472 5416 nec
3489 5378 3628 5434 qua-

1983 5445 2501 5518 licunqueingenio
2515 5451 2647 5500 ante
2661 5445 2745 5500 vel
2765 5450 3212 5518 postacceptum
3227 5448 3506 5506 honorem
3528 5467 3629 5522 per

1983 5535 2260 5612 pecunias
2281 5535 2476 5594 locum
2501 5535 2730 5592 abbatis
2752 5535 3014 5614 arripiat.
3039 5536 3200 5604 Quod
3223 5539 3322 5612 qui
3345 5555 3625 5614 presum-
