3996 6158
203 172 224 228 l
236 172 338 232 285

1333 169 1740 230 EPISTOL/E
1784 170 1883 231 ET
1927 171 2406 233 DIPLOMATA.

3418 186 3569 247 1286

201 305 410 374 propter
427 316 531 373 ego
552 299 1126 368 Alexander,sanctae
1152 300 1423 355 Romana
1437 299 1702 356 Ecclesiae
1725 300 1811 355 di-
1841 303 1897 369 Α
1925 318 2124 357 corum
2155 301 2321 358 aliter
2350 318 2526 373 quam
2571 303 2796 362 dictum
2843 312 2934 362 est
2966 308 3186 379 fecerit,
3219 320 3571 385 componant

201 392 321 445 vina
338 387 684 461 providentia
710 390 966 459 pontifex
989 394 1046 444 et
1067 389 1377 460 episcopus
1394 389 1702 444 Luccensis
1720 389 1818 444 Ec-

203 479 390 545 clesize,
415 495 514 550 pro
535 482 724 532 vestro
749 478 849 549 qui
873 495 1050 550 supra
1072 477 1377 532 memorati
1401 477 1543 533 estis
1565 477 1817 543 servitio,

201 574 252 624 et
280 567 532 623 benevela
559 583 697 638 erga
729 583 835 622 nos
883 566 1189 622 dilectione
1220 582 1322 637 per
1353 567 1457 622 hoc
1488 566 1818 638 apostolicae

203 658 342 713 sedis
363 655 721 728 privilegium
744 655 997 710 concedo
1019 659 1075 709 et
1096 654 1375 710 confirmo
1401 655 1564 710 vobis
1588 671 1825 727 praeme-

204 745 423 802 moratis
468 761 644 799 unam
702 744 914 815 petiam
963 743 1033 798 de
1081 747 1236 798 terra
1280 743 1592 799 Luccensis
1638 741 1822 798 nostri

204 835 570 908 episcopatus,
598 832 769 888 sitam
785 833 954 902 juxta
985 832 1282 904 praefatam
1305 832 1608 888 ecclesiam
1634 834 1692 888 S.
1718 839 1820 888 Do-

1927 391 2051 445 auri
2111 390 2316 463 Optimi
2363 391 2542 447 libras
2591 398 2848 464 centum,
2897 397 3266 455 medietatem
3327 419 3572 460 camera:

1927 479 2127 534 domni
2157 479 2330 551 regis,
2364 484 2420 534 et
2450 482 2816 538 medietatem
2860 484 2977 540 illis
3008 487 3224 557 quibus
3256 489 3472 561 injuria
3501 492 3571 548 il-

1927 566 2046 623 lata
2078 568 2271 635 fuerit,
2301 572 2357 625 et
2385 568 2627 641 insuper
2657 577 2933 644 perpetuo
2966 576 3339 635 anathemate
3370 580 3571 637 inreti-

1929 660 2027 711 tus
2065 657 2223 712 omni
2281 657 2686 715 maledictione
2735 662 3050 733 subjaceat.
3088 665 3159 720 Ut
3206 673 3403 725 autem
3453 670 3574 728 haec

1930 747 2121 800 verius
2143 747 2475 817 credantur,
2501 765 2676 803 manu
2711 751 2944 822 propria
2964 755 3401 814 subscribentes
3423 759 3575 816 hanc

1933 834 2207 908 paginam
2240 835 2606 892 roboramus.

203 923 332 989 nati,
365 939 490 978 cum
536 938 688 985 casa,
721 927 779 975 et
807 919 996 990 horto,
1027 925 1084 976 et
1133 921 1293 976 omni
1325 939 1432 978 suo
1462 921 1725 988 aedificio,
1771 925 1828 976 et

205 1010 522 1077 intratoriis,
555 1015 611 1066 et
657 1008 1092 1081 egressionibus
1121 1011 1270 1080 ejus,
1304 1015 1360 1066 et
1387 1026 1520 1065 cum
1553 1009 1826 1065 omnibus

207 1103 364 1156 rebus
389 1116 510 1171 quas
544 1097 624 1153 ibi
663 1101 801 1152 sunt
821 1102 923 1152 aut
943 1114 1091 1169 quas
1123 1097 1182 1152 in
1215 1103 1386 1154 antea
1414 1097 1520 1152 tibi
1543 1097 1828 1152 Dominus

208 1189 410 1244 dederit
438 1204 452 1242 :
487 1189 779 1243 tenentem
801 1185 1023 1240 scilicet
1052 1186 1224 1241 ambo
1246 1186 1435 1258 capita
1455 1203 1638 1242 unum
1672 1185 1828 1241 latus

2002 925 2091 994 (In
2143 925 2344 979 circulo
2391 942 2409 978 :
2460 929 2700 981 MAGNUS
2757 933 2910 984 Deus
2967 947 3205 1000 nosrsa,
3258 953 3326 990 ar
3380 954 3578 994 suam

1932 1028 2136 1068 warns
2166 1029 2302 1068 mus
2329 1031 2341 1080 ;
2372 1021 2423 1068 ct
2451 1015 2512 1068 in
2557 1017 2797 1073 circuitu
2838 1019 3078 1088 ejusdem
3123 1023 3321 1078 circuli
3350 1043 3368 1079 :
3401 1030 3575 1082 Exan-

1931 1119 2093 1156 TAVIT
2119 1119 2199 1156 ME
2247 1102 2404 1156 Deus
2436 1120 2493 1157 1N
2538 1121 2783 1160 vm'ru're
2814 1123 3044 1163 suam:
3083 1112 3225 1182 sur.)
3256 1113 3466 1170 Datum
3497 1134 3579 1172 vn

1934 1190 2070 1245 ldus
2118 1190 2378 1245 Januarii
2436 1191 2493 1246 in
2544 1194 2822 1250 comitatu
2874 1199 3134 1265 Senensi,
3165 1216 3319 1257 anno
3365 1219 3498 1260 vero
3539 1223 3578 1260 ιι

208 1280 261 1334 in
284 1285 426 1334 terra
444 1275 664 1332 domini
689 1274 862 1348 regis,
895 1274 1054 1329 aliud
1078 1274 1387 1331 verolatus
1409 1275 1468 1330 in
1492 1291 1660 1330 muro
1682 1291 1826 1346 prre-
1934 1279 2135 1334 domni
2164 1277 2474 1334 Alexandri
2524 1281 2570 1336 Il
2605 1287 2734 1351 PP.,
2783 1301 2886 1356 per
2929 1303 3140 1344 manus
3172 1292 3324 1346 Petri
3372 1293 3578 1350 biblio-

209 1371 324 1424 fatze
347 1365 614 1430 ecclesiae,
636 1364 769 1420 etin
800 1369 956 1419 terra
985 1381 1114 1436 quae
1144 1365 1256 1420 fuit
1279 1365 1481 1420 Leonis
1511 1369 1568 1419 et
1590 1364 1827 1419 Germa-
1939 1367 2180 1424 thecarii
2211 1385 2305 1423 an.
2341 1369 2496 1436 1063,
2531 1369 2732 1426 indict.
2765 1373 2972 1443 prima.

208 1474 398 1514 norum
423 1475 436 1512 :
459 1472 595 1512 cum
625 1471 692 1510 eo
722 1453 994 1510 videlicet
1022 1455 1226 1509 ordine
1265 1460 1329 1509 ut
1356 1453 1535 1509 libere
1561 1459 1617 1509 et
1645 1451 1828 1524 quieti
2725 1477 2766 1532 Χ

206 1548 311 1620 ipsi
332 1553 383 1602 et
398 1561 760 1602 successores
778 1560 981 1599 eorum
1003 1561 1136 1599 cum
1161 1543 1434 1599 omnibus
1455 1542 1580 1598 suis
1593 1541 1828 1597 cohabi-

1954 1563 2319 1639 tlexandrill
2361 1565 2592 1634 epistola
2637 1518 3137 1627 ad‘llurchardum
3165 1575 3581 1636 Halberstaden-

208 1637 451 1693 tantibus
481 1634 541 1689 in
573 1633 787 1688 dictam
820 1635 1130 1722 terram,et
1156 1637 1446 1699 casam,et
1476 1633 1831 1722 cumomni-
1864 1672 1913 1722 ῃ
2011 1651 2127 1722 ,εφη
2154 1633 2482 1722 ερίεεοριὶνη..
2515 1666 2584 1676 -
2614 1638 2824 1722 Laudes
2850 1641 2971 1710 ejus
2996 1647 3359 1717 commendat,
3382 1633 3440 1705 cl
3462 1633 3582 1722 pili-

207 1727 312 1780 bus
345 1742 459 1796 quae
481 1722 858 1795 praediximus
889 1721 1111 1791 integre
1129 1725 1365 1776 teneant
1386 1726 1442 1776 et
1473 1719 1833 1792 possideant,

2016 1707 2154 1760 lium
2181 1721 2280 1776 pro
2310 1708 2503 1761 merito
2533 1708 2794 1764 concedit.

209 1812 872 1876 etibihabitent,remota
886 1810 1044 1865 omni
1064 1808 1836 1879 molestia,etinquietudine
2558 1798 2750 1862 (ΛηΠο
2791 1799 2972 1870 1063.)

208 1907 394 1957 nostra
423 1904 869 1971 nostrorumque
896 1914 1322 1970 successorum,
1346 1897 1444 1970 qui
1472 1896 1764 1954 voluimus
1781 1903 1840 1954 et

2287 1884 2491 1950 [MANSI
2525 1883 2728 1940 Concil.
2762 1885 2904 1954 XIX,
2941 1905 3073 1961 pag.
3106 1892 3256 1964 983.]

209 1991 440 2046 ﬁrmiter
468 1988 887 2044 constituimus
918 1991 981 2041 ut
1003 2003 1117 2043 non
1150 1985 1341 2042 solum
1364 1985 1448 2040 illi
1480 1987 1665 2042 nostri
1697 2004 1839 2058 praa-
2017 1994 2363 2044 ALEXANDER
2391 1990 2702 2062 episcopus
2750 2009 2951 2049 servus
2981 2013 3278 2056 servorum
3311 2002 3410 2060 Dei
3441 2005 3587 2062 dile-

206 2079 305 2134 fati
336 2078 445 2143 Dei,
478 2081 535 2132 et
562 2075 795 2132 illorum
827 2091 1196 2131 successores
1226 2091 1359 2130 cum
1407 2075 1684 2130 omnibus
1713 2075 1838 2131 suis
1947 2076 2209 2133 ctissime
2248 2077 2308 2132 in
2338 2077 2565 2134 Christo
2615 2079 2962 2138 Buncsaano
2994 2084 3432 2148 Halbertadensi
3463 2095 3590 2167 epi-

206 2166 709 2231 cohabitatoribus,
744 2164 896 2220 sicut
943 2165 1163 2220 dictum
1213 2169 1320 2229 est,
1353 2164 1626 2233 habeant,
1658 2169 1716 2218 et
1755 2167 1838 2219 te-
1950 2181 2122 2236 scopo
2172 2165 2229 2219 in
2277 2166 2524 2221 Domino
2583 2167 2835 2226 salutem
2883 2176 2940 2226 et
2985 2176 3364 2243 apostolicam
3411 2164 3588 2239 bene-

209 2259 454 2321 neant,et
474 2253 742 2308 habitent
761 2257 1141 2308 memoratam
1165 2255 1464 2320 terram,et
1485 2267 1682 2306 casam
1705 2267 1839 2306 cum
1949 2253 2285 2309 dictionem.

207 2343 362 2400 omni
391 2359 493 2398 suo
522 2341 785 2411 aediﬁcio,
819 2345 875 2396 et
925 2340 1266 2409 intratoriis,
1299 2345 1356 2396 et
1384 2339 1839 2412 egressionibus,
2025 2343 2178 2397 Inter
2230 2342 2415 2397 multa
2471 2361 2598 2415 qua
2640 2346 2916 2417 Magister
2953 2354 3011 2404 et
3052 2351 3262 2409 Doctor
3305 2357 3590 2428 gentium,

207 2439 376 2504 atque
405 2430 560 2486 omni
595 2429 946 2503 pertinentia
973 2447 1100 2501 sua,
1132 2429 1289 2518 velut
1317 2429 1588 2500 superius
1618 2429 1840 2484 dictum
1954 2431 2226 2485 minister
2249 2431 2488 2502 quidem
2520 2432 2735 2490 Christi
2779 2440 2836 2490 et
2884 2440 3207 2497 secundum
3262 2443 3363 2500 Dei
3393 2449 3592 2518 gratiae

206 2528 316 2588 est;
339 2520 432 2576 sed
454 2520 628 2576 etiam
654 2518 926 2574 similiter
943 2535 1147 2574 omnes
1171 2517 1449 2589 illiquiin
1471 2519 1626 2573 dicta
1646 2523 1846 2574 nostra
1954 2520 2172 2574 donum
2206 2519 2575 2590 dispensator
2622 2524 3031 2592 mysteriorum
3062 2530 3212 2600 ejus,
3243 2517 3492 2591 discreto
3537 2541 3596 2592 et

205 2608 443 2665 ecclesia
472 2607 722 2663 ordinati
773 2606 1008 2673 fuerint,
1041 2611 1098 2662 et
1129 2607 1210 2661 ibi
1264 2623 1636 2663 communem
1667 2607 1844 2662 vitam
1955 2607 2347 2680 spirirualiter
2393 2609 2666 2676 instituit,
2700 2615 2986 2682 quosdam
3016 2617 3076 2672 in
3109 2620 3364 2678 Ecclesia
3392 2629 3596 2682 sancta

1956 2715 2070 2752 non
2103 2701 2168 2752 ut
2196 2696 2456 2768 hospites
2487 2705 2544 2754 et
2571 2699 2850 2771 advenas,
2879 2706 2979 2760 sed
3027 2712 3094 2762 ut
3121 2708 3294 2778 cives,
3326 2717 3384 2768 et
3411 2714 3596 2770 cohe-

211 2793 268 2842 et
295 2790 505 2842 rectam
539 2785 713 2840 ﬁdem
747 2784 1122 2856 portaverint,
1142 2789 1326 2839 etnon
1355 2784 1554 2856 inique
1585 2784 1848 2840 insidiati
1957 2787 2123 2842 redes
2153 2791 2209 2841 et
2233 2788 2674 2859 concorporales
2705 2789 2762 2845 in
2790 2791 3192 2852 habitaculum
3227 2800 3324 2855 Dei
3356 2804 3600 2859 coaedifi-

213 2873 422 2930 fuerint
453 2873 596 2928 mihi
627 2875 892 2945 meisque
921 2873 1375 2928 successoribus.
1401 2873 1458 2928 Si
1491 2873 1623 2944 quis
1653 2877 1846 2928 autem
1958 2881 2141 2941 catos,
2171 2875 2226 2928 in
2277 2891 2412 2930 area
2440 2891 2674 2948 quoque
2721 2879 3024 2938 Dominica
3069 2889 3516 2962 comparticipes
3545 2897 3602 2949 et

208 2962 536 3020 ordinarius
557 2963 627 3018 de
655 2979 805 3034 saepe
835 2963 990 3017 dicta
1013 2961 1258 3018 ecclesia
1288 2961 1559 3034 deinceps
1591 2962 1648 3016 in
1681 2967 1850 3018 antea
1963 2967 2367 3035 cooperatores
2388 2963 2672 3036 singulari
2696 2969 3098 3028 munificentia
3127 2961 3474 3034 excellenter
3502 2981 3603 3036 do-

206 3053 308 3110 Dei
332 3051 553 3124 judicio
593 3052 664 3106 de
693 3051 801 3106 hoc
850 3050 1058 3106 saeculo
1092 3051 1444 3122 migraverit,
1477 3056 1534 3106 et
1576 3051 1708 3106 talis
1738 3050 1848 3106 cle-
1880 3036 1922 3101 C
1961 3051 2088 3106 nari
2120 3051 2489 3122 praemonuit.
2520 3054 2660 3108 Dum
2689 3059 2919 3128 tempus,
2951 3059 3160 3132 inquit,
3193 3064 3473 3135 habemus,
3509 3069 3599 3126 bo-

207 3143 369 3197 ricus
399 3157 430 3195 a
457 3140 622 3194 vobis
653 3139 922 3194 inventus
953 3138 1127 3193 fuerit
1158 3139 1259 3210 qui
1290 3139 1553 3195 moribus
1577 3143 1632 3194 et
1661 3139 1858 3193 ofﬁcio
1960 3156 2096 3194 num
2119 3154 2402 3210 operemur
2431 3140 2501 3195 ad
2527 3157 2730 3210 omnes,
2762 3149 3007 3203 maxime
3041 3156 3226 3207 autem
3253 3155 3324 3209 ad
3352 3156 3604 3213 domesti-

208 3230 374 3285 utilis
388 3229 650 3284 videatur
681 3228 962 3300 pradictaa
988 3227 1338 3296 ecclesias,et
1363 3228 1639 3283 canonice
1668 3227 1854 3282 vivere
1962 3244 2047 3283 cos
2077 3227 2207 3298 ﬁdei
2233 3228 2374 3298 (Gal.
2407 3247 2482 3296 v1,
2521 3230 2628 3298 10).
2662 3230 2824 3288 Unde
2875 3235 3076 3307 etiam,
3110 3241 3189 3294 mi
3219 3242 3603 3301 dilectissime

209 2699 414 2753 ducere
441 2695 727 2752 voluerint
747 2699 802 2750 et
830 2695 1104 2751 canonice
1133 2694 1394 2759 vixerint,
1424 2700 1481 2751 et
1501 2695 1846 2765 obedierint,

205 3317 566 3390 promiserit,
599 3316 767 3371 illum
811 3316 986 3371 talem
1018 3315 1434 3371 constituimus
1464 3321 1521 3371 et
1547 3315 1705 3370 omni
1738 3319 1854 3371 sta-

206 3406 434 3462 bilitate
464 3405 884 3460 confirmamus
911 3405 983 3460 ad
1011 3404 1320 3460 vivendum
1352 3403 1694 3475 regulariter
1731 3404 1858 3458 sine

207 3495 372 3552 mala
399 3494 717 3550 intentione
747 3494 1002 3549 ordinari
1033 3510 1067 3548 a
1089 3495 1321 3565 proprio
1344 3493 1614 3564 episcopo
1645 3493 1703 3547 in
1733 3493 1856 3548 loco

205 3584 473 3639 defuncti
503 3583 723 3654 absque
755 3583 923 3653 pretii
955 3582 1311 3652 acceptione,
1335 3580 1614 3652 nullaque
1644 3580 1857 3636 venali-

205 3679 303 3728 tas
335 3689 440 3744 pro
471 3671 744 3744 praedicta
774 3671 1137 3726 ordinatione
1171 3672 1298 3740 jam
1329 3670 1500 3725 dictis
1531 3669 1757 3726 clericis
1787 3671 1862 3725 ir-

208 3766 474 3834 rogetur,
507 3760 593 3816 vel
643 3759 892 3829 alicujus
922 3759 1090 3830 pretii
1136 3758 1317 3813 illatio
1347 3759 1418 3814 ab
1461 3760 1545 3814 eis
1577 3759 1860 3833 exigatur,

1966 3317 2045 3371 ﬁli
2105 3317 2456 3384 Burcharde,
2508 3321 2834 3377 venerande
2881 3325 3240 3399 coepiscope,
3292 3331 3425 3388 fidei
3486 3337 3601 3388 tum

1966 3422 2097 3476 quae
2127 3422 2230 3478 per
2274 3405 2616 3463 charitatem
2664 3415 2938 3481 operatur
2983 3413 3122 3482 (Gal.
3157 3432 3211 3484 ν,
3243 3418 3320 3488 6),
3352 3424 3408 3474 et
3427 3420 3608 3490 justi-

1967 3496 2059 3549 tiaa
2089 3499 2200 3549 tuae
2223 3511 2350 3565 quas
2370 3511 2440 3550 ex
2469 3496 2582 3551 fide
2620 3503 2710 3553 est
2728 3500 2902 3569 (Rom.
2927 3519 2981 3568 ι,
3001 3504 3079 3574 6),
3125 3503 3444 3575 plurimum
3473 3525 3608 3565 con-

1967 3583 2350 3655 gratulamur.
2380 3583 2771 3657 Temporibus
2795 3593 2990 3646 autem
3021 3591 3169 3662 istis,
3195 3593 3255 3649 in
3288 3595 3504 3668 quibus
3521 3614 3614 3655 ve-

1971 3669 2058 3724 nit
2088 3669 2175 3725 ira
2207 3668 2302 3724 Dei
2330 3669 2388 3724 in
2424 3671 2574 3727 filios
2604 3673 2961 3744 diffidentia,
2985 3678 3057 3733 de
3083 3681 3298 3751 quibus
3326 3699 3457 3740 vere
3487 3702 3615 3758 pos-

1973 3776 2180 3815 sumus
2211 3775 2344 3814 cum
2395 3760 2669 3830 Apostolo
2701 3762 2892 3820 dicere
2927 3783 2940 3820 :
2976 3768 3178 3824 Videte
3207 3787 3380 3827 canes
3430 3773 3617 3830 malos

209 3851 260 3907 si
296 3856 528 3906 tantum
563 3865 664 3921 pro
696 3847 1027 3904 obedientia
1057 3865 1233 3918 quam
1266 3865 1434 3903 suam
1468 3849 1680 3906 debent
1710 3849 1866 3906 exhi-

208 3942 352 3996 bere
383 3939 654 4010 episcopo
693 3954 794 4010 per
823 3937 1087 4008 singulos
1115 3954 1299 3993 annos
1328 3937 1377 3993 si
1417 3955 1449 3992 a
1479 3955 1585 3994 suo
1617 3938 1865 4011 praesule

211 4027 426 4084 moniti
461 4027 675 4082 fuerint
703 4025 884 4082 semel
915 4031 972 4081 et
1012 4043 1130 4081 una
1175 4027 1296 4083 vice
1327 4032 1428 4082 aut
1457 4029 1529 4082 ad
1581 4029 1866 4084 domuum

209 4134 432 4190 papam
467 4117 711 4171 Romam
745 4132 879 4171 cum
924 4116 1124 4171 eodem
1159 4116 1430 4188 episcopo
1480 4134 1632 4172 unus
1664 4134 1867 4173 eorum
1977 4115 2378 4186 etjussionem
2397 4115 2760 4174 dilectissimi
2781 4122 2963 4178 nostri
2982 4122 3333 4183 filiiHenrici
3355 4128 3428 4183 IV
3446 4129 3622 4202 regis,

209 4221 462 4280 pergere
493 4206 720 4266 debeat.
752 4205 860 4273 vel,
895 4205 942 4260 si
975 4220 1209 4259 necesse
1240 4206 1432 4270 fuerit,
1455 4204 1611 4260 ultra
1642 4210 1871 4261 montes
1979 4204 2198 4260 scilicet
2227 4208 2292 4259 ut
2316 4207 2718 4263 ecclesiastica)
2751 4212 2913 4282 pacis
2940 4211 3410 4286 inquietudinem
3433 4219 3626 4292 regius

208 4297 286 4352 ad
320 4310 550 4366 regem,
571 4293 796 4350 scilicet
825 4293 874 4348 si
904 4293 1029 4364 ipse
1059 4294 1371 4365 episcopus
1393 4292 1752 4364 stipendium
1775 4293 1870 4348 iti-
1983 4293 2295 4348 advocatus
2317 4294 2712 4368 propulsares,
2734 4302 2890 4370 quod
2915 4317 3046 4356 cum
3071 4306 3229 4359 omni
3261 4308 3474 4378 gaudio
3496 4325 3626 4364 sus-

207 4384 380 4442 neris
413 4384 496 4440 eis
527 4383 774 4456 largitus
823 4383 1032 4449 fuerit;
1067 4387 1130 4437 ut
1161 4388 1356 4438 autem
1397 4381 1518 4436 haec
1548 4386 1750 4437 nostra
1779 4382 1870 4437 de-
1903 4398 1955 4461 ι)
1988 4381 2214 4452 cepisti.
2277 4383 2476 4454 Itaque
2534 4390 2666 4455 post
2714 4394 3051 4460 susceptum
3101 4391 3411 4463 legationis
3455 4395 3628 4449 obse-

206 4478 402 4540 creta,
437 4491 563 4545 qua:
597 4473 667 4528 de
699 4489 791 4528 me
839 4477 896 4527 et
937 4472 1081 4528 meis
1130 4471 1569 4528 successoribus
1601 4471 1872 4543 superius
1985 4469 2459 4541 quium,semper
2475 4473 2773 4530 unanimis
2797 4492 2913 4531 uno
2943 4478 3152 4549 spiritu
3177 4483 3234 4534 et
3254 4481 3482 4536 sincera
3501 4481 3628 4536 affe-

206 4564 383 4618 dicta
416 4567 576 4627 sunt,
598 4562 844 4617 ﬁrmiter
874 4561 933 4615 in
967 4566 1243 4633 perpetuo
1276 4565 1572 4627 maneant,
1603 4559 1874 4616 volumus
1987 4559 2179 4615 ctione
2204 4575 2305 4630 pro
2327 4559 2498 4614 nobis
2515 4576 2581 4614 ac
2597 4560 3306 4623 RomanaEcclesianobis
3323 4584 3454 4622 cum
3479 4567 3634 4623 solli-

204 4658 268 4707 et
303 4650 709 4716 decernimus,
739 4654 914 4721 atque
937 4666 1070 4705 cum
1095 4650 1251 4705 omni
1279 4650 1553 4704 ﬁrmitate
1579 4649 1876 4705 constitui-
1987 4649 2142 4703 citus
2174 4647 2360 4714 fuisti,
2394 4665 2507 4703 non
2539 4653 2732 4704 tamen
2763 4668 3029 4722 ψιεειιθηε
3052 4669 3178 4724 quae
3210 4659 3316 4710 tua
3344 4661 3632 4727 quantum

205 4757 384 4804 mus,
423 4744 486 4793 ut
508 4738 652 4793 nulli
688 4737 858 4793 liceat
877 4755 944 4792 ea
965 4755 1222 4808 unquam
1256 4737 1411 4792 malo
1433 4737 1635 4792 ordine
1667 4737 1877 4792 infrin-
1989 4753 2116 4808 quae
2141 4740 2283 4792 sunt
2299 4735 2437 4790 Jesu
2460 4736 2692 4792 Christi.
2723 4739 2830 4793 Pro
2852 4745 3014 4796 tanto
3045 4741 3226 4813 igitur
3246 4745 3362 4800 Deo
3390 4745 3637 4816 ejusque

199 4844 356 4900 gere
393 4835 500 4882 aut
518 4827 733 4882 violare
759 4845 772 4894 ;
799 4828 953 4881 unde
984 4827 1032 4882 si
1057 4826 1190 4897 quis
1217 4825 1526 4898 episcopus
1557 4831 1659 4882 aut
1687 4826 1884 4898 quaeli-
1990 4825 2208 4881 sanctis
2239 4823 2520 4896 apostolis
2551 4842 2585 4880 a
2613 4830 2668 4882 te
2687 4827 2894 4884 collato
2926 4832 3180 4899 servitio,
3215 4833 3273 4888 in
3299 4833 3504 4906 primis
3527 4833 3641 4906 ipsi

199 4919 317 4972 bet
343 4932 566 4988 magna
584 4932 877 4988 parvaque
896 4930 1143 4986 persona
1167 4920 1546 4970 memoratam
1574 4917 1786 4986 petiam
1809 4916 1880 4970 de
1991 4915 2210 4987 gratias
2229 4913 2549 4986 laudesque
2572 4915 2797 4972 debitas
2821 4917 3123 4976 referimus
3146 4921 3641 4992 quidilectissimo

197 5013 383 5062 terra
420 5021 552 5059 cum
584 5021 718 5060 casa
747 5009 804 5059 et
833 5003 991 5058 omni
1019 5020 1123 5058 suo
1153 5002 1416 5069 aedilicio,
1449 5008 1507 5058 et
1536 5003 1878 5074 intratoriis,
1991 5002 2112 5058 filio
2145 5008 2367 5070 nostro,
2400 5004 2820 5074 praenominato
2861 5007 3002 5080 regi,
3033 5013 3156 5065 tam
3191 5015 3459 5067 sanctum
3491 5026 3640 5083 opus

197 5099 265 5151 et
293 5093 748 5167 egressionibus
769 5095 984 5164 ejus,et
999 5109 1130 5148 cum
1155 5091 1428 5148 omnibus
1454 5092 1628 5147 rebus
1650 5109 1776 5164 qua:
1799 5091 1879 5146 ibi
1991 5091 2098 5146 tibi
2130 5091 2433 5163 injungere
2463 5092 2687 5164 tibique
2723 5095 3019 5168 suscipere
3063 5098 3389 5171 inspiravit.
3424 5099 3644 5156 Deinde

195 5187 388 5248 sunt,
430 5185 529 5236 aut
559 5198 706 5254 quas
728 5182 788 5236 in
810 5188 980 5236 antea
1019 5181 1096 5236 ibi
1122 5179 1404 5236 Dominus
1433 5180 1675 5247 dederit,
1710 5184 1883 5251 atque
1993 5178 2132 5250 quia
2154 5185 2355 5235 sancta
2385 5181 2642 5237 Romana
2675 5181 2950 5252 Ecclesia,
2973 5203 3102 5257 quis
3125 5187 3270 5244 bene
3290 5187 3535 5244 fundata
3553 5193 3646 5245 est

194 5289 359 5328 cum
399 5271 563 5326 omni
596 5271 944 5342 pertinentia
969 5287 1076 5326 sua
1107 5269 1178 5325 ab
1209 5286 1275 5324 eo
1310 5268 1656 5334 ministerio,
1679 5273 1736 5324 et
1753 5285 1880 5340 quea
1993 5285 2169 5340 super
2192 5268 2420 5323 firmam
2445 5271 2805 5340 petram,hoc
2819 5289 3051 5345 semper
3071 5275 3275 5332 habuit
3296 5294 3440 5332 verae
3459 5277 3650 5334 chari.

194 5365 284 5419 ad
325 5362 499 5434 quod
523 5379 649 5416 eam
673 5360 1072 5416 concessimus
1094 5359 1462 5424 subtraxerit,
1492 5356 1580 5411 vel
1605 5356 1759 5412 malo
1789 5375 1880 5412 or-
1993 5357 2128 5412 tatis
2152 5357 2470 5427 judicium,
2494 5362 2680 5414 utaut
2704 5377 3004 5432 nunquam
3045 5369 3146 5419 aut
3178 5383 3308 5421 raro
3331 5367 3402 5422 ab
3450 5366 3648 5442 aliquo

193 5453 359 5510 dine
388 5449 595 5506 tulerit
620 5454 719 5505 aut
748 5448 1044 5518 invaserit,
1077 5464 1178 5504 seu
1210 5448 1282 5502 de
1322 5444 1686 5502 ordinatione
1715 5444 1880 5501 cleri-
1993 5444 2176 5517 gratis
2202 5445 2410 5502 habere
2430 5445 2601 5503 vellet
2623 5448 3278 5528 beneflcium,competit
3300 5461 3502 5515 nostro
3519 5474 3630 5532 apo

1974 3848 2200 3920 operari
2246 3848 2637 3905 concisionem
2677 3852 2848 3923 (Phil.
2885 3871 2969 3926 ιιι,
2999 3858 3076 3928 2),
3109 3873 3257 3930 opus
3305 3861 3615 3918 ministerii

1974 3939 2082 4004 tui,
2117 3943 2174 3994 et
2202 3938 2646 3995 aedificationem
2693 3957 2906 4014 corpus
2936 3945 3242 4020 [corporis]
3273 3949 3491 4006 Christi
3544 3951 3617 4007 ad

1977 4027 2256 4082 honorem
2275 4026 2672 4098 apostolorum
2690 4031 2843 4086 Petri
2874 4037 2931 4087 et
2951 4033 3137 4104 Pauli,
3163 4038 3234 4092 ad
3259 4037 3618 4096 voluntatem
