3962 6158
475 239 626 300 1⁸287

1747 228 2195 293 ALEXANDBI
2242 230 2290 290 II
2340 228 2563 291 PAP/E
3639 244 3741 305 l288

475 370 1077 427 stolicomoderamini
1098 368 1333 439 aliquod
1358 367 1798 433 honestum,aut
1818 366 2113 437 singulare
2144 367 2198 431 Α
2228 368 2346 418 tam
2379 364 2434 417 in
2471 362 2711 419 familiis
2743 380 2923 435 quam
2957 363 3014 418 in
3045 364 3237 435 terris,
3268 368 3321 420 et
3342 367 3663 438 comitatibus,
3678 392 3745 431 seu

476 462 812 517 donativum
847 475 947 530 pro
964 461 1161 511 nostro
1177 458 1310 525 jure
1333 456 1437 509 tibi
1462 460 1693 525 tuaque
1716 453 1979 508 Ecclesia
2006 454 2118 524 pri-

474 550 817 620 vilegiorum
851 545 1193 599 auctoritate
1221 544 1478 599 concedi.
1510 544 1709 613 Itaque
1751 547 1807 597 et
1836 542 2027 597 locum
2060 547 2117 596 et

474 652 685 691 nomen
719 633 824 688 ﬁlii
856 631 1179 704 spiritualis
1200 631 1484 703 singulari
1508 648 1574 686 ae
1598 630 1871 686 familiari
1906 629 2116 685 alI‘ectu

472 724 579 780 tibi
608 722 999 788 concedimus,
1032 731 1241 776 sancta
1263 737 1495 791 quoque
1520 720 1985 774 Halberstadensi
2008 720 2116 774 Ec-

475 812 663 868 clesia
696 817 827 877 tua,
854 816 917 864 ut
948 811 1023 864 sit
1053 810 1173 863 filia
1194 810 1463 864 Romana
1489 809 1754 864 Ecclesia
1787 807 2118 879 praerogati-

472 918 601 956 vam
624 900 935 971 quamdam
960 897 1357 957 attribuimus.
1384 899 1629 968 Insuper
1652 913 1883 967 quoque
1906 897 1999 967 pio
2025 913 2120 967 pa-

472 996 754 1061 ternoque
772 989 978 1043 affectu
1004 986 1243 1058 palliote
1264 988 1545 1041 adornare
1567 984 2119 1051 decrevimus,salva

468 1087 660 1135 tamen
689 1076 1034 1133 auctoritate
1056 1080 1155 1129 aut
1172 1075 1508 1147 magisterio
1530 1079 1741 1130 sancta
1778 1074 2117 1144 metropolis

466 1166 820 1240 Moguntina
852 1164 1137 1231 Ecclesia,
1163 1163 1319 1219 salvo
1345 1180 1577 1234 quoque
1610 1164 1850 1217 fratrum
1877 1168 2111 1217 tuorum

471 1257 949 1327 coopiscoporum
996 1259 1051 1309 et
1095 1252 1296 1308 ordine
1326 1258 1382 1308 et
1411 1253 1552 1308 loco.
1592 1253 1703 1307 Sed
1736 1257 1902 1306 tuum
1936 1260 2021 1307 est
2053 1256 2118 1307 ut

474 1345 626 1399 sicut
649 1361 753 1398 nos
776 1342 1119 1409 forinsecus,
1144 1342 1225 1396 ita
1246 1347 1300 1395 te
1322 1342 1445 1415 ipse
1470 1342 1718 1396 adornes
1738 1340 2114 1407 intrinsecus,

472 1438 536 1489 ut
561 1433 820 1488 docendo
842 1437 898 1486 et
922 1431 1185 1485 faciendo
1212 1447 1575 1502 quacunque
1597 1434 1737 1485 sunt
1756 1431 2117 1501 justa,qua-

474 1538 705 1594 cunque
754 1521 1018 1586 honesta,
1054 1524 1187 1575 ante
1219 1525 1275 1574 et
1306 1524 1456 1574 retro
1508 1535 1636 1574 esse
1668 1520 1860 1591 possis
1891 1519 2117 1591 conspi-

474 1628 642 1666 cuus.
666 1609 913 1665 Pallium
938 1609 993 1662 in
1016 1607 1420 1663 determinatis
1445 1608 1759 1675 dielius,ad
1786 1624 1951 1662 sacra
1977 1607 2116 1662 mis-

2225 452 2523 523 aliquibus
2556 452 3025 522 possessionibus
3065 453 3422 523 convellendi,
3452 457 3746 533 disvestiendi,

2227 539 2575 596 moiestandi
2607 541 2691 595 vel
2724 541 3040 596 alienandi.

3000 737 3092 793 XI.

2227 841 2610 918 Monasterium
2644 845 3064 918 Fractuarz'ense
3103 843 3202 898 sub
3233 845 3520 915 apostolica
3541 848 3651 902 sedis
3670 866 3750 918 pro-

2296 916 2525 969 tectione
2572 916 2833 984 recipitur
2854 931 2875 975 ;
2904 916 3363 986 conﬁrmaturque
3396 916 3752 985 permutatiovter-

2297 1000 2379 1061 ra
2406 986 2709 1061 cujusdam,
2742 987 2891 1040 inter
2921 987 3190 1061 abbatem
3236 992 3284 1041 et
3334 988 3584 1043 Albertum
3610 992 3752 1061 Ypporc-

2296 1058 2539 1124 giensem
2568 1060 2878 1128 episcopum
2908 1058 3068 1111 inita.

2848 1182 3033 1252 (Anno
3069 1182 3251 1253 1063.)

2231 1306 2994 1379 [Coeouenmas,__Bullarmn,
3033 1306 3296 1378 privileg.
3337 1311 3441 1362 etc.
3469 1308 3610 1379 ampl.
3634 1311 3754 1365 Callet.

2486 1377 2730 1445 tom..II,
2763 1394 2893 1448 pag.
2928 1379 2981 1444 2,
3015 1394 3083 1432 ex
3113 1384 3223 1433 vet.
3257 1377 3382 1433 eod.
3420 1377 3593 1450 Vatzc.]

2297 1522 2638 1574 ALEXANDEP.
2668 1520 2998 1592 episcopus,
3033 1538 3238 1576 servus
3284 1539 3558 1578 servorum
3589 1524 3677 1589 Dei,
3697 1532 3757 1579 AL-

2228 1624 2405 1662 BER’I‘O
2437 1607 2747 1663 venerabili
2794 1610 2997 1663 abbati
3021 1610 3246 1665 Sancta
3284 1611 3684 1666 Fructuariensis
3706 1628 3757 1666 ec-

471 1716 670 1755 sarum
696 1698 981 1753 solemnia
1002 1696 1351 1751 celebranda
1371 1697 1475 1750 tibi
1499 1696 1897 1760 concedimus,
1922 1695 1980 1749 in
2013 1712 2113 1750 na-
2148 1734 2195 1798 B
2226 1698 2435 1768 clesia,
2469 1697 2709 1768 suisque
2740 1698 3201 1767 successoribus,
3237 1698 3477 1755 salutem
3506 1704 3555 1756 et
3577 1701 3760 1772 apostoli-

469 1789 571 1844 tali
598 1787 843 1853 Domini,
868 1787 927 1840 in
962 1786 1105 1840 festo
1127 1786 1180 1838 S.
1206 1784 1485 1855 Stephani
1512 1784 1954 1855 protomartyris
1977 1789 2032 1839 et
2053 1786 2111 1839 S.

466 1876 711 1933 Joannis
733 1873 1116 1945 evangelista,
1140 1872 1200 1927 in
1224 1873 1537 1944 epiphania
1561 1872 1806 1941 Domini,
1832 1872 1890 1926 in
1920 1873 2114 1943 puriﬁ-

470 1965 716 2033 catione,
740 1967 796 2018 et
827 1960 1227 2032 assumptione
1248 1966 1303 2015 et
1333 1961 1629 2015 nativitate
1655 1965 1868 2015 sancta
1903 1962 2111 2032 Maria,

469 2054 527 2108 in
559 2069 721 2107 cana
751 2050 1001 2117 Domini,
1032 2050 1090 2103 in
1123 2051 1181 2104 S.
1215 2050 1487 2115 Sabbato,
1514 2048 1574 2103 in
1605 2049 1698 2103 die
1721 2050 2114 2105 Resurrectio-

469 2142 581 2207 nis,
614 2139 1047 2195 intascensione
1096 2138 1348 2205 Domini,
1383 2139 1440 2192 in
1479 2139 1846 2193 Pentecostes
1877 2139 2019 2194 festo
2051 2141 2110 2194 S.

466 2230 709 2285 Joannis
737 2227 1027 2298 Baptista,
1061 2227 1119 2280 in
1150 2226 1299 2281 festo
1328 2228 1566 2281 Joannis
1604 2230 1660 2280 et
1692 2227 1876 2295 Pauli,
1913 2229 2109 2282 inven-

468 2318 623 2373 tione
654 2316 913 2388 corporis
961 2316 1019 2370 S.
1054 2314 1352 2385 Stephani,
1386 2314 1445 2368 in
1496 2313 1642 2369 festo
1674 2316 1730 2369 S.
1765 2316 1930 2383 Sixti,
1967 2323 2023 2371 et
2053 2318 2109 2371 S.

470 2406 759 2473 Michaeli,
784 2410 841 2459 et
862 2405 1135 2459 Omnium
1159 2404 1528 2473 Sanctorum,
1550 2408 1615 2458 ut
1648 2404 1951 2459 nativitate
1983 2422 2115 2476 apo-

467 2495 751 2550 stolorum
792 2494 943 2547 Petri
972 2496 1028 2547 et
1054 2492 1237 2559 Pauli,
1271 2497 1327 2545 et
1356 2492 1613 2559 Andrea,
1648 2493 1707 2545 in
1752 2493 2115 2549 dedicatione

467 2582 867 2650 ecclesiarum,
901 2582 959 2635 in
989 2580 1268 2635 faciendis
1300 2578 1628 2635 ordinibus.
1663 2580 1906 2635 Crucem
1938 2581 2114 2637 etiam

469 2676 603 2727 ante
632 2675 688 2726 te
716 2675 772 2725 et
802 2674 935 2725 ante
965 2684 1335 2724 successores
1365 2673 1496 2723 tuos
1520 2669 1790 2739 portandi
1814 2670 2112 2725 licentiam

470 2759 852 2814 donamus.ln
871 2756 1223 2813 stationibus
1254 2772 1488 2827 quoque
1519 2756 1742 2811 festivis
1774 2774 1949 2828 super
1969 2758 2116 2814 Nac-

471 2865 605 2905 cum
639 2848 718 2919 (id
752 2852 839 2901 est
866 2862 1107 2917 equum,
1143 2844 1480 2899 solemniter
1510 2849 1803 2900 ornatum.
1838 2846 2118 2902 Videatur

470 2936 663 2992 simile
684 2933 943 3006 diploma
964 2933 1290 2988 Coloniensi
1315 2931 1576 2987 Ecclesia
1599 2934 1825 3003 datum)
1842 2936 2115 3005 equitan-

475 3026 614 3079 dum
642 3022 1039 3094 permittimus
1059 3021 1157 3074 tibi
1179 3025 1236 3074 et
1256 3021 1846 3077 successoribustuis.
1874 3016 2118 3094 Insuper

477 3114 683 3167 mitras
709 3110 833 3177 tibi,
854 3114 909 3164 et
931 3110 1369 3165 successoribus
1396 3111 1512 3163 tuis
1529 3126 1595 3164 ac
1622 3111 1916 3166 canonicis
1940 3113 2115 3168 excel-
2148 3095 2190 3160 Ο

476 3197 1075 3267 lentioribus,scilicet
1090 3198 1440 3267 presbyteris
1461 3201 1518 3251 et
1534 3198 1970 3269 diaconis,inter
1984 3201 2118 3257 mis-

477 3305 676 3343 sarum
724 3286 1009 3342 solemnia
1046 3284 1488 3354 ministraturis,
1516 3287 1892 3343 subdiaconis
1914 3290 1971 3343 in
1999 3306 2116 3344 ma-

470 3377 580 3447 jori
613 3375 856 3431 ecclesia
886 3380 987 3429 tua
1016 3379 1073 3427 et
1104 3374 1519 3444 suprascriptis
1550 3375 1960 3431 festivitatibus
1984 3395 2115 3448 por-

473 3466 683 3520 tandas
732 3463 1123 3518 concedimus.
1161 3463 1229 3516 Et
1259 3462 1455 3516 omnia
1503 3478 1628 3532 qua
1683 3463 2115 3535 privilegiorum

472 3553 815 3609 auctoritate
847 3551 950 3606 tibi
984 3556 1042 3605 et
1086 3556 1197 3604 tua
1229 3548 1493 3604 Ecclesia
1526 3566 1559 3603 a
1590 3552 2115 3621 pradecessoribus

470 3639 979 3712 nostris,videlicet
997 3637 1248 3693 summis
1275 3637 1919 3711 pontiﬁcibus,insuper
1938 3643 2113 3697 etiam

470 3730 587 3786 sive
610 3745 831 3799 regum,
849 3727 967 3783 sive
987 3727 1407 3797 imperatorum
1430 3728 1996 3801 contirmationibus,
2013 3748 2112 3786 seu

471 3817 871 3891 quarumlibet
884 3832 1264 3888 personarum
1288 3815 1700 3870 donationibus
1715 3818 1874 3886 juste
1896 3817 2114 3874 collata

474 3913 632 3975 sunt,
649 3912 845 3962 nostro
861 3921 1092 3977 quoque
1115 3903 1476 3959 auctoritatis
1497 3904 1796 3976 privilegio
1814 3908 2053 3961 conﬁrm
2064 3926 2116 3963 a-

471 4014 624 4052 mus.
664 3997 947 4051 Praterea
994 4009 1225 4063 quoque
1273 3992 1591 4047 statuimus
1640 4009 1833 4047 coram
1883 4000 2016 4062 Deo,
2050 4013 2114 4051 ac

469 4083 713 4140 terribili
737 4085 864 4153 ejus
885 4082 1150 4137 examine
1173 4081 1391 4146 futuro,
1417 4087 1471 4135 et
1487 4097 1590 4150 per
1609 4081 1787 4152 hujus
1805 4084 1985 4137 nostri
2004 4085 2115 4155 pri-

473 4171 665 4241 vilegii
691 4176 748 4225 et
765 4168 1067 4240 apostolici
1090 4169 1403 4238 (praecepti)
1430 4169 1638 4222 seriem
1666 4186 1732 4223 ac
1757 4172 2113 4228 constitutio-

477 4274 611 4314 nem
634 4258 954 4321 sancimus,
970 4272 1035 4311 ac
1058 4256 1227 4311 B.Dei
1250 4256 1545 4327 genitricis
1572 4273 1919 4330 semperque
1940 4262 2114 4333 virgi-

473 4348 566 4403 nis
588 4346 914 4411 Mariamec
935 4362 1049 4399 non
1064 4345 1538 4401 beatissimorum
1551 4347 1947 4417 apostolorum
1962 4351 2113 4405 Petri

2226 1802 2352 1840 cam
2386 1786 2874 1841 benedictionem.

2294 1877 2717 1945 Cognoscentes
2771 1876 2924 1945 quod
3004 1874 3451 1931 Fructuariense
3503 1876 3756 1942 coenobium,

2224 1964 2378 2034 quod
2410 1966 2809 2018 constructum
2856 1969 2945 2019 est
2991 1982 3025 2019 a
3054 1965 3271 2020 domno
3320 1964 3588 2019 Willelmo
3627 1965 3759 2019 abbate

2227 2050 2592 2106 Divionensis
2640 2052 2904 2118 coenobii,
2933 2053 3056 2121 jam
3105 2051 3246 2107 olim
3297 2070 3330 2109 a
3359 2052 3759 2125 prodecessoribus

2225 2140 2465 2207 nostris,
2495 2140 2738 2209 Joanne,
2757 2144 2813 2195 et
2845 2141 3171 2210 Benedicto,
3193 2142 3331 2196 item
3352 2142 3574 2209 Joanne,
3591 2141 3762 2194 Clemen-

2223 2232 2279 2282 te
2310 2233 2483 2298 atque
2514 2229 2698 2283 Leone
2729 2229 2910 2283 totius
2941 2228 3229 2285 libertatis
3249 2234 3305 2284 et
3322 2230 3618 2285 securitatis
3642 2230 3763 2283 muni-

2224 2321 2351 2371 tum
2384 2321 2492 2381 est,
2528 2322 2582 2371 et
2612 2335 2718 2373 nos
2749 2317 3098 2373 humillimis
3120 2319 3392 2389 precibus
3423 2319 3621 2373 abbatis
3645 2317 3761 2387 ipsius

2225 2405 2587 2469 monasterii,
2640 2407 2874 2461 nomine
2927 2406 3158 2473 Alberti,
3192 2408 3613 2463 corroboramus
3651 2404 3765 2460 nostri

2224 2494 2399 2548 etiam
2433 2494 2717 2566 privilegii
2768 2495 3063 2563 ﬁrmitate,
3099 2500 3163 2550 ut
3205 2497 3317 2551 sub
3368 2497 3592 2551 tuitione
3616 2500 3767 2565 apostoo

2224 2582 2343 2637 lica
2377 2583 2533 2637 sedis
2565 2584 2950 2638 constitutum
2977 2583 3194 2639 nullius
3219 2584 3459 2640 alterius
3487 2583 3701 2639 Ecclesia
3715 2597 3769 2652 po-

2224 2671 2440 2739 testati,
2477 2670 2593 2725 ullo
2642 2673 2813 2727 modo
2862 2673 3166 2728 subdatur.
3221 2673 3356 2729 Ideo
3405 2674 3515 2740 Dei,
3560 2670 3769 2740 sanctique

2226 2759 2376 2814 Petri
2411 2776 2476 2813 ac
2509 2768 2706 2814 nostra
2755 2761 3098 2817 auctoritate
3130 2763 3446 2816 statuimus
3496 2766 3553 2815 ut
3582 2758 3768 2831 nequeiu

2228 2848 2542 2903 mundanis
2574 2865 2761 2919 neque
2785 2850 2839 2903 in
2868 2849 3281 2905 ecclesiasticis
3315 2848 3589 2918 rebus,vel
3616 2848 3770 2902 ordina-

2227 2936 2483 2991 tionibus
2526 2938 2725 2992 nullus
2775 2937 2970 3007 homo,
3003 2943 3135 3005 ete.,
3171 2940 3373 3010 aliqua
3420 2931 3769 3011 gravaniiuai‘el

2228 3026 2567 3096 praeiudicia
2594 3026 2807 3079 audeat
2856 3025 3085 3096 inferre,
3121 3027 3222 3081 sed
3256 3028 3452 3082 omnia
3500 3044 3608 3098 qua
3634 3023 3770 3079 collata

2228 3119 2366 3168 sunt
2396 3114 2578 3167 eidem
2616 3114 2876 3169 coenobio
2909 3120 2963 3169 et
2994 3132 3179 3185 usque
3211 3116 3273 3170 in
3308 3116 3476 3170 ﬁnem
3508 3113 3767 3170 saculicou-

2227 3204 2480 3272 ferenda,
2511 3203 2570 3256 in
2619 3203 3067 3274 quibuscunque
3098 3205 3277 3259 rebus
3328 3204 3616 3259 mobilibus
3640 3208 3681 3255 et
3702 3201 3770 3252 im-

2228 3292 2562 3358 mobilibus,
2600 3292 2656 3344 in
2689 3296 2972 3362 potestate
2995 3296 3051 3347 et
3076 3293 3443 3349 ordinatione
3471 3294 3696 3347 abbatum
3718 3287 3768 3356 ip-

2227 3383 2351 3436 sius
2384 3380 2492 3435 loci
2544 3380 2672 3435 sine
2722 3379 2969 3451 alicujus
3021 3384 3479 3438 contradictione
3521 3378 3769 3436 consistant.

2228 3470 2408 3541 Igitur
2441 3468 2842 3540 pracipientes
2895 3469 3268 3541 praecipimus
3319 3476 3375 3525 et
3405 3472 3679 3526 statuentes
3700 3469 3771 3517 sta-

2227 3558 2451 3613 tuimus
2481 3573 2549 3612 ex
2579 3557 2918 3612 auctoritate
2958 3558 3110 3613 beati
3144 3559 3296 3614 Petri
3330 3558 3591 3631 principis
3617 3556 3771 3627 aposto-

2230 3663 2359 3701 rum
2392 3651 2455 3700 ut
2487 3644 2630 3700 nulli
2663 3645 2850 3713 liceat,
2885 3651 2992 3700 etc.

2300 3738 2542 3805 Insuper
2569 3734 2741 3789 etiam
2775 3736 3214 3801 confirmamus,
3232 3740 3291 3791 et
3321 3754 3388 3792 ex
3406 3739 3585 3791 nostra
3602 3727 3770 3788 auctori-

2230 3828 2343 3878 tate
2371 3823 2783 3877 constituimus
2814 3827 2877 3877 ut
2917 3825 3326 3894 supradictum
3363 3820 3714 3880 monasterium
3737 3816 3768 3867 in

2227 3917 2503 3984 perpetuo
2534 3915 2727 3966 teneat
2758 3918 2813 3966 et
2837 3912 3132 3982 possideat
3161 3913 3290 3968 sine
3308 3913 3545 3983 alicujus
3572 3903 3770 3965 contradi-

2224 4001 2638 4068 ctioneterram
2674 4004 2730 4054 et
2751 4000 3009 4055 decimas
3039 4018 3186 4071 quas
3205 4000 3478 4056 Albertus
3497 3994 3769 4070 Ipporegien-

2225 4091 2305 4146 sis
2336 4090 2642 4162 episcopus
2665 4090 3047 4143 commutavit
3077 4106 3209 4145 cum
3237 4090 3472 4146 Alberto
3501 4088 3669 4144 abbate
3686 4094 3771 4154 prr-

2225 4178 2362 4233 dicti
2395 4177 2753 4243 monasterii,
2788 4178 2941 4232 sicut
2986 4177 3045 4232 in
3097 4178 3369 4234 chartula
3398 4166 3769 4234 commutationis

2225 4268 2575 4332 continetur,
2606 4283 2759 4321 anno
2790 4267 2862 4320 ab
2894 4266 3293 4322 incarnatione
3318 4266 3537 4323 Domini
3564 4258 3703 4318 nostri
3721 4257 3770 4309 le

2224 4355 2542 4411 su-Cbristi
2579 4355 2716 4409 1063
2746 4379 2758 4421 ;
2792 4355 3047 4409 secundo
3070 4355 3163 4409 die
3193 4356 3418 4410 mensis
3449 4346 3706 4409 Februarii,
3722 4343 3771 4394 iu-

470 4442 529 4492 et
557 4435 742 4503 Pauli,
772 4440 1110 4491 sanctorum
1161 4434 1338 4489 etiam
1382 4439 1704 4506 martyrum
1737 4437 2014 4508 Stephani
2048 4456 2114 4495 ac
2147 4461 2191 4525 Ι)
2224 4444 2496 4499 ductione
2545 4444 2754 4514 prima.
2787 4443 2897 4498 Sed
2928 4460 2997 4498 ne
3027 4445 3099 4498 iis
3132 4444 3353 4499 sanctis
3406 4433 3769 4498 ordinationibus

468 4525 619 4581 Xixti
654 4525 839 4597 [Sixti]
870 4529 1327 4595 caterorumque
1348 4523 1612 4579 omnium
1646 4532 1980 4581 sanctorum
2014 4545 2112 4582 au-

470 4614 821 4681 ctoritate,in
845 4629 1096 4683 quorum
1125 4613 1359 4667 nomine
1383 4613 1801 4684 pranominata
1815 4619 1915 4669 tua
1935 4616 2112 4671 eccle-

467 4704 556 4759 sia
585 4704 851 4757 dedicata
871 4706 980 4767 est,
1003 4702 1293 4756 decernim
1306 4718 1373 4755 us
1403 4707 1575 4772 atque
1600 4703 1965 4759 obtestamur
1992 4711 2111 4761 tam

470 4790 804 4862 apostolica
835 4790 992 4845 sedis
1018 4790 1245 4846 futuros
1269 4791 1568 4860 pontifices
1600 4807 1774 4861 quam
1808 4794 1902 4864 qui
1929 4794 2113 4850 eccle-

469 4878 1289 4934 siasticasadministraverint
1305 4878 2116 4952 actiones,eunctosqueChri-

470 4969 797 5024 stianorum
830 4965 1002 5021 titulo
1033 4966 1363 5037 insignitos,
1398 4973 1463 5021 ut
1510 4968 1707 5023 nullus
1757 4969 1906 5025 hanc
1937 4970 2115 5026 licen-

469 5059 613 5113 tiam
633 5056 764 5127 (sibi
791 5057 1006 5127 sumat)
1029 5055 1097 5110 de
1121 5055 1212 5109 his
1229 5056 1527 5123 omnibus,
1550 5073 1677 5127 qua
1708 5058 1896 5113 eidem
1922 5060 2113 5116 Eccle-

472 5147 569 5202 sia
601 5164 635 5201 a
665 5144 1191 5217 pradecessoribus
1233 5146 1448 5199 nostris
1500 5162 1601 5215 per
1630 5146 1932 5219 privilegia
1953 5150 2116 5219 juste

476 5231 876 5299 concessa,vel
912 5248 945 5287 a
974 5232 1142 5286 nobis
1174 5232 1310 5287 data
1338 5231 1423 5287 vel
1456 5232 1785 5301 danda,aut
1815 5238 1887 5290 ab
1910 5238 2116 5308 aliqui-

475 5319 585 5374 bus
621 5320 892 5376 fidelibus
922 5320 1059 5376 viris
1090 5337 1157 5376 ac
1188 5319 1535 5376 mulieribus
1566 5326 1815 5393 praefata
1848 5325 2115 5381 Ecclesia

472 5409 689 5475 tradita
718 5414 874 5480 sunt,
906 5408 995 5465 vel
1025 5409 1237 5464 futuris
1288 5410 1650 5482 temporibus
1680 5415 2114 5485 contradentur,

475 5502 597 5562 tam
614 5495 673 5554 in
691 5497 1147 5572 abbatiis,quam
1165 5498 1222 5555 in
1245 5498 1705 5573 monasteriis,ac
1717 5504 2115 5577 xenodochiis,

2224 4532 2557 4603 quisquiam
2591 4531 2825 4586 invidus
2848 4531 2931 4585 vel
2967 4533 3156 4587 audax
3174 4533 3407 4589 rebellis
3440 4519 3769 4603 prasumatob-

2224 4622 2400 4688 viare,
2434 4620 2750 4691 apostolica
2798 4636 3046 4675 censura
3079 4621 3482 4676 interdicimus
3508 4624 3555 4674 et
3582 4610 3766 4689 prohibe~

2225 4726 2356 4763 mus
2388 4709 2495 4763 sub
2529 4709 2706 4761 divini
2734 4708 2937 4777 judicii
2965 4710 3403 4779 obtrectationc,
3429 4714 3584 4779 atque
3609 4696 3767 4758 auath‘

2226 4797 2395 4851 matis
2426 4797 2917 4852 interminatione.
2954 4798 3189 4865 Idcirco,
3223 4803 3331 4853 etc.

2296 4890 2506 4940 Datum
2538 4886 2595 4939 in
2629 4902 2793 4940 sacro
2826 4886 3193 4941 Lateranensi
3227 4886 3459 4958 palatio,
3499 4882 3682 4938 decima
3701 4874 3764 4958 Et?

2224 4974 2430 5030 lendas
2480 4974 2719 5043 Aprilis,
2756 4991 2853 5045 per
2904 4991 3117 5029 manus
3167 4957 3323 5029 Petri
3348 4961 3706 5029 bibliothecarii
3728 4957 3761 5010 Si

2226 5064 2497 5117 Romana
2530 5061 2793 5117 Ecclesia
2824 5063 3059 5128 acoluti,
3090 5065 3213 5119 vice
3242 5063 3439 5119 domni
3472 5055 3680 5117 Annonis
3700 5052 3761 5101 C0-

2224 5151 2504 5206 loniensis
2561 5151 3000 5223 archiepiscopi,
3034 5157 3090 5207 et
3120 5152 3308 5224 ipsius
3340 5153 3544 5208 Sancta
3572 5147 3761 5199 Βοωεωε

2225 5239 2494 5295 Ecclesia
2528 5239 3043 5306 archicancellarii,
3068 5258 3218 5296 anno
3249 5258 3381 5296 vero
3412 5236 3634 5295 secundo
3657 5230 3761 5282 dom-

2227 5329 2283 5383 ni
2317 5328 2624 5384 Alexandri
2649 5329 2695 5383 II
2727 5346 2909 5402 papa,
2930 5330 3000 5385 ab
3026 5330 3419 5386 incarnatione
3448 5320 3641 5384 Domini
3660 5310 3757 5375 1063,

2226 5417 2543 5473 indictione
2573 5417 2785 5491 prima.
