3996 6158
219 271 245 329 Ι
261 268 371 330 289

978 405 1094 460 XII.

219 490 494 562 Sy'nodz'ca
543 491 613 546 ad
659 507 843 569 omnes
892 497 1169 565 episcopos
1225 496 1289 550 de
1344 498 1504 552 rebus
1551 500 1609 552 in
1665 499 1865 569 synodo

781 566 1030 621 Romana
1061 584 1079 620 I
1113 570 1302 635 gestis.

834 656 1020 725 (Anno
1055 657 1235 725 1063.)

603 760 837 828 [MANSI,
870 763 1078 818 Concil.
1104 763 1246 840 XIX,
1283 764 1464 833 1023.]

289 871 632 921 ALEXANDER
699 868 1040 940 episcopus,
1104 886 1305 925 servus
1374 887 1673 926 servorum
1731 872 1863 938 Dei,

213 954 490 1011 omnibus
544 955 832 1027 episcopis
880 957 1204 1022 catholicis,
1238 963 1563 1030 cunctoque
1611 960 1760 1016 clero
1810 965 1867 1016 et

211 1043 449 1116 populo,
507 1042 757 1099 salutem
816 1049 874 1099 et
934 1046 1314 1118 apostolicam
1374 1048 1860 1104 benedictionem.

282 1133 596 1205 Vigilantia
640 1133 985 1190 universalis
1032 1134 1296 1190 Ecclesiae
1354 1135 1658 1209 regiminis
1715 1138 1862 1193 assi-

211 1221 386 1276 duam
437 1221 892 1278 sollicitudinem
941 1223 1218 1279 debentes
1269 1225 1567 1297 omnibus,
1621 1243 1748 1298 quae
1803 1229 1862 1283 in

209 1310 690 1366 Constantiniana
719 1312 939 1383 synodo
969 1330 1156 1384 nuper
1186 1313 1473 1370 celebrata
1504 1331 1698 1370 coram
1733 1333 1864 1371 cen-

211 1404 333 1454 tum
367 1399 622 1472 amplius
653 1400 964 1474 episcopis,
1001 1401 1136 1458 licet
1166 1403 1334 1458 nobis
1382 1404 1691 1460 immeritis
1720 1424 1862 1478 prae-

207 1489 493 1558 sentibus,
525 1493 666 1544 sunt
716 1490 992 1546 canonice
1024 1491 1316 1562 instituta,
1351 1493 1515 1548 vobis
1565 1494 1863 1551 notiﬁcare

209 1594 504 1644 curamus,
529 1578 669 1650 quia
703 1580 774 1635 ad
807 1579 1057 1635 salutem
1091 1584 1342 1636 vestram
1369 1587 1734 1639 exsecutores
1763 1601 1858 1640 eo-

210 1684 341 1722 rum
388 1684 490 1722 vos
543 1683 703 1723 essse
752 1672 1024 1740 optamus
1070 1673 1126 1724 et
1170 1669 1488 1741 apostolica
1518 1673 1860 1728 auctoritate

201 1756 463 1826 jubendo
495 1757 870 1813 mandamus.

886 1862 1183 1902 CAPITULA.

277 1935 323 1987 1.
355 1933 549 1989 Primo
582 1951 831 2005 namque
862 1934 1189 2006 inspectore
1223 1940 1356 2003 Deo,
1392 1937 1543 1992 sicut
1583 1956 1616 1993 a
1655 1945 1855 1997 sancto

201 2039 349 2094 papa
380 2023 588 2093 Leone,
624 2029 680 2078 ct
732 2041 765 2078 a
817 2029 1031 2078 sanctae
1083 2026 1379 2081 memoria:
1429 2043 1579 2099 papa
1619 2029 1854 2086 Nicolao

161 2178 166 2181 ν
203 2111 452 2183 primum
492 2115 780 2167 statutum
803 2118 912 2182 est,
937 2129 1072 2184 erga
1094 2113 1457 2170 Simoniacos
1489 2116 1710 2172 nullam
1747 2119 1850 2173 mi-

201 2199 576 2255 sericordiam
630 2200 688 2254 in
733 2200 1018 2272 dignitate
1050 2203 1334 2257 servanda
1362 2203 1694 2260 habendam
1725 2224 1852 2263 esse

199 2289 567 2344 decernimus
598 2307 610 2356 ;
649 2291 750 2344 sed
775 2290 950 2360 juxta
979 2307 1268 2346 canonum
1301 2293 1655 2362 sanctiones,
1679 2300 1735 2350 et
1758 2297 1851 2352 de-

209 2381 364 2432 creta
393 2381 730 2432 sanctorum
763 2378 1023 2445 Patrum,
1056 2396 1154 2435 eos
1185 2380 1423 2436 omnino
1472 2383 1846 2457 damnamus,

204 2482 268 2521 ac
320 2466 378 2520 in
425 2466 681 2522 Ecclesia
725 2483 840 2522 non
883 2485 1131 2540 praeesse
1160 2469 1478 2541 apostolica
1507 2474 1849 2530 auctoritate

205 2555 524 2611 sancimus.

267 2645 322 2698 2.
361 2645 436 2699 De
466 2643 561 2698 his
591 2649 788 2699 autem
821 2645 921 2716 qui
954 2662 1066 2700 non
1101 2661 1202 2717 per
1233 2649 1562 2718 pecuniam,
1588 2651 1686 2705 sed
1719 2668 1848 2724 gra-

198 2733 272 2788 tis
304 2737 440 2788 sunt
470 2750 504 2787 a
530 2733 880 2789 Simoniacis
911 2735 1186 2802 ordinati,
1221 2736 1358 2806 quia
1389 2739 1632 2807 quaesita
1655 2741 1781 2812 jam
1813 2759 1847 2797 a

200 2820 370 2893 longo
392 2825 650 2893 tempore
672 2821 894 2877 diutius
914 2823 1195 2879 ventilata
1215 2828 1302 2879 est
1326 2827 1587 2897 quaestio,
1609 2845 1841 2885 omnem

197 2911 415 2965 nodum
442 2911 759 2966 dubietatis
783 2910 1166 2981 absolvimus,
1182 2913 1262 2967 ita
1284 2918 1347 2968 ut
1368 2931 1543 2986 super
1564 2916 1670 2973 hoc
1693 2919 1845 2990 capi-

194 2998 317 3054 tulo
336 2999 630 3054 neminem
650 3000 922 3072 deinceps
940 3001 1234 3073 ambigere
1259 3004 1844 3073 permittamus.Quia

189 3088 373 3159 igitur
404 3105 590 3159 usque
612 3089 756 3143 adeo
778 3089 900 3144 hzec
931 3095 1214 3145 venenata
1246 3092 1531 3162 pernicies
1553 3094 1838 3154 hactenus

1386 276 1788 337 EPISTOLIE
1833 274 1935 336 ET
1980 277 2461 345 DlPLOMA’I‘A.

1889 410 1940 475 Α
1973 411 2176 468 cerdos
2199 415 2282 469 vel
2317 417 2598 477 diaconus
2622 428 2752 494 post
2778 427 3164 486 constitutum
3187 433 3370 489 beatae
3396 452 3622 493 memo-

1887 1775 1934 1840 B

3469 307 3491 365 1
3507 308 3623 368 c290

1976 500 2072 553 riae
2123 505 2568 571 praedecessoris
2617 514 2798 568 nostri
2831 516 3188 572 sanctissimi
3220 537 3381 592 papa:
3415 523 3626 580 Leonis

1975 594 2076 642 aut
2128 590 2342 646 Nicolai
2393 596 2462 650 de
2510 600 2776 657 castitate
2829 603 3192 674 clericorum,
3237 611 3625 668 concubinam

1977 677 2208 734 duxerit
2238 682 2453 752 palam,
2478 687 2566 741 vel
2597 689 2834 747 ductam
2867 710 2981 748 non
3016 694 3337 767 reliquerit,
3363 715 3432 755 ex
3461 705 3626 771 parte

1975 766 2395 839 omnipotentis
2427 773 2549 838 Dei,
2583 780 2638 831 et
2667 781 3008 836 auctoritate
3040 766 3439 853 apostolorum
3461 766 3625 845 Petri

1974 858 2030 909 et
2078 858 2242 911 Pauli
2295 862 2689 934 przecipimus,
2724 871 2782 922 et
2825 869 3062 926 omnino
3095 872 3526 948 interdicimus,
3560 882 3626 934 ut

1975 961 2089 998 non
2122 952 2315 1003 cantet
2347 951 2611 1019 missam,
2647 972 2834 1026 neque
2865 959 3254 1032 evangelium,
3278 981 3466 1036 neque
3499 967 3620 1038 epi-

1974 1033 2185 1090 stolam
2235 1039 2305 1092 ad
2357 1040 2599 1096 missam
2635 1043 2806 1116 legat,
2843 1062 3032 1117 neque
3064 1049 3124 1102 in
3157 1033 3514 1124 presbyterio
3534 1033 3621 1111 ad

1973 1123 2168 1178 divina
2219 1127 2408 1182 ofﬁcia
2460 1146 2591 1185 cum
2645 1132 2759 1201 his,
2791 1135 2891 1205 qui
2931 1137 3180 1206 praefatae
3212 1141 3621 1198 constitutioni

1973 1211 2309 1271 obedientes
2333 1217 2570 1287 fuerint,
2595 1227 2847 1290 maneat,
2877 1239 3064 1296 neque
3099 1231 3323 1297 partem
3349 1228 3420 1284 ab
3443 1231 3622 1287 eccle-

1974 1300 2062 1356 sia
2091 1303 2395 1375 suscipiat.
2431 1330 2459 1356 ››

2045 1392 2096 1444 4.
2129 1393 2198 1446 Et
2242 1395 2641 1468 precipientes
2672 1402 2992 1458 statuimus
3023 1408 3089 1458 ut
3117 1405 3176 1459 hi
3209 1408 3620 1477 praedictorum

1972 1479 2266 1553 ordinum,
2300 1485 2395 1552 qui
2427 1485 2634 1541 iisdem
2667 1490 3198 1560 praedecessoribus
3231 1497 3448 1553 nostris
3480 1499 3621 1554 ohe-

1972 1565 2196 1623 dientes
2227 1571 2553 1628 castitatem
2587 1577 2958 1649 servaverint,
2985 1580 3155 1651 juxta
3184 1583 3456 1642 ecclesias
3490 1587 3620 1658 qui-

1970 1654 2080 1710 bus
2112 1658 2362 1714 ordinati
2396 1668 2554 1729 sunt,
2579 1664 2732 1720 sicut
2762 1672 2988 1738 oportet
3018 1669 3322 1743 religiosos
3353 1673 3618 1742 clericos,

1969 1743 2146 1799 simul
2178 1749 2533 1806 manducent
2577 1757 2632 1808 et
2677 1755 2996 1824 dormiant,
3026 1763 3083 1813 et
3113 1761 3400 1834 quidquid
3431 1764 3514 1820 eis
3545 1766 3617 1821 ab

1967 1832 2211 1888 ecclesia
2232 1839 2526 1909 competit,
2551 1844 2944 1899 communiter
2964 1846 3235 1903 habeant.
3261 1832 3325 1904 Et
3345 1857 3617 1924 rogantes

1966 1938 2274 1980 monemus
2327 1931 2391 1981 ut
2446 1929 2512 1983 ad
2573 1931 2951 2000 apostolicam
3003 1952 3379 1994 communem
3433 1943 3614 2000 vitam

1965 2026 2338 2081 summopere
2391 2016 2688 2084 pervenire
2737 2021 3032 2093 studeant,
3085 2029 3378 2095 quatenus
3427 2033 3615 2102 perfe-

1964 2099 2215 2154 ctionem
2249 2105 2566 2174 consecuti,
2598 2122 2732 2161 cum
2782 2108 2874 2162 his
2923 2112 3022 2181 qui
3071 2117 3389 2172 centesimo
3421 2099 3612 2177 fructu

1962 2187 2223 2242 ditantur
2263 2189 2322 2243 in
2365 2191 2583 2247 cmlesti
2614 2195 2804 2264 patria
2834 2205 3168 2255 mereantur
3195 2205 3430 2260 ascribi.

2028 2277 2081 2330 5.
2120 2275 2192 2330 Ut
2221 2277 2479 2346 decimae,
2515 2282 2786 2351 primitiae
2837 2302 2938 2341 seu
2991 2289 3317 2348 oblationes
3346 2295 3608 2353 vivorum

1959 2368 2015 2418 et
2038 2370 2427 2434 mortuorum,
2449 2369 2769 2426 reddantur
2793 2390 2826 2428 a
2855 2373 3041 2444 laicis,
3067 2382 3123 2433 et
3143 2379 3203 2434 in
3225 2381 3609 2461 dispositione

1957 2453 2366 2525 episcoporum
2399 2457 2552 2521 sint;
2587 2475 2734 2530 quas
2765 2463 2866 2533 qui
2899 2467 3169 2536 tenuerit,
3203 2485 3236 2524 a
3265 2453 3479 2527 sanctas
3509 2474 3608 2530 Ec-

1957 2540 2144 2596 clesiae
2177 2549 2481 2616 separetur
2511 2550 2944 2607 communione.

2024 2633 2077 2685 6.
2113 2632 2184 2686 Ut
2233 2649 2333 2703 per
2379 2633 2560 2690 laicos
2610 2637 2771 2692 nullo
2823 2641 2993 2696 modo
3055 2644 3302 2714 quilibet
3359 2647 3604 2706 clericus

1955 2724 2056 2774 aut
2103 2723 2404 2793 presbyter
2450 2723 2709 2780 obtineat
2753 2727 3059 2786 ecclesiam
3107 2749 3212 2788 nec
3265 2736 3448 2806 gratis
3497 2755 3602 2794 nec

1954 2809 2159 2880 pretio.

2022 2899 2076 2952 7.
2109 2899 2224 2954 Nec
2253 2899 2466 2971 aliquis
2506 2903 2806 2974 presbyter
2837 2906 2983 2962 duas
3012 2909 3287 2968 ecclesias
3317 2914 3595 2974 obtineat.

2021 2989 2074 3041 8.
2111 2992 2183 3042 Ut
2230 3005 2332 3059 por
2373 2990 2763 3047 Simoniacam
2795 2993 3062 3051 haeresim
3096 3014 3266 3055 nemo
3297 3005 3600 3061 ordinetur

1949 3075 2036 3130 vel
2086 3083 2495 3146 promoveatur
2537 3082 2607 3134 ad
2656 3082 2914 3151 quolibet
2955 3086 3214 3142 ofﬁcium
3245 3090 3598 3150 ecclesiasti-

214 3142 248 3159 υ
459 3142 464 3143 ν
497 3142 512 3159 ι
572 3142 583 3144 ν
661 3142 664 3143 ν
703 3142 710 3143 η
735 3142 744 3143 ί
787 3142 810 3143 νί
878 3142 890 3144 -
977 3142 988 3144 ν
1023 3142 1212 3145 "**""'
1246 3142 1529 3162 r"—"""
1554 3142 1838 3154 ἠ-νννυυν
2087 3142 2104 3146 ⁷
2551 3168 2581 3177 η
2673 3142 2688 3151 ⁵
2859 3171 2868 3180 _

188 3175 447 3240 inolevit,
498 3181 558 3230 ut
605 3177 697 3231 vix
746 3177 1018 3248 quaelibet
1067 3178 1318 3235 Ecclesia
1366 3181 1553 3236 valeat
1599 3187 1835 3255 reperiri
1869 3142 1911 3206 ρ
1951 3167 2618 3255 θυξτιν-ηθίῖυθίθοοῙεειιε
2659 3171 3027 3239 ΡΓίΒίῖοιᾶῐυΓ·

187 3282 318 3336 qua:
350 3264 458 3320 hoc
491 3266 692 3320 morbo
723 3283 840 3321 non
891 3266 968 3321 sit
1012 3267 1208 3338 aliqua
1247 3284 1314 3322 ex
1345 3275 1508 3340 parte
1539 3280 1833 3345 corrupta,

185 3368 288 3408 eos
311 3351 411 3424 qui
442 3369 631 3424 usque
665 3355 833 3409 modo
857 3355 1038 3426 gratis
1067 3361 1207 3411 sunt
1237 3374 1269 3411 a
1297 3357 1646 3416 Simoniacis
1676 3363 1835 3417 ordi-

185 3442 331 3511 nati,
351 3459 467 3498 non
491 3446 612 3498 tam
640 3443 880 3498 obtentu
905 3443 1148 3514 justitiee
1174 3461 1351 3516 quam
1376 3448 1586 3503 intuitu
1615 3451 1838 3507 miseri-

184 3531 418 3598 cordiae,
447 3531 504 3585 in
534 3532 788 3603 acceptis
813 3533 1118 3588 ordinibus
1151 3550 1386 3590 manere
1418 3539 1832 3611 permittimus,

186 3621 303 3676 nisi
335 3620 479 3675 forte
511 3619 626 3675 alia
654 3620 825 3693 culpa
846 3637 912 3676 ex
940 3621 1060 3676 vita
1080 3639 1282 3678 eorum
1317 3627 1641 3683 secundum
1663 3645 1834 3685 cano-

185 3725 292 3764 ncs
315 3708 400 3764 eis
420 3708 687 3765 obsistat.
710 3711 898 3764 Tanta
918 3710 1134 3782 quippe
1155 3711 1360 3768 talium
1387 3714 1703 3772 multitudo
1725 3723 1832 3786 est,

180 3802 252 3852 ut
281 3798 423 3852 dum
454 3799 704 3870 rigorem
738 3798 1003 3854 canonici
1034 3799 1250 3871 vigoris
1278 3818 1455 3874 super
1477 3821 1576 3889 eos
1607 3821 1834 3864 servare

182 3902 303 3940 non
341 3902 678 3956 possumus,
706 3902 943 3942 necesse
974 3886 1051 3942 sit
1080 3893 1144 3942 ut
1164 3886 1598 3961 dispensatione
1624 3896 1694 3950 ad
1728 3895 1834 3966 piae

181 3974 702 4030 condescensionis
734 3975 994 4030 studium
1027 3983 1256 4033 nostros
1291 3980 1517 4036 animos
1567 3984 1637 4038 ad
1684 4001 1833 4056 prae-

181 4077 326 4117 sens
355 4060 729 4118 inclinemns.
766 4067 848 4117 Ita
878 4067 1096 4130 tamen,
1133 4070 1196 4120 ut
1228 4069 1573 4124 auctoritate
1605 4078 1834 4128 sancto-

183 4167 322 4205 rum
362 4150 760 4222 apostolorum
793 4150 943 4205 Petri
974 4159 1030 4205 et
1058 4153 1222 4208 Pauli
1255 4157 1608 4214 omnimodis
1655 4161 1833 4217 inter-

181 4239 460 4294 dicamus
482 4256 554 4294 ne
585 4239 798 4311 aliquis
825 4256 1232 4297 successorum
1264 4249 1596 4301 nostrorum
1627 4265 1694 4304 ex
1727 4251 1835 4306 hac

179 4333 391 4383 nostra
420 4328 807 4398 permissione
839 4327 1099 4399 regulam
1133 4330 1266 4396 sibi,
1294 4332 1378 4386 vel
1412 4333 1582 4388 alicui
1618 4343 1831 4409 sumat,

178 4415 270 4471 vel
321 4417 630 4488 praeﬁgat;
682 4416 819 4488 quia
868 4433 981 4471 non
1027 4417 1176 4472 hanc
1206 4419 1422 4490 aliquis
1454 4424 1832 4495 antiquorum

2017 3254 2069 3307 9.
2109 3252 2174 3306 Et
2215 3258 2280 3306 ut
2329 3254 2398 3308 de
2448 3257 2956 3328 consanguinitate
2987 3278 3094 3316 sua
3125 3265 3325 3323 nullus
3356 3286 3598 3326 uxorem

1947 3341 2125 3396 ducat
2156 3358 2342 3412 usque
2363 3344 2435 3398 ad
2460 3345 2769 3415 septimam
2791 3350 3252 3419 generationem,
3276 3355 3362 3411 vel
3385 3373 3599 3428 quous-

1946 3447 2057 3501 que
2089 3431 2386 3501 parentela
2416 3434 2684 3504 cognosci
2718 3436 2947 3506 poterit.
2975 3439 3135 3502 Quod
3166 3443 3332 3512 prius
3364 3462 3398 3500 a
3425 3446 3594 3503 Nico-

1946 3518 2038 3574 lao
2071 3519 2118 3574 II
2149 3523 2438 3575 statutum
2474 3521 2601 3576 fuit.

2018 3609 2104 3661 10.
2139 3611 2208 3662 Et
2238 3611 2302 3663 ut
2331 3608 2515 3664 laicus
2548 3627 2786 3666 uxorem
2815 3612 2990 3668 simul
3024 3615 3246 3676 habens
3287 3625 3344 3677 et
3380 3640 3592 3680 concu-

1946 3696 2166 3762 binam,
2199 3712 2313 3750 non
2345 3699 2739 3754 communicet
2771 3701 3054 3759 Ecclesiae.

2019 3785 2103 3838 11.
2139 3784 2209 3838 Ut
2254 3784 2454 3841 nullus
2504 3786 2768 3843 habitum
2823 3793 3225 3849 monacbalem
3283 3799 3585 3871 suscipiat,

1946 3888 2108 3943 spem
2141 3876 2242 3927 aut
2273 3873 2720 3943 promissionem
2755 3877 2974 3934 habens
3005 3885 3068 3935 ut
3110 3883 3290 3940 abbas
3320 3886 3441 3943 fiat.

2019 3963 2103 4014 12.
2138 3959 2212 4016 Ut
2243 3961 2441 4016 nullus
2473 3962 2658 4018 laicus
2690 3965 2760 4018 ad
2784 3967 3106 4037 quemlibet
3132 3973 3379 4048 gradum
3412 3975 3591 4032 eccle-

1945 4049 2251 4104 siasticum
2306 4056 2542 4121 repente
2589 4059 3014 4125 promoveatur,
3067 4058 3178 4113 nisi
3231 4063 3417 4132 prius,
3458 4081 3590 4121 mu-

1943 4141 2063 4191 tato
2115 4137 2318 4191 habitu
2373 4137 2660 4210 saeculari,
2714 4141 2910 4196 divina
2959 4149 3394 4206 consecratione
3442 4152 3597 4210 inter

1944 4225 2185 4280 clericos
2244 4226 2416 4281 fuerit
2471 4229 2907 4300 comprobatus.
2967 4233 3080 4290 Vos
3148 4253 3284 4310 ergo
3350 4239 3472 4296 haec
3540 4247 3597 4298 et

1944 4312 2058 4367 alia
2104 4319 2440 4369 sanctorum
2490 4315 2724 4372 Patrum
2776 4323 2998 4376 statuta
3049 4324 3293 4382 ﬁdeliter
3334 4334 3390 4384 et
3427 4330 3593 4385 Chri-

1944 4401 2135 4456 stiana
2165 4403 2485 4457 reverentia
2515 4405 2836 4476 observate,
2869 4413 2916 4462 si
2950 4410 3126 4467 vultis
3155 4420 3369 4470 sanctae
3401 4419 3594 4474 Eccle-

177 4505 431 4559 Patrum
464 4505 728 4575 jubendo
758 4509 863 4559 aut
893 4507 1259 4562 concedendo
1291 4489 1699 4583 promulgavit,
1735 4515 1836 4568 sed

1980 4489 2043 4543 ἱω
2075 4490 2347 4544 Romana:
2395 4495 2451 4544 et
2501 4493 2828 4561 apostolica
2872 4498 3030 4552 sedis
3069 4516 3206 4569 pace
3243 4507 3299 4557 et
3329 4520 3592 4561 commu-

174 4593 473 4665 temporis
504 4592 688 4648 nimia
717 4593 1034 4648 necessitas
1066 4596 1454 4665 permittendo
1485 4616 1518 4654 a
1553 4600 1718 4657 nobis
1750 4619 1839 4657 cx-

171 4680 380 4735 torsit.
405 4679 486 4735 De
517 4683 723 4734 caetero
747 4683 942 4735 autem
975 4681 1294 4736 statuimus
1324 4688 1388 4738 ut
1419 4684 1466 4739 si
1490 4687 1621 4756 quis
1653 4687 1710 4742 in
1745 4706 1842 4760 po-

173 4773 412 4822 sterum
448 4767 520 4822 ab
552 4783 619 4822 eo
647 4784 821 4838 quem
851 4767 1247 4824 Simoniacum
1282 4787 1410 4827 esse
1439 4791 1555 4828 non
1588 4776 1836 4845 dubitat,

174 4872 242 4911 se
275 4856 610 4910 consecrari
645 4856 998 4927 permiserit,
1031 4863 1088 4912 et
1119 4866 1488 4916 consecrator
1530 4868 1587 4918 et
1635 4882 1840 4920 conse-

172 4948 388 4998 oratus
417 4960 534 4998 non
562 4942 858 5014 disparem
893 4945 1288 5002 damnationis
1321 4952 1668 5007 sententiam
1702 4955 1839 5009 sub-

170 5036 342 5098 eant,
383 5035 445 5086 ut
492 5036 738 5102 uterque
792 5033 1094 5104 depositus
1145 5039 1277 5107 agat
1331 5039 1758 5110 paenitentiam,
1789 5047 1842 5098 et

169 5120 452 5192 privatus
483 5121 554 5175 ab
589 5137 659 5176 ea
688 5122 924 5192 propria
953 5123 1238 5194 dignitate
1270 5127 1564 5196 persistat.

247 5210 308 5264 3.
347 5207 563 5263 Praeter
593 5209 716 5265 haec
740 5214 937 5266 autem
970 5212 1357 5284 praecipiendo
1386 5217 1758 5290 mandamus,
1783 5223 1848 5274 ut

168 5297 391 5352 nullus
416 5297 660 5353 missam
685 5299 886 5354 audiat
917 5301 1260 5372 presbyteri,
1286 5320 1458 5374 quem
1493 5306 1602 5360 scit
1633 5323 1844 5364 concu-

167 5386 394 5442 binam
416 5386 820 5442 indubitanter
839 5387 1072 5460 habere,
1087 5389 1173 5446 vel
1196 5391 1698 5450 subintreductam
1723 5415 1848 5452 mu-

167 5473 416 5532 lierem.
458 5475 615 5532 Unde
647 5481 853 5532 sancta
882 5479 1141 5549 synodus
1171 5479 1292 5533 haec
1333 5498 1366 5535 a
1395 5483 1580 5554 capite
1610 5487 1717 5540 sub
1749 5504 1842 5542 ex-

167 5563 733 5625 communicatione
763 5565 993 5633 statuit,
1026 5565 1224 5622 dicens
1259 5585 1272 5625 :
1321 5592 1348 5620 «
1380 5569 1722 5646 Quicunque
1754 5595 1843 5634 sa-

479 5693 742 5757 Ριτιιοι..
793 5690 1048 5758 CXLVI.

1948 4579 2120 4632 nione
2152 4581 2325 4648 atque
2375 4579 2776 4636 benedictione
2823 4588 2880 4637 et
2922 4585 3290 4649 absolutione
3319 4594 3592 4664 gaudere.

1946 4665 2163 4721 Valete.

2567 4755 2795 4794 ADDITIO
2835 4758 2888 4794 Ο.
2931 4759 2984 4796 C.

2020 4806 2168 4879 Adde
2206 4823 2276 4859 ex
2314 4808 2535 4879 Βοιϐηδὶ
2563 4809 2817 4866 ιἸινοηίοο
2849 4831 2866 4867 ;
2915 4813 3032 4869 Hoc
3063 4833 3215 4873 anno
3247 4821 3303 4874 in
3338 4821 3598 4879 Romano

1951 4876 2533 4966 consilio'deﬁn‘itum
2584 4885 2674 4966 est
2722 4883 2793 4966 ab
2813 4884 3158 4966 “Alexandro
3187 4891 3256 4962 II,
3291 4893 3443 4963 quod
3477 4876 3597 4966 epi-

1953 4967 2134 5020 copus
2164 4949 2553 5005 Nannetensis
2581 4951 2781 5008 abbati
2813 4955 3140 5015 Raimundo
3191 4949 3256 5016 et
3299 4949 3598 5021 monachis

1953 5022 2219 5102 Dole‘nsis
2251 5021 2495 5102 omnobii
2531 5023 3081 5102 priusredintegret
3111 5033 3394 5089 damnum
3425 5052 3598 5091 omne

1953 5093 2104 5171 quod
2130 5092 2214 5146 eis
2248 5092 2777 5164 violenter’intulit,
2801 5092 3294 5171 quamvjudicium
3326 5107 3479 5160 inter
3498 5123 3596 5162 eos

1952 5163 2292 5218 celebretur.

2447 5253 2586 5290 ΝΟΤΑ
2628 5254 2889 5294 SEVERINI
2935 5258 3096 5298 ΒῙΝῙῙ.

2029 5301 2154 5379 Hzec
2185 5303 2254 5358 de
2286 5303 2376 5379 his
2407 5321 2533 5375 quae
2562 5307 2622 5361 in
2653 5309 2895 5366 concilio
2925 5319 3064 5368 sunt
3094 5319 3312 5374 statuta
3341 5337 3602 5379 summa-

1954 5372 2062 5426 tim
2085 5372 2724 5452 Alexander'universaz
2747 5381 3034 5439 Ecclesia.
3060 5385 3220 5448 Quod
3245 5372 3601 5452 uineas};-

1957 5448 2075 5524 ctat
2106 5446 2176 5524 ad
2211 5453 2484 5524 quartum
2515 5466 2820 5518 canonem,
2854 5470 2969 5524 quo
3001 5446 3332 5516 decernitur
3358 5446 3440 5519 ut

1956 5514 2058 5570 rici
2081 5514 2257 5601 simul
2282 5520 2637 5604 manducent
2660 5514 3054 5604 etddrrhiant,
3081 5531 3345 5604 bonaque
3367 5535 3424 5590 in
3449 5554 3599 5592 com-

1957 5589 2123 5645 muni
2154 5589 2510 5664 possideant,
2536 5593 2688 5652 scias
2715 5593 2773 5653 id
2800 5597 3014 5656 factum
3044 5589 3423 5676 suggestions
3444 5589 3595 5669 Pet—ri

3244 5733 3316 5828 4i
