3996 6158
211 396 370 465 1301

1393 395 1803 461 EPISTOLE
1845 395 1948 458 ET
1992 394 2446 457 DIPLOMATA
2459 438 2473 453 .

3480 370 3637 434 1302

208 524 371 592 trum
394 531 733 592 Ostiensum
765 534 1128 607 episcopum,
1161 548 1195 588 a
1226 547 1341 605 quo
1374 532 1578 589 eadem
1608 530 1869 603 synodus
1899 530 1953 596 Α
1983 498 2101 591 tate
2123 534 2402 602 perpetua
2422 527 2534 600 ipsi
2558 522 2913 582 monasterio
2934 508 3477 607 vestro,secundum
3495 519 3639 607 pras-

208 625 504 681 celebrata
529 627 636 687 est,
670 624 991 696 decepisse.
1029 623 1218 694 Super
1242 621 1363 676 haec
1394 621 1589 688 etiam,
1625 620 1695 674 ad
1730 634 1871 690 aug-

210 718 481 768 mentum
529 711 843 767 criminum
911 728 1173 778 suorum,
1227 710 1452 765 litteras
1512 706 1872 779 apostolatus

209 803 400 859 nostri
433 801 649 873 quibus
682 800 753 856 ad
786 800 911 855 haec
945 798 1354 868 examinanda,
1384 798 1725 861 vocabatur,
1746 813 1869 852 om-

209 891 353 947 nino
384 889 674 947 refutavit.
737 891 1098 961 Quapropter
1152 887 1494 943 charitatem
1538 890 1701 941 tuam
1733 902 1868 956 apo-

210 979 425 1036 stolica
436 979 782 1035 auctoritate
804 978 1193 1034 admonemus
1216 976 1529 1049 utpraztato
1546 974 1869 1030 Senonensi

211 1069 652 1142 archiepiscopo
674 1068 735 1124 in
759 1066 1135 1124 damnatione
1172 1065 1606 1122 Aurelianensis
1642 1065 1869 1119 invaso-

208 1159 295 1215 ris
324 1161 660 1230 contempto
693 1157 903 1213 timore
931 1161 987 1212 et
1016 1155 1209 1229 gratia
1238 1154 1525 1222 omnium,
1557 1158 1614 1209 te
1644 1152 1869 1209 socium

207 1252 269 1304 et
298 1247 628 1320 adjutorem
659 1244 962 1301 adhibeas.

950 1350 1140 1408 XXIV.

207 1444 583 1517 Privilegium
612 1440 960 1517 Alexandri_
979 1443 1027 1497 Il
1056 1455 1220 1517 papae
1244 1456 1344 1517 pro
1364 1439 1718 1517 _monastarz'o
1749 1436 1868 1492 Sal-

534 1514 739 1569 uatoris
766 1518 819 1569 et
839 1513 893 1568 S.
927 1511 1207 1583 Bonifacii
1241 1511 1545 1567 Fuldensz’s.

837 1602 1029 1674 (Anno
1063 1601 1247 1674 1064.)

289 1693 569 1766 ωασπς,
601 1692 785 1749 Codex
812 1691 1199 1763 diplomaticus
1228 1689 1407 1756 Fuld.,
1438 1704 1570 1760 pag.
1612 1686 1763 1756 370.]

289 1787 318 1848 τι
356 1784 417 1849 Α,
449 1782 781 1854 episcopus,
815 1796 1017 1837 servus
1063 1794 1363 1835 servorum
1401 1776 1525 1840 Dei,
1557 1780 1871 1832 Wmsmrro

219 1872 320 1945 pio
334 1876 392 1927 et
411 1869 683 1965 religioso
714 1869 908 1926 abbati
937 1866 1286 1965 venerabilis
1305 1863 1643 1922 monasterii
1673 1862 1871 1965 Salva-
1902 1899 1951 1965 Β

208 1962 359 2017 toris
391 1959 627 2016 Domini
649 1959 833 2015 nostri
862 1958 1002 2014 Jesu
1026 1955 1240 2013 Christi
1259 1960 1316 2011 et
1340 1955 1535 2011 Sancti
1568 1952 1866 2020 Bonifacii,

211 2050 372 2122 quod
403 2049 582 2105 situm
615 2051 704 2104 est
731 2047 794 2102 in
824 2047 952 2103 loco
983 2047 1083 2117 qui
1113 2049 1354 2101 vocatur
1391 2042 1681 2099 Bocbonia
1702 2042 1873 2113 juxta

206 2138 400 2210 ripam
427 2136 688 2193 ﬂuminis
721 2136 876 2208 quod
905 2139 1145 2191 vocatur
1164 2132 1368 2200 Fulda,
1392 2136 1449 2188 et
1479 2148 1581 2204 per
1608 2136 1663 2187 te
1680 2131 1869 2187 eidem

206 2226 533 2284 venerabili
556 2225 910 2282 monasterio
941 2225 1180 2295 tuisque
1202 2220 1719 2278 successoribusin
1746 2235 1872 2291 per-

211 2322 482 2390 petuum.

289 2401 908 2476 Convenitapostolico
923 2399 1308 2457 moderamini
1331 2398 1426 2472 pia
1446 2398 1723 2470 religione
1746 2396 1870 2469 pol-

216 2494 485 2550 lentibus
516 2492 794 2549 benevola
852 2489 1257 2561 compassione
1315 2502 1655 2544 succurrere
1683 2491 1739 2543 et
1769 2503 1871 2557 po-

214 2583 522 2641 scentibus
544 2583 707 2653 juste
737 2584 794 2637 et
823 2579 1093 2652 religiose
1125 2576 1301 2634 alacri
1333 2576 1639 2632 devotione
1670 2592 1869 2631 assen-

216 2688 353 2728 sum
384 2670 693 2744 impertiri.
723 2670 803 2724 Ex
828 2669 939 2724 hoc
959 2669 1116 2724 enim
1149 2666 1297 2722 lucri
1323 2665 1697 2739 potissimum
1730 2682 1870 2736 prae-

215 2761 405 2817 mium
428 2777 465 2817 a
491 2758 790 2816 conditore
820 2756 1107 2824 omnium,
1132 2761 1267 2827 Deo,
1302 2753 1505 2827 procul
1535 2754 1712 2809 dubio
1739 2770 1871 2824 pro-

213 2847 592 2917 meremur,si
618 2845 976 2904 venerabilia
1004 2845 1133 2901 loca
1155 2848 1479 2917 opportune
1510 2844 1779 2898 ordinata
1796 2842 1867 2897 ad

216 2939 522 2994 meliorem
554 2937 771 2992 fuerint
798 2934 928 2991 sine
957 2933 1136 2990 dubio
1166 2938 1386 2990 statum
1420 2933 1721 3005 perducta.
1758 2932 1869 3004 Igi-

212 3032 332 3105 tur,
364 3027 506 3099 quia
536 3024 882 3098 postulastis
940 3041 974 3079 a
1015 3023 1208 3090 nobis,
1266 3022 1632 3078 decrevimus
1670 3027 1873 3076 nostra

214 3115 540 3190 apostolica
557 3113 944 3187 praeceptione
975 3112 1352 3169 reconcedere
1373 3126 1440 3166 ac
1461 3110 1766 3165 reconﬁrm
1776 3126 1872 3165 are

213 3203 639 3279 perpetualiter
667 3203 831 3259 vobis
850 3200 1176 3273 vestrisque
1205 3199 1644 3255 successoribus
1670 3197 1873 3268 praedi-

215 3300 377 3351 ctum
410 3292 834 3349 monasterium
884 3289 1199 3346 Balvatoris
1229 3288 1461 3344 Domini
1515 3287 1700 3343 nostri
1730 3286 1869 3342 Jesu
1902 3265 1944 3332 Ο

218 3382 435 3440 Christi
461 3382 519 3438 et
538 3380 736 3438 Sancti
759 3379 1251 3450 Bonifacii,situm
1274 3377 1479 3434 inloco
1507 3377 1606 3449 qui
1637 3381 1873 3432 vocatur

217 3470 519 3527 Bochonia
541 3471 707 3541 juxta
737 3469 925 3541 ripam
958 3467 1221 3523 ﬂuminis
1252 3466 1405 3538 quod
1432 3465 1645 3521 dicitur
1673 3465 1871 3535 Fulda,

220 3577 357 3617 cum
389 3560 666 3615 omnibus
696 3559 871 3614 rebus
904 3556 1224 3613 mobilibus
1250 3559 1307 3610 et
1330 3554 1735 3610 immobilibus
1760 3553 1874 3609 sibi

214 3649 673 3723 pertinentibus,
705 3646 876 3719 quasi
909 3662 1068 3702 nunc
1100 3645 1297 3712 habet,
1332 3649 1388 3700 et
1418 3645 1476 3699 in
1510 3644 1725 3710 futuro,
1759 3647 1873 3698 Deo

216 3737 559 3804 auxiliante,
592 3734 848 3792 habebit.
877 3733 1267 3790 Concedimus
1287 3733 1461 3789 etiam
1494 3736 1667 3803 atque
1694 3732 1873 3786 dona-

210 3844 348 3883 mus
377 3826 544 3881 vobis
590 3824 913 3881 clarissime
949 3839 1016 3878 ac
1073 3820 1455 3877 dilectissime
1498 3820 1602 3891 ﬁli,
1632 3819 1875 3876 vestris-

216 3932 337 3988 que
359 3913 803 3971 successoribus
822 3911 1135 3969 abbatibus
1157 3909 1216 3965 in
1251 3914 1597 3982 perpetuum
1622 3925 1723 3981 pro
1750 3925 1874 3962 ma-

214 4021 333 4078 gno
365 4008 565 4059 nostro
596 4018 794 4058 amore
833 4000 1134 4071 nimiaque
1158 3998 1488 4068 dilectione,
1517 4015 1694 4071 quam
1724 3997 1879 4052 circa

214 4109 321 4149 vos
352 4091 644 4148 habemus
663 4095 721 4145 et
751 4089 966 4145 habere
987 4088 1263 4159 deinceps
1282 4087 1875 4158 oupimus,monaste-

213 4181 376 4237 rium
411 4179 613 4236 Sancti
641 4179 886 4233 Andreas.
915 4175 1186 4249 apostoli,
1221 4176 1375 4247 quod
1406 4181 1647 4231 vocatur
1676 4175 1878 4230 Exaiu-

217 4268 559 4337 lum,situm
591 4272 785 4323 Romae
810 4268 981 4337 juxta
1008 4263 1317 4320 ecclesiam
1347 4269 1568 4318 Sanctae
1601 4263 1701 4318 Dei
1723 4263 1881 4334 geni-

212 4357 387 4414 tricis
416 4355 607 4414 Marize
639 4371 873 4427 semper
892 4352 1175 4425 Virginis,
1208 4368 1334 4424 qua:
1362 4356 1601 4407 vocatur
1627 4353 1697 4406 ad
1722 4356 1880 4406 Prm-

214 4462 380 4518 sepe.
414 4462 549 4502 cum
581 4444 853 4500 omnibus
895 4441 1322 4511 mansionibus,
1355 4440 1684 4506 caminatis,
1719 4439 1879 4495 cellis

212 4534 487 4605 vinariis,
518 4537 576 4589 et
605 4532 877 4605 coquina,
909 4547 1044 4586 cum
1065 4529 1487 4597 vineis,hortis,
1516 4528 1881 4599 diversisque

1981 599 2352 677 decessorum
2400 599 2731 672 nostrorum
2762 607 3082 684 privilegia,
3116 603 3530 661 confirmamus
3578 599 3637 651 et

1980 710 2446 766 corroboramus.
2477 705 2849 762 Decernimus
2869 700 3047 756 etiam
3065 713 3136 752 ne
3167 692 3339 751 alicui
3371 702 3631 761 personae

1981 815 2205 871 magnis
2234 798 2323 853 vel
2355 814 2540 870 parva:
2596 795 2766 849 liceat
2822 791 3079 861 aliquam
3126 786 3244 841 vim
3274 780 3360 837 vel
3392 779 3629 871 coptro-

1978 887 2224 943 versiam
2260 887 2474 942 inferre
2505 884 2691 938 eidem
2714 878 3067 936 monasterio
3089 875 3148 929 in
3176 872 3351 927 rebus
3373 884 3435 922 ac
3463 862 3632 919 fami-

1981 975 2076 1031 liis
2107 978 2321 1049 ejus,et
2350 990 2419 1029 ne
2447 972 2665 1028 femina
2689 983 2951 1039 unquam
2982 964 3120 1019 illuc
3146 957 3370 1031 ingredi
3405 968 3630 1049 pressu:

1980 1070 2103 1121 mat
2133 1030 2350 1122 "nostra
2397 1060 2713 1135 apostolica
2760 1053 3163 1112 interdicimus
3222 1045 3524 1108 auctorite,
3576 1030 3634 1135 et

1979 1173 2051 1211 ne
2080 1156 2213 1228 quis
2246 1129 2508 1227 unquam
2537 1149 2817 1223 placitum
2846 1145 2925 1200 ibi
2956 1140 3167 1197 habeat
3193 1134 3282 1228 vel
3311 1135 3372 1189 in
3392 1129 3630 1228 caeteris

1978 1247 2107 1315 ejus
2139 1245 2281 1301 locis
2313 1217 2417 1298 nec
2448 1256 2643 1297 servos
2676 1253 2780 1292 nec
2807 1233 3042 1289 colonos
3072 1228 3143 1283 ad
3178 1222 3411 1295 aliquod
3448 1217 3628 1275 servi-

1976 1311 2124 1388 tium
2174 1332 2555 1403 constringat,
2607 1325 2721 1381 nisi
2778 1322 2870 1378 cui
2930 1319 3108 1374 abbas
3167 1311 3477 1368 utilitatem
3511 1320 3627 1361 suae

1978 1420 2344 1478 necessitatis
2387 1400 2697 1475 assensum
2728 1408 3060 1485 praebuerit.
3094 1400 3353 1475 Eligendi
3396 1409 3630 1469 quoque

1979 1513 2250 1569 abbatem
2284 1509 2415 1576 sibi,
2449 1506 2684 1579 quando
2715 1518 2862 1575 opus
2894 1497 3087 1559 fuerit,
3138 1494 3344 1548 fratres
3384 1488 3628 1579 inter—se

1978 1605 2325 1674 potestatem
2351 1575 2607 1653 habeant
2653 1590 2979 1648 secundum
3010 1582 3276 1656 regulam
3309 1575 3494 1635 sancti
3528 1577 3628 1628 Be-

1981 1690 2215 1759 nedicti,
2246 1689 2372 1744 sine
2404 1686 2580 1741 ullius
2610 1677 3064 1739 contradictione
3094 1685 3374 1759 personae.

2052 1755 2340 1834 Caeterum
2398 1791 2532 1831 vero
2578 1773 2688 1827 hoc
2744 1767 3088 1824 deliberates
3135 1757 3507 1816 decernimus
3538 1755 3622 1818 ut,

1981 1867 2254 1941 congruis
2285 1863 2670 1936 temporibus,
2703 1864 2915 1913 nostra;
2953 1845 3334 1908 sollicitudini
3364 1841 3632 1941 ecclesia:

1982 1927 2138 2014 sticae
2169 1927 2476 2010 intimatur
2506 1948 2758 2023 qualiter
2786 1942 2989 2016 religio
3021 1936 3345 2023 monastica
3376 1927 3630 2023 regulari

1980 2045 2183 2101 habitu
2206 2033 2945 2114 dirigatur,concordiaque
2967 2021 3333 2084 convenienti
3361 2015 3631 2114 ecclesia-

1981 2135 2129 2190 stico
2161 2103 2356 2188 studio
2381 2103 2766 2198 mancipetur,
2796 2138 2870 2177 ne
2902 2121 3067 2187 forte,
3108 2112 3263 2187 quod
3295 2106 3484 2165 absit!
3518 2103 3629 2198 sub

1983 2225 2160 2295 hujus
2191 2217 2473 2293 privilegii
2506 2217 2765 2278 obtentu,
2811 2210 3046 2265 animus
3074 2213 3432 2295 gressusque
3461 2192 3630 2295 recti-

1979 2286 2209 2368 tudinis
2231 2286 2434 2364 vestrte
2466 2323 2498 2361 a
2527 2319 2734 2359 norma
2754 2298 2997 2372 justitiae
3028 2294 3222 2363 aliquo
3254 2287 3427 2343 modo
3449 2286 3629 2372 retor-

1981 2405 2249 2475 queatur.
2283 2394 2673 2453 Concedimus
2700 2391 2877 2446 etiam
2908 2385 3037 2452 tibi,
3062 2396 3237 2454 quem
3261 2379 3406 2475 bene
3433 2369 3629 2475 erudi-

1980 2459 2107 2547 tum
2141 2495 2197 2545 et
2223 2490 2368 2543 bene
2393 2485 2759 2555 eloquentem
2791 2478 2982 2533 virum
3014 2488 3141 2528 esse
3175 2467 3466 2530 novimus,
3500 2459 3629 2516 dul-

1982 2580 2216 2637 cissime
2246 2576 2350 2643 fili,
2397 2572 2710 2646 praedicare
2730 2568 2971 2624 verbum
3006 2562 3100 2617 Dei
3134 2555 3480 2646 auctoritate
3501 2566 3632 2605 san-

1981 2670 2056 2725 cti
2094 2666 2245 2723 Petri
2276 2641 2523 2737 apostoli
2557 2661 2652 2715 Dei
2683 2662 2740 2714 et
2792 2660 2992 2710 nostra
3039 2651 3168 2721 ejus
3205 2641 3440 2737 vicarii,
3469 2641 3633 2737 _et_ut

1980 2763 2099 2813 tam
2128 2772 2231 2811 vos
2262 2728 2440 2826 quam
2473 2761 2841 2806 successores
2860 2739 3040 2798 vestri
3072 2741 3205 2795 ante
3233 2733 3378 2826 alios
3391 2728 3632 2784 abbates

1980 2845 2176 2902 Galliae
2208 2820 2309 2899 seu
2342 2838 2666 2897 Germaniae
2710 2834 3029 2907 primatum
3057 2828 3118 2882 in
3151 2823 3310 2881 omni
3334 2820 3460 2877 loco
3490 2832 3627 2907 con-

1978 2939 2273 3006 ventuque
2304 2934 2506 2987 nostra
2535 2905 2852 2998 apostolica
2907 2916 3254 3006 auctoritate
3293 2905 3626 3006 obtine-atis.

1980 2996 2429 3094 Usum-quoque
2460 2996 2784 3072 dalmaticse
2835 3015 2893 3066 et
2921 3004 3318 3065 sandaliorum
3341 2998 3399 3053 in
3423 2996 3630 3094 missa-

1980 3129 2110 3168 rum
2125 3083 2429 3167 solemniis
2445 3103 2900 3160 licentianostrae
2923 3092 3252 3168 apostolicae
3267 3083 3630 3144 auctoritatis

1981 3199 2357 3256 concedimus
2385 3201 2506 3251 tam
2537 3192 2701 3248 vobis
2724 3204 2903 3261 quam
2925 3180 3367 3241 successoribus
3396 3172 3627 3257 vestris’

1982 3290 2308 3347 secundum
2342 3284 2497 3357 quod
2528 3281 2586 3336 in
2620 3275 2935 3351 privilegiis
2992 3271 3485 3343 praedecessorum
3526 3276 3629 3314 no-

1983 3383 2239 3435 strorum
2272 3355 2743 3429 habetur.Abbas
2771 3380 2904 3419 vero
2938 3357 3171 3415 nonnisi
3209 3372 3243 3410 a
3269 3355 3470 3408 nostra
3499 3363 3633 3435 apof

1982 3434 2188 3523 stolica
2235 3462 2371 3519 sede
2401 3456 2841 3518 benedicatur,a
2868 3466 2986 3521 qua
3014 3441 3276 3501 benedici
3310 3439 3563 3503 debet,et
3584 3434 3635 3488 si

1981 3555 2038 3610 in
2073 3553 2268 3624 aliquo
2300 3548 2543 3605 crimine
2574 3549 2884 3600 accusatus
2915 3534 3186 3601 fuerit,de
3206 3530 3409 3587 eadem
3435 3526 3638 3624 nostra

1981 3611 2302 3716 apostolica
2330 3639 2466 3694 sede
2521 3639 2753 3690 tantum
2803 3627 3095 3701 judicium
3152 3619 3429 3716 expectet.
3481 3611 3633 3716 Illud

1981 3704 2156 3788 etiam
2189 3726 2535 3801 generaliter
2589 3721 2925 3779 addendum
2955 3716 3199 3787 dignum
3240 3705 3516 3801 duximus
3546 3704 3631 3767 ut,

1984 3793 2272 3893 quidquid
2292 3813 2637 3872 auctoritate
2659 3814 3092 3864 antecessorum
3117 3793 3633 3893 quorumlibet‘nq-

1983 3877 2264 3974 atrorum,
2297 3919 2498 3976 regum
2546 3904 2602 3954 et
2656 3899 3100 3967 imperatorum,
3133 3885 3247 3958 ipsi
3278 3887 3468 3976 vestro
3499 3877 3634 3976 li‘ul-
3714 3884 3721 3887 '

1984 3997 2149 4053 densi
2170 3967 2526 4050 monasterio
2545 3990 2772 4044 constat
2791 3983 2970 4038 fuisse
2990 3970 3440 4039 concessum,sit
3457 3967 3634 4025 etiam

1986 4091 2187 4141 nostra
2210 4079 2532 4155 apostolica
2553 4075 2896 4133 auctoritate
2919 4088 3019 4143 per
3038 4069 3148 4124 hoc
3166 4068 3432 4120 nostrum
3465 4056 3637 4131 privi-

1985 4174 2201 4247 legium
2216 4153 2625 4226 contirmatum
2647 4170 2821 4235 atque
2844 4153 3637 4220 corroboratum,statuentes

1986 4240 2307 4336 apostolica
2336 4274 2603 4323 censura,
2632 4254 2741 4310 sub
2770 4250 2951 4307 divini
2986 4245 3194 4319 judicii
3225 4240 3636 4306 obtestatione,

1987 4333 2058 4408 ne
2081 4350 2211 4423 quis
2237 4364 2496 4419 unquam
2522 4349 2855 4401 nostrorum
2870 4352 3276 4396 successorum
3295 4333 3636 4406 pontificum

1988 4421 2405 4499 Romanorum,
2437 4450 2664 4506 regum,
2696 4433 2933 4495 ducum,
2978 4427 3405 4491 marchionum,
3456 4421 3637 4476 comi-

1986 4536 2138 4592 tum,
2170 4532 2226 4583 et
2259 4529 2535 4597 praeterea
2581 4520 3177 4591 archiepiscoporum,
3229 4511 3637 4584 episcoporum

210 4599 537 4697 generibus
570 4599 1039 4695 pomorum,cum
1072 4624 1234 4675 curte
1263 4624 1319 4674 et
1347 4623 1520 4691 puteo
1552 4624 1609 4673 et
1636 4617 1878 4673 introitu
1913 4633 1960 4697 D
1991 4623 2093 4675 aut
2122 4615 2437 4686 cujuslibet
2487 4609 2788 4682 dignitatis
2835 4606 2921 4661 vel
2951 4601 3298 4659 conditionis
3325 4599 3635 4697 hominum

212 4729 321 4786 per
351 4717 585 4785 portam
606 4712 892 4781 majorem
923 4725 956 4764 a
984 4709 1076 4763 via
1094 4707 1347 4779 publica,
1373 4712 1430 4761 et
1450 4722 1582 4761 cum
1611 4705 1884 4764 omnibus

214 4802 293 4856 ad
314 4799 473 4856 idem
495 4799 918 4855 monasterium
936 4796 1287 4871 generaliter
1308 4794 1879 4867 pertinentibus,tam

214 4890 383 4946 intra
415 4906 593 4961 quam
628 4893 792 4944 extra
822 4888 1026 4942 urbem
1058 4886 1353 4957 sitis,quaa
1384 4884 1433 4939 ei
1458 4886 1620 4954 juste
1641 4901 1706 4939 ac
1729 4888 1881 4938 recte

213 4979 516 5053 pertinere
545 4974 1387 5050 dignoscuntur.Prohibemus
1418 4980 1613 5029 autem
1645 4990 1879 5029 omnem

213 5064 827 5139 cujuslibetEcclesise
850 5062 1209 5119 sacerdotem
1224 5061 1282 5116 in
1300 5062 1454 5117 idem
1477 5068 1735 5117 vestrum
1754 5060 1882 5116 Ful-

208 5157 402 5213 dense
434 5153 856 5211 monasterium
881 5150 1207 5223 quamlibet
1235 5151 1515 5206 ditionem
1538 5148 1878 5215 habere,vel

212 5244 657 5309 auctoritatem,
690 5244 896 5315 praeter
924 5244 1187 5295 nostram
1220 5238 1599 5312 apostolicam
1630 5240 1826 5294 sedem
1862 5256 1874 5306 ;

219 5332 561 5406 specialiter
585 5331 926 5405 episcopum
949 5328 1008 5384 in
1032 5329 1204 5401 cujus
1224 5328 1455 5384 dioecesi
1477 5331 1879 5384 constructum

217 5439 360 5480 esse
388 5420 734 5488 videtur,ita
762 5418 969 5490 ut,nisi
1002 5418 1074 5474 ab
1107 5418 1317 5473 abbate
1336 5417 1677 5472 monasterii
1708 5417 1883 5473 fuerit

213 5510 645 5578 invitatus,nec
677 5508 995 5563 missarum
1025 5504 1314 5561 solemnia
1342 5505 1560 5560 ibidem
1594 5504 1884 5561 celebrare

214 5603 564 5675 praesumat.
599 5603 759 5655 Dona
804 5612 961 5666 vero,
994 5600 1050 5651 et
1070 5593 1393 5651 oblationes
1419 5594 1794 5664 decimasque
1817 5595 1882 5649 fi-

219 5689 472 5761 delium,
492 5690 716 5761 absque
750 5685 930 5743 ullius
954 5700 1215 5757 personae
1246 5683 1674 5750 contrarietate,
1708 5683 1885 5739 firmi-

1995 4711 2196 4763 contra
2225 4704 2332 4759 hoc
2364 4706 2629 4756 nostrum
2664 4693 3029 4768 privilegium
3070 4691 3395 4762 quidquam
3426 4687 3639 4743 audeat

1991 4799 2300 4852 attentare.
2334 4791 2493 4854 Quod
2529 4789 2576 4843 si
2610 4787 2743 4857 quis
2774 4779 3232 4856 praesumpserit,
3265 4777 3412 4833 sciat
3440 4792 3502 4831 se
3530 4791 3637 4828 no-

1990 4885 2093 4941 stri
2127 4880 2482 4939 anthcmatis
2512 4875 2742 4931 vinculo
2790 4888 2978 4944 usque
3018 4871 3090 4925 ad
3133 4869 3372 4940 dignam
3404 4864 3639 4921 sutisfa—

1990 4975 2240 5029 ctionem
2278 4958 3170 5025 insolubiliterinnodatum.Qui
3205 4962 3398 5011 autem
3433 4954 3524 5026 pio
3556 4955 3637 5007 in-

1990 5063 2143 5118 tuitu
2178 5076 2239 5116 se
2265 5056 2697 5121 custodierit,et
2725 5069 2798 5108 ne
2826 5051 2885 5105 in
2914 5048 3111 5121 aliquo
3141 5045 3497 5117 infringatur
3521 5061 3553 5097 a
3574 5060 3635 5098 se

1991 5149 2404 5213 observaverit,
2436 5142 2855 5201 benedictionis
2899 5138 3143 5212 gratiam
3176 5140 3234 5191 et
3264 5138 3638 5207 peccatorum

1991 5255 2232 5295 suorum
2264 5234 2694 5292 absolutionem
2725 5248 2759 5286 a
2786 5229 3135 5285 retributore
3163 5224 3429 5281 omnium
3458 5222 3639 5278 bono-

1991 5345 2124 5384 rum
2162 5328 2270 5383 Deo
2294 5324 2573 5395 consequi
2606 5324 2901 5377 mereatur
2928 5320 2994 5372 ut
3022 5316 3079 5370 in
3111 5313 3330 5369 caelesti
3360 5312 3497 5368 sede
3518 5310 3641 5385 glo-

1991 5417 2192 5472 rietur.

2064 5507 2271 5561 Datum
2302 5520 2405 5576 per
2436 5517 2647 5557 manus
2686 5496 2860 5563 Petri,
2893 5499 3105 5551 sanctae
3137 5495 3410 5549 Romanae
3441 5490 3641 5547 Eccle-

1992 5594 2178 5651 clesirc
2209 5591 2574 5657 subdiaconi,
2607 5594 2663 5644 et
2690 5588 2811 5643 vice
2841 5584 3041 5641 domni
3068 5582 3309 5641 Amonis
3336 5580 3640 5637 Colonien-

1993 5685 2074 5742 sis
2097 5676 2873 5755 archiepiscopi,cancellarii
2895 5676 2954 5731 in
2978 5672 3351 5731 Laterancnsi
3379 5667 3639 5743 plalatio,
