3996 6158
191 351 347 416 1305

1361 357 1768 422 ΕΡῙΞΤΟῙΑΙΕ
1811 356 1913 420 ET
1955 358 2407 426 DlPLOMATA
2423 407 2436 424 .

3441 363 3597 431 1306

192 488 420 563 nepotis
452 488 737 547 Bernonis
765 490 838 548 de
866 495 1056 549 Monte
1086 493 1281 566 Nigro.
1317 494 1654 567 Apostolica
1693 511 1842 567 quo-
1870 490 1924 558 Α
1954 519 2254 560 servorum
2307 500 2403 559 Dei
2452 483 2780 559 secessibus
2827 499 2949 558 ulla
3000 500 3227 558 occasio
3273 502 3603 574 praebeatur

191 595 303 651 que
331 579 674 635 auctoritate
704 581 810 636 tibi
850 583 1293 639 corroboramus
1324 587 1481 655 quod
1512 585 1572 640 in
1604 584 1835 657 privile-

189 668 284 740 gio
314 669 760 739 pradecessoris
814 672 995 726 nostri
1044 672 1222 727 beata
1273 674 1567 728 memoria
1617 674 1836 730 Nicolai

187 757 540 826 continetur,
597 757 865 814 videlicet
916 760 976 815 in
1026 761 1304 816 comitatu
1359 763 1638 819 Perusino
1687 765 1839 820 bona

188 846 458 918 quadam
481 846 735 902 ecclesia
758 853 1096 904 sanctorum
1120 851 1492 922 Apollinaris,
1509 852 1708 925 Blasii,
1733 869 1838 909 nec

186 952 302 991 non
352 946 405 991 et
457 937 731 1008 Montani,
792 939 940 1006 quod
1003 939 1258 995 ecclesia
1306 941 1564 997 Farfensi
1614 943 1836 998 Sancta

185 1024 378 1080 Maria
401 1024 562 1080 dedit
590 1026 750 1097 Hugo
773 1025 1018 1082 Alberici
1044 1027 1218 1096 ﬁlius,
1244 1046 1376 1084 cum
1421 1029 1547 1086 suis
1567 1031 1837 1102 adjacen-

186 1113 306 1176 tiis,
339 1113 626 1185 quidquid
645 1114 742 1180 sit,
763 1131 866 1170 seu
899 1117 1227 1185 castellum,
1258 1136 1359 1174 seu
1392 1118 1560 1187 villa,
1585 1121 1704 1177 sive
1725 1138 1841 1176 ser-

184 1202 264 1266 vi,
297 1203 415 1258 sive
445 1202 689 1271 ancilla,
716 1221 816 1259 seu
842 1209 997 1260 terra
1032 1205 1189 1263 culta
1217 1208 1307 1263 vel
1339 1208 1581 1278 inculta,
1607 1227 1709 1266 seu
1738 1227 1839 1282 po-

188 1298 314 1347 stea
343 1292 629 1363 quidquid
652 1294 926 1349 omnibus
948 1298 1366 1369 suprascriptis
1385 1298 1645 1355 ecclesiis
1667 1300 1737 1354 ab
1758 1299 1841 1370 ip-

187 1381 270 1436 sis
284 1381 588 1436 monachis
611 1383 1080 1454 acquisitum,uti
1103 1385 1212 1441 hoc
1232 1388 1574 1458 pradictum
1596 1391 1837 1456 bonum,

188 1475 255 1524 ut
281 1470 734 1542 pralibavimus,
764 1474 946 1529 abbas
998 1475 1288 1532 Farfensis
1324 1478 1716 1548 praedecessor
1744 1480 1842 1534 Be-

186 1559 366 1614 rizoni
398 1559 594 1615 abbati
627 1561 870 1632 suisque
901 1566 1364 1635 successoribus,
1399 1567 1508 1622 sub
1539 1583 1717 1624 censu
1740 1569 1838 1623 de-

186 1647 375 1718 ﬁnito,
391 1648 638 1720 singulis
660 1649 832 1706 annis
858 1651 1258 1724 persolvendo,
1285 1655 1593 1711 duodecim
1620 1655 1844 1713 scilicet

188 1736 512 1792 solidorum
545 1744 788 1795 monetae
821 1740 1142 1812 Papiensis,
1175 1743 1443 1799 contulit.
1482 1747 1842 1818 lnsuperque

191 1827 612 1882 confirmamus
633 1827 822 1884 eidem
846 1832 1200 1886 monasterio
1223 1832 1280 1886 in
1313 1838 1659 1904 perpetuum
1683 1851 1838 1891 mas-
1867 1861 1916 1928 B

192 1932 289 1970 sas
317 1919 436 1970 tres
468 1916 529 1970 in
563 1915 842 1972 comitatu
893 1919 1171 1974 Perusino
1205 1922 1446 1992 positas,
1480 1940 1658 1977 unam
1708 1941 1836 1994 qua

193 2008 435 2058 vocatur
481 2004 719 2075 Pusulo,
771 2006 1013 2061 alteram
1066 2007 1340 2078 Filoncio,
1386 2014 1442 2064 et
1487 2011 1662 2066 aliam
1712 2029 1838 2082 qua

193 2097 572 2164 nuncupatur
616 2093 890 2165 Casalini,
925 2112 1057 2150 cum
1108 2097 1389 2164 ecclesiis,
1425 2100 1596 2164 casis,
1631 2101 1838 2166 vineis,

193 2180 437 2252 campis,
470 2181 677 2249 hortis,
715 2185 1014 2239 montibus
1045 2184 1221 2241 cultis
1268 2191 1324 2240 et
1354 2187 1614 2255 incultis,
1644 2189 1840 2244 omni-

191 2270 418 2341 busque
477 2271 600 2326 suis
656 2272 1045 2342 pertinentiis.
1127 2275 1545 2331 Monasterium
1605 2294 1841 2349 quoque

191 2358 387 2413 Sancti
417 2359 617 2431 Angeli
649 2360 707 2414 in
743 2361 1021 2417 comitatu
1054 2362 1289 2426 Arisati,
1313 2365 1372 2420 in
1407 2365 1532 2421 loco
1565 2365 1665 2437 qui
1697 2367 1840 2422 dici-

190 2450 288 2501 tur
335 2446 619 2519 Tolliano,
653 2453 708 2504 et
748 2449 1066 2516 Limisano,
1101 2468 1236 2506 cum
1285 2453 1449 2508 cellis
1499 2459 1554 2508 et
1604 2454 1842 2525 capellis

191 2535 316 2591 suis
329 2540 531 2591 etcum
547 2537 822 2593 omnibus
838 2539 948 2593 sibi
967 2540 1657 2610 pertinentibus,necnon
1673 2543 1842 2614 quid-

189 2625 331 2696 quid
353 2625 627 2698 deinceps
651 2626 958 2699 pral‘atum
989 2629 1187 2684 Sancti
1215 2630 1368 2685 Petri
1395 2633 1840 2703 monasterium,

191 2713 398 2785 quovis
431 2715 604 2770 modo
634 2715 851 2772 divinis
883 2716 966 2771 vel
999 2717 1275 2774 humanis
1306 2718 1534 2790 legibus
1588 2721 1840 2792 cognito,

196 2803 496 2873 acquirere
529 2804 782 2874 potuerit
807 2803 985 2875 hujus
1013 2807 1193 2862 nostri
1226 2807 1527 2878 apostolici
1560 2809 1843 2881 privilegii

196 2897 395 2946 tenore
425 2894 866 2949 conﬁrmamus.
899 2894 1212 2950 Licentiam
1237 2913 1470 2967 quoque
1501 2898 1712 2952 damus
1737 2898 1844 2952 tibi

192 2981 261 3036 de
291 2981 568 3036 omnibus
597 2982 718 3037 tuis
742 2982 1120 3050 clericis,tam
1151 2983 1210 3038 in
1243 2985 1597 3041 monasterio
1628 2987 1844 3059 degen-

191 3069 372 3136 tibus,
406 3087 704 3141 quamque
735 3071 910 3126 etiam
944 3072 1084 3127 foris
1115 3071 1174 3126 in
1218 3074 1694 3143 possessionibus
1722 3075 1844 3130 tuis

191 3159 589 3226 manentibus,
615 3177 647 3213 a
679 3176 1030 3231 quocunque
1051 3160 1304 3216 volueris
1335 3161 1544 3217 idoneo
1579 3168 1636 3218 et
1664 3179 1843 3218 cano-

189 3247 314 3302 nice
337 3246 525 3302 locato
547 3247 818 3319 episcopo
831 3264 928 3303 eos
942 3249 1335 3314 ordinandi,et
1354 3250 1614 3306 chrisma
1634 3251 1693 3306 in
1717 3252 1841 3308 suis
1873 3224 1916 3291 θ’

189 3334 460 3406 plebibus
492 3335 791 3407 accipere;
823 3336 872 3390 si
905 3341 1102 3392 tamen
1135 3339 1206 3392 ab
1261 3338 1552 3410 episcopo,
1587 3340 1645 3394 in
1679 3341 1848 3408 cujus

188 3424 421 3480 dioecesi
445 3425 754 3496 prafatum
777 3427 1200 3482 monasterium
1221 3427 1401 3482 situm
1425 3432 1532 3494 est,
1561 3445 1668 3484 nec
1693 3429 1848 3484 ordi-

187 3513 479 3579 nationes,
513 3530 618 3569 nec
651 3514 909 3570 chrisma
941 3515 1202 3588 potueris
1255 3517 1532 3572 canonice
1561 3522 1619 3572 et
1665 3519 1848 3590 gratis

186 3601 473 3667 obtinere,
507 3607 609 3657 aut
638 3602 969 3675 impetrare,
1006 3610 1064 3658 et
1109 3605 1179 3660 de
1208 3604 1471 3660 ecclesiis
1502 3622 1849 3662 consecran-

183 3691 278 3746 dis
307 3691 515 3746 eodem
537 3692 731 3747 modo.
755 3693 824 3746 Et
854 3691 1056 3748 nullus
1087 3693 1400 3764 episcopus
1431 3695 1501 3749 ad
1534 3694 1690 3749 idem
1724 3712 1847 3752 mo-

188 3779 516 3836 nasterium
550 3781 940 3852 pertinentem
995 3782 1526 3852 excommunicare,
1560 3788 1664 3840 aut
1691 3785 1852 3841 dam-

187 3885 330 3924 nare
380 3870 615 3940 audeat,
644 3869 692 3926 si
724 3870 785 3926 in
831 3887 1010 3926 causa
1063 3888 1173 3926 sua
1222 3877 1489 3928 nostrum
1541 3889 1606 3928 ac
1639 3880 1850 3930 sancta

185 3957 520 4029 apostolica
549 3959 706 4014 sedis
720 3959 1107 4030 patrocinium
1131 3965 1188 4016 et
1211 3977 1453 4018 examen
1479 3962 1719 4034 ﬂagitat.
1746 3964 1854 4020 Βο-

185 4048 348 4103 mani
383 4051 581 4102 autem
616 4049 910 4119 pontiﬁcis
941 4051 1163 4104 donum
1199 4051 1446 4106 abbatia
1471 4055 1528 4106 et
1559 4052 1741 4110 abbas
1764 4054 1852 4124 ip-

185 4152 250 4190 se
281 4141 341 4191 et
372 4137 734 4192 consecratio
767 4137 999 4192 abbatis
1033 4138 1108 4192 sit
1138 4139 1197 4192 in
1231 4144 1600 4210 perpetuum.
1624 4141 1851 4197 Etenim

182 4230 419 4280 remota
475 4226 870 4296 excusatione,
924 4226 1037 4282 nisi
1089 4227 1390 4296 canonica,
1438 4229 1510 4283 ad
1561 4231 1851 4300 synodum

182 4315 662 4386 quandocunque
695 4333 729 4370 a
786 4333 1020 4371 summo
1068 4316 1342 4388 pontiﬁce
1388 4322 1628 4372 vocatus
1657 4319 1848 4387 fuerit,

180 4403 407 4460 veniat.
440 4408 618 4459 Porro
650 4404 998 4473 oblationes,
1030 4406 1220 4460 eidem
1253 4405 1608 4461 monasterio
1631 4407 1851 4462 collata

179 4491 272 4548 vel
307 4493 699 4562 conferenda,
733 4497 853 4548 tam
886 4511 992 4564 pro
1024 4493 1167 4549 vivis
1193 4509 1371 4564 quam
1405 4511 1508 4565 pro
1540 4494 1850 4561 defunctis,

1947 593 2329 667 papularibus
2375 593 2795 660 conventibus;
2841 597 2898 647 et
2949 592 3333 664 simpliciores
3378 609 3446 648 ex
3489 591 3596 648 hoc

1946 683 2176 739 animos
2218 682 2584 755 plerumque,
2619 684 2772 756 quod
2808 683 2980 750 absit,
3012 682 3072 737 in
3105 681 3447 738 scandalum
3480 687 3597 736 tra-

1946 772 2069 840 hat,
2104 772 2464 844 frequentior
2494 788 2725 844 quoque
2758 771 3071 827 mulierum
3103 771 3400 827 introitus.
3435 771 3596 835 Quod

1948 860 2020 927 si,
2055 861 2341 917 invitante
2369 861 2456 916 vel
2505 866 2798 917 annuente
2841 861 3073 928 abbate,
3106 861 3417 932 episcopus
3449 860 3591 915 mis-

1947 968 2044 1006 sas
2095 949 2360 1022 publicas
2407 949 2625 1006 ibidem
2676 950 2861 1004 facere
2909 949 3175 1016 voluerit,
3219 949 3312 1003 his
3364 953 3596 1004 tantum

1948 1039 2154 1094 diebus
2185 1039 2238 1094 id
2294 1043 2448 1111 agat,
2482 1039 2705 1094 scilicet
2753 1039 3010 1094 secunda
3061 1037 3202 1093 feria
3251 1037 3505 1103 Pascha,
3541 1042 3598 1092 et

1946 1129 2253 1184 beatorum
2288 1129 2437 1183 Petri
2484 1132 2540 1183 et
2569 1127 2729 1183 Pauli
2776 1126 3076 1193 natalitiis,
3109 1127 3206 1180 sed
3242 1125 3433 1180 nullas
3464 1127 3600 1182 inde

1948 1217 2271 1273 oblationes
2302 1218 2472 1273 tollat
2520 1218 2646 1289 ipse
2677 1222 2780 1272 aut
2809 1216 3023 1288 aliquis
3073 1215 3417 1271 clericorum
3450 1215 3598 1284 ejus,

1946 1306 2126 1362 invito
2158 1307 2366 1363 abbate
2393 1324 2458 1362 ac
2490 1306 2786 1362 fratribus.

2021 1397 2349 1452 Statuimus
2380 1413 2613 1468 quoque
2635 1400 2718 1460 ut,
2743 1396 2995 1450 obeunte
3016 1395 3223 1449 abbate
3255 1392 3598 1448 monasterii

1949 1485 2157 1558 ipsius,
2192 1502 2296 1542 nec
2327 1485 2638 1558 episcopus
2670 1500 2774 1539 nec
2827 1483 3048 1554 aliquis.
3071 1482 3414 1538 clericorum
3448 1482 3598 1551 ejus,

1950 1574 2008 1628 in
2039 1573 2463 1629 distribuendis
2513 1573 3005 1645 providendisque
3039 1571 3366 1644 acquisitis,
3399 1571 3599 1643 acqui-

1950 1664 2218 1718 rendisve
2248 1663 2512 1732 ejusdem
2547 1662 2885 1718 monasterii
2917 1661 3113 1732 rebus,
3147 1660 3310 1716 nulla
3339 1678 3402 1716 se
3431 1677 3601 1716 occa-

1951 1751 2111 1806 sione
2143 1750 2554 1824 permisceant.
2586 1751 2869 1806 Abbatem
2920 1766 3056 1806 vero
3086 1749 3275 1806 eidem
3307 1754 3632 1806 monaste—'

1951 1840 2035 1895 rio
2067 1858 2180 1895 non
2222 1840 2423 1906 alium,
2457 1841 2559 1895 sed
2614 1855 2789 1911 quem
2822 1839 3068 1912 dignum
3119 1839 3381 1894 moribus
3430 1843 3604 1910 atque

1950 1934 2151 2001 aptum
2183 1927 2508 2000 disciplina
2557 1928 2916 1997 monasticae,
2951 1927 3253 1982 communi
3285 1942 3602 1989 consensu,

1950 2018 2322 2090 congregatio
2346 2022 2467 2074 tota
2500 2018 2846 2088 poposcerit,
2881 2017 2930 2072 si
2980 2033 3049 2072 ex
3078 2033 3140 2071 se
3171 2015 3478 2082 habuerit;
3509 2013 3600 2069 vel

1953 2108 2001 2162 si
2036 2107 2107 2163 ab
2139 2107 2280 2162 alita
2311 2108 2762 2179 congregatione
2786 2107 2896 2162 sibi
2946 2106 3205 2178 elegerit,
3238 2105 3460 2177 absque
3491 2103 3603 2160 ali-

1953 2215 2071 2269 qua
2099 2195 2430 2266 venalitate,
2458 2214 2491 2251 a
2520 2197 2782 2251 Romano
2810 2195 3081 2266 pontiﬁce
3111 2195 3602 2250 conservandum.

2021 2286 2402 2342 Decernimus
2433 2285 2607 2340 etiam
2656 2289 2722 2339 ut
2771 2301 2975 2339 omnes
3005 2284 3193 2339 eidem
3247 2282 3601 2338 monasterio

1951 2375 2164 2430 charta
2197 2375 2502 2430 contraria
2544 2377 2602 2430 et
2629 2374 2865 2440 nociva,
2892 2373 3132 2428 omnino
3163 2388 3356 2428 vacua
3388 2376 3445 2427 et
3473 2371 3603 2426 ina-

1953 2481 2055 2519 nes
2087 2464 2356 2519 existant.
2383 2463 2663 2518 Praterea
2688 2462 3006 2533 apostolica
3028 2466 3229 2516 nostra
3259 2460 3602 2516 auctoritate

1952 2553 2368 2609 constituimus
2398 2556 2454 2608 et
2486 2553 2906 2607 conﬁrmamus
2938 2554 3000 2605 ut
3030 2550 3227 2605 nullus
3257 2551 3603 2621 imperator,

1953 2659 2071 2712 rex,
2121 2642 2454 2713 episcopus,
2488 2642 2624 2709 dux,
2673 2641 2956 2701 marchio,
3008 2656 3225 2706 comes,
3256 2639 3601 2704 vicecomes,

1917 2776 1930 2782 -
1952 2729 2254 2800 castaldio,
2280 2734 2381 2785 aut
2409 2729 2605 2802 aliqua
2635 2728 2908 2799 qualibet
2929 2745 3144 2801 magna
3165 2744 3456 2800 parvaque
3477 2743 3603 2798 per-

1953 2836 2117 2882 sona,
2149 2818 2489 2889 pradictum
2523 2817 2791 2872 abbatem
2825 2833 3081 2887 suosque
3103 2831 3472 2871 successores
3502 2831 3602 2869 ca-

1954 2907 2181 2962 monice
2203 2906 2488 2961 intrantes
2503 2906 2711 2974 dejam
2733 2905 2888 2960 dicto
2905 2903 3370 2970 monasterio,vel
3393 2904 3463 2958 de
3485 2919 3604 2956 om-

1954 2995 2129 3050 nibus
2151 2995 2278 3050 suis
2307 2995 2484 3050 rebus
2504 2998 2561 3049 et
2583 2993 3057 3066 proprietatibus,
3085 2992 3400 3047 mobilibus
3424 2996 3480 3046 et
3500 2991 3609 3046 im-

1954 3083 2272 3139 mobilibus
2305 3101 2369 3137 ac
2411 3100 2538 3138 sese
2589 3083 2956 3138 moventibus
2988 3080 3319 3146 molestare,
3351 3079 3603 3135 devesti-

1955 3189 2015 3227 re
2046 3175 2146 3226 aut
2173 3171 2500 3242 inquietare
2522 3171 2752 3224 audeat.
2787 3171 2844 3224 Si
2875 3170 3006 3240 quis
3036 3186 3168 3239 ergo
3202 3173 3403 3223 contra
3424 3168 3602 3239 hujus

1957 3258 2140 3315 nostri
2171 3258 2471 3330 apostolici
2503 3257 2784 3329 privilegii
2836 3256 3182 3312 decretalem
3213 3257 3488 3327 paginam
3519 3259 3602 3310 te-

1958 3364 2116 3404 mere
2147 3363 2315 3420 agere
2340 3347 2649 3402 tentaverit
2667 3345 2754 3401 vel
2777 3345 3237 3417 praesumpserit,
3262 3343 3606 3398 auctoritate

1959 3442 2172 3493 sancta
2225 3439 2282 3490 et
2326 3435 2598 3490 individa
2641 3433 2964 3498 Trinitatis,
2997 3437 3055 3487 et
3103 3433 3408 3487 beatorum
3461 3447 3602 3502 apo-

1960 3525 2244 3581 stolorum
2279 3525 2428 3579 Petri
2462 3529 2517 3579 et
2545 3522 2730 3592 Pauli,
2764 3527 2820 3577 et
2850 3526 3068 3587 nostra,
3103 3525 3392 3593 perpetua
3424 3517 3602 3574 male-

1960 3613 2232 3669 dictionis
2254 3612 2609 3667 anathemati
2635 3628 2696 3667 se
2719 3610 3019 3681 subjacere
3049 3609 3292 3676 noverit,
3317 3609 3496 3664 donec
3519 3624 3605 3663 re-

1964 3703 2246 3773 sipiscens
2278 3699 2654 3766 satisfecerit;
2675 3698 2913 3769 insuper
2933 3697 3366 3768 compositurus
3397 3695 3608 3750 existat

1965 3789 2270 3845 duodecim
2303 3789 2484 3844 libras
2514 3787 2640 3842 auri
2668 3806 2679 3853 ;
2716 3786 3084 3841 medietatem
3109 3788 3305 3839 nostro
3323 3799 3487 3838 sacro
3511 3800 3608 3854 pa-

1962 3879 2126 3948 latio,
2173 3877 2544 3932 medietatem
2601 3875 2712 3947 ipsi
2764 3873 3138 3929 monasterio.
3171 3871 3279 3936 Qui
3327 3887 3460 3925 vero
3510 3872 3607 3941 pio

1963 3966 2158 4023 studio
2187 3965 2340 4020 hanc
2383 3965 2690 4019 observare
2738 3960 3006 4028 voluerit,
3048 3966 3105 4016 et
3153 3961 3456 4032 prafatum
3488 3975 3608 4013 mo-

1963 4054 2286 4112 nasterium
2315 4054 2374 4107 in
2408 4052 2567 4107 nulla
2593 4051 2967 4120 suajustitia,
2991 4050 3076 4104 vel
3111 4050 3285 4105 rebus
3310 4048 3434 4104 suis
3457 4049 3608 4102 frau-

1962 4144 2202 4209 daverit,
2237 4141 2356 4197 sive
2389 4141 2488 4211 qui
2519 4141 2569 4196 ei
2621 4140 3002 4196 reverentiam
3037 4139 3280 4205 habens,
3324 4153 3427 4209 pro
3465 4136 3603 4201 Deo,

1962 4233 2033 4286 de
2065 4233 2190 4287 suis
2220 4230 2441 4302 aliquid
2475 4229 2809 4294 contulerit,
2839 4226 3265 4283 benedictionis
3294 4225 3542 4297 gratiam
3574 4240 3608 4278 a

1965 4320 2206 4374 Domino
2237 4319 2352 4373 Deo
2383 4323 2799 4390 consequatur,
2831 4322 2889 4372 et
2926 4334 3030 4388 per
3059 4316 3413 4387 clavigerum
3445 4314 3608 4386 prin-

1961 4408 2009 4463 ci
2020 4424 2150 4478 pem
2165 4405 2529 4476 cali,januas
2543 4407 2705 4477 regni
2717 4405 2972 4461 calcatis
2986 4404 3277 4460 introduci
3293 4407 3604 4458 mereatur.

2032 4494 2327 4566 Scriptum
2353 4510 2454 4564 per
2482 4510 2724 4548 manum
2748 4493 3085 4548 Guinizonis
3109 4491 3317 4546 notarii
3340 4491 3489 4545 sacri
3516 4505 3609 4559 pa-

180 4597 220 4636 a
249 4579 416 4635 nullo
468 4581 878 4652 episcoporum
934 4582 1348 4653 pervadantur,
1381 4583 1480 4638 sed
1513 4599 1581 4638 ex
1628 4582 1853 4656 integro
1882 4593 1929 4658 D
1960 4585 2108 4652 latii,
2142 4587 2476 4652 sanctaque
2507 4582 2781 4636 Romana
2815 4580 3100 4649 Ecclesia,
3124 4579 3180 4634 in
3213 4594 3416 4633 mense
3443 4577 3608 4647 Apri-

179 4669 502 4740 proﬁciant
532 4669 872 4726 monasterii
901 4670 1274 4739 utilitatibus,
1300 4687 1366 4726 ac
1391 4671 1634 4726 fratrum
1662 4689 1855 4728 neces-

180 4758 494 4814 sitatibus.
510 4760 756 4814 Decima
770 4763 962 4816 autem
991 4760 1256 4830 ejusdem
1277 4760 1614 4816 monasterii
1637 4760 1695 4816 in
1719 4778 1854 4817 sus-

178 4846 456 4919 ceptione
487 4847 796 4920 hospitum
830 4853 887 4903 et
934 4849 1379 4921 peregrinorum
1410 4849 1481 4904 ad
1515 4853 1744 4920 portam
1774 4850 1857 4922 ip-

178 4936 321 4992 sius
355 4937 702 4992 monasterii
749 4937 1144 4992 conferantur.
1178 4937 1489 4993 Servitium
1533 4955 1768 5010 quoque
1799 4943 1856 4994 et

178 5025 353 5096 quod
401 5023 728 5097 vulgariter
773 5025 977 5081 dicunt
1023 5026 1306 5097 Foderum,
1339 5043 1444 5081 nec
1491 5027 1850 5100 imperatori,

172 5130 296 5170 nec
336 5113 481 5186 regi,
520 5130 626 5169 nec
656 5114 1003 5185 marchioni,
1027 5131 1132 5171 nec
1157 5115 1328 5171 alicui
1353 5115 1661 5172 hominum
1686 5116 1856 5172 liceat

180 5220 258 5259 ex
298 5203 509 5259 eodem
533 5204 1022 5269 monasterio,aut
1044 5221 1112 5260 ex
1132 5205 1484 5276 pertinentia
1505 5207 1633 5276 ejus
1657 5206 1851 5277 requi-

172 5308 316 5348 rere
341 5292 453 5347 nisi
475 5292 584 5348 soli
607 5292 950 5365 apostolica
982 5294 1106 5349 sedi
1145 5299 1375 5350 nostra.
1394 5296 1641 5366 Insuper
1669 5298 1725 5349 et
1750 5294 1854 5350 ibi-

175 5383 325 5438 dem
358 5381 595 5454 sepeliri
627 5398 1000 5453 nequaquam
1033 5383 1340 5454 prohibeat
1367 5388 1689 5438 mortuum.
1716 5383 1850 5454 Epi-

174 5488 408 5544 scopus
435 5487 567 5528 vero
590 5471 863 5543 publicus
889 5471 1107 5528 missas
1131 5476 1187 5527 et
1217 5472 1498 5526 stationes
1523 5471 1738 5526 ibidem
1766 5472 1847 5526 fa-

172 5577 322 5616 cere
352 5578 469 5616 non
509 5562 745 5627 audeat,
774 5560 885 5616 nisi
919 5561 990 5616 ab
1023 5561 1234 5616 abbate
1283 5559 1474 5631 ipsius
1507 5561 1849 5616 monasterii

169 5652 373 5707 fuerit
393 5651 693 5718 invitatus,
721 5667 812 5720 ne,
837 5649 991 5706 sicut
1022 5651 1228 5707 beatus
1249 5649 1566 5722 Gregorius
1590 5649 1752 5722 dicit,
1781 5650 1839 5708 in

1962 4673 2054 4740 lis,
2089 4678 2146 4729 et
2170 4670 2488 4726 indictione
2518 4669 2708 4725 tertia.

2035 4762 2243 4816 Datum
2279 4758 2548 4815 Laterani
2599 4774 2672 4812 xv
2723 4755 2848 4812 Kal.
2883 4755 3040 4826 Maii,
3070 4772 3172 4827 per
3217 4769 3430 4810 manus
3460 4752 3613 4808 Petri

1965 4855 2179 4905 sancta
2232 4849 2508 4905 Romana
2554 4847 2820 4904 Ecclesia
2872 4843 3319 4914 bibliothecarii,
3354 4859 3506 4898 anno
3556 4859 3612 4896 IV

1963 4937 2162 4993 domui
2193 4936 2504 4994 Alexandri
2536 4955 2696 5008 papa
2728 4937 2796 4992 ΙΙ.

2674 5078 2888 5133 XXVII.

2011 5168 2314 5225 Alexandri
2338 5182 2500 5240 papa:
2531 5169 2582 5222 II
2607 5168 2968 5294 pgiyz’lcgium
2997 5182 3092 5237 pro
3120 5165 3347 5221 abbalia
3378 5162 3566 5220 Sancti

2695 5255 2918 5294 zonusn.

2747 5256 2918 5291 nuszt.

2644 5255 2918 5309 mo-nysn.

2577 5330 2768 5398 (Anno
2811 5327 2990 5396 1065).

1966 5442 2266 5503 [DOUBLET,
2298 5437 2436 5490 Hist.
2470 5436 2536 5490 de
2568 5434 2816 5504 l’abbaye
2860 5433 2926 5486 de
2970 5432 3339 5499 Sm‘nt—Dem’s,
3374 5450 3430 5504 p.
3461 5435 3611 5504 466.]

2030 5565 2372 5617 ALEXANDER
2392 5559 2724 5632 episcopus,
2750 5575 2950 5613 servus
2974 5575 3272 5615 servorum
3307 5559 3431 5625 Dei,
3459 5557 3606 5629 regi-

1961 5652 2070 5708 bus
2101 5656 2156 5708 et
2186 5651 2456 5720 ducibus,
2489 5648 2856 5723 principibus
2907 5653 3085 5721 atque
3117 5646 3555 5706 dominatoribu
