3962 6158
449 324 605 390 1307

1742 329 2192 394 ALEXANDRI
2236 332 2289 393 ΙΙ
2334 334 2560 396 ΡΑΡιΕ

3630 343 3731 406 1308

450 467 508 518 et
536 463 621 519 eis
650 462 924 519 omnibus
956 460 1057 533 qui
1091 465 1227 518 tunc
1256 472 1395 520 sunt
1422 469 1480 521 et
1506 466 1737 521 venturi
1768 470 1909 523 sunt
1940 466 2093 521 lutu-
2121 466 2175 533 Α
2205 467 2611 539 praedictorum
2641 470 2891 536 decreta,
2909 475 3046 526 sunt
3075 467 3585 542 constituti,aliquid
3602 472 3645 529 in
3660 476 3732 547 piis

454 553 535 608 ris
564 551 951 623 temporibus.

526 684 809 750 Quoniam
835 685 1019 756 justis
1052 687 1434 759 petitionibus
1475 706 1781 747 assensum
1814 710 1919 748 nos
1952 711 2097 764 prae-

454 775 611 843 bere,
635 777 692 829 et
713 774 977 831 Ecclesia:
994 782 1209 832 sanctis
1234 778 1542 850 vigilanter
1558 780 1908 837 utilitatibus
1930 800 2098 854 opor-

456 867 539 919 tet
569 863 870 929 inservire,
905 870 1013 920 Deo
1046 871 1245 922 nostro
1278 869 1401 923 sine
1431 870 1608 925 dubio
1642 886 1743 942 per
1772 871 1879 926 hoc
1911 889 2102 943 spera-

456 969 590 1008 mus
604 970 718 1007 non
734 953 1035 1024 placere,si
1049 972 1140 1011 res
1154 956 1644 1013 etecclesiasticas
1657 960 2102 1015 constitutiones

458 1058 491 1095 a
522 1042 740 1097 sanctis
772 1042 1039 1098 Patribus
1071 1044 1149 1098 ita
1180 1050 1245 1100 ut
1286 1047 1610 1102 constitutae
1645 1054 1783 1103 sunt
1823 1066 2100 1121 cogamus

457 1147 821 1202 permanere,
855 1136 910 1186 et
939 1149 1011 1187 ne
1038 1132 1312 1205 deinceps
1344 1135 1413 1189 ab
1453 1134 1675 1206 iniquis
1708 1137 1948 1209 impune
1977 1155 2100 1191 cor-

457 1224 829 1290 rumpantur,
875 1226 1074 1275 nostra
1120 1223 1460 1279 auctoritate
1511 1226 1901 1281 corroborare.
1950 1227 2100 1290 Qua-

456 1311 694 1378 propter
710 1312 911 1362 notum
939 1309 1183 1364 facimus
1206 1313 1591 1381 przesentibus
1605 1318 1659 1368 et
1681 1314 1890 1370 futuris
1915 1314 2102 1369 omni-

459 1396 590 1457 bus,
622 1395 892 1451 videlicet
940 1398 1175 1469 regibus
1223 1404 1279 1454 et
1330 1400 1598 1467 ducibus,
1634 1403 1998 1475 principibus
2048 1408 2105 1457 et

458 1484 947 1553 dominatoribus,
982 1503 1081 1541 seu
1110 1488 1337 1544 cunctis
1369 1490 1697 1561 apostolicae
1729 1494 1885 1547 sedis
1917 1493 2104 1548 ﬁdeli-

459 1573 591 1640 bus,
624 1575 779 1644 quod
810 1575 1158 1631 venerabilis
1189 1578 1370 1634 abbas
1396 1580 1722 1649 Rainerius,
1746 1586 1801 1637 et
1830 1583 2103 1637 monachi

460 1663 799 1718 monasterii
824 1664 975 1718 beati
997 1665 1252 1737 Dionysii
1276 1668 1567 1741 martyris,
1598 1669 1695 1725 ubi
1720 1670 1843 1741 ipse
1864 1676 2104 1726 sanctus

459 1751 520 1805 in
550 1768 789 1823 corpore
820 1753 1088 1824 quiescit,
1118 1760 1376 1811 nostram
1410 1760 1780 1828 praesentiam
1812 1760 2100 1829 adierunt,

462 1840 807 1912 suppliciter
835 1842 1195 1913 postulantes
1227 1850 1513 1916 quatenus
1564 1848 1884 1921 privilegia,
1915 1851 2101 1905 eidem

464 1930 821 1984 monasterio
853 1947 886 1985 a
928 1931 1143 1986 domno
1192 1935 1533 2005 Dagoberto,
1564 1937 1918 1994 Francorum
1951 1956 2105 2011 rege,

463 2016 651 2089 ipsius
676 2016 785 2072 loci
821 2018 1126 2076 fundatore
1157 2039 1450 2089 concessa,
1478 2027 1575 2081 sed
1608 2031 1663 2081 et
1691 2028 1978 2095 Clodovei,
2004 2029 2107 2083 filii

465 2106 652 2177 ipsius
682 2106 1011 2179 Dagoberti,
1046 2127 1365 2184 regumque
1397 2113 1572 2169 simul
1605 2134 1805 2172 eorum
1841 2118 2106 2173 omnium

465 2194 911 2251 immunitatum
945 2200 1435 2268 confirmationes,
1457 2205 1789 2277 quicunque
1822 2223 1990 2261 suam
2024 2206 2106 2262 illi

468 2284 823 2339 monasterio
867 2286 1021 2341 beati
1070 2288 1330 2361 Dionysii
1382 2294 1651 2365 martyris
1701 2296 2109 2350 auctoritatem

466 2373 907 2444 promulgantes
925 2378 1339 2447 praestiterunt,
1364 2383 1463 2437 sed
1486 2388 1542 2437 et
1563 2384 1930 2458 privilegium
1956 2385 2110 2458 quod

467 2460 603 2515 fecit
635 2461 908 2517 dominus
952 2469 1008 2518 et
1051 2468 1396 2524 venerabilis
1429 2472 1779 2529 Landericus
1809 2475 2112 2530 Parisiaca

471 2549 635 2604 urbis
666 2550 995 2623 episcopus,
1031 2571 1145 2609 una
1175 2572 1308 2611 cum
1342 2575 1629 2616 consensu
1666 2580 1907 2618 suorum
1940 2582 2112 2619 cano-

470 2636 734 2693 nicorum
768 2641 1099 2713 pariterque
1122 2645 1375 2717 regionis
1404 2648 1565 2705 illius
1595 2652 2022 2724 episcoporum,
2044 2654 2115 2708 de

468 2724 738 2783 libertate
768 2733 825 2783 et
854 2730 1169 2788 emissione
1194 2734 1535 2793 clericorum
1568 2740 1626 2794 in
1653 2741 1778 2797 suis
1807 2742 2113 2798 ordinibus

469 2815 765 2883 omnibus,
790 2819 944 2889 quod
976 2820 1249 2878 videlicer
1277 2841 1480 2881 omnes
1512 2831 1834 2884 secundum
1870 2836 2055 2887 metas
2082 2850 2115 2887 a

469 2920 531 2959 se
560 2903 840 2961 discretas
866 2906 922 2960 in
952 2908 1389 2984 circumscripto
1423 2914 1683 2972 ecclesiis
1705 2918 2113 2991 deservientes,

470 3009 504 3047 a
520 3009 629 3047 sua
644 2997 700 3047 et
719 2995 981 3050 omnium
1012 3015 1253 3055 suorum
1277 3020 1683 3062 successorum
1708 3014 1988 3079 potestate
2015 3014 2114 3065 ab-

470 3080 660 3149 solvit,
695 3087 752 3137 et
780 3084 975 3139 abbati
1009 3092 1065 3141 et
1113 3088 1392 3147 fratribus
1439 3097 1741 3153 monachis
1796 3098 2115 3171 supradicti

470 3171 809 3226 monasterii
842 3176 1163 3245 regendum
1195 3183 1251 3233 et
1281 3180 1709 3253 disponendum
1737 3187 2109 3257 contradidit,
2143 3202 2186 3268 ρ

470 3264 925 3334 sanctorumque
974 3267 1467 3335 prmdecessorum
1522 3278 1855 3331 nostrorum
1889 3277 2111 3332 Roma-

470 3364 679 3403 norum
738 3351 1099 3423 pontiﬁcum,
1150 3357 1457 3429 Zachariae,
1517 3362 1822 3435 Stephani,
1882 3366 2109 3435 Leonis,

469 3436 728 3505 Adriani,
791 3436 1006 3496 Nicolai
1057 3450 1231 3515 atque
1291 3448 1469 3503 beatae
1539 3455 1832 3508 memoriae
1890 3454 2110 3510 domini

474 3526 677 3582 Leonis
708 3528 1145 3602 privilegiorum
1176 3535 1424 3607 decreta,
1458 3545 1660 3595 sancta
1691 3547 1747 3596 et
1796 3543 2116 3614 apostolica

472 3614 812 3671 auctoritate
843 3620 1207 3690 confirmata,
1234 3642 1337 3681 nec
1368 3644 1482 3682 non
1504 3620 1867 3701 privilegium
1891 3632 2114 3704 episco-

472 3720 683 3777 porum
714 3704 872 3761 illius
904 3710 1099 3780 patriae
1122 3713 1193 3768 de
1223 3716 1478 3786 praedicti
1511 3718 1617 3774 loci
1651 3720 2116 3777 corroboratione

472 3797 838 3867 temporibus
867 3803 1052 3859 Caroli
1101 3805 1254 3877 regis
1292 3806 1534 3876 factum,
1569 3826 1675 3864 nos
1721 3812 1957 3865 demum
1992 3828 2117 3865 ma-

475 3906 617 3965 num
651 3891 1040 3964 imponentes,
1070 3899 1271 3951 nostra
1317 3896 1491 3952 etiam
1539 3900 1879 3955 auctoritate
1909 3900 2117 3973 digna-

475 3995 674 4035 remus
705 3982 995 4040 roborare.

549 4115 917 4170 Providentes
935 4132 1069 4188 ergo
1094 4116 1283 4173 eidem
1306 4118 1657 4186 Ecclesiae,et
1680 4122 1751 4176 ad
1781 4120 2119 4177 munimen-

477 4206 603 4256 tum
630 4203 850 4272 preelati
874 4204 952 4257 ibi
987 4204 1235 4272 abbatis,
1259 4211 1436 4276 atquo
1471 4207 1712 4263 fratrum
1746 4210 2119 4279 praesentium

478 4295 536 4345 et
558 4290 905 4358 futurorum,
933 4292 1029 4361 qui
1052 4292 1110 4347 in
1132 4293 1260 4364 ipso
1290 4294 1606 4351 venerabili
1632 4297 1983 4353 monasterio
2007 4299 2120 4354 Deo

480 4379 728 4435 militem
756 4380 1031 4437 videntur
1061 4381 1201 4437 utile
1246 4384 1365 4439 fore
1413 4385 1754 4441 auctoritate
1784 4386 1938 4442 beati
1970 4387 2121 4442 Petri

477 4470 724 4542 apostoli
754 4472 949 4542 (cujus
997 4489 1103 4527 nos
1134 4473 1409 4529 immeriti
1456 4474 1657 4529 vicarii
1703 4475 2030 4547 existimus)
2068 4481 2124 4532 et

2206 558 2526 631 privilegiis
2557 576 2591 614 a
2618 559 2791 615 nobis
2821 560 3258 615 corroboratum
3307 560 3499 615 audeat
3520 567 3734 635 utcunque

2206 652 2485 720 repetere.
2518 648 2891 720 Praecipimue
2924 665 3156 720 quoque
3178 666 3246 704 ne
3263 649 3389 721 quis
3408 665 3578 704 eorum
3593 653 3736 723 episco-

2209 754 2413 808 porum
2439 755 2473 792 a
2503 738 2718 809 quibus
2741 738 2849 794 ista
2879 738 3174 807 postulare
3199 738 3487 804 voluerint,
3510 741 3577 794 eis
3594 741 3734 805 oleum,

2208 827 2487 893 chrisma,
2549 826 2802 892 tabulas,
2854 828 3305 895 benedictiones,
3362 829 3736 896 consecrationes,

2210 916 2465 982 ordines,
2502 916 2627 971 suis
2658 917 3021 988 temporibus
3052 916 3244 989 (prout
3277 917 3397 987 ipse
3423 916 3578 972 abbas
3600 918 3660 972 vel
3676 938 3737 990 pa-

2208 1009 2327 1059 tres
2356 1005 2444 1059 vel
2477 1019 2679 1060 eorum
2727 1022 3095 1061 successores
3144 1005 3494 1077 expetierint)
3522 1015 3737 1076 praesumat

2210 1093 2518 1166 denegare,
2551 1098 2609 1149 et
2637 1110 2708 1149 ne
2735 1095 2869 1165 quis
2896 1093 3204 1166 episcopus
3228 1093 3513 1149 Parisiacaz
3533 1095 3653 1149 sedis
3670 1095 3737 1149 be:

2210 1182 2295 1236 eis
2328 1184 2593 1254 deneget,
2629 1182 2714 1238 vel
2765 1181 2949 1237 alium
2998 1184 3098 1253 qui
3131 1183 3215 1237 eis
3263 1182 3548 1238 contulerit
3585 1200 3659 1253 pro
3678 1184 3739 1237 hoc

2210 1270 2582 1342 interpellare
2627 1275 2826 1339 tentet,
2858 1272 3100 1326 omnino
3142 1271 3535 1327 interdicentes
3562 1271 3740 1342 prohibe-

2213 1376 2365 1415 mus.
2392 1361 2505 1415 Hoc
2531 1360 2773 1431 insuper
2802 1360 2978 1416 etiam
3003 1361 3309 1430 jubemus,
3336 1365 3415 1426 ut,
3443 1376 3533 1430 pro
3558 1360 3697 1414 causis
3713 1372 3742 1414 et

2213 1449 2510 1520 responsis
2551 1449 2804 1504 ecclesiae
2828 1467 2969 1514 suae,
3002 1452 3263 1505 nostram
3309 1455 3471 1519 atque
3511 1452 3740 1503 nostrorum

2213 1554 2619 1593 successorum
2646 1539 3006 1593 audientiam
3023 1537 3269 1593 licenter
3288 1538 3525 1593 habeant
3548 1536 3741 1607 appellare

2213 1634 2270 1683 et
2320 1627 2500 1688 adire,
2536 1626 2850 1698 nullusque
2896 1643 2996 1682 eos
3045 1626 3281 1682 interim
3332 1626 3675 1694 condemnare,
3694 1625 3742 1679 vel

2214 1733 2308 1772 res
2337 1732 2539 1771 eorum
2565 1717 2833 1771 invadere
2864 1720 3123 1772 conetur.
3150 1717 3312 1780 Quod
3344 1733 3377 1771 a
3406 1715 3594 1770 nostris
3618 1715 3743 1782 utique

2136 1838 2181 1903 Β
2215 1804 2745 1877 ρνωόθοθεδονίὺυε
2776 1805 2859 1860 eis
2889 1809 3024 1860 ante
3052 1806 3434 1860 constitutum
3463 1807 3555 1858 est.

2289 1938 2450 2005 Quod
2482 1938 2531 1994 si
2554 1937 2867 2010 quisquam
2890 1939 3299 2010 cujuscunque
3316 1936 3579 2009 potentias,
3596 1934 3661 1988 vel
3678 1949 3748 2003 per-

2219 2046 2364 2083 sona
2411 2029 2815 2099 cujuscunque
2863 2027 3087 2087 ordinis
3115 2026 3204 2081 vel
3255 2024 3456 2095 aetatis,
3485 2024 3577 2079 hoc
3616 2026 3747 2078 nostra

2220 2124 2669 2189 nostrorumque
2700 2117 3193 2188 praedecessorum
3238 2114 3574 2171 auctoritatis
3600 2111 3749 2184 privile-

2220 2207 2382 2279 gium
2416 2206 2829 2277 quoquomodo
2859 2221 3042 2260 ausus
3075 2205 3252 2260 fuerit
3293 2202 3514 2272 violare,
3543 2199 3748 2271 sempiter-

2222 2313 2295 2351 no
2328 2297 2639 2350 damnetur
2685 2294 3079 2361 anathemate,
3110 2293 3330 2365 ligatus
3356 2294 3510 2347 beato
3550 2290 3672 2344 Petro
3693 2303 3749 2339 no-

2222 2384 2429 2455 bisque
2460 2401 2493 2437 a
2527 2385 2637 2438 Deo
2662 2398 2939 2438 concessa
2960 2386 3250 2453 potestate
3277 2400 3290 2449 ;
3320 2382 3750 2436 conservatoresau-

2222 2477 2337 2528 tem
2372 2477 2650 2545 perpetua
2682 2472 2952 2526 fruantur
2980 2471 3405 2526 benedictione.

2297 2611 2506 2662 Datum
2554 2604 2817 2661 Laterani
2866 2606 3121 2660 secundo
3167 2604 3365 2660 Nonas
3416 2600 3554 2667 Maii,
3582 2616 3658 2671 per
3687 2613 3752 2651 ma-

2224 2712 2366 2750 num
2415 2694 2569 2749 Petri
2621 2698 2833 2749 sanctae
2885 2694 3158 2749 Romanae
3212 2693 3470 2748 Ecclesia
3515 2684 3750 2745 subdiaconi

2225 2789 2400 2856 atque
2412 2782 2855 2850 bibliothecarii,
2880 2799 3034 2838 anno
3051 2786 3262 2853 quarto
3279 2780 3613 2854 pontiﬁcatus
3629 2772 3751 2830 domui

2224 2872 2533 2928 Alexandri
2568 2871 2809 2926 secundi
2841 2887 3024 2942 papae,
3054 2870 3375 2926 indictione
3422 2871 3617 2941 quarta.
3639 2862 3753 2917 Hilde-

2228 2962 2508 3027 brandus,
2541 2967 2753 3016 sanctae
2786 2961 3059 3016 Romanae
3092 2959 3364 3015 Ecclesiae
3404 2955 3753 3013 archidiaconus.

2227 3067 2438 3105 consen
2448 3048 3231 3114 sit.Desiderius,cardinalis
3246 3047 3436 3104 Sancti
3452 3043 3577 3102 Petri
3589 3048 3631 3097 et
3646 3040 3754 3094 abbas

2228 3140 2424 3195 Sancti
2449 3138 2939 3203 Benedicti,cons.
2967 3137 3301 3194 Bonifacius
3316 3132 3623 3192 Albanensis
3646 3128 3753 3200 episc.

2225 3245 2385 3285 cons.
2426 3228 2682 3283 Joannes
2731 3227 3069 3283 Portuensis
3117 3227 3300 3297 episc.
3335 3241 3482 3281 cons.
3514 3222 3672 3276 Petrus
3694 3217 3755 3269 Da-

2222 3317 2455 3373 mianus
2488 3317 2779 3373 Hostiens.
2803 3316 2982 3388 episc.
3008 3332 3168 3371 cons.
3192 3314 3519 3373 Mainardus
3544 3311 3600 3365 de
3622 3307 3755 3362 Sancta

2223 3408 2435 3466 Rufina
2478 3407 2655 3477 episc.
2700 3422 2861 3461 cons.
2898 3404 3199 3460 Hubaldus
3253 3405 3447 3460 Sabin.
3490 3398 3753 3471 episc.cons

2221 3498 2477 3553 Joannes
2499 3494 2927 3562 Tusculanens,
2949 3493 3128 3565 episc.
3156 3509 3322 3549 cons.
3351 3492 3577 3549 Joannes
3594 3482 3754 3538 Thibur-

2223 3589 2359 3643 tinae
2419 3584 2601 3656 episc.
2663 3600 2823 3639 cons.
2886 3583 3178 3638 Hubertus
3246 3576 3601 3637 Ariminensis
3647 3569 3755 3662 epist-

2226 3692 2386 3731 cons.
2421 3672 2710 3729 Andulfus
2742 3671 3253 3727 Feretranensium
3302 3670 3471 3742 episc.
3502 3679 3629 3721 cons.
3654 3659 3756 3714 Gue-

2225 3763 2456 3819 nieldus
2479 3760 2867 3833 Sinogaliens.
2893 3760 3071 3831 episc.
3093 3756 3567 3816 cons.Clotharius
3582 3749 3753 3837 Acsimt-

2228 3851 2503 3908 nensium
2543 3850 2722 3922 episc.
2775 3865 2936 3905 cons.
2988 3848 3338 3904 Benedictus
3381 3843 3755 3928 Fossabrunensis

2227 3942 2572 4013 episc.cons.
2585 3949 2619 3992 A
2631 3939 2803 4012 ginus
2824 3938 3318 3993 Asisinatensium
3332 3927 3753 4021 episc.consDeml'

2228 4030 2395 4086 nicus
2410 4027 2881 4085 Balbinoﬁscium
2896 4022 3750 4099 episc.cons.JoannesPiscencwm

2229 4119 2408 4192 episc.
2441 4134 2601 4174 cons.
2636 4116 2941 4172 Rainerius
2974 4114 3474 4172 Forianensecium
3498 4110 3639 4182 episc.
3656 4113 3753 4157 c0115.

2230 4207 2567 4264 Dominicus
2582 4206 2803 4261 Pensau
2812 4203 3159 4260 riensecium
3174 4193 3752 4276 episc.consGisilbertus

2228 4296 2650 4353 Tuscanecium
2695 4295 2873 4366 episc.
2928 4309 3088 4348 cons.
3121 4293 3378 4349 Joannes
3423 4288 3751 4375 Balnecregtﬂse

2231 4385 2483 4442 civitatis
2534 4384 2711 4456 episc.
2766 4399 2927 4438 cons.
2971 4382 3325 4453 Jeronymus
3372 4374 3752 4458 Frequaticemus

2232 4474 2408 4546 episc.
2435 4490 2595 4529 cons.
2623 4473 2828 4527 Petrus
2848 4470 3331 4527 Castellanecium
3361 4468 3521 4540 episc.
3550 4456 3751 4517 consAti-

478 4564 689 4616 nostrae
718 4561 1017 4633 privilegio
1044 4563 1269 4634 paginae
1302 4564 1708 4635 praedictorum
1763 4581 1987 4636 regum,
2016 4546 2122 4621 rseu
2154 4573 2200 4636 D
2233 4564 2427 4619 nolfus
2458 4562 2728 4619 Gatensis
2759 4561 2937 4632 episc.
2972 4576 3134 4616 cons.
3168 4558 3500 4613 Adelbertus
3519 4546 3749 4636 Μθήφθυε·

478 4652 971 4722 praedecessorum
1002 4658 1333 4708 nostrorum
1358 4660 1414 4708 et
1442 4654 1705 4724 ejusdem
1729 4655 1925 4726 patriae
1960 4670 2125 4711 vene-

480 4739 755 4795 rabilium
811 4741 1212 4811 episcoporum
1244 4744 1474 4798 decreta
1525 4744 1889 4808 roboramus,
1923 4760 2125 4814 regum

479 4828 745 4883 omnium
780 4829 1119 4899 potentiam,
1145 4829 1263 4885 sive
1294 4848 1697 4887 successorum
1732 4836 2065 4887 nostrorum
2096 4849 2129 4886 a

478 4916 705 4973 Christo
784 4918 1064 4973 creditam
1142 4920 1541 4975 auctoritatem
1621 4921 1994 4988 obtestantes,
2056 4936 2128 4975 ne

480 5006 676 5062 locum
708 5007 893 5061 sancti
926 5006 1185 5077 Dionysii
1208 5008 1419 5062 Christi
1453 5009 1745 5080 martyris,
1772 5008 1896 5064 suis
1925 5012 2125 5063 aucto-

482 5095 756 5151 ritatibus
801 5100 857 5149 et
888 5095 1223 5167 privilegiis
1271 5096 1625 5165 roboratum,
1658 5098 1745 5152 vel
1796 5114 1898 5170 per
1927 5114 2008 5163 se,
2039 5097 2125 5154 vel

485 5184 596 5239 sibi
628 5186 914 5249 subditos,
949 5185 1360 5257 quoquomodo
1407 5191 1690 5242 temerare
1737 5187 2035 5258 patiantur
2067 5186 2127 5241 in

484 5288 687 5329 savum.
713 5274 1055 5330 Sancientes
1087 5274 1257 5329 etiam
1283 5274 1726 5347 promulgamus
1749 5292 1819 5330 ne
1841 5275 1999 5329 ullus
2023 5274 2128 5329 ali-

484 5362 717 5429 quando
749 5363 1050 5418 Parisiacze
1102 5363 1405 5428 urbis,vvel
1455 5364 1700 5419 aliarum
1738 5364 2125 5419 Ecclesiarum

483 5447 812 5521 epiSCOpus,
838 5469 1075 5523 quaqua
1109 5452 1333 5507 ratione
1358 5454 1443 5507 vel
1475 5470 1825 5524 quacunque
1848 5470 2026 5508 causa
2055 5453 2126 5507 ab

484 5539 711 5605 abbate,
746 5541 831 5594 vel
865 5560 896 5594 ει
930 5541 1208 5597 fratribus
1237 5543 1491 5613 praedicti
1526 5542 1656 5607 loci,
1680 5541 1767 5596 vel
1785 5543 1858 5597 ab
1882 5542 1972 5597 his
2003 5559 2127 5597 om-

486 5630 660 5689 nibus
692 5628 789 5698 qui
823 5629 934 5682 sub
965 5644 1166 5683 eorum
1200 5636 1503 5699 potestate,
1536 5631 1859 5688 secundum
1890 5632 2127 5687 Patrum

2233 4652 2411 4722 episc.
2427 4667 2588 4706 cons.
2612 4651 2868 4706 Joannes
2889 4647 3230 4704 Subtrensis
3251 4646 3567 4719 episc.cons.
3587 4635 3747 4721 Mainar

2236 4740 2348 4794 dus
2370 4739 2678 4794 Urbinens.
2706 4737 2887 4809 episc.
2908 4753 3068 4792 cons.
3093 4735 3417 4791 Bernardus
3446 4724 3749 4809 Populonensis

2237 4828 2413 4899 episc.
2448 4845 2605 4883 cons.
2638 4807 2758 4882 Leo:
2789 4825 3158 4882 Pistoriensis
3196 4824 3368 4896 episc.
3407 4836 3546 4876 cons.
3573 4807 3751 4901 Lanifin‘

2238 4934 2342 4972 cus
2362 4915 2615 4972 Elusinee
2636 4914 2882 4971 civitatis
2906 4914 3083 4985 episc.
3108 4931 3268 4970 cons.
3292 4910 3466 4967 Vuido
3495 4902 3749 4985 Pisaneclnm

2237 5005 2414 5077 episc.
2445 5022 2604 5073 cons,
2628 5007 2878 5061 Joannes
2909 5004 3293 5059 Biternecium
3321 5000 3481 5073 episc.
3510 5005 3633 5050 cons.
3656 4983 3747 5077 (ξων

2238 5070 2533 5150 stantinus
2555 5091 2825 5148 Aretinus
2846 5093 3021 5165 episc.
3043 5108 3205 5148 cons.
3221 5087 3532 5147 Dominicus
3548 5070 3745 5163 Grandfn'

2239 5184 2321 5240 sis
2379 5183 2711 5255 patriarcha
2767 5199 2929 5238 cons.
2986 5183 3247 5237 Andreas
3303 5173 3594 5251 Spoletinus
3635 5167 3741 5231 ϐρίθει

2236 5289 2396 5329 cons.
2447 5272 2575 5327 Alto
2616 5271 2973 5328 Folomensis
3021 5271 3201 5343 episc.
3252 5262 3536 5325 consensit.
3562 5255 3742 5343 Hermet'

2239 5362 2438 5417 fredus
2471 5362 2795 5418 Sedunens.
2829 5361 3010 5432 episc.
3058 5342 3223 5416 cons.
3253 5363 3427 5429 Drogo
3452 5342 3739 5432 Μείῑεοοξευεξ

2236 5447 3329 5521 episc.cons.GaudefredusParisiensis
3340 5424 3739 5531 episc.couS-Hg':0

2237 5518 2675 5596 Aurelianensis
2706 5540 2884 5612 episc.
2910 5556 3072 5605 cons,
3095 5539 3281 5595 Vuido
3304 5521 3610 5612 Βεξινειοθιὶείξ³

2238 5646 2399 5687 cons.
2428 5631 2589 5703 Hugo
2617 5598 3003 5687 Trecassinus
3024 5628 3201 5702 episc.
3223 5642 3373 5684 cons.
3395 5598 3737 5678 GaufredusAu‘
