3962 6158
153 370 309 432 1309

1319 371 1724 436 ΕΡΙΞΤΟΙΑΕ
1764 371 1864 435 ET
1905 371 2384 433 DIPLOMATA.

3393 368 3554 434 1310

149 503 588 561 tissiodorensis
608 505 786 578 episc.
810 523 969 564 cons.
989 507 1329 564 Goscelinus
1351 507 1792 579 Burdegalensis
1822 508 1875 572 Α
1905 509 2114 560 nostrae
2135 503 2398 560 Ecclesiae
2422 503 2811 560 militantibus
2827 501 3135 575 ﬁdeliaque
3147 502 3382 560 servitia
3394 503 3552 560 exhi-

152 595 330 666 epise.
356 611 515 650 cons.
545 595 871 652 Willelmus
901 598 1243 670 Engolisniae
1267 597 1445 669 episc.
1479 597 1791 652 consentit.

837 703 1077 758 XXVIII.

152 790 456 862 Alexandri
484 793 533 845 ΙΙ
587 793 812 862 epistola
854 793 923 847 ad
981 792 1293 848 Gervasium
1343 795 1651 847 Remensem
1703 809 1769 846 ar

223 860 638 932 chiepiscopmn.
668 894 735 904 —-
767 865 1068 932 Privilcgia
1099 867 1431 920 monasterio
1453 865 1640 918 Sancti
1675 866 1798 918 Dio-

224 935 377 1003 nysii
403 951 436 987 α
463 934 953 1003 ρνιῑνάεεθδδονίὺῖιε
984 939 1172 990 contra
1201 939 1565 992 Parisiensem
1593 937 1797 1007 episco-

221 1020 352 1074 pum
381 1020 628 1059 concessa
660 1007 966 1074 conﬁrmat.

778 1097 966 1165 (Anno
1001 1097 1182 1161 1065.)

565 1184 796 1252 [ΜΑΝει,
833 1185 1037 1240 Concil.
1071 1185 1210 1255 XIX,
1241 1185 1391 1254 057.]

222 1272 588 1337 ALEXANDER,
617 1289 819 1328 servus
840 1289 1133 1328 servorum
1160 1275 1281 1341 Dei,
1315 1272 1662 1329 charissimo
1688 1273 1798 1326 fra-

147 1359 225 1413 tri
247 1359 532 1415 Gsavasm
557 1361 828 1416 Remensi
852 1362 1311 1434 archiepiscopo,
1327 1361 1576 1418 salutem
1592 1366 1648 1417 et
1670 1377 1802 1433 apo-

149 1446 416 1502 stolicam
452 1448 936 1505 benedictionem.

225 1535 527 1591 Devotioni
558 1541 670 1592 tua:
703 1544 907 1594 notum
940 1539 1063 1594 ﬁeri
1113 1540 1388 1594 volumus
1433 1541 1584 1611 quod
1620 1539 1802 1595 abbas

153 1625 494 1680 monasterii
527 1627 723 1682 Sancti
761 1627 1015 1700 Dionysii
1050 1630 1324 1701 martyris
1359 1630 1510 1700 apud
1544 1633 1801 1684 nostram

153 1713 518 1768 audientiam
552 1733 729 1786 super
756 1716 1028 1788 episcopo
1061 1718 1373 1774 Parisiensi
1406 1718 1586 1773 semel
1627 1724 1683 1773 et
1715 1735 1801 1774 se-

154 1801 344 1855 cundo
379 1802 551 1856 fuerit
579 1809 846 1873 questus,
904 1804 1169 1860 videlicet
1219 1807 1374 1876 quod
1425 1807 1569 1876 ipse,
1604 1811 1804 1860 contra

148 1890 252 1960 jus
309 1889 767 1964 privilegiorum,
827 1910 859 1946 a
913 1893 1133 1948 sanctis
1190 1874 1252 1948 et
1318 1874 1654 1964 apostolicis
1730 1874 1884 1948 vi-B

157 1979 240 2033 ris
296 1979 610 2036 salubriter
664 1981 850 2036 eidem
913 1981 1268 2037 monasterio
1319 1982 1616 2038 multoties
1669 2000 1804 2039 con-

156 2082 413 2134 cessum,
458 2073 775 2140 contraque
825 2071 1178 2124 Francorum
1231 2087 1431 2142 regum
1479 2077 1535 2126 et
1582 2071 1802 2144 episco-

155 2172 366 2227 porum
400 2157 586 2228 ipsius
618 2159 816 2230 patria:
851 2159 1317 2229 constitutiones,
1367 2161 1687 2232 subripere,
1721 2162 1803 2216 si-

155 2246 330 2316 hique
352 2247 644 2302 vindicare
667 2249 792 2318 jam
817 2247 954 2302 dicti
982 2249 1316 2303 monasterii
1343 2255 1690 2321 potestatem
1716 2256 1800 2306 at-

151 2337 480 2390 tentaverit.
517 2337 593 2390 Ad
628 2353 754 2408 quae
798 2337 1078 2392 nimirum
1130 2337 1457 2393 dirimenda
1487 2341 1558 2394 ad
1605 2341 1801 2395 sedem

153 2424 532 2494 apostolicam
570 2430 866 2496 utcunque
914 2427 1105 2482 venire
1157 2428 1550 2496 invitavimus,
1606 2434 1669 2484 ut
1725 2429 1802 2483 ibi

152 2514 522 2585 congregatis
548 2515 1246 2586 ecclesiarumjudicibus
1271 2517 1449 2588 hujus
1473 2535 1711 2573 causam
1738 2519 1802 2574 li-

151 2602 280 2674 tigii
313 2603 590 2658 canonice
623 2605 1170 2661 determinaremus.
1205 2606 1305 2661 His
1355 2607 1534 2678 igitur
1571 2607 1628 2662 in
1660 2625 1800 2664 sau-

152 2696 245 2746 cto
278 2692 519 2747 concilio
551 2695 1001 2764 repraesentatis,
1037 2700 1167 2766 post
1199 2695 1432 2767 longam
1481 2696 1799 2752 discussio-

155 2796 310 2844 nem,
347 2786 477 2852 post
498 2781 686 2836 varias
711 2782 1013 2854 utriusque
1039 2785 1221 2855 partis
1243 2785 1655 2857 oppositiones,
1681 2788 1798 2842 cla-

154 2869 575 2939 ruitjustitiam
602 2872 837 2942 praefato
860 2873 1213 2928 monasterio
1239 2874 1446 2939 favere,
1472 2892 1573 2930 nec
1597 2881 1677 2929 tot
1702 2881 1802 2930 aut

152 2963 452 3013 tantorum
494 2961 836 3031 pontiﬁcum
887 2963 1229 3018 auctoritate
1260 2963 1479 3033 absque
1511 2964 1799 3021 horrendo

152 3047 524 3102 anathemate
543 3047 796 3120 aliquem
812 3066 982 3121 posse
1004 3050 1254 3106 obviare.
1276 3051 1436 3106 Unde
1450 3052 1691 3107 consilio
1714 3058 1798 3108 to-

149 3136 269 3190 tius
294 3137 474 3191 sancti
493 3143 833 3207 conventus,
849 3155 974 3209 qua:
989 3156 1021 3192 a
1039 3139 1257 3193 sanctis
1277 3141 1799 3210 pl‘iL’dCC-CSSOI‘lbUS

1905 593 2630 657 bentibus,ecclesiasticis
2657 595 2832 649 rebus
2849 593 3218 650 collocemus.
3243 593 3548 666 Quaprop-

1904 687 1990 738 ter
2012 682 2371 737 ﬁdelissimis
2396 683 2645 738 servitiis
2667 683 2870 738 vestris
2889 682 3178 754 expressis
3201 699 3234 738 a
3259 682 3423 739 Petro
3448 687 3550 739 Da-

1907 771 2088 826 miani
2122 777 2318 826 nostro
2350 772 2688 844 coepiscopo
2709 789 2776 827 ex
2821 776 3018 826 nostro
3049 773 3200 826 dono
3246 772 3551 826 confirma-

1905 860 2098 914 vimus
2127 859 2312 928 vobis,
2337 865 2401 914 ut
2422 859 2620 914 nullus
2643 877 2711 915 ex
2730 860 2892 915 vobis
2916 859 3216 930 quodlibet
3247 859 3548 915 servitium

1909 953 2080 1020 atque
2112 949 2412 1019 angariam
2445 949 2690 1015 faciatis,
2727 949 2989 1003 foderum
3018 952 3214 1002 autem
3239 965 3353 1003 non
3377 947 3550 1016 detis,

1909 1038 2135 1092 hostem
2159 1054 2288 1092 vero
2317 1037 2558 1092 minime
2580 1037 2826 1102 faciatis,
2853 1052 3038 1108 neque
3056 1037 3338 1104 bandum,
3363 1053 3553 1108 neque

1911 1126 2091 1181 ullam
2126 1127 2497 1181 donationem
2528 1130 2627 1180 aut
2648 1142 2881 1197 quoquo
2910 1127 3080 1180 modo
3104 1125 3553 1196 promissionem

1910 1215 2058 1270 detis
2080 1233 2094 1282 ;
2119 1214 2308 1269 solum
2332 1213 2678 1286 episcopalis
2697 1215 2921 1269 redditu
2933 1231 3052 1279 um,
3077 1213 3298 1269 scilicet
3322 1215 3554 1268 tertiam

1912 1308 2136 1376 partem
2170 1303 2481 1360 oblationis
2512 1303 2691 1358 trium
2727 1303 3046 1358 missarum
3085 1307 3142 1357 et
3171 1306 3383 1373 quarta
3421 1318 3557 1372 pars

1912 1392 2296 1462 decimarum,
2325 1393 2641 1464 apraesenti
2667 1391 2836 1446 tertia
2856 1391 3171 1446 indictione
3203 1389 3556 1446 successori-

1914 1480 2026 1536 bus
2043 1481 2246 1536 vestris
2270 1481 2330 1535 in
2358 1485 2725 1553 perpetuum,
2750 1483 3074 1535 statuentes
3091 1478 3412 1550 apostolica
3427 1495 3557 1533 cen-

1915 1585 2075 1638 sura,
2111 1571 2219 1625 sub
2252 1570 2432 1624 divini
2457 1569 2667 1640 judicii
2709 1568 3198 1624 obtestationibus
3229 1573 3286 1622 et
3315 1567 3556 1623 anathe-

1916 1657 2088 1711 matis
2112 1656 2457 1726 interdictis,
2483 1661 2545 1711 ut
2569 1655 2797 1712 nullum
2821 1673 2997 1728 quam
3023 1668 3310 1724 nostrum,
3335 1660 3558 1711 nostro-

1914 1761 2046 1799 rum
2079 1761 2485 1799 successorum
2530 1745 2894 1814 pontiﬁcum,
2944 1744 3032 1799 vel
3083 1743 3197 1800 alia
3242 1743 3559 1813 cujuslibet

1916 1849 2130 1904 magna
2148 1850 2440 1904 parvaque
2462 1849 2711 1904 persona
2727 1834 3130 1904 cujuscunque
3150 1832 3353 1889 ordine
3374 1836 3450 1889 sit
3468 1832 3556 1889 vel

1917 1922 2223 1993 dignitate,
2259 1926 2460 1976 contra
2493 1922 2598 1976 hoc
2621 1926 2885 1976 nostrum
2919 1920 3303 1993 apostolicum
3337 1921 3561 1992 privile-

1914 2010 2074 2082 gium
2110 2010 2367 2081 aliquam
2393 2010 2603 2065 inferre
2624 2009 3000 2079 calumniam,
3025 2009 3072 2064 si
3102 2008 3235 2080 quis
3264 2009 3418 2081 quod
3441 2026 3554 2065 non

1914 2105 2206 2172 optamus,
2233 2100 2540 2154 temerario
2561 2116 2706 2155 ausu
2733 2099 2924 2154 venire
2945 2098 3413 2154 tentaveritetita
3437 2114 3563 2169 per-

1915 2190 2083 2243 ficere
2102 2205 2215 2243 non
2239 2187 2548 2253 dimiserit,
2569 2188 2715 2242 sciat
2738 2204 2819 2250 se,
2839 2187 2949 2241 nisi
2974 2187 3303 2257 resipuerit,
3323 2187 3564 2243 anathe-

1914 2279 2090 2331 matis
2114 2276 2344 2331 vinculo
2371 2292 2498 2331 esse
2531 2276 2897 2345 innodatum,
2930 2279 2988 2329 et
3014 2275 3254 2345 insuper
3273 2275 3559 2346 composi-

1911 2369 2081 2420 turus
2114 2365 2319 2420 existat
2342 2364 2468 2419 auri
2491 2364 2695 2436 optimi
2722 2363 2940 2419 solidos
2962 2362 3414 2434 quinquaginta,
3439 2379 3557 2418 me-

1913 2455 1944 2507 d
1956 2455 2188 2509 ietatem
2209 2453 2357 2508 sacri
2374 2452 2572 2525 palatii
2589 2459 2643 2507 et
2658 2453 3028 2506 medietatem
3042 2452 3204 2506 vobis
3217 2451 3556 2521 caaterisque

1913 2543 2480 2611 successoribus(sic)
2493 2540 2598 2604 Qui
2613 2558 2743 2596 vero
2758 2540 2849 2612 pio
2861 2541 3075 2596 intuitu
3090 2545 3286 2596 custos
3300 2541 3560 2595 etobser-

1909 2637 2075 2686 vator
2092 2632 2270 2703 hujus
2295 2630 2478 2685 nostri
2503 2629 2784 2702 privilegii
2810 2629 3112 2695 exstiterit,
3137 2629 3558 2684 benedictionis

1909 2719 2155 2791 gratiam
2173 2720 2340 2791 justo
2356 2719 2559 2790 judice
2585 2720 2694 2773 Deo
2717 2723 2915 2773 nostro
2939 2717 3214 2789 consequi
3239 2721 3553 2772 mereatur.

1981 2809 2276 2880 Scriptum
2309 2825 2409 2879 per
2441 2825 2652 2863 manus
2683 2807 2955 2879 Stephani
2987 2805 3197 2862 notarii
3243 2805 3555 2878 regionarii

1910 2904 1966 2954 et
1982 2898 2270 2953 scriniarii
2285 2902 2496 2952 sanctae
2513 2903 2780 2952 Romana:
2795 2895 3085 2962 Ecclesiae,
3101 2896 3155 2950 in
3174 2893 3555 2951 menseJunio

1910 2993 1965 3041 et
1997 2987 2311 3042 indictione
2339 2986 2740 3058 suprascripta
2764 2985 2955 3040 tertia.

1978 3077 2222 3131 Joannis
2258 3075 2597 3130 Portuensis
2628 3075 2936 3146 episcopus
2967 3073 3310 3146 subscripsi.

1979 3170 2094 3236 Ego
2123 3164 2556 3218 Hildebrandus
2588 3163 3034 3219 archidiaconus
3066 3163 3408 3233 subscripsi.

149 3224 366 3280 nostris
387 3229 586 3281 sancte
606 3227 1050 3297 suntinstituta,
1077 3228 1441 3282 firmavimus
1470 3235 1646 3301 atque
1668 3247 1792 3285 cor-
1827 3240 1869 3304 α
1980 3224 2130 3308 Βξηθ
2162 3253 2362 3308 valete.

149 3314 573 3370 roboravimus.
611 3315 890 3386 Rogando
940 3315 1133 3386 itaque
1183 3317 1600 3372 fraternitatem
1633 3324 1794 3374 tuam

149 3403 537 3458 admonemus
569 3410 878 3476 quatenus,
903 3404 951 3459 si
976 3404 1254 3459 invitatus
1281 3405 1458 3461 fueris
1490 3406 1562 3461 ab
1589 3407 1796 3463 abbate

145 3490 234 3547 vel
259 3492 539 3548 fratribus
556 3493 820 3562 ejusdem
847 3494 1207 3560 monasterii,
1233 3493 1490 3550 chrisma
1524 3501 1581 3550 et
1602 3495 1794 3552 oleum

147 3585 204 3636 et
236 3585 444 3636 caetera
466 3598 591 3653 quae
615 3581 698 3636 eis
719 3598 788 3636 ex
809 3581 1122 3654 episcopali
1167 3583 1357 3637 ofﬁcio
1394 3583 1664 3639 videntur
1694 3601 1790 3640 ne-

146 3669 422 3735 cessaria,
454 3669 678 3725 tribuas
701 3687 766 3725 ac
789 3675 920 3726 tuos
941 3672 1340 3743 suifraganeos
1364 3672 1619 3727 tribuere
1651 3690 1793 3744 prae-
1825 3741 1834 3746 ν

145 3759 352 3832 cipias.

871 3848 1064 3906 XXIX.

216 3937 380 3991 Bulla
408 3936 715 3992 Alexandri
740 3953 896 4008 papas
931 3939 981 3992 II
1007 3938 1077 3993 ad
1106 3941 1310 3992 clerum
1351 3940 1718 4010 l’elitrensem.

530 4010 716 4080 (Anno
751 4010 909 4077 1065,
945 4027 1005 4063 III
1038 4010 1174 4064 Idus
1206 4010 1411 4079 Junii.)

145 4098 536 4166 [Ml'l'I‘ARELLI,
590 4097 788 4172 Annal.
834 4098 1440 4172 ,Cainaldnl.‘tom.ll,
1482 4117 1613 4172 pag.
1665 4103 1789 4167 ⁵201,

213 4185 282 4242 ex
302 4169 663 4239 autographo
686 4169 956 4242 tabularii
979 4169 1233 4242 ecclesia:
1251 4169 1616 4234 Velitrensi‘s,
1639 4174 1791 4242 apud

214 4241 610 4295 Alexandrum
635 4240 902 4311 Borgiam
927 4241 1428 4311 archiepiscopum
1455 4240 1791 4298 Firmanum

213 4312 273 4366 in
310 4311 564 4366 Historia
595 4311 928 4379 Velitrensi,
964 4328 1097 4384 pag.
1135 4314 1280 4381 183.]

213 4421 554 4472 ALEXANDER
584 4418 916 4489 episcopus,
951 4435 1154 4472 servus
1176 4434 1472 4473 servorum
1499 4418 1617 4481 Dei,
1651 4420 1791 4475 dile-

132 4506 429 4562 ctissimis
455 4508 511 4562 in
535 4507 762 4562 Christo
783 4508 919 4562 Jesu
945 4506 1104 4573 ﬁliis,
1131 4509 1270 4562 Τιτο
1292 4507 1792 4580 archipresbytero

1979 3347 2188 3397 Datum
2215 3341 2407 3396 Romae
2434 3358 2491 3395 III
2509 3341 2566 3395 Id
2578 3357 2644 3394 us
2657 3339 2814 3395 Junii
2832 3355 2934 3410 per
2947 3355 3158 3393 manus
3169 3336 3321 3393 Petri
3339 3341 3554 3392 sancta)

1909 3432 2181 3487 Romana:
2202 3429 2466 3486 Ecclesiae
2482 3428 2925 3495 bibliothecarii,
2943 3445 3096 3482 anno
3109 3443 3166 3481 IV
3178 3426 3553 3498 pontiﬁcatus

1907 3520 2106 3576 domui
2126 3519 2436 3575 Alexandri
2467 3535 2628 3592 papae
2661 3517 2925 3582 secundi,
2951 3516 3267 3571 indictione
3288 3515 3477 3570 tertia.

2649 3624 2811 3680 XXX.

1940 3716 2239 3771 Alexandri
2268 3718 2315 3770 II
2340 3716 2699 3787 privilegium
2729 3730 2825 3785 pro
2868 3713 3200 3768 monasterio
3230 3712 3510 3767 Dervensi.

2523 3805 2712 3874 (Anno
2743 3803 2928 3873 1065.)

2124 3936 2128 3940 .
2189 3895 2453 3964 [ΜΑΒιιι.
2485 3893 2685 3947 Annal.
2726 3891 2952 3958 Bened.,
2990 3889 3082 3956 IV,
3113 3889 3263 3960 665.]

1975 3990 2322 4038 ALEXANDER
2341 3981 2671 4053 episcopus,
2696 3997 2896 4036 servus
2910 3993 3209 4035 servorum
3225 3977 3344 4047 Dei,
3359 3975 3548 4048 coepi-

1903 4072 2096 4144 scopis
2119 4072 2396 4127 Ricusalo
2424 4070 2767 4135 Senonensi,
2789 4069 3016 4124 HUGONI
3043 4065 3406 4132 'l‘recassino,
3436 4065 3549 4120 Ro-

1903 4179 2048 4216 GERO
2075 4160 2506 4229 Catalaunensi,
2531 4158 2780 4214 salutem
2813 4163 2870 4214 et
2899 4156 3274 4229 apostolicam
3307 4154 3551 4210 benedi-

1903 4250 2178 4306 ctionem.

1975 4340 2258 4404 Quoniam
2274 4338 2510 4408 quidem
2531 4337 2794 4393 omnium
2809 4335 3198 4391 Ecclesiarum
3214 4332 3554 4389 sollicitudi-

1904 4443 2038 4481 nem
2071 4427 2241 4481 nobis
2273 4426 2570 4480 commisit
2589 4425 2850 4495 dignatio
2871 4424 3087 4490 divina,
3112 4422 3453 4486 instantius,
3489 4424 3552 4473 ut

1905 4511 2110 4581 nostis,
2137 4531 2446 4585 procurare
2471 4515 2642 4567 debet
2664 4513 2917 4582 provisio
2941 4517 3141 4567 nostra
3181 4526 3252 4564 ne
3277 4508 3415 4579 quid
3450 4508 3547 4561 de-

129 4595 488 4652 venerabilis
509 4595 764 4652 ecclesiae
789 4597 978 4652 sancti
1000 4597 1209 4652 Christi
1235 4597 1507 4668 martyris
1539 4597 1796 4652 Clemen-
1826 4609 1870 4672 D
1903 4602 2162 4659 trimenti
2194 4620 2294 4658 seu
2318 4600 2746 4672 inquietudinis
2770 4600 3043 4671 quaelibet
3065 4613 3266 4652 earum
3291 4596 3554 4650 incurrat

129 4688 238 4749 tis,
263 4701 394 4756 quae
419 4685 657 4756 ponitur
677 4685 733 4738 in
759 4685 1093 4756 episcopatu
1119 4686 1473 4741 Veletrensis
1521 4687 1786 4751 civitatis,

1928 4698 2103 4748 nostra
2134 4693 2244 4745 sub
2277 4691 2563 4746 custodia.
2614 4689 2922 4759 Undejam
2958 4687 3130 4742 annis
3162 4682 3551 4739 anterioribus

129 4789 242 4829 ceu
267 4773 584 4844 Gregorius
607 4773 1074 4845 archipresbyter
1095 4773 1351 4829 ecclesiae
1373 4775 1567 4829 Sancti
1588 4775 1792 4846 Angeli
1902 4780 2251 4835 fraternitati
2267 4784 2467 4833 vestrae
2490 4777 2833 4849 praecepisse
2858 4774 3234 4830 meminimus
3258 4787 3434 4842 super
3455 4771 3553 4824 ad-

129 4863 194 4917 in
220 4862 482 4931 castello,
504 4879 608 4918 nec
626 4879 739 4918 non
762 4863 1106 4918 Dominicus
1119 4863 1582 4936 archipresbyter
1594 4864 1789 4920 Sancti
1901 4870 2084 4924 versis
2109 4867 2370 4923 Ecclesia:
2385 4865 2713 4930 Dervensis,
2733 4881 2859 4936 qua
2874 4863 2984 4920 sibi
3006 4863 3340 4917 inferuntur
3357 4876 3389 4914 a
3410 4875 3552 4914 non-

124 4951 386 5008 Joannis
415 4953 486 5006 de
519 4951 736 5024 Plagis,
770 4951 1066 5023 simulque
1089 4953 1558 5024 archipresbyter
1591 4954 1790 5009 Petrus
1901 4957 2080 5013 nullis
2112 4959 2309 5011 minus
2337 4955 2520 5010 Deum
2547 4953 2913 5023 timentibus,
2939 4950 3285 5006 auctoritate
3317 4951 3551 5018 aposto-

125 5041 334 5096 Sancti
396 5041 644 5110 Martini,
705 5046 880 5112 atque
934 5043 1187 5097 Joannes
1249 5043 1433 5097 sancti
1489 5043 1788 5110 Antonini,
1898 5046 2010 5101 lica
2043 5045 2446 5117 prazcipientes
2475 5043 2638 5098 vobis
2673 5046 2734 5096 ut
2765 5059 2832 5096 ex
2864 5041 3104 5096 adverso
3135 5035 3546 5105 ascenderetis,

122 5129 427 5184 Adrianus
487 5131 787 5201 presbyter
831 5131 1023 5185 Sancti
1084 5131 1397 5201 Laurentii,
1431 5137 1487 5186 et
1543 5132 1788 5187 Joannis
1898 5140 2211 5190 etmurum
2246 5151 2347 5204 pro
2366 5132 2701 5187 defensione
2719 5131 2980 5199 ejusdem
3003 5127 3268 5183 Ecclesia:
3291 5141 3546 5196 oppone-

123 5219 440 5291 presbyter
469 5218 669 5274 Sancti
693 5218 1010 5274 Salvatoris
1032 5226 1204 5290 atque
1243 5221 1576 5291 Stephanus
1598 5221 1786 5275 archi-
1897 5223 2059 5278 retis.
2085 5223 2244 5286 Quod
2273 5220 2613 5291 aliquandiu
2637 5220 2946 5290 diligenter
2965 5215 3221 5273 exsecuti
3243 5213 3386 5270 estis
3415 5231 3428 5280 ;
3452 5229 3547 5268 ve-

125 5308 441 5381 presbyter
460 5308 650 5364 Sancti
677 5307 838 5364 Pauli
856 5308 1188 5380 caeterisque
1204 5308 1334 5364 aliis
1357 5310 1708 5381 presbyteris
1727 5310 1782 5364 in
1898 5328 2027 5366 rum
2048 5327 2202 5365 nunc
2227 5308 2657 5380 aliquantulum
2676 5302 3544 5378 intepescitfervorzeliprioris.

123 5397 340 5454 eadem
372 5397 602 5452 civitate
623 5397 857 5453 Velletri
889 5397 1396 5453 commanentibus
1427 5398 1588 5451 intus
1615 5404 1670 5452 et
1703 5399 1782 5451 l'0~
1896 5401 2145 5455 Proinde
2168 5401 2372 5452 iterato
2399 5398 2712 5468 dirigimus
2734 5397 2925 5466 apices
2951 5395 3131 5465 hujus
3154 5397 3364 5448 nostra:
3388 5407 3544 5446 com-

125 5486 237 5549 ris,
269 5486 830 5557 successoribusque
859 5486 1065 5541 vestris
1096 5487 1153 5540 in
1203 5492 1568 5557 perpetuum.
1897 5487 2256 5557 monitionis,
2293 5492 2355 5541 ut
2385 5486 2545 5557 virga
2575 5485 2980 5540 ecclesiasticae
3017 5479 3542 5536 animadversionis

202 5574 263 5629 Si
294 5575 584 5630 extraneis
619 5575 900 5646 laicisque
935 5576 1197 5646 personis
1227 5575 1554 5646 apostolica
1581 5576 1786 5631 sull‘ra-
1895 5593 2092 5632 eorum
2128 5575 2554 5644 impudentiam
2590 5575 2688 5645 qui
2722 5575 3000 5628 adversus
3039 5587 3168 5627 eam
3202 5571 3541 5642 insurgunt,

121 5664 228 5738 gia
261 5663 620 5737 irrogamus;
649 5669 868 5736 quanto
896 5665 1218 5738 elegantius
1238 5664 1452 5738 agitur,
1488 5665 1536 5720 si
1569 5669 1782 5721 sancta:
1893 5682 2156 5723 coercere
2185 5665 2419 5736 curetis,
2445 5680 2518 5719 ne
2537 5680 2715 5736 quam
2743 5664 2986 5736 posthac
3003 5658 3426 5734 querimoniam
3448 5656 3507 5720 in
