3996 6158
463 318 661 392 1311’

1748 341 2205 408 ALEXANDRI
2248 347 2300 408 II
2350 346 2576 409 ΡΑΡιΕ

3620 330 3754 418 ⁷13η

461 464 707 523 fundere
739 471 959 539 quaerat
985 467 1228 524 auribus
1262 471 1499 526 nostris.
1524 473 1593 527 Et
1623 476 1899 544 quoniam
1931 478 2106 534 abba-
2136 482 2191 547 Α
2222 479 2440 535 ccclesti
2488 480 2624 536 sede
2681 485 3020 537 sanctorum
3080 480 3362 538 consortio
3416 481 3620 542 feliciter
3670 488 3759 560 glo-

455 562 571 614 tem
606 558 857 615 ecclesiae
889 561 1077 632 ipsius
1114 564 1302 620 virum
1354 568 1585 624 virtutis
1635 571 1903 629 novimus
1951 592 2099 647 esse,

458 647 879 719 nobisquejam
894 652 1117 721 pridem
1134 656 1465 711 devinctum
1487 660 1755 715 familiari
1772 663 2101 736 dilectione,

464 752 634 806 quem
671 740 1062 808 praedecessor
1091 750 1287 799 noster
1316 746 1477 801 bonas
1513 751 1803 805 memoriae
1824 754 1933 807 Leo
1956 772 2105 826 papa

454 828 617 879 tanto
640 844 756 882 suae
782 829 1081 887 charitatis
1103 834 1348 903 dignum
1375 838 1537 891 duxit
1555 856 1749 895 amore
1774 846 1835 895 ut
1854 858 1984 897 eum
2012 845 2101 897 sui

460 915 737 986 nominis,
764 919 900 972 dicti
928 920 1233 991 Brunonis,
1251 926 1401 993 quod
1424 932 1553 981 ante
1573 929 2020 998 apostolicatum
2043 934 2101 987 in

462 1003 815 1074 baptismate
847 1010 1091 1063 sortitus
1133 1012 1338 1081 fuerat,
1370 1014 1609 1069 donaret
1661 1018 1897 1081 honore,
1934 1020 2101 1074 nolu—

464 1108 598 1147 mus
630 1110 984 1165 quemquam
1021 1099 1126 1153 sibi
1162 1101 1400 1171 suisque
1440 1105 1495 1156 in
1544 1106 1738 1176 aliquo
1787 1108 2101 1164 molestum

459 1197 607 1235 esse.
657 1183 818 1245 Quod
854 1186 899 1239 si
937 1187 1037 1240 ﬁat
1068 1206 1100 1241 a
1143 1190 1614 1263 quibuscumque,
1649 1197 2022 1252 concedimus
2053 1199 2102 1252 ei

454 1270 773 1337 apostolica
797 1275 1155 1341 auctoritate,
1180 1284 1235 1332 et
1258 1281 1531 1337 omnibus
1556 1286 1992 1341 successoribus
2016 1305 2100 1342 ec-

455 1356 645 1412 clesia:
680 1360 861 1430 ipsius
893 1380 1273 1437 quoscunque
1306 1369 1674 1441 insurgentes
1724 1379 1925 1429 contra
1974 1393 2102 1431 eam

456 1445 721 1517 frangere
742 1451 1131 1509 anathematis
1146 1456 1365 1512 ultione
1384 1464 1447 1513 ut
1462 1477 1594 1515 cum
1610 1464 1884 1517 securiori
1911 1466 2104 1535 quiete

457 1533 572 1588 Deo
596 1536 824 1592 valeant
853 1539 1093 1598 liberius
1124 1561 1343 1601 vacare.

528 1623 747 1681 Valete.

1188 1743 1375 1799 XXXI.

566 1823 725 1878 Bulla
768 1827 1070 1884 Alexandri
1098 1832 1147 1884 ll
1170 1849 1268 1901 pro
1299 1838 1627 1890 monasterio
1661 1838 1990 1894 Gellonensi.

1076 1941 1264 2007 (Anno
1299 1942 1478 2011 1066.)

458 2032 618 2098 [Gal].
658 2036 883 2105 Christ,
918 2046 1057 2097 tom.
1092 2048 1185 2109 VI,
1210 2065 1339 2119 pag.
1364 2052 1487 2117 273,
1520 2068 1587 2105 ex
1627 2054 1812 2107 charta.
1849 2056 2101 2128 Gellon.)

526 2161 867 2218 ALEXANDER
890 2167 1217 2238 episcopus,
1235 2189 1436 2228 servus
1459 2191 1755 2232 servorum
1775 2179 1897 2246 Dei,
1917 2185 2101 2237 Pereo

459 2247 654 2302 abbati
688 2256 1021 2309 monasterii
1057 2258 1439 2327 Gellonensis,
1474 2265 1715 2337 suisque
1746 2272 2103 2325 successori-

458 2335 590 2407 bus,
643 2344 963 2399 secundum
1018 2349 1276 2419 regulam
1310 2355 1495 2409 sancti
1557 2357 1865 2423 Benedicti,
1918 2360 2099 2415 intra-

452 2426 622 2481 turis.

526 2515 671 2578 Quia
700 2518 896 2575 divina
928 2523 1237 2582 clementia
1261 2547 1365 2586 nos
1397 2534 1804 2594 universaliter
1851 2559 1968 2595 suae
2000 2544 2103 2598 Ec-

455 2601 643 2658 clesiae
676 2624 925 2676 praeesse
954 2613 1153 2682 voluit,
1210 2621 1485 2677 omnibus
1535 2626 1751 2697 ubique
1810 2635 2101 2685 terrarum

462 2698 814 2751 constructis
844 2700 1106 2759 ecclesiis
1151 2712 1453 2765 consulere
1496 2714 1808 2786 auxiliique
1862 2736 2099 2774 manum

456 3133 599 3198 vire,
624 3137 854 3210 sibique
876 3144 1104 3201 debitas
1130 3166 1328 3219 preces
1347 3159 1403 3209 et
1426 3133 1623 3213 laudes
1647 3167 1864 3230 queant
1884 3164 2103 3233 persol-

2215 569 2359 624 rietu
2373 588 2415 623 r.

2284 659 2497 714 Datum
2534 661 2725 715 House
2757 679 2827 716 vu
2861 662 2995 715 Idus
3048 660 3258 729 Martii,
3292 679 3385 732 per
3430 680 3609 719 manus
3647 666 3758 722 Petri

2214 756 2425 802 sancta:
2460 749 2728 803 Romana:
2762 748 3030 803 Ecclesia:
3066 750 3397 804 subdiaconi
3427 756 3577 822 atque
3602 754 3758 809 biblio-

2214 836 2479 901 thecarii,
2542 856 2691 892 anno
2748 857 2781 893 v
2850 840 3222 909 pontificatus
3272 840 3459 893 domui
3522 839 3757 896 Alexandri

2214 943 2375 996 papa:
2409 927 2473 989 II,
2509 928 2825 982 indictione
2859 946 2931 982 ιν.

2924 1036 3141 1090 XXXII.

2212 1122 2521 1177 Alexander
2550 1124 2597 1177 11
2628 1127 3021 1179 monasterium
3052 1126 3106 1188 S,
3138 1124 3409 1179 Michaelis
3456 1126 3765 1195 Siegburgensc

2542 1198 2851 1251 munimine
2880 1198 3175 1266 apostolico
3205 1198 3495 1265 conﬁrmat.

2840 1285 3025 1354 (Anno
3061 1286 3242 1352 1066.)

2214 1372 2607 1439 [\Vun'rwsm,
2639 1377 2794 1429 Nova
2823 1374 3083 1428 Subsidia
3135 1373 3506 1445 diplomatica,
3545 1378 3661 1429 tom.
3704 1371 3763 1437 IV,

2677 1463 2732 1515 p.
2767 1446 2853 1512 41,
2891 1463 2957 1499 ex
2988 1445 3392 1517 autographo.]

2282 1554 2619 1606 ALEXANDER
2652 1553 2981 1623 episcopus,
3017 1569 3219 1608 servus
3254 1568 3536 1607 servorum
3566 1551 3665 1617 Dei,
3690 1554 3765 1605 Ari-

2212 1657 2343 1694 NONI
2376 1645 2585 1695 sanctae
2618 1640 2976 1697 Coloniensis
3006 1641 3273 1697 Ecclesiae
3290 1639 3583 1696 venerabili
3610 1639 3766 1695 archie-

2208 1730 2464 1800 piscopo,
2498 1730 2555 1783 in
2589 1730 2818 1785 Christo
2848 1730 2981 1785 Jesu
3018 1731 3177 1785 fratri
3211 1730 3566 1785 charissimo.

2132 1843 2180 1906 B
2283 1819 2439 1883 Quod
2476 1836 2508 1873 a
2540 1819 2850 1887 nobis,Deo
2873 1820 3081 1874 dilecte
3101 1820 3299 1886 frater,
3323 1816 3767 1890 expetis,exollicio

2211 1914 2482 1978 suscepto
2513 1912 2570 1961 et
2604 1909 2946 1962 auctoritate
2996 1909 3315 1979 apostolica
3355 1908 3618 1962 universis
3652 1906 3769 1959 debe-

2213 2012 2344 2050 mus
2370 1996 2923 2063 ecclesiis,videlicet
2945 2004 3007 2051 ut
3029 2014 3161 2051 cum
3184 1997 3397 2069 aliquis
3418 1996 3646 2050 ﬁdelium
3668 1996 3711 2047 in
3728 1993 3773 2045 vi-

2212 2102 2321 2139 nea
2350 2085 2581 2139 Domini
2614 2086 2864 2140 Sabaoth
2901 2086 3172 2141 laborans
3222 2086 3561 2157 propagines
3588 2086 3689 2153 ejus
3712 2100 3775 2135 ex-

2212 2175 2481 2240 tenderit,
2522 2192 2626 2229 nos
2687 2192 2812 2229 eam
2868 2176 3144 2245 sepiendo
3200 2175 3432 2229 munire
3462 2173 3705 2233 convenit,
3729 2186 3775 2222 ne

2212 2263 2297 2317 vel
2332 2281 2364 2317 a
2405 2266 2884 2334 praetereuntibus
2916 2264 3307 2330 conculcetur,
3339 2264 3426 2318 vel
3457 2259 3775 2317 alatrunculis

2214 2354 2271 2406 in
2294 2352 2523 2408 labores
2554 2354 2771 2407 alienos
2795 2354 2963 2407 detur
2984 2354 3199 2408 aditus.
3232 2357 3419 2417 Quare
3444 2351 3595 2419 mihi,
3616 2352 3661 2403 in
3700 2349 3776 2401 Deo

2213 2441 2420 2495 dilecte
2481 2442 2674 2506 frater,
2725 2448 2914 2496 tecum
2962 2443 3253 2512 agendum
3310 2446 3399 2496 est
3444 2440 3598 2509 longe
3644 2437 3778 2531 aliter,

2214 2531 2429 2601 Quippe
2452 2532 2603 2603 apud
2632 2531 2819 2586 virum
2849 2531 3209 2603 religiosum,
3237 2536 3294 2586 et
3316 2546 3506 2585 revera
3527 2533 3631 2583 tam

2214 2621 2324 2674 bus
2356 2636 2528 2691 quam
2564 2620 2800 2675 nomine
2848 2621 3211 2692 episcopum,
3256 2619 3473 2690 quique
3511 2634 3625 2672 cum
3648 2613 3781 2709 fidelis

2214 2725 2417 2764 servus
2448 2714 2502 2763 et
2532 2711 2787 2780 prudens
2811 2710 2946 2764 totis
2967 2708 3251 2764 anhelans
3268 2708 3578 2763 visceribus
3601 2708 3781 2776 proprii?

2214 2798 2470 2852 deservis
2494 2798 2760 2853 Ecclesiae
2786 2817 2799 2865 ;
2825 2800 2895 2853 de
2918 2798 3107 2853 medio
3131 2798 3401 2853 laborum
3435 2800 3654 2851 matrem
3676 2791 3784 2845 labo-

2215 2891 2439 2941 rantem
2463 2887 2780 2957 respiciens
2803 2888 2927 2957 pios
2956 2887 3005 2941 ei
3029 2888 3319 2958 subponis
3341 2887 3621 2948 humeros,
3653 2897 3707 2935 ne
3730 2878 3784 2931 la-

2215 2976 2337 3030 bori
2375 2978 2920 3042 succumbens,cum
2951 2993 3052 3047 per
3073 2976 3262 3031 multa
3282 2977 3515 3030 incedas
3536 2967 3785 3028 obstacula,

2217 3064 2472 3118 declines
2500 3082 2531 3118 a
2556 3064 2645 3119 via
2671 3065 2848 3135 regia,
2875 3070 3046 3136 atque
3087 3064 3194 3119 hoc
3217 3071 3328 3131 est,
3358 3065 3504 3135 quod
3531 3079 3622 3117 nos
3641 3062 3788 3151 preter

2215 3168 2526 3206 commune
2551 3170 2793 3223 pensum
2820 3154 2877 3207 in
2897 3169 3128 3207 omnem
3151 3153 3514 3208 voluntatem
3537 3156 3673 3205 tuam
3689 3160 3787 3200 CXCI-

461 3240 613 3279 vere.
648 3226 810 3284 Unde
840 3232 976 3302 quia
1007 3213 1389 3297 charissimus
1429 3213 1719 3303 confrath
1766 3213 1962 3307 nostra.
1991 3253 2101 3306 ΗΟ-
2137 3213 2177 3278 C
2220 3241 2565 3303 tas,etiamsi
2589 3242 2661 3295 ab
2684 3241 2999 3312 apostolica
3021 3241 3157 3296 sede
3188 3242 3439 3312 petisses
3465 3238 3662 3310 aliquid
3681 3234 3788 3288 άιῐῖι·

466 3317 732 3385 stagnus,
766 3318 1103 3380 Lutevensis
1136 3329 1466 3403 episcopus,
1498 3335 1846 3409 significavit
1892 3346 2103 3397 sancta

461 3405 791 3473 apostolicae
822 3411 945 3465 sedi
977 3417 1242 3482 quaedam
1279 3423 1605 3478 munimina
1649 3428 2103 3499 privilegiorum,

460 3492 825 3551 Gellonensis
858 3504 1217 3573 monasterii,
1245 3508 1570 3581 ubicorpus
1603 3516 1786 3569 sancti
1811 3516 2105 3571 Guillelmi
2134 3546 2140 3551 -

464 3582 795 3650 requiescit,
832 3586 963 3656 igne
1002 3605 1129 3645 esse
1175 3602 1541 3667 consumpta,
1576 3618 1682 3656 nos
1714 3603 1899 3673 ipsius
1924 3606 2105 3673 justis

463 3669 843 3738 petitionibus
866 3675 1150 3749 inclinati,
1174 3681 1326 3737 idem
1353 3669 1771 3745 monasterium
1792 3694 1901 3747 sub
1924 3669 2107 3750 tutela

464 3762 521 3811 et
545 3759 882 3818 defensione
897 3773 1109 3821 sanctae
1125 3772 1457 3841 apostolicae
1470 3778 1625 3832 sedis
1643 3782 2031 3852 suscepimus,
2053 3787 2110 3837 et

469 3849 667 3902 omnia
689 3868 813 3921 qua:
829 3854 983 3922 juris
1005 3856 1191 3927 ipsius
1209 3878 1496 3933 quaequea
1518 3866 1757 3938 triginta
1774 3872 2109 3926 annisretro

470 3936 709 4007 paciﬁce
738 3943 943 4007 tenuit,
978 3947 1078 4000 sed
1107 3952 1162 4002 et
1184 3952 1379 4006 omnia
1402 3970 1528 4023 quis
1555 3936 1830 4013 infuturo
1850 3964 2111 4030 tempore

469 4023 685 4079 ibidem
719 4034 1221 4091 suntconferenda
1245 4040 1301 4092 in
1332 4042 1777 4115 quibuscunque
1801 4049 1975 4102 rebus
1994 4065 2112 4103 mo-

467 4110 686 4168 bilibus
718 4122 774 4169 et
808 4117 1209 4179 immobilibus
1242 4127 1522 4199 privilegii
1550 4110 1727 4199 nostri
1754 4135 1967 4205 pagina
1984 4153 2112 4191 con-

468 4199 775 4256 ﬁrmamus
808 4211 985 4276 atque
1016 4212 1483 4271 corroboramus.
1532 4219 1865 4277 Statuentes
1919 4224 2115 4295 itaque

469 4288 791 4357 apostolica
814 4308 1079 4366 censura,
1106 4303 1163 4353 et
1180 4302 1289 4355 sub
1312 4303 1705 4375 divinijudicii
1730 4288 2118 4367 obtestatione

472 4375 906 4450 interdicentes,
936 4385 1233 4443 sancimus
1256 4394 1318 4445 ut
1336 4392 1532 4449 nullus
1557 4414 1672 4465 rex,
1697 4398 1833 4463 dux,
1859 4401 2117 4456 marchio

473 4482 688 4536 comes,
721 4469 1063 4535 vicecomes.
1094 4478 1191 4531 sed
1245 4496 1431 4552 neque
1488 4485 1985 4560 archiepiscopus,
2018 4496 2121 4544 aut

2216 3329 2504 3384 cillimum
2531 3346 2542 3383 :
2574 3331 2786 3401 quaeris
2810 3330 3071 3401 igitur,in
3096 3330 3211 3385 Deo
3237 3330 3445 3385 dilecte
3464 3326 3790 3414 frater,quate:

2214 3438 2248 3472 n
2261 3437 2327 3473 us
2342 3419 2666 3473 coenobium
2690 3419 3108 3473 monachorum
3125 3420 3284 3489 quod
3302 3421 3358 3472 in
3374 3419 3634 3472 honorem
3655 3414 3789 3509 santll

2216 3508 2533 3575 Michaelis,
2564 3507 2894 3578 archangeli
2920 3508 2975 3561 in
3000 3508 3190 3562 Monte
3214 3507 3324 3578 piae
3349 3504 3648 3562 devotionis
3666 3500 3791 3553 :edili-

2220 3614 2349 3652 care
2392 3596 2623 3652 laboras
2670 3596 2884 3655 studio.
2921 3614 3027 3650 nos
3076 3596 3410 3651 munimine
3454 3594 3793 3649 confirmemus

2217 3684 2535 3756 apostolico
2564 3704 2575 3752 ;
2611 3686 2703 3739 cui
2727 3687 2887 3755 juste
2920 3684 3303 3757 postulationi
3338 3691 3451 3739 tuae
3483 3689 3591 3738 tam
3624 3677 3791 3734 facilem

2220 3792 2396 3845 quam
2441 3774 2703 3828 debitum
2763 3774 3088 3845 prabemus
3148 3790 3486 3829 assensum.
3545 3772 3711 3866 Itaque
3752 3779 3796 3859 ex

2222 3867 2383 3934 parte
2414 3862 2645 3917 Domini
2675 3862 2852 3916 nostri
2873 3866 3006 3918 Jesu
3032 3862 3247 3916 Christi
3273 3868 3330 3917 et
3351 3870 3559 3951 sanctae
3579 3858 3663 3951 Dei
3680 3858 3792 3951 geni:

2220 3952 2384 4007 tricis
2416 3951 2630 4016 Mariae,
2661 3956 3113 4022 sanctorumque
3165 3950 3563 4023 apostolorum
3613 3944 3731 4001 Petri
3761 3944 3796 3993 et

2228 4041 2814 4111 Pauli,omuiumque
2845 4044 3184 4094 sanctorum
3217 4040 3537 4095 electorum
3567 4033 3801 4127 conﬁtlua‘

2229 4146 2360 4184 mus
2394 4134 2449 4183 et
2508 4130 2954 4184 corroboramus
3006 4129 3369 4197 cmnobium,
3423 4145 3522 4184 seu
3576 4124 3799 4181 abbatiam

2228 4218 2627 4289 supradictam
2662 4219 2717 4272 in
2752 4224 3117 4290 perpetuum,
3145 4218 3372 4273 scilicet
3403 4236 3472 4273 ne
3492 4233 3601 4288 qua
3618 4222 3803 4284 persona

2229 4324 2442 4379 magna
2463 4308 2546 4362 vel
2571 4325 2765 4379 parva,
2792 4325 2901 4362 non
2933 4306 3145 4379 aliquis
3165 4322 3575 4363 successorum
3606 4309 3799 4359 tuorum,

2230 4414 2343 4451 non
2373 4414 2471 4451 rex
2503 4402 2600 4451 aut
2633 4413 2848 4460 comes,
2884 4395 3103 4465 nullus,
3138 4397 3411 4466 inquam,
3444 4394 3731 4450 hominum.
3759 4397 3805 4435 εἰ

2230 4502 2297 4540 ea
2328 4484 2647 4556 quidquam
2701 4484 2771 4539 ad
2823 4485 3283 4540 destructionem
3346 4484 3505 4539 illius
3534 4480 3633 4537 loci
3656 4479 3803 4533 demo-

473 4555 802 4627 episcopus.
824 4576 922 4615 seu
954 4562 1203 4636 alicujus
1226 4568 1528 4640 dignitatis
1551 4555 1795 4644 persona
1814 4555 1897 4632 vel
1922 4580 2117 4633 condi-
2154 4591 2199 4657 D
2230 4574 2321 4628 liri
2353 4575 2582 4639 audeat,
2616 4590 2814 4628 verum
2866 4574 3139 4628 omnibus
3188 4574 3339 4629 inibi
3389 4575 3597 4644 injuste
3639 4562 3806 4657 eo“atls

469 4643 668 4713 tionis,
706 4646 773 4701 de
824 4648 1421 4729 hismomuibusgquie
1475 4664 1713 4732 prwfato
1766 4668 2120 4723 monasterio

472 4736 741 4803 praesenti
764 4738 975 4809 pagina
998 4744 1439 4817 confirmamus,
1459 4752 1705 4821 auferre,
1722 4753 1993 4821 alienare,
2020 4773 2122 4811 seu

475 4822 803 4880 diminuere
827 4836 1160 4897 praesumat.
1177 4833 1336 4895 Quod
1353 4837 1398 4891 si
1421 4838 1953 4910 aliquistemerario
1974 4861 2120 4901 ausu

476 4910 655 4982 hujus
675 4919 885 4970 nostra:
911 4921 1231 4977 sanctionis
1249 4928 1985 5003 auctoritateminlringere
2003 4939 2123 4988 ten-

476 5002 703 5065 taverit,
737 5007 793 5058 et
824 5006 1157 5063 admonitus
1187 5015 1519 5083 supradicto
1541 5020 1851 5074 venerabili
1872 5002 1999 5076 loco
2034 5023 2119 5076 di-

474 5104 585 5158 gne
616 5107 729 5145 non
764 5095 1134 5163 satisfecerit,
1168 5101 1314 5155 sciat
1343 5119 1404 5157 se
1448 5122 1635 5176 usque
1667 5108 1737 5162 ad
1770 5110 2119 5180 condignam

476 5180 943 5236 emendationem
963 5187 1304 5244 auctoritate
1319 5192 1619 5249 beatorum
1644 5196 1973 5269 principum
1988 5198 2139 5270 apo?

471 5265 940 5342 stolorumlPetri
974 5279 1031 5328 et
1064 5276 1223 5331 Pauli
1254 5278 1481 5336 vinculo
1504 5286 2120 5343 excommunicationis

469 5350 837 5413 innodatum.
873 5367 945 5414 At
974 5380 1100 5417 vero
1125 5368 1223 5436 qui
1255 5375 1452 5425 custos
1482 5377 1536 5425 ct
1562 5374 1897 5431 observator
1927 5376 2117 5442 fuerit,

475 5444 532 5492 et
563 5442 749 5499 eidem
784 5451 1255 5521 venerabili‘loco
1286 5458 1355 5513 de
1379 5462 1830 5531 propriiszrebus
1861 5464 2118 5536 aliquam

476 5527 825 5587 oblationem
845 5537 979 5593 dare
994 5544 1734 5614 studuerit,absolutionem
1750 5558 2117 5623 peccatorum

475 5636 719 5677 suorum
751 5640 783 5679 a
815 5637 1245 5689 remuneratore
1294 5638 1557 5695 omnium
1611 5640 1919 5711 bonorum,
1972 5649 2027 5699 et
2058 5644 2121 5701 iu

2233 4668 2408 4734 atque
2441 4662 2810 4717 conferendis
2868 4679 2977 4733 pax
3029 4665 3107 4717 sit
3164 4678 3519 4733 permanens
3571 4664 3621 4714 et
3662 4655 3807 4708 incon.

2232 4752 2418 4807 vulsa.
2457 4752 2603 4807 Illud
2637 4767 2869 4821 quoque
2900 4751 3242 4806 auctoritate
3292 4752 3603 4807 statuimus
3640 4746 3810 4840 aposio'

2232 4841 2343 4897 lica
2373 4846 2663 4912 quatenus
2717 4841 2908 4911 prima
2956 4840 3087 4910 ista,
3132 4858 3261 4911 quae
3307 4841 3481 4896 modo
3532 4836 3807 4893 instituitur.

2233 4932 2385 5001 apud
2422 4930 2739 4985 monachos
2772 4928 2958 5000 ipsius
2989 4929 3099 4984 loci
3130 4935 3474 5000 permaneat
3503 4917 3809 4983 consueludo.

2233 5022 2425 5090 sitque
2476 5018 2591 5073 illis
2622 5018 2806 5074 libera
2835 5019 2905 5073 de
2935 5019 3142 5073 abbate
3164 5018 3341 5073 elatio
3367 5038 3379 5086 ;
3420 5018 3535 5074 sive
3563 5016 3627 5069 de
3652 5010 3808 5097 semel:

2234 5109 2379 5179 ipsis
2411 5107 2466 5161 in
2502 5108 2629 5179 ipso
2662 5106 2944 5174 cmnobio,
2978 5124 3077 5161 seu
3113 5106 3325 5164 utilius
3358 5108 3443 5163 eis
3474 5094 3809 5198 visumnfl‘lff1t

2235 5198 2625 5267 undecunque
2648 5197 2839 5267 magis
2862 5194 3200 5267 religiosum
3218 5196 3333 5250 sibi
3359 5188 3693 5267 proponendi
3710 5183 3808 5239 libe-

2230 5303 2359 5341 rum
2391 5286 2646 5340 habeant
2676 5284 3002 5349 arbitrium,
3036 5285 3367 5341 secundum
3397 5283 3645 5356 regulam
3670 5272 3789 5332 $.38
3814 5286 3830 5307 ⁵

2232 5375 2465 5429 nedicti.
2493 5374 2548 5429 Si
2576 5372 2707 5445 quis
2728 5372 2907 5444 igitur
2928 5373 3106 5445 hujus
3136 5375 3325 5429 nostri
3358 5370 3627 5446 privilegii
3655 5371 3810 5419 temere

2230 5465 2475 5520 violator
2506 5462 2795 5517 exstiterit
2832 5468 2888 5517 et
2937 5463 3194 5519 monitus
3240 5462 3521 5519 canonice
3565 5450 3810 5551 θιξιθιξάειτθ

2234 5552 2671 5623 contempserit,
2707 5551 2969 5622 perpetui
3005 5552 3398 5607 anathematis
3453 5545 3663 5604 vinculo
3690 5545 3808 5635 inuo-

2231 5644 2491 5701 dandum
2526 5641 2772 5711 noverit,
2806 5639 2916 5696 nisi
2950 5640 3094 5697 forte
3126 5640 3478 5713 resipiscens
3506 5638 3662 5710 digne
3683 5630 3811 5686 satis'
