3996 6158
212 301 352 360 1313

1364 304 1766 367 EPISTOL/E
1811 306 1909 368 ΕΤ
1953 308 2428 372 DIPLOMATA.

3443 332 3598 392 1314

208 431 414 486 fecerit.
439 430 545 494 Qui
567 447 699 486 vero
730 432 827 503 pia
856 432 1158 490 devotione
1189 435 1526 490 observator
1553 453 1680 492 esse
1712 441 1842 492 stu-
1869 442 1922 506 Α
1958 456 2059 510 per
2089 457 2300 495 manus
2332 441 2606 507 Rainerii,
2639 446 2926 502 scriniarii
2957 454 3012 504 et
3039 455 3250 509 notarii
3281 458 3504 528 palatii,
3535 462 3595 517 in

209 520 410 587 duerit,
443 519 713 591 precibus
767 521 1161 592 apostolorum
1212 523 1542 596 principum
1595 526 1747 580 Petri
1788 531 1844 580 et

211 609 359 664 Pauli
394 613 765 681 peccatorum
799 628 1038 666 suorum
1066 613 1331 668 omnium
1363 614 1435 668 ab
1457 613 1843 685 omnipotenti

211 703 312 752 Deo
357 703 751 769 consequatur
799 699 1047 767 veniam,
1079 705 1135 755 et
1182 708 1408 756 aeternae
1457 702 1844 758 beatitudinis

211 792 494 841 mereatur
521 786 788 856 gloriam.

276 875 484 930 Datum
521 875 803 942 Laterani,
837 876 920 931 Id.
954 877 1110 943 Maii,
1142 894 1243 948 per
1281 895 1490 933 manus
1524 879 1672 934 Petri
1705 897 1843 934 san-

208 970 304 1019 etas
326 969 596 1019 Romanae
624 964 886 1019 Ecclesiae
915 965 1256 1021 subdiaconi
1288 972 1465 1038 atque
1495 967 1844 1033 cancellarii,

207 1055 323 1108 vice
369 1054 570 1108 domni
615 1054 879 1110 Annonis
917 1055 1273 1111 Coloniensis
1321 1057 1740 1129 archiepiscOpi
1791 1061 1849 1112 et

209 1147 413 1198 sanctae
432 1142 588 1197 sedis
607 1142 935 1214 apostolicae
953 1143 1470 1210 archicancellarii,
1487 1162 1638 1200 anno
1655 1163 1688 1199 v
1709 1163 1848 1217 pon-

212 1232 461 1286 tiﬁcatus
491 1232 688 1286 domui
721 1231 1027 1287 Alexandri
1063 1235 1109 1286 ll
1137 1249 1321 1305 papa,
1355 1233 1668 1290 indictione
1697 1252 1774 1288 ιν.

911 1339 1142 1394 XXXIII.

211 1429 418 1486 Sancta?
466 1431 676 1484 Priscae
720 1429 1053 1570 monast.«;rz‘z't
1091 1427 1314 1485 donatio
1371 1431 1848 1487 Vindocz‘nensz‘bus

969 1517 1033 1554 ac
1056 1518 1109 1554 α.

969 1517 1109 1554 acra.

823 1591 1010 1656 (Anno
1045 1590 1227 1658 1066.)

212 1681 467 1748 [ΜΑΒῐιι.
502 1678 689 1734 Annal
727 1678 953 1747 Benerl.,
999 1677 1092 1743 IV,
1124 1680 1250 1747 755,
1284 1695 1352 1734 ex
1383 1679 1598 1734 archiv.
1630 1679 1847 1735 Vindo-

891 1749 1162 1818 innensL]

283 1863 628 1911 ALEXANDER
687 1855 1027 1927 episcopus,
1086 1871 1288 1911 servus
1359 1873 1661 1912 servorum
1717 1858 1849 1924 Dei,

212 1946 424 2001 Oonxco
472 1945 856 2000 dilectissimo
904 1943 1023 1998 ﬁlio
1071 1944 1483 2000 Vindocinensi
1535 1947 1751 2011 abbati,
1797 1951 1853 2001 et

212 2039 342 2106 post
362 2051 495 2089 eum
520 2034 746 2088 cunctis
768 2033 1209 2089 successoribus
1229 2034 1357 2104 ejus
1390 2035 1446 2088 in
1481 2038 1848 2107 perpetuum.

282 2123 556 2180 Convenit
594 2122 911 2194 apostolico
964 2122 1345 2177 moderamini
1391 2124 1578 2194 justis
1624 2123 1853 2196 petitio-

211 2213 383 2267 nibus
401 2229 710 2267 assensum
736 2212 988 2283 praabere
1005 2215 1061 2266 et
1083 2212 1195 2282 piis
1215 2213 1713 2267 admonitionibus
1736 2229 1854 2267 ma-

212 2318 353 2356 num
386 2301 584 2354 auxilii
619 2300 932 2372 porrigere.
958 2300 1142 2361 Unde,
1166 2299 1511 2356 charissime
1543 2301 1623 2354 {ili
1649 2300 1854 2356 Odrice

213 2391 392 2445 abbas
417 2387 866 2443 Vindocinensis
899 2387 1259 2455 monasterii,
1283 2390 1561 2460 quoniam
1595 2389 1765 2459 petis,
1789 2394 1856 2445 ut

211 2476 696 2546 convenientiam,
731 2493 909 2548 quam
959 2493 1094 2532 cum
1126 2477 1473 2533 charissimo
1508 2477 1626 2534 filio
1657 2483 1854 2534 nostro

213 2567 606 2638 Heldiprando
667 2566 1075 2621 archidiacono
1133 2571 1307 2637 atque
1363 2568 1607 2623 ccenobii
1659 2568 1856 2622 Sancti

213 2655 379 2711 Pauli
408 2672 709 2711 ceconomo
735 2657 806 2710 de
837 2654 1082 2710 ecclesia
1107 2655 1327 2711 Sancta:
1361 2656 1564 2711 Priscae
1588 2673 1714 2727 quae
1747 2657 1860 2712 sita

213 2751 303 2800 est
323 2746 381 2800 in
404 2750 601 2800 monte
620 2745 925 2811 Aventino,
953 2745 1157 2810 fecisti,
1180 2745 1497 2816 apostolica
1519 2747 1860 2802 auctoritate

213 2835 650 2890 conﬁrmemus.
675 2834 953 2888 Convenit
981 2834 1136 2888 enim
1170 2834 1445 2905 praefatus
1477 2834 1633 2890 filius
1664 2840 1861 2890 noster

212 2922 664 2994 Heldiprandus,
696 2922 1010 2993 Sanctique
1050 2922 1213 2976 Pauli
1263 2924 1599 2978 monasterii
1650 2929 1858 2990 rector,

213 3012 317 3067 tibi
342 3012 581 3082 tuisque
600 3010 1497 3067 successoribusVindocinensis
1521 3013 1859 3070 monasterii

212 3101 551 3165 abbatibus,
571 3100 902 3171 praedictam
928 3100 1147 3154 Sanctae
1170 3101 1376 3155 Priscae
1399 3102 1703 3156 ecclesiam
1726 3119 1859 3157 cum

1881 1819 1930 1884 B

1952 545 2153 584 mense
2182 529 2352 596 Julio,
2387 531 2702 589 indictione
2727 543 2953 605 quarta.

2027 622 2231 672 Datum
2258 621 2543 687 Laterani,
2569 622 2685 676 Kal.
2707 623 2871 692 Julii,
2899 644 3000 698 per
3024 647 3233 688 manus
3259 638 3434 702 Petri,
3459 656 3592 694 san-

1953 710 2056 760 ctae
2081 707 2354 762 Romanae
2376 708 2641 764 Ecclesiae
2664 713 3005 771 subdiaconi
3035 724 3208 790 atque
3239 727 3590 797 concellarii,

1951 794 2074 849 vice
2095 795 2314 850 domini
2331 798 2412 850 An
2424 799 2590 853 nonis
2607 799 2966 859 Coloniensis
2989 808 3426 886 archiepiscopi,
3442 794 3594 874 anno

1956 883 2159 975 quinto
2187 884 2560 955 pontificatus
2587 888 2785 943 domui
2807 891 3115 949 Alexandri
3149 915 3308 971 papae
3333 883 3597 975 secundi,

1955 971 2276 1028 indictione
2309 978 2536 1044 quarta.

2655 1067 2893 1122 XXXIV.

1957 1149 2268 1204 Alexander
2314 1151 2370 1205 Il
2417 1153 2676 1235 Ecclesixe
2725 1156 3098 1235 Cremonensis
3145 1168 3509 1234 possessiones
3552 1177 3602 1226 el

2531 1231 2677 1294 jura
2706 1243 2801 1282 con
2807 1231 3011 1298 ﬁrmat.

2576 1314 2764 1384 (Anno
2799 1318 2980 1387 1066.)

2276 1400 2569 1470 [UousLL.,
2600 1405 2763 1460 Italia
2792 1423 2966 1476 sacra,
3007 1411 3095 1475 IV,
3127 1414 3278 1482 597.]

2028 1508 2373 1562 ALEXANDER
2403 1508 2731 1580 episcopus,
2755 1529 2954 1570 servus
2984 1532 3282 1575 servorum
3314 1523 3431 1594 Dei,
3456 1524 3603 1582 Cha-

1959 1593 2194 1649 rissimo
2228 1596 2390 1650 fratri
2423 1600 2692 1652 HUBALDO
2723 1600 3098 1661 Cremonensi
3130 1609 3423 1682 episcopo,
3452 1615 3605 1670 suis-

1961 1698 2075 1753 que
2109 1685 2564 1740 successoribus.

2032 1771 2310 1826 Pastorali
2332 1772 2722 1831 sollicitudine
2744 1793 2879 1849 erga
2897 1780 3148 1839 salutem
3165 1786 3602 1848 Dominicarum

1961 1858 2154 1913 ovium
2187 1875 2289 1914 seu
2337 1862 2763 1931 reparationem
2795 1867 3077 1924 bonorum
3111 1875 3487 1935 ecclesiarum
3521 1881 3606 1936 vi-

1960 1947 2277 2018 gilantibus
2309 1953 2472 2004 tanto
2520 1954 2848 2022 promptius
2879 1959 3206 2028 apostolica:
3237 1968 3600 2025 auctoritatis

1962 2036 2318 2106 protectione
2349 2037 2630 2094 debemus
2675 2043 2973 2112 providere
3004 2056 3222 2118 quanto
3255 2070 3353 2108 eos
3382 2060 3501 2110 tam
3536 2073 3604 2112 ea

1962 2140 2089 2194 quae
2111 2125 2248 2215 Jesu
2273 2125 2488 2181 Christi
2511 2136 2757 2196 constat,
2784 2150 2957 2204 quam
2982 2153 3108 2207 quae
3131 2157 3238 2194 sua
3267 2148 3426 2210 sunt,
3451 2162 3606 2215 quae-

1963 2229 2104 2267 rere.
2135 2213 2312 2278 Unde,
2339 2215 2682 2272 charissime
2708 2220 2901 2289 frater,
2920 2225 3055 2294 quia
3077 2227 3414 2298 religionem
3442 2213 3604 2290 tuam

1964 2318 2164 2355 eorum
2196 2303 2386 2372 magis
2420 2307 2762 2374 pontiﬁcum
2797 2311 3043 2367 formam
3092 2316 3192 2385 qui
3244 2318 3460 2376 laboris
3513 2324 3606 2378 sui

1963 2389 2265 2461 diligentia
2287 2408 2570 2463 pauperes
2587 2395 2858 2453 ecclesias
2882 2399 2993 2456 sibi
3017 2405 3363 2462 commissas
3377 2410 3608 2482 ditaret,

1965 2479 2164 2533 studes
2197 2495 2298 2549 per
2327 2481 2522 2536 omnia
2552 2482 2764 2539 imitari
2800 2504 2976 2557 quam
3009 2507 3106 2547 eos
3135 2495 3234 2564 qui
3281 2496 3506 2554 deliciis
3553 2479 3612 2555 et

1965 2566 2346 2624 saecularibus
2377 2572 2606 2642 pompis
2628 2573 3048 2635 ecclesiasticas
3075 2581 3304 2639 divitias
3335 2586 3394 2640 in
3428 2592 3607 2644 mise-

1967 2656 2210 2710 rabilem
2243 2658 2516 2730 redigunt
2546 2669 2970 2737 paupertatem,
2992 2669 3166 2738 justas
3200 2675 3464 2743 petitioni
3499 2683 3608 2733 tum

1965 2762 2272 2800 assensum
2299 2749 2646 2819 praebemus,
2663 2755 2718 2806 et
2740 2769 3025 2812 memores
3049 2759 3407 2818 inconcussas
3431 2765 3615 2821 ﬁdeli-

1966 2834 2106 2888 tatis
2135 2839 2246 2888 tuae
2278 2852 2410 2907 erga
2442 2839 2820 2908 apostolicam
2854 2845 3073 2913 sedem,
3108 2865 3176 2902 ea
3213 2866 3340 2920 quae
3374 2859 3485 2908 tuae
3519 2871 3616 2910 ec-

1968 2922 2154 2977 clesim
2178 2925 2488 2994 suntjuste
2507 2926 2736 2994 collata,
2754 2947 2855 2985 seu
2878 2932 2936 2987 in
2959 2933 3224 2993 futurum
3245 2943 3613 3015 conferenda,

1969 3026 2214 3101 quaeque
2239 3012 2297 3101 in
2320 3020 2600 3084 przecepto
2618 3015 2948 3075 charissimi
2973 3021 3072 3076 filii
3098 3027 3281 3081 nostri
3306 3031 3456 3101 regis
3471 3012 3620 3086 Hen-

1969 3098 2072 3152 rici
2097 3099 2467 3154 continentur
2489 3105 2596 3158 sub
2620 3107 2802 3161 tutela
2823 3116 3033 3164 sanctae
3059 3113 3330 3171 Romanae
3349 3098 3614 3175 Ecclesiae

212 3189 492 3245 omnibus
522 3189 648 3243 suis
679 3188 1044 3259 pertinentiis
1076 3188 1134 3242 in
1181 3194 1523 3260 perpetuum
1555 3189 1752 3261 largiri
1786 3192 1855 3246 ad

1974 3187 2350 3278 suscipimus,
2382 3195 2437 3244 et
2467 3208 2568 3260 per
2595 3191 2774 3262 hujus
2807 3199 2987 3251 nostri
3021 3202 3305 3274 privilegii
3340 3209 3616 3278 paginam

214 3279 524 3345 utendum,
541 3278 874 3341 fruendum,
891 3277 1430 3349 possidendumque
1448 3279 1731 3349 dignitate
1749 3296 1867 3334 car-

214 3365 422 3434 dinali,
455 3383 521 3421 eo
553 3365 818 3420 videlicet
849 3370 1046 3420 tenore
1077 3370 1141 3419 ut
1188 3365 1267 3420 ita
1307 3367 1610 3436 praefatum
1643 3371 1864 3422 Sancta:

216 3457 430 3510 Priscae
453 3454 875 3509 monasterium
898 3454 1166 3509 ordinare
1187 3471 1251 3509 ac
1273 3455 1580 3526 disponere
1602 3457 1862 3524 studeas,

220 3550 286 3599 ut
318 3561 552 3616 semper
582 3543 662 3598 ibi
699 3543 771 3597 ad
804 3543 1172 3597 serviendum
1207 3543 1320 3598 Deo
1352 3545 1682 3610 duodecim,
1719 3563 1864 3600 nun-

219 3650 402 3705 quam
437 3637 629 3687 autem
673 3631 869 3686 nimus
917 3637 1064 3697 octo,
1099 3632 1366 3686 monachi
1400 3633 1743 3705 regulariter
1769 3653 1864 3690 va-

215 3721 381 3777 leant
403 3719 750 3775 conversari.
776 3721 984 3775 Pensio
1005 3737 1137 3775 vero
1161 3727 1216 3775 et
1238 3727 1441 3776 caetera
1467 3724 1684 3787 omnia,
1714 3725 1868 3779 sicut

212 3810 276 3864 in
311 3810 536 3875 charta,
570 3827 746 3880 quam
775 3810 940 3863 vobis
975 3810 1286 3880 praedictus
1320 3810 1744 3882 Heldiprandus
1775 3830 1866 3868 ar-

215 3899 604 3954 chidiaconus
621 3916 685 3953 ac
698 3899 887 3953 Sancti
907 3898 1066 3953 Pauli
1086 3904 1272 3954 rector
1290 3917 1421 3954 cum
1444 3902 1865 3957 monachorum

215 3988 417 4044 Sancti
453 3987 614 4042 Pauli
647 3986 901 4059 generali
934 3987 1186 4058 capitulo
1221 4005 1507 4044 consensu
1541 3990 1783 4046 tradidit
1812 3995 1868 4046 et

217 4075 865 4145 firmavit,continetur,
882 4078 1298 4147 persolventur.
1315 4079 1462 4149 Ergo
1486 4085 1868 4151 utrarumque

212 4165 598 4221 ecclesiarum
625 4165 934 4220 utilitatem
957 4165 1015 4220 in
1045 4167 1149 4220 hoc
1171 4167 1397 4237 negotio
1422 4170 1866 4240 perpendentes,

212 4254 526 4309 beatorum
547 4255 699 4308 Petri
723 4258 778 4308 et
807 4253 965 4308 Pauli
989 4253 1320 4325 principum
1345 4255 1738 4325 apostolorum
1766 4274 1867 4312 au-

211 4341 490 4397 ctoritate
512 4342 813 4413 praefatum
835 4345 1057 4396 Sanctae
1080 4340 1285 4394 Priscae
1309 4342 1751 4408 monasterium,
1777 4359 1867 4398 se-

213 4432 486 4486 cundum
532 4431 873 4502 praedictum
923 4434 1204 4497 tenorem,
1239 4447 1369 4485 cum
1421 4430 1696 4486 omnibus
1744 4431 1869 4486 suis

213 4520 446 4590 ubique
497 4518 866 4590 pertinentiis
914 4519 1354 4586 confirmamus,
1390 4519 1575 4573 sancti
1618 4519 1870 4589 Spiritus
1900 4542 1945 4604 Β

200 4608 446 4680 judicio
468 4609 843 4662 decernentes
875 4611 939 4660 ut
969 4607 1168 4661 nullus
1198 4624 1454 4678 unquam
1481 4607 1678 4662 Sancti
1705 4608 1868 4662 Pauli

213 4697 433 4762 abbas,
460 4696 615 4767 prior
644 4696 729 4751 vel
753 4695 1096 4760 monachus,
1122 4695 1397 4766 nullaque
1429 4713 1667 4766 prorsus
1688 4695 1868 4752 eccle-

205 4785 463 4842 siastica
494 4784 858 4840 saecularisve
889 4801 1138 4855 persona
1179 4784 1490 4855 infringere
1518 4784 1606 4838 vel
1643 4786 1869 4840 auferre

203 4874 329 4928 tibi
361 4873 447 4928 vel
481 4873 598 4928 tuis
629 4873 1068 4928 successoribus
1096 4873 1406 4928 abbatibus
1424 4873 1868 4928 Vindocinensis

203 4963 560 5018 monasterii
599 4969 928 5033 praesumat.
957 4962 1117 5025 Quod
1153 4963 1248 5031 qui
1284 4962 1500 5025 fecerit,
1527 4962 1636 5017 nisi
1660 4963 1868 5034 dignos

197 5052 578 5126 paenitentiae
603 5054 824 5106 fructus
847 5051 1135 5116 exhibeat,
1155 5051 1231 5105 sit
1252 5051 1584 5118 anathema,
1606 5069 1872 5107 marana-

197 5143 344 5197 tha.
363 5142 470 5207 Qui
491 5158 623 5196 vero
645 5145 1016 5197 conservator
1037 5144 1092 5195 et
1114 5139 1390 5194 obediens
1412 5141 1742 5213 apostolicze
1766 5159 1867 5196 au-

206 5231 484 5286 ctoritati
508 5230 702 5296 fuerit,
731 5228 1132 5284 benedictione
1163 5233 1218 5284 et
1249 5230 1434 5301 gratia
1457 5229 1869 5299 omnipotentis

205 5318 322 5374 Dei
361 5319 712 5390 perfruatur,
745 5323 800 5372 et
848 5317 997 5373 inter
1051 5335 1326 5389 prospera
1365 5317 1604 5372 humilis
1637 5322 1690 5371 et
1719 5316 1871 5372 inter

200 5409 470 5465 adversa
492 5412 725 5462 maneat
744 5424 1008 5472 securus,
1025 5413 1087 5462 ut
1111 5407 1305 5461 divina
1326 5405 1724 5460 misericordia
1746 5423 1870 5460 mu-

196 5497 386 5553 nitus
416 5496 606 5552 valeat
633 5513 734 5568 per
767 5497 1002 5552 beatum
1028 5500 1261 5550 Petrum
1283 5495 1542 5549 coelestia
1571 5510 1751 5564 regna
1780 5495 1867 5549 in-

191 5592 380 5648 trare
399 5588 610 5643 etcum
634 5585 862 5643 Christo
887 5585 946 5641 in
969 5589 1250 5644 aeternum
1277 5583 1548 5658 gaudere.
1573 5583 1868 5659 Scriptum

1975 3276 2393 3332 confirmamus
2413 3279 2514 3332 tibi
2538 3280 2772 3350 tuisque
2795 3289 3233 3346 successoribus
3256 3276 3617 3365 quidquid...

1974 3363 2204 3427 telonei,
2239 3370 2410 3436 atque
2443 3369 2840 3437 portatici,seu
2875 3373 3209 3443 ripatici,de
3241 3363 3618 3440 Cremonensi

1975 3454 2203 3508 civitate
2228 3456 2295 3508 ad
2322 3456 2613 3525 publicam
2642 3459 2999 3517 functionem
3025 3467 3520 3540 pertinuit,quam
3549 3474 3618 3528 de

1973 3543 2118 3614 ipsis
2149 3543 2482 3599 civitatibus
2513 3546 2843 3619 comitatus,
2879 3568 3054 3622 quam
3105 3555 3176 3610 de
3223 3563 3386 3627 parte
3435 3560 3616 3618 curtis

1975 3631 2236 3700 Sexpilae,
2269 3648 2371 3686 nec
2404 3650 2517 3688 non
2552 3633 2728 3705 ripas,
2761 3642 2817 3691 et
2866 3639 3165 3709 piscarias,
3200 3661 3234 3698 a
3279 3645 3614 3719 Vulpariolo

1976 3737 2164 3790 usque
2212 3721 2268 3774 in
2324 3727 2498 3792 caput
2527 3724 2763 3791 Addam,
2797 3743 2930 3782 cum
2983 3731 3332 3789 molendinis
3381 3741 3437 3791 et
3483 3753 3618 3794 cum

1976 3809 2439 3879 uniuscujusque
2470 3811 2632 3866 navis
2661 3813 2830 3869 solito
2869 3832 3066 3886 censu,
3103 3819 3256 3875 sicut
3285 3825 3624 3881 continetur

1978 3899 2033 3952 in
2061 3903 2342 3969 praecepto
2369 3903 2423 3952 et
2450 3899 2682 3955 novitiis
2710 3903 2846 3968 tuis,
2866 3921 2965 3958 seu
2991 3923 3122 3960 cum
3147 3925 3248 3980 per
3267 3911 3620 3970 solutionem

1977 3988 2238 4043 omnium
2264 3987 2497 4042 navium
2522 4005 2697 4044 causa
2720 3992 3026 4064 navigandi
3045 3996 3388 4055 Cremonam
3409 4003 3624 4064 adeun-

1977 4077 2147 4142 tium,
2180 4080 2298 4130 tam
2331 4076 2738 4132 Veneticorum
2771 4097 2947 4151 quam
2991 4090 3326 4144 caaterorum
3360 4092 3619 4160 navium,

1978 4169 2035 4219 et
2074 4181 2205 4218 cum
2239 4171 2440 4220 curata
2471 4167 2733 4222 omnium
2769 4172 3132 4242 negotiorum
3190 4193 3317 4248 qua:
3368 4182 3516 4236 liunt
3560 4180 3620 4237 in

1977 4252 2251 4323 praedicta
2280 4253 2405 4324 ripa
2433 4272 2445 4318 ;
2478 4255 2900 4314 districtionem
2931 4277 3062 4316 vero
3095 4264 3364 4334 civitatis,
3389 4248 3624 4325 infra'et

1977 4346 2156 4404 extra,
2184 4358 2284 4412 per
2304 4343 2562 4415 quinque
2587 4346 2992 4404 milliariorum
3017 4353 3242 4422 spatia;
3276 4355 3456 4412 altare
3478 4375 3621 4429 quo-

1979 4446 2090 4500 que
2119 4430 2310 4484 Sancti
2342 4433 2618 4502 Hymerii,
2655 4438 3018 4502 canonicam,
3055 4446 3273 4512 portas,
3309 4445 3620 4516 multones,

1978 4534 2178 4588 equos,
2203 4523 2445 4583 tractus,
2471 4537 2664 4590 opera,
2685 4524 3008 4594 districtus,
3039 4526 3376 4598 legationes,
3402 4533 3622 4602 hostes,

1982 4622 2244 4676 munera,
2270 4613 2516 4672 sotrum,
2541 4613 2596 4662 et
2623 4616 2829 4666 caetera
2851 4630 2977 4683 quae
3002 4615 3057 4668 in
3083 4618 3318 4686 praefato
3342 4625 3624 4691 praecepto

1980 4695 2390 4761 continentur;
2438 4701 2656 4752 curtem
2692 4716 2941 4770 quoque,
2976 4720 3102 4772 quze
3136 4705 3446 4762 Barianum
3479 4709 3623 4764 dici-

1977 4789 2091 4847 tur,
2127 4783 2398 4844 Maleum.
2434 4789 2708 4853 Crottam,
2749 4792 3195 4858 Maneodanum,
3247 4795 3624 4864 Nualtellam,

1979 4873 2395 4927 Monterionem
2422 4891 2552 4928 cum
2583 4878 2808 4945 castris,
2834 4884 2890 4932 et
2920 4880 3072 4935 villis
3095 4899 3413 4956 eorumque
3445 4889 3621 4958 perti-

1979 4962 2224 5027 nentiis;
2250 4969 2505 5016 castrum
2531 4964 2599 5017 de
2617 4969 2988 5039 Romencngo
3008 4986 3138 5025 cum
3166 4974 3324 5027 omni
3351 4991 3456 5029 sua
3483 4977 3626 5031 inte-

1978 5049 2206 5120 gritate,
2227 5049 2595 5106 medietatem
2621 5056 2800 5108 curtis
2822 5057 3128 5115 Botariano
3152 5061 3304 5117 infra
3324 5063 3620 5133 Castrum,

1978 5142 2034 5192 et
2059 5143 2279 5204 caetera,
2305 5143 2360 5194 et
2391 5145 2584 5211 partes
2615 5142 2672 5196 in
2704 5146 2964 5201 curtibus
2988 5149 3268 5217 Gabiano,
3293 5151 3620 5224 Vidalasco,

1978 5226 2358 5296 Terciolasco,
2385 5229 2618 5300 publica
2647 5231 2800 5288 infra
2828 5239 2883 5289 ct
2913 5241 3091 5303 extra,
3116 5255 3218 5294 seu
3243 5240 3618 5314 Menzanello,

1981 5316 2320 5372 Fontanella
2335 5323 2390 5372 et
2411 5336 2771 5392 quaecunque
2795 5325 3112 5394 prudentiae
3133 5332 3243 5382 tuae
3267 5330 3459 5384 studio
3482 5348 3624 5403 prea-

1980 5404 2290 5459 nominatae
2320 5407 2573 5462 ecclesia:
2611 5411 2774 5480 juste
2804 5414 3111 5483 acquisita,
3140 5417 3227 5471 vel
3263 5419 3618 5489 acquirenda

1978 5500 2136 5563 sunt,
2161 5497 2430 5564 przesenti
2462 5499 2787 5568 apostolicae
2814 5504 3134 5560 sanationis
3166 5512 3375 5564 nostrae
3407 5509 3620 5581 pagina

1975 5584 2444 5660 corroboramus,
2478 5591 2804 5648 statuentes
2837 5593 2946 5648 sub
2990 5593 3171 5654 divini
3211 5597 3423 5674 judicii
3453 5600 3618 5679 abte},
