3962 6158
492 316 642 373 1315

1783 306 2232 366 ALEXANDRI
2280 305 2329 365 ll
2376 305 2599 365 PAPJE
3542 386 3547 397 ‘
3665 314 3762 374 l3l6

490 447 739 503 statione
789 448 852 499 ut
900 442 1098 497 nullus
1146 441 1482 511 imperator,
1532 456 1648 508 rex,
1681 440 1818 509 dux,
1851 438 2131 505 marchio,
2162 440 2212 497 A
2243 439 2564 509 evomebat,
2597 440 2778 495 sancti
2828 436 2934 492 zeli
2985 436 3159 493 vestri
3201 438 3315 493 zelo
3345 439 3625 509 perfossum
3649 450 3764 517 atque

489 552 704 596 comes,
730 535 1067 593 vicecomes,
1094 546 1283 600 neque
1305 529 1423 584 ulla
1447 546 1658 601 magna
1684 544 1973 601 parvaque
2003 544 2128 599 per-

488 641 652 687 sona,
681 624 751 677 de
782 620 872 675 his
894 619 1191 685 omnibus,
1215 635 1342 689 quas
1366 635 1544 689 supra
1573 617 1885 688 leguntur;
1916 632 2130 687 prmsu-

488 716 608 765 mat
631 708 827 780 aliquo
860 708 1013 763 malo
1035 708 1231 762 studio
1254 708 1498 767 auferre.
1517 723 1617 760 seu
1641 711 1695 761 te
1721 711 1971 775 tuosque
1997 720 2128 758 suc-

485 814 745 853 cessores
773 797 1119 868 inquietare.
1145 797 1304 861 Quod
1338 796 1385 850 si
1410 795 1619 866 aliquis
1643 794 1948 849 temerario
1979 810 2125 848 ausu

484 893 685 942 contra
737 887 918 956 hujus
968 886 1151 940 nostri
1199 884 1481 955 privilegii
1524 884 1926 938 auctoritatem
1960 899 2128 953 agere

483 976 938 1048 praesumpserit,
972 980 1027 1028 et
1077 979 1209 1044 post
1254 973 1520 1027 notitiam
1555 972 1732 1041 hujus
1763 971 2126 1026 auctoritatis

481 1066 792 1119 emendare
824 1063 1257 1133 contempserit,
1282 1062 1624 1117 auctoritate
1655 1062 1952 1115 beatorum
1989 1077 2123 1131 apo-

478 1153 762 1209 stolorum
781 1152 931 1205 Petri
958 1155 1012 1205 et
1030 1149 1188 1204 Pauli
1213 1149 1595 1219 omniumque
1618 1153 1954 1203 sanctorum
1980 1148 2127 1203 sciat

481 1258 543 1296 se
592 1256 778 1311 usque
828 1240 898 1295 ad
952 1239 1189 1309 dignam
1234 1238 1695 1293 satisfactionem
1728 1236 2123 1292 excommuni-

483 1333 675 1384 catum
710 1332 765 1382 et
810 1345 842 1381 a
883 1343 1058 1398 regno
1090 1326 1188 1381 Dei
1222 1326 1499 1382 alienum.
1534 1331 1608 1380 At
1634 1342 1766 1381 vero
1797 1326 1895 1397 qui
1929 1331 2126 1381 custos

481 1422 537 1473 et
566 1418 901 1471 observator
925 1415 1231 1479 exstiterit,
1256 1432 1289 1470 a
1311 1414 1859 1469 misericordissimo
1882 1414 2126 1468 Domino

482 1506 899 1577 omnipotente,
956 1504 1202 1559 Domino
1248 1508 1443 1559 nestro
1473 1504 1610 1559 Jesu
1643 1502 1888 1573 Christo,
1923 1518 2124 1557 conse-

483 1599 697 1666 quatur
726 1598 1002 1647 aeternam
1039 1592 1235 1647 vitam.

552 1683 761 1736 Datum
787 1680 1074 1749 Laterani,
1099 1697 1161 1733 In
1190 1680 1430 1734 Kalend.
1455 1680 1757 1745 Novemb.,
1784 1697 1884 1749 per
1916 1696 2127 1736 manus

479 1776 692 1826 sanctae
727 1770 999 1823 Romanis
1030 1766 1298 1822 Ecclesiae
1332 1768 1693 1834 subdiaconi,
1719 1784 1783 1823 ac
1816 1767 2123 1821 bibliothe-

476 1859 637 1922 carii,
661 1874 813 1912 anno
844 1874 924 1911 v11
957 1856 1163 1927 pontif.
1200 1856 1264 1909 D.
1293 1854 1602 1909 Alexandri
1639 1873 1798 1927 papa!
1831 1857 1901 1925 II,
1931 1856 2000 1910 ab
2037 1858 2123 1910 In-

477 1946 809 2001 carnatione
841 1961 973 1999 vero
1004 1943 1235 1998 Domini
1269 1944 1426 2007 1066,
1461 1943 1662 1997 indict.
1696 1961 1747 1997 v.

1200 2031 1410 2085 XXXV.

480 2121 787 2205 Aleaawer
839 2122 897 2175 ΙΙ
938 2121 1263 2205 monasterii
1314 2119 1638 2205 Gellencnsis
1684 2124 1853 2172 totam
1896 2120 2125 2205 ordine:

554 2194 755 2247 tionem
815 2200 863 2245 et
917 2191 1324 2261 dispositionem
1373 2192 1557 2245 abbati
1608 2198 1655 2244 et
1712 2193 2122 2259 congregationi

549 2264 852 2318 Anianensi
880 2264 1091 2317 asserit.

1099 2332 1285 2403 (Anno
1317 2332 1498 2401 1066.)

790 2420 1025 2487 [Mabill.
1059 2422 1259 2475 Annal.
1294 2420 1489 2475 Bened.
1536 2420 1625 2491 IV,
1660 2422 1809 2489 679.]

550 2512 853 2566 Anionensi
873 2512 931 2563 in
946 2509 1287 2578 Septimania
1308 2512 1643 2581 monasterio
1665 2511 1761 2564 hoc
1781 2526 1923 2565 anno
1938 2512 1951 2581 (
1966 2510 2120 2580 1066)

474 2590 707 2652 praeerat
736 2583 990 2635 Emmeno
1019 2580 1206 2643 abbas,
1240 2584 1397 2652 antea
1430 2580 1761 2635 Getlonensis
1803 2580 2118 2646 monachus,

476 2651 605 2707 dein
633 2654 871 2707 caznobii
897 2654 1090 2707 Sancti
1118 2654 1269 2706 Petri
1292 2651 1355 2705 de
1385 2652 1561 2712 Salve,
1588 2652 1727 2721 quod
1759 2652 1968 2707 Gelloni
1994 2652 2120 2706 sub-

476 2734 621 2789 erat,
656 2725 714 2778 in
758 2739 899 2794 pago
939 2724 1288 2777 Nemausensz
1316 2726 1491 2793 prior,
1524 2739 1587 2776 ac
1614 2723 1829 2776 domum
1859 2727 1984 2777 ante
2012 2726 2120 2777 cir-

477 2798 616 2850 citer
661 2811 831 2849 annos
879 2796 1071 2848 Pontio
1119 2796 1347 2849 Anianae
1397 2795 1582 2847 abbati
1617 2795 1955 2863 subrogatus.
1991 2796 2121 2863 Ejus

475 2871 716 2936 tempore
745 2866 1104 2929 Gellonenses,
1134 2867 1231 2935 qui
1260 2866 1325 2917 ab
1368 2866 1588 2929 origene
1618 2866 1849 2920 Aniena:
1891 2866 2124 2935 subjecti

476 2940 716 3007 fuerant,
749 2938 1148 2991 Anianensium
1196 2938 1383 3004 iugum
1428 2938 1681 2990 excutere
1727 2937 2117 3007 moliebantur,

476 3006 528 3061 et
572 3010 838 3077 proprios,
872 3007 1195 3061 inconsultis
1237 3007 1656 3070 Anianensibus,
1702 3009 1815 3061 sibi
1861 3006 2123 3131 proﬁcere

478 3078 713 3131 abbates.
750 3078 811 3131 Id
840 3093 948 3131 non
977 3093 1169 3131 passus
1200 3079 1477 3131 Emmeno.
1510 3080 1725 3131 tametsi
1772 3080 1903 3131 olim
1986 3080 2117 3131 ello-

478 3078 713 3132 abbates.
750 3078 811 3132 Id
840 3093 948 3131 non
977 3093 1169 3145 passus
1200 3079 1477 3147 Emmeno,
1510 3080 1725 3131 tametsi
1772 3080 1903 3132 olim
1945 3078 2117 3133 Gello-

476 3149 665 3202 nensis
687 3148 1003 3213 monachus,
1030 3148 1125 3201 hoc
1144 3148 1208 3202 de
1228 3164 1286 3201 re
1304 3150 1693 3217 exspostulavit
1716 3149 1859 3219 apud
1879 3150 2116 3203 Alexan-

475 3219 638 3273 drum
666 3235 887 3290 papam.
920 3219 997 3272 Ad
1026 3220 1143 3289 ejus
1172 3221 1431 3289 querelas
1465 3220 1616 3273 breve
1644 3221 2005 3290 apostolicum
2032 3236 2115 3274 re-

474 3291 692 3362 scripsit
721 3290 1069 3362 Alexander,
1102 3293 1380 3360 vetuitque
1422 3307 1489 3362 ne
1509 3292 1689 3360 quivis
1734 3293 2010 3362 episcOpus
2058 3294 2118 3345 in

476 3362 587 3415 loco
630 3360 941 3416 Getlonensi
987 3361 1234 3433 abbatem
1281 3361 1593 3416 benedicere
1638 3360 1975 3433 prmsumat;
2004 3365 2115 3415 sta-

477 3441 632 3486 tuens
679 3437 738 3485 ut
786 3437 897 3486 tota
944 3432 1216 3487 ordinatio
1263 3437 1312 3485 et
1357 3432 1645 3502 dispositio
1685 3434 1839 3487 illius
1882 3435 2027 3488 cella:
2056 3435 2117 3487 in

471 3519 640 3557 manu
669 3502 881 3558 abbatis
917 3508 967 3557 et
1007 3504 1445 3571 congregationis
1476 3505 1802 3558 Anianensis
1835 3506 2114 3559 consistat.

546 3590 760 3645 Datum
785 3589 1083 3645 Lateranis
1108 3608 1183 3644 v11
1213 3591 1349 3645 Idus
1372 3591 1710 3647 Novembris
1744 3609 1842 3661 per
1873 3609 2115 3647 manum

474 3677 624 3732 Petri
659 3678 717 3733 S.
744 3682 807 3733 Β.
832 3678 894 3734 E.
920 3679 1259 3733 subdiaconi
1293 3684 1466 3749 atque
1496 3678 1940 3747 bibliothecarii,
1965 3698 2117 3735 anno

473 3766 545 3820 ab
575 3767 969 3822 [ncarnatione
996 3766 1224 3821 Domini
1259 3768 1416 3833 1066,
1441 3785 1592 3823 anno
1625 3786 1853 3840 quoque
1883 3770 2117 3841 pontiﬁ-

474 3860 640 3911 catus
668 3855 978 3911 Alexandri
1012 3873 1171 3927 papse
1203 3856 1444 3911 secundi
1478 3874 1553 3923 1v,
1588 3857 1905 3912 indictione
1937 3876 2006 3911 1v.

551 3946 743 3999 Verum
774 3946 857 3999 his
885 3945 1079 4000 litteris
1108 3962 1459 4015 nequaquam
1488 3945 1738 4001 deterriti
1760 3947 2117 4015 Gellonenses,

470 4018 725 4085 proprios
770 4017 881 4070 sibi
920 4017 1137 4070 abbates
1175 4018 1506 4071 nihilosecus
1536 4019 1867 4072 asciverunt.
1903 4019 2027 4085 Qua
2056 4018 2121 4073 de

474 4102 533 4140 re
561 4087 812 4156 querelas
841 4087 983 4157 apud
1015 4086 1335 4156 Gregorium
1374 4087 1477 4142 VII
1504 4089 1758 4143 Emmeno
1789 4091 2022 4143 iteravit.

1184 4175 1415 4228 XXXVI.

1184 4210 1199 4228 ι
1307 4175 1372 4226 'V
1405 4216 1415 4228 .

569 4260 879 4316 Alexandri
905 4262 963 4316 II
993 4175 1329 4328 epistol:sz
1357 4176 1563 4316 cllerum
1594 4262 2022 4320 Cremonensem.

1099 4350 1285 4420 (Anno
1321 4352 1500 4422 1066.)

476 4435 801 4505 [Bonizonis
851 4438 966 4492 Lib.
1017 4408 1113 4492 ad:
1149 4455 1282 4511 am._,
1325 4408 1495 4511 apud,
1520 4408 1738 4496 Onasus
1766 4444 1966 4497 Rerum
1997 4444 2120 4498 Boi-

934 4525 1127 4565 carum
1158 4509 1378 4582 Script.,
1412 4512 1481 4573 II,
1509 4513 1659 4582 808.]

545 4604 912 4665 ALEXANDER,
946 4614 1147 4653 servus
1198 4616 1496 4655 servorum
1546 4601 1666 4669 Dei,
1712 4601 2120 4657 Cremonensis

473 4684 739 4740 Ecclesia:
759 4684 1045 4757 religiosis
1064 4685 1374 4755 clericis,et
1390 4687 1661 4743 ﬁdelibus
1677 4686 2120 4756 laicis,salutem

472 4779 529 4828 et
559 4774 941 4846 apostolicam
974 4774 1460 4831 benedictionem.

544 4862 885 4935 Inspiratori
908 4864 1172 4917 omnium
1206 4864 1487 4919 bonorum
1512 4866 1627 4920 Deo
1653 4870 1709 4920 et
1735 4867 1897 4921 bonae
1922 4866 2120 4920 volun-

470 4949 608 5005 tatis
640 4951 858 5006 auctori
896 4951 1102 5006 uberes
1134 4952 1441 5007 referimus
1471 4954 1711 5024 gratias,
1744 4955 1843 5025 qui
1875 4971 1977 5008 vos
2016 4956 2115 5009 ad-

470 5054 675 5095 versus
724 5039 954 5094 hostem
1004 5040 1246 5094 humani
1296 5042 1525 5113 generis
1556 5042 1839 5097 virtutum
1876 5060 2117 5098 suarum

471 5127 603 5183 telis
625 5128 892 5195 armavit,
911 5134 966 5183 et
987 5129 1057 5183 ad
1088 5130 1502 5184 destruendam
1521 5130 1913 5186 Simoniacam
1938 5132 2116 5187 haere-

473 5216 583 5270 sim
604 5233 667 5271 ac
681 5217 1133 5272 fornicationum
1153 5218 1465 5289 spurcitiae
1478 5218 1820 5275 clericorum
1836 5220 2121 5277 ferventer

473 5306 753 5360 accendit.
778 5306 1055 5362 Erexistis
1085 5307 1264 5371 enim,
1289 5307 1440 5362 sicut
1470 5308 1527 5361 in
1560 5306 1768 5364 litteris
1798 5310 2009 5365 vestris
2032 5327 2119 5367 co-

471 5392 799 5462 gnovimus,
833 5400 1033 5450 contra
1082 5395 1401 5451 versutiam
1451 5397 1739 5467 serpentis
1779 5398 2029 5469 antiqui,
2064 5403 2119 5454 et

471 5478 594 5550 qui,
623 5480 780 5538 velut
810 5484 1009 5556 biceps
1041 5484 1298 5555 coluber,
1332 5502 1433 5557 per
1480 5484 1708 5540 ﬁstulas
1748 5486 2115 5558 geminarum

472 5568 727 5629 faucium
760 5573 1031 5644 nequitiis
1085 5590 1201 5631 suae
1250 5592 1427 5651 super
1454 5592 1556 5632 vos
1598 5590 1819 5633 venena
1848 5576 2117 5653 nequiter

2242 528 2547 598 praecisum
2572 545 2633 582 se
2653 528 2888 581 virtutis
2910 532 3114 581 vestrae
3139 526 3382 598 pugione
3404 528 3635 599 suspirat.
3648 533 3762 590 Plane

2240 616 2335 686 qui
2359 617 2611 686 serpenti
2636 617 2858 671 dudum
2882 616 2939 669 in
2963 616 3230 686 paradiso
3248 616 3601 673 damnationis
3614 626 3762 677 aeterna

2233 706 2524 775 judicium
2556 705 2774 769 intulit,
2806 706 2929 775 ipse
2959 722 3061 759 vos
3105 705 3377 759 adversus
3404 707 3681 763 modernam
3704 727 3761 765 oc-

2238 794 2375 848 culti
2414 794 2684 849 draconis
2724 794 2997 848 astutiam
3023 793 3761 862 unanimiterincitavit.Quam

2237 882 2308 937 ob
2341 899 2460 937 rem
2496 884 2712 937 sanctis
2745 883 3049 937 conatibus
3080 882 3283 938 vestris
3333 887 3384 937 et
3428 883 3586 952 hujus
3624 894 3760 941 sancte

2237 970 2392 1025 sedis
2413 969 2741 1041 apostolicae
2768 971 3004 1024 accedat
3033 970 3211 1041 vigor,
3240 970 3345 1025 hoc
3378 971 3551 1041 ipsum
3571 975 3685 1043 apud
3700 992 3759 1031 vos

2235 1075 2336 1130 per
2359 1060 2553 1113 omnia
2578 1059 2949 1113 decernimus
2970 1060 3390 1113 observandum
3414 1061 3551 1129 quod
3572 1077 3598 1115 a
3619 1066 3759 1117 sanctis

2235 1148 2759 1217 praedecessoribus
2778 1148 2995 1202 nostris
3014 1153 3068 1202 et
3085 1165 3116 1202 a
3134 1148 3359 1203 cunctis
3377 1165 3510 1218 pene
3526 1156 3761 1205 sanctorum

2235 1254 2524 1291 canonum
2549 1237 2949 1292 conditoribus
2985 1253 3096 1290 non
3131 1237 3477 1307 ambigimus
3506 1238 3762 1307 institutum,

2234 1326 2499 1381 videlicet
2517 1332 2580 1380 ut
2604 1330 2720 1380 tam
2744 1325 3085 1380 subdiaconi
3110 1341 3287 1396 quam
3309 1325 3523 1381 diaconi
3544 1327 3624 1381 sed
3642 1332 3678 1381 et
3695 1346 3765 1399 per-

2236 1416 2489 1471 maxime
2511 1415 2859 1481 sacerdotes,
2876 1413 2974 1485 qui
2999 1413 3345 1469 mulieribus
3365 1414 3563 1469 carnali
3578 1431 3766 1471 commer-

2236 1505 2323 1559 cio
2347 1504 2744 1558 admiscentur
2762 1508 2818 1557 et
2841 1502 3171 1557 Simoniaca
3199 1504 3369 1557 sorde
3399 1503 3583 1574 polluti
3610 1508 3765 1567 suntet

2235 1591 2639 1648 ecclesiasticis
2661 1596 2893 1646 careant
2928 1592 3223 1645 beneﬁciis
3245 1596 3303 1645 et
3332 1598 3587 1662 percepta
3614 1594 3764 1662 priven-

2237 1688 2333 1737 tur
2363 1681 2553 1735 ofﬁcio
2576 1680 2899 1752 dignitatis.
2926 1679 3236 1750 Indignum
3271 1686 3359 1735 est
3380 1680 3523 1735 enim
3552 1685 3607 1735 ut
3626 1685 3697 1751 qui
3716 1683 3766 1736 vel

2238 1787 2337 1843 per
2358 1769 2838 1824 incontinentiam
2867 1768 3078 1839 carnis,
3101 1769 3186 1823 vel
3221 1785 3325 1839 per
3346 1770 3697 1823 commercium
3717 1786 3767 1823 sa-

2236 1859 2459 1930 crilegae
2476 1857 2809 1913 venalitatis
2831 1856 3084 1927 suscepti
3111 1857 3336 1912 ordinis
3359 1857 3594 1929 privatur
3610 1857 3765 1923 honore,

2232 1947 2625 2003 ecclesiastica
2654 1946 2911 2019 potiatur
2940 1945 3185 2000 ulterius
3224 1945 3509 2000 facultate.

2304 2036 2551 2091 Caeteros
2574 2041 2767 2091 autem
2792 2035 3051 2097 clericos,
3076 2034 3175 2104 qui
3204 2034 3467 2090 videlicet
3495 2035 3767 2090 inferioribus

2234 2128 2539 2197 potiuntur
2559 2124 2849 2195 ofﬁciis,si
2870 2122 3153 2195 legalibus
3170 2124 3461 2195 conjugiis
3481 2124 3768 2193 suntobligati

2234 2216 2289 2268 in
2315 2213 2438 2269 suis
2455 2212 2733 2284 gradibus
2759 2226 2993 2267 manere
3011 2210 3400 2283 praecipimus,
3416 2216 3469 2266 et
3486 2210 3770 2280 competentia

2232 2301 2606 2357 ecclesiastici
2654 2304 2927 2370 sumptus
2972 2300 3252 2355 beneﬁcia
3284 2316 3399 2354 non
3428 2297 3768 2369 negamussced

2232 2390 2370 2461 quia
2417 2388 2699 2445 nonnulla
2750 2392 2958 2460 praeter
3006 2387 3127 2441 haec
3176 2404 3305 2460 quas
3355 2388 3512 2443 vobis
3562 2390 3669 2440 sunt
3706 2386 3768 2439 ad-

2232 2480 2473 2533 modum
2542 2477 2901 2539 necessaria,
2961 2480 3025 2529 ut
3092 2493 3125 2530 a
3192 2476 3396 2533 nostra
3457 2476 3772 2546 respondeatur

2230 2568 2573 2623 auctoritate
2622 2564 2889 2621 consultu
2945 2565 3255 2619 hortamur
3306 2571 3373 2620 ut
3416 2563 3653 2638 synodale
3686 2579 3769 2615 con-

2230 2657 2451 2725 cilium,
2485 2657 2639 2727 quod
2688 2659 2918 2709 auctore
2950 2654 3062 2709 Deo
3110 2660 3241 2725 post
3292 2658 3600 2724 proximum
3626 2653 3771 2707 Pascha

2228 2744 2573 2800 celebraturi
2607 2760 2834 2810 sumus,
2859 2743 3173 2813 prudentes
3204 2760 3275 2797 ex
3306 2744 3464 2797 vobis
3492 2743 3625 2796 viros
3645 2739 3769 2793 venire

2233 2850 2344 2889 non
2380 2834 2573 2904 pigeat
2605 2832 2702 2903 qui
2739 2831 2906 2886 nobis
2938 2831 3221 2900 quidquid
3258 2830 3589 2902 exigendum
3615 2833 3772 2891 estve-

2231 2922 2485 2992 strisque
2500 2922 2581 2975 uti
2594 2920 2855 2974 litatibus
2870 2919 3289 2974 conferendum
3310 2936 3421 2974 non
3443 2914 3773 2990 perjudicislit-

2228 3016 2506 3076 terarum,
2541 3010 2639 3063 sed
2681 3024 2783 3079 per
2818 3007 2957 3061 vivae
2994 3008 3145 3062 vocis
3174 3008 3438 3063 ofﬁcium
3483 3010 3694 3078 patenter
3712 3018 3772 3056 ex-

2230 3104 2467 3170 ponant.
2505 3097 2645 3152 Huic
2676 3096 2831 3151 enim
2864 3096 3034 3161 bello,
3070 3096 3222 3167 quod
3261 3096 3384 3151 zelo
3415 3095 3576 3149 divini
3614 3089 3770 3146 fervoris

2149 3171 2190 3236 ί]
2230 3187 2369 3242 estis
2391 3187 2670 3259 aggressi,
2688 3202 2800 3239 non
2824 3184 3080 3256 segniter
3101 3186 3198 3240 sed
3223 3186 3387 3239 omni
3413 3182 3614 3238 virtutis
3631 3182 3773 3234 insano

2226 3277 2307 3330 tia
2340 3276 2602 3329 Romana
2631 3274 2797 3328 sedes
2829 3272 3100 3338 accurrit,
3132 3272 3440 3327 brachium
3470 3270 3684 3342 porrigit,
3707 3266 3773 3333 cly-

2229 3380 2402 3435 peum
2427 3362 2785 3418 defensionis
2809 3361 3051 3432 opponit
3072 3367 3127 3415 et
3154 3377 3284 3427 vos,
3310 3366 3374 3415 ut
3395 3359 3567 3431 magis
3584 3374 3636 3412 ac
3652 3352 3771 3424 magis

2229 3452 2379 3506 circa
2402 3452 2663 3505 membra
2680 3450 2893 3504 diaboli
2916 3467 3027 3504 non
3054 3448 3347 3504 enerviter
3366 3451 3460 3519 (ita
3473 3447 3634 3515 codex)
3652 3445 3774 3497 insur-

2226 3554 2359 3608 gere
2381 3538 2659 3601 debeatis,
2680 3536 2961 3591 accendit.
2982 3536 3162 3607 Igitur
3180 3537 3576 3608 unusquisque
3594 3536 3770 3587 vestrum

2228 3626 2433 3680 divina:
2462 3625 2695 3679 virtutis
2728 3641 3003 3679 mucrone
3035 3624 3388 3695 praecinctus
3418 3625 3559 3679 dicat
3587 3638 3598 3674 :
3625 3620 3668 3675 Si
3691 3616 3772 3687 quis

2228 3720 2317 3769 est
2368 3714 2592 3768 Domini
2639 3715 2853 3784 jungat
2896 3730 2957 3768 se
2994 3729 3249 3776 mecum,
3286 3714 3482 3783 sicque
3518 3726 3627 3767 cum
3653 3712 3773 3775 Moyse

2230 3803 2397 3874 quasi
2421 3804 2491 3857 de
2515 3806 2681 3873 porta
2711 3802 2768 3856 in
2802 3806 3028 3873 portam
3052 3806 3383 3856 castrorum
3405 3807 3648 3871 tanquam
3668 3791 3772 3849 feni-

2228 3893 2339 3946 dus
2362 3891 2606 3946 bellator
2628 3892 2686 3945 in
2710 3890 3020 3961 sacrilegos
3040 3891 3242 3958 irruat,
3267 3896 3334 3945 ut
3355 3890 3655 3946 Simoniacse
3671 3895 3774 3937 vene

2228 3979 2411 4035 litatis
2439 3985 2496 4035 et
2516 3978 2799 4035 clericalis
2822 3978 3091 4034 adulterii
3114 3979 3360 4048 januas,
3386 3996 3481 4051 per
3501 3994 3624 4050 quas
3642 3972 3772 4027 diabo-

2228 4069 2321 4125 lus
2353 4070 2411 4124 in
2442 4074 2693 4125 vestram
2716 4069 2905 4122 fuerat
2934 4067 3234 4140 ingressus
3259 4068 3559 4123 Ecclesiam
3578 4062 3772 4120 casiae:-

2231 4158 2540 4213 daveribus
2564 4156 3226 4227 claudat.0mnipotens,
3242 4154 3591 4211 dilectissimi
3607 4151 3773 4213 ﬁlii,sus

2228 4262 2329 4300 vos
2355 4244 2590 4299 dextera
2619 4244 2926 4299 benedicat
2955 4248 3012 4297 et
3041 4259 3142 4313 per
3161 4244 3423 4297 ofﬁcium
3452 4241 3585 4298 beati
3606 4231 3770 4309 apostoli

2229 4332 2319 4387 sui
2335 4332 2486 4387 Petri
2501 4334 2747 4402 januam
2769 4331 2935 4386 vobis
2956 4329 3209 4386 caelestis
3228 4333 3390 4403 regni
3409 4332 3620 4403 aperiat.
3634 4332 3768 4378 Amen.

2916 4455 3187 4510 XXXVII.

2155 4532 2198 4597 D
2228 4546 2534 4601 Alexandri
2562 4546 2621 4600 ιι
2650 4544 2879 4616 epistola
2909 4546 2977 4599 ad
3010 4544 3328 4601 Gervasium
3352 4552 3634 4616 Remenseng
3651 4534 3770 4616 afflf‘

2300 4619 2627 4687 episcopum.
2663 4606 2728 4656 ξ-
2764 4619 3109 4688 Compatitur
3158 4619 3364 4687 afﬂicto
3411 4618 3569 4671 statui
3602 4606 3768 4688 Εσςζέείκ

2303 4682 2616 4761 (temet-isis;
2650 4682 2969 4761 illatamque
2998 4682 3268 4757 iniuriam
3310 4692 3539 4760 legitime
3566 4682 3768 4740 vindican-

2301 4759 2426 4814 dam
2454 4762 2760 4831 pollicetur.

2853 4831 3039 4901 (Anno
3074 4833 3253 4903 1066.)

2638 4938 2867 5005 [MANSI,
2904 4938 3103 4993 Concil.
3141 4938 3285 5004 XIX,
3318 4938 3462 5007 952.]

2298 5047 2660 5109 ALEXANDER,
2717 5060 2919 5098 servus
2968 5060 3269 5098 servorum
3324 5044 3440 5113 Dei,
3485 5033 3763 5096 dilectissimo

2231 5132 2391 5186 fratri
2432 5136 2717 5186 Gsavasm
2748 5131 3203 5204 archiepiscopo,
3236 5131 3476 5187 salutem
3505 5134 3553 5184 et
3578 5114 3764 5195 apostoli'

2228 5237 2353 5275 cam
2396 5219 2876 5275 benedictionem.

2300 5308 2635 5363 Dilectionis
2686 5314 2793 5362 tuae
2835 5307 3059 5364 litteras
3091 5309 3396 5381 diligenter
3425 5303 3708 5375 accepimus,
3729 5294 3759 5343 εί

2228 5402 2534 5469 gratantur
2555 5414 2645 5452 am
2656 5396 2989 5468 plectentes,
3016 5399 3235 5454 intento
3260 5398 3464 5453 mentis
3483 5391 3656 5449 intuitu
3673 5382 3756 5439 chl-

2230 5487 2458 5541 ritative
2481 5487 2904 5558 perspeximus.
2928 5488 3035 5542 Sed
3060 5487 3309 5560 querelis
3332 5492 3387 5542 et
3411 5482 3660 5541 doloribus
3681 5472 3755 5560 ple‘

2228 5592 2333 5632 nas
2362 5556 2687 5645 cernentes,
2720 5575 3057 5632 charitative
3076 5556 3465 5651 compatimur
3492 5576 3541 5629 et
3574 5556 3753 5626 condole-
