3996 6158
165 262 299 323 1317

1308 253 1714 321 ΕΡῘΒΤΟΙΑΕ
1756 259 1856 320 ET
1900 261 1973 321 Dl
1985 261 2375 324 PLOMATA.

3388 275 3545 335 1318

165 410 302 460 mus,
328 396 456 448 tum
481 391 617 463 quia
640 391 895 448 Ecclesia
912 396 1013 447 tua
1033 391 1360 462 antiquitus
1386 392 1536 447 inter
1555 396 1791 447 cateras
1823 394 1873 458 A
1907 394 2195 448 mensium
2212 393 2663 466 diligentissimo
2685 399 3358 474 archiprasuli,atquein
3383 406 3544 461 Chri-

164 481 557 549 occidentales,
596 481 712 537 Deo
743 481 1020 553 pr0pitio,
1053 480 1239 536 nitore
1269 480 1590 550 prudentia
1621 485 1799 552 atque

169 570 451 643 religionis
484 568 866 640 resplenduit,
899 586 966 625 ac
995 586 1096 641 per
1124 568 1526 640 apostolicam,
1559 570 1649 623 cui
1682 569 1798 625 Deo

166 666 387 716 auctore
418 659 551 714 licet
582 657 810 730 indigni
841 659 1224 725 deservimus,
1253 658 1474 722 sedem,
1528 657 1798 730 magnifi-

166 756 281 804 cata
306 747 571 813 emicuit,
594 763 728 802 cum
764 747 988 817 eadem,
1038 764 1072 802 a
1101 746 1397 818 prioribus
1439 746 1712 800 Patribus
1742 750 1799 801 et

165 837 679 910 pradecessoribus
702 852 816 891 non
839 835 1198 907 discrepans,
1223 835 1281 889 in
1304 834 1438 889 sinu
1459 851 1565 889 suo
1587 839 1642 888 te
1663 835 1796 888 reti-

166 943 292 982 nere
316 931 376 981 et
405 925 706 982 charitatis
739 924 1046 979 dulcedine
1076 924 1269 978 fovere
1320 921 1629 978 desiderat.
1661 923 1796 985 Qua

165 1015 422 1087 querela,
446 1014 556 1070 etsi
587 1013 740 1068 inter
771 1013 988 1068 damna
1037 1011 1304 1068 Ecclesia
1355 1027 1485 1082 qua
1519 1011 1800 1076 referunt,

164 1104 309 1159 inter
337 1102 568 1158 dolores
597 1105 655 1156 et
681 1101 935 1172 gemitus
967 1100 1158 1156 cordis
1189 1100 1276 1155 tui
1308 1116 1456 1172 quos
1487 1099 1802 1171 depingere

163 1192 540 1258 contendunt,
575 1189 783 1246 saltem
815 1188 938 1262 [al.,
989 1188 1261 1258 salutem]
1313 1188 1565 1260 pectoris
1611 1187 1700 1242 tui
1744 1191 1801 1243 et

166 1278 500 1336 ﬁdelitatem
513 1294 692 1350 quam
714 1282 924 1333 nostra
945 1281 1216 1332 Romana
1228 1277 1802 1341 adhibes,etunicam

165 1374 220 1425 et
247 1368 532 1424 sinceram
566 1365 935 1422 dilectionem
960 1381 1136 1436 quam
1159 1370 1272 1420 tua
1305 1364 1578 1421 Remensi
1608 1380 1806 1420 servas

166 1456 453 1524 Ecclesia,
479 1455 622 1512 satis
647 1455 868 1510 urbane
885 1458 942 1510 et
960 1454 1202 1510 honeste
1223 1453 1805 1521 monstraverint,nos

166 1554 359 1603 tamen
394 1549 689 1616 utcunque
720 1548 977 1615 arguunt
1033 1543 1174 1614 quia
1213 1543 1504 1598 vindicem
1543 1541 1804 1614 gladium

164 1652 342 1691 manu
373 1632 700 1705 apostolica
733 1631 973 1688 ultionis
1004 1632 1062 1686 in
1113 1631 1475 1687 adversarios
1523 1636 1657 1686 tuos
1679 1631 1805 1700 jam

164 1725 318 1795 [for.,
343 1739 456 1778 non
476 1723 614 1792 jam]
641 1719 1344 1793 porreximus;siquidem
1370 1718 1595 1790 antiqui
1622 1717 1808 1773 hostis

166 1812 402 1879 invidia,
426 1811 850 1866 Antichristum
882 1825 986 1880 per
1014 1807 1341 1879 iniquitatis
1370 1807 1802 1878 conceptionem

170 1917 413 1956 suorum
442 1899 733 1955 viscerum
763 1913 1002 1970 egerens
1033 1898 1104 1952 de
1135 1896 1386 1961 sentina,
1417 1896 1598 1950 tantis
1624 1911 1690 1950 eo
1722 1894 1808 1948 in-

165 1994 415 2062 gruente
444 1989 768 2044 Romanam
801 1985 1112 2042 Ecclesiam
1172 2002 1275 2057 per
1312 1984 1807 2056 quinquennium,

163 2095 321 2135 nunc
379 2077 591 2134 callida
638 2075 1137 2148 tergiversatione,
1195 2091 1352 2129 nunc
1400 2071 1598 2128 hostili
1654 2071 1810 2127 inva-

162 2169 329 2224 sione
359 2166 654 2238 oppressit
681 2163 976 2236 periculis,
1011 2168 1076 2219 ut
1115 2162 1394 2218 intestina
1437 2165 1648 2217 nostra
1679 2177 1810 2232 spe-

163 2256 337 2312 cialis
385 2255 652 2311 Ecclesia
712 2253 947 2326 negotia
997 2252 1090 2307 vix
1146 2267 1456 2323 possemus
1511 2248 1811 2314 ventilare,

163 2345 388 2401 nedum
447 2342 768 2414 longinqua
829 2342 902 2397 ad
951 2339 1190 2413 plenum
1249 2339 1548 2395 cxtricare.
1604 2337 1811 2392 Verum

163 2438 304 2505 post
349 2431 585 2504 longam
646 2433 1054 2502 tempestatem
1117 2432 1174 2483 et
1229 2429 1461 2483 crebras
1508 2425 1812 2499 procellas,

161 2538 400 2587 sereno,
431 2521 586 2576 nube
637 2518 900 2590 expulsa,
950 2517 1066 2573 Deo
1107 2517 1371 2588 jubente,
1430 2514 1676 2584 reddito,
1725 2514 1815 2569 fo-

162 2611 450 2667 rensibus
494 2612 619 2680 jam
648 2623 948 2664 occurrere
991 2605 1278 2673 valemus,
1323 2605 1481 2676 quia,
1533 2604 1646 2659 Deo
1679 2619 1818 2675 pro-

163 2700 342 2772 pitio,
403 2699 559 2753 unde
614 2697 698 2753 ire
755 2697 1073 2751 debeamus
1123 2698 1274 2750 viam
1333 2694 1622 2748 videmus.
1680 2693 1816 2763 (Ivo,

165 2807 226 2861 p.
268 2789 356 2856 14,
392 2803 441 2842 c.
474 2787 585 2859 41.)
616 2786 741 2841 Non
771 2789 966 2840 tamen
991 2785 1171 2856 juste,
1208 2788 1272 2838 ut
1296 2787 1490 2838 vestra
1518 2781 1822 2854 diligentia

169 2877 359 2946 novit,
383 2879 574 2948 potest
604 2875 728 2930 fieri
760 2879 825 2929 ut
855 2873 1017 2946 prius
1046 2871 1181 2944 quis
1201 2889 1234 2927 a
1256 2887 1554 2943 quoquam
1586 2869 1820 2941 praelato

169 2964 722 3022 excommunicetur
764 2979 939 3033 quam
998 2962 1180 3017 missa
1224 2960 1502 3033 synodica
1546 2958 1822 3014 canonice

163 3056 242 3109 ad
303 3051 774 3125 respondendum
831 3053 1085 3105 vocetur.
1141 3054 1264 3120 Age
1316 3047 1511 3114 modo,
1562 3045 1822 3104 debitum

1907 485 1994 536 sto
2025 481 2404 540 dilectissimo
2435 485 2622 554 fratri,
2655 487 2905 544 salutem
2940 493 2996 544 et
3040 492 3417 562 apostolicam
3452 495 3548 552 be-

1906 570 2319 625 nedictionem.

1977 657 2132 713 Visis
2154 658 2534 716 fraternitatis
2551 666 2661 717 tua
2675 661 3388 739 litteris,coepiscoporum
3406 687 3546 741 quo-

1907 762 2018 817 que
2035 750 2414 816 tuorum,nec
2435 765 2548 804 non
2572 756 2628 805 et
2647 751 2986 808 clericorum
3013 755 3304 813 ﬂebilibus
3327 760 3543 815 auditis

1907 834 2181 906 querelis,
2215 836 2568 892 sensibiliter
2616 839 3007 897 intelleximus
3056 860 3232 914 quam
3273 848 3547 903 maximis

1909 923 2174 978 cladibus
2205 927 2573 992 etarumnis,
2599 933 2806 998 prater
2827 930 3404 998 solitum,Remensis
3426 936 3550 1008 glo-

1910 1010 2236 1067 riosissima
2265 1013 2631 1084 opprimatur
2659 1016 2934 1085 Ecclesia,
2965 1027 3304 1093 quantoque
3332 1029 3435 1078 tua
3457 1041 3550 1080 re-

1911 1099 2120 1171 ligiosa
2149 1101 2382 1157 dilectio
2412 1101 2708 1159 immerito
2747 1111 3010 1161 versetur
3055 1109 3118 1178 [/2
3168 1115 3424 1180 vexetur]
3457 1111 3548 1166 in-

1912 1189 2238 1244 commodo.
2287 1190 2651 1262 Quapropter
2703 1209 2836 1248 vera
2893 1195 3083 1250 affecti
3114 1200 3547 1271 compassione,

1912 1281 2038 1332 tum
2073 1292 2139 1332 ex
2170 1277 2278 1333 loci
2297 1279 2390 1334 cui
2415 1280 2690 1335 immeriti
2724 1281 3125 1359 prasidemus,
3149 1285 3401 1342 sollicita
3421 1304 3555 1343 con-

1914 1364 2285 1433 sideratione,
2308 1371 2432 1422 tum
2457 1367 2631 1423 etiam
2664 1385 2731 1424 ex
2759 1373 2871 1424 tua
2894 1372 3215 1441 prudentia
3237 1376 3556 1430 necessitu-

1914 1453 2068 1519 dine,
2094 1469 2271 1525 quam
2295 1455 2389 1526 pio
2416 1455 2716 1528 diligimus
2731 1458 2941 1514 sinceri
2965 1461 3156 1516 cordis
3171 1465 3554 1536 amore,gravi

1913 1542 2132 1613 gemitu
2165 1543 2514 1600 detrimento
2546 1548 2657 1600 tua
2690 1547 3069 1605 condolemus
3126 1550 3412 1624 Ecclesia,
3448 1547 3554 1608 nec

1914 1646 2031 1685 non
2063 1631 2298 1686 fastidio
2325 1636 2447 1700 tuo,
2480 1633 2844 1703 charissima,
2879 1637 3079 1708 procul
3110 1639 3288 1694 dubio
3320 1657 3556 1713 compa-

1915 1720 2097 1773 timur
2125 1719 2432 1790 pracipue.
2468 1721 2680 1776 Auxilii
2712 1739 2943 1794 quoque
2973 1726 3288 1795 dexteram,
3315 1746 3488 1799 quam
3524 1747 3558 1786 a

1916 1811 2113 1862 nostro
2135 1810 2434 1878 tantopere
2456 1809 2753 1878 postulare
2765 1812 3044 1868 studuisti
3058 1815 3373 1884 apostolica
3397 1819 3554 1888 sede,

1915 1895 2141 1966 integro
2173 1895 2382 1950 affectu
2415 1897 2667 1968 prompti
2700 1915 2928 1967 sumus,
2963 1918 3066 1972 pro
3087 1903 3308 1958 viribus
3342 1906 3558 1962 nostris

1917 2000 2138 2055 proque
2168 1985 2448 2057 temporis
2480 1984 2784 2055 qualitate,
2815 1990 3144 2044 necessitati
3175 1995 3286 2046 tua
3307 1993 3558 2065 benigne

1917 2072 2254 2143 impendere
2286 2076 2461 2142 atque
2491 2073 2823 2144 apostolica
2875 2078 3238 2134 auctoritatis
3288 2080 3557 2152 clypeum

1920 2161 2196 2216 omnibus
2219 2161 2524 2216 Remensis
2537 2162 2804 2217 Ecclesia
2827 2164 3174 2222 adversariis
3197 2167 3444 2224 libenter
3465 2186 3561 2240 op-

1921 2265 2154 2321 ponere.
2182 2249 2292 2304 Sed
2325 2249 2636 2320 pranuntii
2666 2251 2752 2304 tui
2784 2253 3173 2319 festinatione,
3234 2255 3335 2327 qui
3373 2273 3434 2312 se
3465 2274 3558 2312 as-

1922 2338 2151 2393 serebat
2180 2336 2433 2408 collegas
2463 2337 2624 2392 nullo
2655 2340 2827 2394 modo
2859 2357 3030 2412 posse
3069 2338 3417 2415 relinquere,
3448 2351 3560 2401 tua

1924 2441 2110 2481 causa
2145 2423 2390 2490 habiles,
2424 2430 2622 2496 utpote
2671 2426 2728 2481 in
2766 2435 3059 2485 momento
3091 2435 3560 2503 temporum,mi—

1927 2514 2083 2569 nime
2113 2518 2271 2580 tunc,
2306 2513 2647 2568 absentibus
2677 2515 2851 2569 etiam
2886 2518 3100 2573 nostris
3132 2519 3409 2576 fratribus
3438 2538 3564 2577 car-

1927 2601 2245 2669 dinalibus,
2281 2603 2533 2672 reperire
2563 2603 2856 2660 valuimus
2887 2606 3217 2663 consilium.
3238 2609 3348 2681 lpsi
3365 2616 3563 2666 autem

1929 2694 2060 2761 post
2082 2689 2412 2761 paululum,
2436 2695 2547 2745 tua
2566 2690 2874 2764 legationis
2895 2696 3328 2753 communicata
3348 2699 3566 2770 suppli-

1928 2779 2173 2844 catione,
2206 2783 2262 2832 et
2291 2782 2491 2850 aptum
2522 2780 2836 2836 consilium
2867 2783 3124 2840 invenire
3150 2790 3207 2840 et
3263 2787 3563 2844 inventum

1931 2885 2047 2923 una
2076 2884 2208 2922 cum
2238 2865 2448 2939 legato,
2484 2884 2656 2939 quem
2689 2886 2722 2924 a
2768 2869 2946 2926 latere
2998 2877 3194 2929 nostro
3226 2877 3563 2948 poposcisti,

1930 2955 2244 3010 auxiliante
2274 2960 2404 3026 Deo,
2437 2972 2616 3026 quam
2647 2956 2818 3013 citius
2851 2960 3192 3030 poterimus,
3226 2966 3567 3022 curabimus

1932 3043 2199 3114 partibus
2220 3043 2429 3099 vestris
2451 3044 2720 3116 dirigere.
2740 3047 2972 3102 [nterim
2985 3066 3118 3105 vero
3132 3050 3282 3107 hanc
3305 3061 3566 3112 nostram

158 3147 445 3198 tenentes
477 3139 741 3195 ordinem
773 3141 830 3194 et
852 3136 1200 3193 adversariis
1229 3135 1348 3191 tuis
1373 3135 1696 3191 vocatorias
1727 3133 1821 3188 lit-
1853 3116 1895 3181 C
1934 3131 2372 3202 responsionem
2403 3133 2788 3204 suifraganeis
2813 3136 2931 3191 tuis
2951 3138 3262 3211 episcOpis,
3286 3143 3386 3212 qui
3409 3144 3571 3199 simi-

156 3238 336 3286 teras
357 3228 699 3300 dirigemus,
732 3231 790 3282 et
818 3225 922 3281 tibi
955 3231 1185 3296 tuaque
1214 3223 1478 3280 Ecclesia
1526 3222 1822 3293 justitiam

167 3317 426 3388 exsequi
447 3315 646 3389 procul
674 3314 852 3370 dubio
881 3313 1242 3388 pollicemur.
1279 3311 1824 3383 Quapropter,quia,

161 3414 238 3465 ut
271 3407 464 3472 aiunt,
514 3420 818 3475 nunquam
878 3401 1297 3473 consequimur
1341 3400 1666 3470 victoriam,
1714 3398 1827 3454 nisi

162 3497 349 3570 prius
377 3493 663 3567 praecedat
685 3507 918 3564 pugna;
952 3495 1017 3546 ut
1042 3495 1181 3557 tua,
1211 3489 1364 3545 sicut
1384 3488 1829 3544 amantissimus

162 3600 441 3658 sponsus
458 3586 515 3638 et
534 3580 802 3654 egregius
825 3583 1126 3652 patronus,
1155 3576 1422 3633 Ecclesia
1444 3575 1686 3632 viriliter
1698 3593 1763 3632 su
1773 3576 1830 3630 b-

159 3672 411 3742 venias,
435 3674 493 3726 et
521 3674 792 3726 Romana
815 3684 919 3740 per
947 3668 1178 3722 beatum
1201 3665 1622 3734 Petrum,velut
1641 3666 1832 3720 bonus

164 3762 374 3828 ﬁlius,
405 3765 643 3815 strenue
686 3756 1014 3827 adjuvando
1036 3754 1297 3821 obedias,
1320 3758 1376 3808 et
1403 3753 1580 3808 vinea
1602 3753 1834 3810 Domini

161 3849 524 3907 indefessus
554 3847 938 3903 collaborator
957 3847 1264 3900 centenum
1287 3843 1540 3898 fructum
1573 3847 1836 3914 tempore

167 3937 510 3996 messionis
558 3935 828 4007 recipias,
879 3933 950 3990 ad
1000 3932 1313 4005 synodum,
1361 3932 1476 3988 Deo
1518 3935 1834 4002 annuente,

160 4027 400 4101 quinto
453 4024 678 4080 decimo
731 4023 823 4078 die
868 4025 1000 4092 post
1049 4021 1382 4092 proximum
1435 4019 1658 4076 Pascha
1702 4035 1836 4074 cum

157 4114 518 4190 praesentia
538 4117 652 4168 tua
683 4110 993 4166 dilectione
1017 4108 1447 4179 celebrandam,
1470 4107 1838 4164 sanctitatem

154 4213 357 4263 tuam
379 4203 578 4259 venire
605 4201 1031 4264 desideramus,
1060 4215 1127 4254 ac
1158 4200 1358 4252 sancto
1407 4197 1712 4252 conventui
1751 4196 1840 4251 in-

151 4295 406 4352 terfore
437 4290 757 4364 apostolica
788 4288 1136 4344 auctoritate
1165 4285 1501 4340 invitemus.
1534 4285 1620 4338 Ad
1645 4283 1765 4338 hac
1793 4285 1842 4339 si

151 4384 445 4440 dilectus
477 4379 632 4435 filius
654 4383 852 4434 noster
875 4377 1080 4433 Petrus
1104 4377 1316 4430 sancta
1351 4373 1622 4428 Romana
1655 4371 1844 4427 Eccle-

1931 3219 2067 3273 titer
2091 3224 2357 3274 nostrum
2376 3236 2478 3290 per
2495 3219 2718 3276 litteras
2749 3222 2827 3276 im
2834 3223 3202 3294 ploraverunt
3222 3229 3568 3301 suffragium

1934 3324 2051 3362 sua
2076 3307 2242 3362 matri
2263 3307 2530 3362 Ecclesia
2562 3308 2857 3380 Remensi,
2892 3311 3164 3368 intimare
3188 3331 3260 3370 ne
3282 3316 3568 3389 negligas,

1935 3395 2268 3466 apostolica
2285 3395 2460 3460 sedis,
2485 3395 2598 3451 nisi
2622 3402 2808 3453 morte
2828 3399 3114 3456 fuerimus
3136 3407 3428 3476 praventi,
3453 3422 3573 3462 cer-
3681 3423 3684 3427 ‘

1935 3482 2162 3539 tissime
2194 3483 2578 3555 prastolando
2608 3484 2887 3557 legatum.

2638 3609 2880 3666 XXXIX.

1940 3695 2242 3753 Alexandri
2268 3698 2322 3751 II
2373 3698 2602 3767 epistola
2658 3698 2728 3753 ad
2785 3699 3103 3757 Gervasium
3153 3706 3463 3763 Remensem
3491 3725 3581 3765 ar-

2010 3768 2430 3838 chiepiscOpum.
2467 3799 2532 3808 —
2565 3772 2748 3824 Monet
2767 3772 2967 3826 iterum
2998 3778 3057 3828 ut
3086 3775 3319 3833 duorum
3345 3780 3581 3836 clerico-

2014 3856 2137 3894 rum
2168 3840 2516 3895 Remensium
2542 3856 2768 3896 causam
2795 3845 3070 3900 terminet.

2496 3929 2684 4000 (Anno
2735 3932 3017 4005 1061-67.)

2391 4017 2626 4088 [MANSI,
2659 4018 2862 4075 Concil.
2895 4022 3032 4089 XIX,
3063 4024 3143 4094 9.]

2018 4107 2360 4162 ALEXANDER
2387 4106 2720 4179 episcopus,
2751 4125 2956 4166 servus
2973 4127 3273 4170 servorum
3295 4116 3412 4183 Dei,
3437 4121 3587 4172 Gan-

1949 4211 2112 4250 VASIO
2140 4195 2456 4251 venerabili
2487 4197 2763 4253 confratri
2785 4198 3100 4256 Remorum
3124 4203 3588 4278 archiepiscopo,

1952 4282 2200 4338 salutem
2231 4288 2288 4338 et
2318 4285 2699 4355 apostolicam
2731 4287 3216 4347 benedictionem.

2024 4371 2305 4425 Miramur
2333 4371 2700 4442 diligentiam
2749 4378 2934 4441 tuam,
2979 4377 3357 4436 dilectissime
3394 4382 3592 4450 frater,

152 4474 284 4528 sia
323 4469 746 4536 subdiaconus,
781 4471 838 4522 et
867 4469 1066 4521 noster
1095 4461 1498 4528 cancellarius,
1535 4476 1708 4532 quem
1743 4477 1844 4532 pro
1879 4481 1923 4545 Β
1955 4458 2360 4513 auctoritatem
2393 4463 2653 4514 nostram
2688 4460 2768 4515 ita
2799 4464 3218 4534 parvipendere
3249 4473 3314 4522 ut
3370 4483 3436 4522 ea
3467 4485 3626 4540 qua.

151 4558 498 4632 responsis
527 4554 942 4612 ecclesiasticis
973 4557 1193 4608 vestras
1224 4551 1291 4605 ad
1329 4554 1518 4622 partes
1549 4549 1844 4616 misimus,

153 4667 294 4724 per
325 4663 431 4702 vos
463 4645 778 4712 transierit,
813 4645 894 4698 ita
923 4658 1062 4713 erga
1098 4656 1232 4695 eum
1267 4655 1328 4694 se
1381 4643 1482 4692 tua
1511 4637 1845 4693 fraternitas

155 4739 414 4795 habeat
435 4740 501 4790 ut
513 4733 1010 4805 quemadmodum
1034 4746 1140 4785 nos
1165 4727 1664 4800 diligatostendat.
1682 4726 1845 4793 Quod

160 4830 406 4884 autem
439 4823 613 4879 citius
643 4821 907 4896 apicibus
935 4818 1054 4874 tuis
1101 4834 1216 4873 non
1267 4816 1699 4886 respondimus,
1732 4831 1848 4869 non

153 4913 396 4978 nobis,
449 4913 551 4968 sed
609 4913 694 4966 tui
745 4908 920 4982 legati
967 4907 1162 4962 nimia
1194 4905 1437 4976 deputes
1468 4902 1845 4959 festinationi.

145 5124 506 5186 Alexandri
539 5123 587 5179 II
619 5121 847 5194 epistola
867 5029 1376 5194 iﬁéG/cl’gasium“
1395 5117 1721 5194 Remensem
1757 5133 1849 5194 ar-

261 5187 698 5267 chiepiscopum.
731 5223 801 5232 —
851 5191 1108 5267 Coudolet
1155 5188 1562 5267 accessitalibus
1599 5187 1851 5242 Ecclesia

263 5261 573 5337 Bernensis,
605 5267 764 5338 eique
792 5263 1071 5318 auxilium
1097 5261 1406 5332 pollicetur.

835 5352 1023 5423 (Anno
1057 5348 1239 5418 1066.)

617 5442 853 5515 [MANTI,
889 5439 1092 5496 Concil.
1125 5435 1263 5502 XIX,
1293 5434 1445 5504 955.]

257 5536 643 5604 Ansxmnxa,
678 5547 884 5588 servus
914 5541 1214 5588 sercorum
1268 5521 1388 5595 Dei,
1421 5521 1709 5579 Genuam
1741 5521 1853 5578 Re-

1956 4546 2177 4601 crebris
2208 4547 2570 4602 orationibus
2601 4549 2816 4603 nostris
2845 4551 3018 4622 digne
3050 4555 3381 4609 admoneris
3420 4561 3598 4627 atque

1954 4635 2180 4707 rogaris
2210 4635 2451 4690 minime
2479 4635 2727 4691 videaris
2769 4639 3062 4708 perficere.
3105 4641 3161 4694 Si
3197 4643 3352 4697 enim
3386 4643 3599 4715 aliquis

1957 4725 2015 4780 in
2041 4725 2126 4779 tui
2154 4723 2354 4778 auxilii
2387 4724 2579 4779 favore
2609 4726 2888 4796 confisus,
2921 4744 2952 4782 a
2979 4729 3244 4800 partibus
3275 4733 3494 4787 nostris
3521 4732 3593 4787 ad
3653 4792 3666 4798 _

1957 4819 2016 4870 te
2039 4812 2307 4869 veniendi
2339 4811 2639 4867 fastidium
2673 4813 2952 4886 arriperet
2969 4821 3026 4872 et
3044 4819 3102 4872 in
3120 4819 3474 4876 conﬁdentia
3493 4838 3603 4878 sua

1959 4905 2236 4975 deceptus
2267 4901 2414 4956 nihil
2443 4901 2767 4972 proﬁceret,
2817 4905 3113 4962 credimus
3159 4909 3312 4980 quod
3346 4909 3601 4965 charitas

1959 4997 2061 5049 tua
2086 5010 2200 5048 non
2233 5007 2441 5063 parum
2475 4989 2715 5046 doleret.
2743 4991 2818 5048 Ut
2847 4995 3003 5049 enim
3021 4996 3090 5051 de
3111 4997 3389 5068 patientia
3402 5002 3603 5055 nostra

1960 5080 2194 5136 interim
2213 5084 2658 5151 taceamus,qua
2679 5081 2892 5138 ﬁducia
2913 5083 3319 5141 beatissimum
3342 5087 3602 5154 Petrum,

1961 5169 2214 5224 calestis
2235 5168 2397 5239 regni
2421 5167 2874 5241 clavigerum,in
2899 5171 3016 5227 tuis
3038 5173 3420 5244 petitionibus
3445 5175 3604 5234 vales

1960 5257 2205 5312 invitare
2235 5274 2368 5312 cum
2392 5258 2519 5328 jam
2553 5275 2655 5329 per
2684 5258 2988 5315 biennium
3021 5260 3059 5315 ii
3090 5263 3190 5333 qui
3210 5264 3337 5334 ejus
3363 5265 3607 5336 patroci-

1962 5347 2127 5401 nium
2159 5345 2347 5418 longis
2377 5346 2687 5402 itineribus
2737 5349 3129 5421 gravibusque
3176 5351 3475 5409 laboribus
3507 5372 3605 5427 pe-

1961 5435 2182 5490 tierunt
2212 5435 2329 5490 fere
2350 5435 2516 5505 nihil,
2543 5435 2713 5492 nobis
2734 5437 2854 5493 vice
2884 5454 2992 5494 sua
3011 5439 3391 5514 instantibus,
3415 5443 3607 5499 adhuc

1961 5529 2278 5598 potuerunt
2300 5524 2660 5604 impetrare?
2689 5523 2835 5582 Cum
2883 5528 3041 5588 enim
3081 5529 3142 5587 in
3192 5530 3300 5590 hac
3329 5536 3516 5609 petra,
3545 5531 3606 5611 in
