3996 6158
479 311 636 371 1319

480 460 598 515 qua
627 438 841 497 Christi
862 434 1117 492 Ecclesia
1136 432 1421 489 zediticata
1449 435 1556 501 est,
1589 430 1885 503 singulare
1925 431 2001 486 sit
2029 447 2116 485 re-
2147 435 2201 500 Α

479 531 705 603 fugium
737 524 1153 582 tribulantibus
1184 521 1590 589 constitutum,
1625 524 1690 574 ut
1745 519 1844 590 qui
1875 520 1944 574 ad
1992 535 2120 573 eam

480 617 825 687 confugiunt
856 628 1088 684 semper
1117 610 1341 666 soleant
1369 610 1627 664 invenire
1672 607 1969 676 solatium,
2013 607 2121 662 hu-

467 703 799 779 juscemodi
836 707 1094 773 tempore
1124 705 1323 754 nostro
1344 697 1611 754 evacuari
1643 698 1912 753 Romana:
1934 695 2120 751 Eccle-

481 796 580 850 siae
610 792 978 865 privilegium
1011 788 1440 845 dissimulando
1473 788 1619 841 ferre
1650 804 1763 842 non
1784 801 2116 857 possumus.

466 884 828 953 Quapropter
874 878 1291 933 fraternitatem
1314 882 1475 931 tuam
1499 876 1589 931 his
1612 875 1826 930 nostris
1849 874 2118 928 aﬂatibus

470 971 780 1043 diligenter
804 970 1392 1036 admonemus,atque
1426 966 1808 1019 admonentes
1859 962 2118 1034 praecipi-

472 1062 666 1133 pimus
698 1064 762 1113 ut
790 1057 871 1112 ita
901 1060 955 1111 te
986 1072 1140 1109 nunc
1169 1055 1230 1108 in
1252 1070 1428 1109 causa
1448 1054 1717 1108 Manasse
1746 1056 1804 1106 et
1833 1050 2114 1105 Amalrici

470 1148 735 1204 Ecclesiae
759 1151 875 1200 tute
906 1144 1247 1200 clericorum
1274 1142 1435 1214 pium
1458 1141 1776 1207 reddas,ita
1796 1140 2115 1211 benignum

471 1237 743 1293 exhibeas
774 1252 889 1306 quo
922 1233 1168 1287 ulterius
1198 1248 1367 1286 aures
1401 1235 1615 1285 nostrae
1644 1228 1781 1283 inde
1815 1228 2112 1300 querelam

470 1344 582 1381 non
615 1325 877 1389 audiant,
907 1326 1196 1393 quatenus
1228 1321 1381 1374 sicut
1407 1319 1465 1373 in
1499 1336 1613 1374 uno
1636 1317 2111 1389 cmpistirestau-

472 1415 777 1483 rationem,
802 1414 881 1467 ita
895 1413 1064 1481 juxta
1084 1408 1451 1464 exsecutione
1474 1407 1737 1479 perﬁcies
1760 1406 1817 1461 in
1843 1410 2112 1477 utroque,

470 1504 611 1575 quia
641 1518 755 1557 non
788 1496 1326 1570 incipientibus,sed
1346 1495 1850 1567 perseverantibus
1873 1494 2116 1567 promit-

468 1593 612 1647 titur
642 1589 969 1662 przemium.
1001 1587 1056 1641 Si
1092 1590 1286 1641 autem
1318 1585 1376 1638 in
1408 1585 1517 1639 hac
1575 1601 1635 1638 re
1690 1584 1865 1639 verba
1914 1588 2114 1638 nostra

468 1680 574 1736 tibi
605 1679 753 1735 levia
800 1677 1036 1744 fuerint,
1086 1673 1345 1729 amicitia
1378 1672 1544 1741 inter
1597 1689 1701 1727 nos
1755 1673 1965 1727 durare
1995 1686 2109 1725 non

469 1770 698 1842 poterit.

1233 1886 1345 1940 XL.

470 1980 772 2038 Alexandri
819 1979 871 2033 11
913 1976 1146 2048 cpistola
1195 1974 1263 2029 ad
1314 1973 1625 2029 Gervasium
1670 1975 2107 2048 Remensemar-

539 2044 961 2122 chiepiscopaml
996 2077 1064 2087 —-
1094 2049 1362 2122 Hortatur
1404 2050 1463 2122 at
1520 2048 1577 2098 in.
1616 2061 1793 2122 _causa
1822 2044 2111 2100 abbatissa:

540 2142 568 2179 e
594 2117 951 2178 La'udurtensi
972 2120 1300 2173 monasterio
1342 2118 1544 2186 injuste
1571 2117 1758 2183 ejecta?
1785 2131 2109 2183 cognoscen-

540 2197 639 2261 da,
690 2191 957 2247 Etinando
1003 2190 1359 2243 Laudunensi
1388 2190 1652 2261 episcopo,
1675 2191 1840 2257 juxta
1872 2196 2108 2242 tenorem

539 2260 937 2321 commissionz's
964 2262 1294 2333 apostolicae,
1327 2260 1555 2314 consilio
1584 2262 1823 2313 assistat.

1036 2386 1222 2456 (Anno
1256 2383 1540 2452 1061-67.)

871 2509 1094 2579 [MANSI,
1132 2508 1341 2563 Concil.
1376 2506 1522 2571 XIX,
1552 2505 1701 2574 955.]

542 2658 885 2707 ALEXANDER
913 2649 1245 2720 episcopus,
1279 2664 1481 2704 servus
1513 2662 1809 2702 servorum
1834 2646 1953 2709 Dei,
1975 2646 2109 2701 cha-

469 2739 881 2813 rissimqfratri
903 2742 1186 2793 Gsavasxo
1210 2736 1477 2792 Remensi
1504 2734 2114 2806 archiepiscopo,sa1u-

468 2835 586 2885 tem
618 2832 676 2884 et
706 2826 1083 2900 apostolicam
1118 2823 1604 2879 benedictionem.

541 2915 926 2972 Proclamatio
958 2912 1151 2968 delata
1198 2919 1287 2967 est
1333 2916 1546 2966 sanctae
1594 2909 1924 2982 apostolicae
1966 2911 2110 2976 sedi,

471 3007 625 3077 quod
684 3003 979 3059 abbatissa
1038 3001 1461 3065 Laudunensis,
1513 3000 1851 3055 monasterii
1893 2999 2113 3055 scilicet

470 3093 665 3149 Sancti
694 3091 957 3159 Joannis,
991 3089 1116 3144 sine
1147 3089 1427 3145 canonica
1459 3088 1756 3143 audientia
1804 3093 1861 3143 et
1885 3088 2109 3158 judicio

1774 295 2225 359 ALEXANDRI
2270 298 2322 359 ΙΙ
2367 294 2595 359 PAPIE

3658 306 3772 369 1320

2299 433 2519 557 ejaftqzte
2599 446 2849 497 uxorem,
2924 429 3146 500 utrique
3227 428 3596 501 dijudicandam
3667 453 3773 493 com-

2300 518 2379 557 mz
2430 520 2449 557 ι
2480 544 2492 557 .

2300 506 2492 557 mittit.

2796 592 2982 656 (Anno
3024 591 3306 658 1061-67.)

2654 680 2883 749 [MANSL
2918 678 3102 734 Concil
3129 680 3266 745 XIX,
3293 679 3433 750 959.]

2298 770 2642 824 ALEXANDER
2671 768 3000 839 episcopus,
3025 784 3227 823 servus
3245 785 3522 824 servorum
3551 771 3645 838 Dei,
3670 774 3772 829 cha-

2228 857 2463 913 rissimo
2495 856 2658 911 fratri
2678 857 2963 912 Ganvasro
2991 856 3264 912 Remensi
3289 857 3671 931 archiepiscopo
3686 878 3771 917 om-

2227 946 2520 1017 nibusque
2550 945 2932 1017 suffraganeis
2964 945 3108 1016 suis,
3142 962 3362 1001 necnon
3416 947 3769 1004 Senonensiar-

2227 1034 2596 1105 chiepiscopo
2618 1034 2863 1105 suisque
2887 1034 3532 1106 suifraganeis,salutem
3547 1042 3597 1090 et
3613 1044 3774 1109 aposto-

2224 1123 2397 1178 licam
2428 1122 2915 1178 benedictionem.

2297 1211 2505 1266 Mulicr
2554 1212 2687 1279 ista,
2747 1210 3119 1282 praesentium
3175 1210 3491 1266 litterarum
3542 1216 3772 1283 portati-ix,

2224 1300 2619 1371 apostolorum
2654 1299 2860 1355 limina
2888 1299 3111 1367 adiens,
3146 1304 3460 1371 conquesta
3499 1307 3578 1355 est
3607 1304 3725 1373 quod
3745 1305 3777 1359 ei

2223 1405 2419 1445 comes
2445 1388 2788 1460 Radulphus
2820 1390 3019 1444 omnia
3048 1389 3201 1444 bona
3221 1406 3330 1444 sua
3351 1389 3777 1462 abstulerit,eaque

2222 1478 2488 1545 dimissa,
2522 1477 2763 1533 crimine
2823 1477 3224 1533 fornicationis
3287 1476 3552 1533 fallaciter
3599 1479 3777 1550 objecta,

2222 1567 2463 1624 alteram
2492 1567 2704 1622 ducere
2736 1566 2909 1631 velit;
2944 1567 3096 1637 quod
3130 1583 3311 1637 quam
3344 1567 3418 1621 sit
3445 1566 3632 1622 divinis
3652 1568 3778 1622 ethu-

2222 1656 2415 1712 manis
2438 1656 2668 1727 legibus
2689 1655 3048 1711 contrarium
3071 1655 3405 1711 fraternitas
3419 1660 3780 1728 vestraperpen-

2220 1746 2337 1800 dat.
2368 1746 2732 1816 Quapropter
2759 1744 2997 1800 studeat
3026 1743 3231 1816 religio
3261 1748 3452 1799 vestra
3497 1745 3664 1816 ipsum
3687 1761 3777 1799 con-

2140 1808 2188 1872 B
2216 1834 2413 1889 venire
2438 1851 2452 1901 ;
2485 1838 2543 1888 et
2573 1832 2621 1888 si
2645 1849 2822 1888 causa
2851 1832 2985 1888 talis
3018 1836 3109 1887 est
3134 1836 3200 1887 ut
3229 1832 3347 1887 ista
3375 1832 3588 1903 asserit,
3609 1833 3782 1888 redditis

2219 1920 2470 1993 propriis
2500 1921 2765 1988 bonis,ut
2784 1921 2914 1992 ipsa
2936 1922 3009 1976 ab
3026 1921 3228 1976 eodem
3263 1921 3564 1992 recipiatur
3584 1921 3781 1991 satagite.

2217 2010 2380 2073 Quod
2414 2010 2462 2064 si
2494 2010 2618 2081 ipse
2678 2009 2889 2063 rationi
2946 2009 3319 2080 acquiescere
3366 2008 3693 2075 recusaverit,
3715 2024 3783 2062 vos

2220 2115 2396 2170 super
2426 2114 2571 2160 eum.
2616 2097 2965 2153 canonicum
3024 2096 3345 2153 deliberate
3395 2098 3653 2167 judicium
3679 2097 3785 2167 quod

2221 2205 2346 2254 nos,
2406 2191 2717 2258 sequentes
2775 2192 3116 2242 sanctorum
3175 2187 3415 2242 Patrum
3463 2186 3785 2240 auctoritatem

2220 2275 2321 2331 ubi
2375 2275 2727 2331 sententiam
2784 2280 3037 2331 vestram
3110 2274 3501 2345 audierimus,
3554 2274 3789 2329 conﬁrma-

2218 2363 2438 2418 bimus.

2957 2451 3122 2507 XLII.

2220 2541 2524 2597 Alexandri
2555 2542 2609 2596 ΙΙ
2636 2542 2872 2613 epistota
2901 2539 2972 2594 ad
3024 2543 3356 2596 Gervasium
3409 2541 3786 2665 archiepiscopum

2292 2616 2623 2665 Remenscm.
2656 2643 2724 2651 ——
2759 2613 2823 2665 Ut
2851 2628 3041 2665 cornus
3070 2614 3255 2665 sancti
3286 2613 3485 2665 Menni.
3538 2628 3567 2665 a
3622 2624 3786 2665 eccam

2292 2616 2623 2669 Remenscm.
2656 2610 2724 2651 4——
2759 2613 2823 2668 Ut
2846 2628 3041 2683 corpus
3070 2614 3255 2666 sancti
3286 2613 3485 2678 Menni,
3538 2610 3597 2665 ab
3622 2610 3788 2665 ecclesia

2287 2702 2386 2740 sua
2418 2685 2665 2739 indebite
2686 2699 2793 2753 per
2824 2682 3330 2739 Catalaunensium
3348 2686 3634 2754 episcopum
3656 2686 3787 2735 trans-

2293 2756 2492 2819 latum,
2523 2755 2595 2810 ad
2620 2756 2900 2825 prOpriam
2950 2755 3233 2810 ecclesiam
3292 2756 3678 2811 comminatione
3699 2767 3788 2805 cen-

2291 2844 2557 2882 surarum
2584 2827 3075 2881 ecclesiasticarum
3103 2830 3409 2897 referatur.

2789 2914 2974 2985 (Anno
3016 2916 3305 2983 1061-67.)

2631 3002 2868 3073 [MANSI,
2902 3003 3107 3058 Concil.
3140 3002 3285 3073 XIX,
3313 3004 3464 3073 960.]

2297 3095 2634 3145 ALEXANDER
2664 3090 2998 3161 episc0pus,
3022 3107 3222 3145 servus
3256 3108 3555 3148 servorum
3582 3088 3667 3145 Dei
3690 3088 3794 3142 Gse-

468 3182 723 3254 episeOpi
751 3180 842 3236 sui
874 3198 907 3234 a
938 3178 1219 3250 regimine
1248 3195 1355 3233 suo
1387 3178 1675 3248 ejiciatur.
1737 3178 1898 3243 Quod
1932 3177 2111 3231 nimi-
2142 3160 2184 3225 Ο
2221 3197 2383 3235 VASIO
2407 3179 2676 3234 Remensi
2710 3179 3001 3250 episcOpo.
3036 3180 3318 3235 confratri
3353 3179 3713 3247 dilectissimo,
3736 3190 3795 3230 ει·

468 3287 599 3326 rum
632 3271 770 3342 quia
795 3268 1091 3323 canonicis
1124 3267 1593 3321 institutionibus
1624 3266 1862 3321 omnino
1880 3266 2112 3321 videtur

466 3376 594 3415 esse
617 3357 995 3424 contrarium,
1021 3355 1440 3411 admonuimus
1466 3355 1817 3409 confratrem
1841 3359 2108 3409 nostrum

465 3446 1267 3504 ElinandumLaudunensem
1282 3443 1617 3515 episcopum
1635 3447 1697 3497 ut
1709 3443 1856 3497 hanc
1869 3459 2107 3499 causam

466 3538 773 3609 diligenter
803 3534 1080 3589 discutiat
1109 3537 1286 3603 atque
1308 3532 1585 3587 canonice
1609 3531 1887 3599 deﬁniat;
1924 3531 2004 3585 ita
2021 3536 2107 3586 ta-

468 3642 623 3689 men,
656 3628 722 3678 ut
740 3622 1275 3686 eademabbatissa,
1308 3620 1654 3690 priusquam
1684 3619 1972 3675 discussio
1988 3620 2109 3688 fiat,

468 3711 737 3783 regimini
772 3728 897 3780 suo,
924 3710 1076 3765 sicut
1106 3708 1255 3764 sacri
1287 3724 1539 3763 canones
1574 3708 2111 3779 praecipiunt,resti-

467 3805 687 3856 tuatur.
718 3799 1036 3855 Invitamus
1066 3796 1677 3870 igiturfraternitatem
1696 3801 1878 3862 tuam,
1905 3801 2107 3850 utma-

462 3907 605 3944 num
630 3888 903 3960 adjutorii
935 3888 1020 3942 tui
1054 3888 1125 3941 ad
1157 3887 1276 3940 haec
1308 3885 1675 3957 exsequenda
1705 3885 1814 3940 sibi
1866 3885 2105 3952 tribuat,

468 3984 544 4045 et,
562 3982 626 4033 ut
641 3979 746 4033 hoc
764 3976 1240 4050 negotiumjuxta
1261 3980 1521 4029 tenorem
1542 3973 1865 4028 litterarum
1885 3978 2109 4028 nostra—

466 4083 597 4121 rum
630 4084 777 4132 quas
797 4066 901 4120 tibi
927 4065 1222 4129 misimus,
1251 4064 1752 4128 determinetur,te
1778 4062 2106 4131 adjutorem

465 4158 522 4208 et
541 4157 969 4222 cooperatorem
993 4151 1290 4205 adhibeas.
1314 4152 1474 4214 Quod
1500 4151 1736 4220 quidem
1760 4148 2107 4204 sollicitudi-

466 4242 558 4294 nis
584 4240 870 4302 studium,
893 4238 1124 4293 etiamsi
1148 4236 1506 4308 apostolatus
1528 4236 1710 4290 nostri
1734 4236 1945 4293 litteris
1967 4256 2107 4310 prte-

466 4328 726 4383 monitus
775 4343 889 4381 non
938 4341 1120 4392 esses,
1174 4329 1464 4395 oporteret
1513 4327 1706 4379 tamen
1740 4326 2103 4381 devotionem

464 4421 625 4473 tuam
656 4416 1008 4487 impendere,
1041 4413 1355 4485 ipsumque
1385 4412 1830 4469 Laudunensem
1879 4415 2101 4486 episco-

2220 3268 2402 3323 lutem
2433 3272 2491 3322 et
2522 3266 2901 3338 apostolicam
2932 3268 3427 3325 benedictionem.

2292 3356 2575 3419 Quoniam
2608 3357 2679 3410 ad
2712 3356 3097 3411 universalem
3131 3357 3357 3423 sedem,
3389 3356 3479 3412 cui
3510 3355 3678 3411 divina
3700 3367 3790 3425 pro-

2218 3445 2473 3499 videntia
2498 3445 3310 3517 prmsidemusdacrymabilis
3330 3452 3387 3501 et
3406 3445 3646 3502 inaudita
3663 3440 3793 3498 eccle-

2218 3534 2320 3589 siae
2342 3534 2536 3589 Sancti
2563 3533 2751 3588 Menni
2780 3533 3148 3604 querimonia
3184 3542 3277 3591 est
3308 3526 3793 3606 allata,sanctissimi

2219 3621 2441 3678 scilicet
2469 3621 2597 3691 ejus
2630 3621 2893 3691 corporis
2950 3622 3219 3677 absentia
3280 3623 3555 3691 desolata,
3585 3618 3792 3675 domibus

2220 3724 2452 3780 quoque
2474 3712 2531 3763 et
2549 3707 2772 3763 caeteris
2788 3708 3064 3764 omnibus
3090 3709 3457 3783 bonisimpie
3471 3714 3525 3765 et
3549 3710 3657 3764 sine
3676 3714 3792 3760 more

2218 3798 2532 3867 denudata,
2555 3795 2845 3868 lacrymas
2870 3814 2977 3853 nos
2995 3801 3051 3852 et
3074 3798 3404 3854 Romanam
3431 3798 3671 3853 funderet
3687 3790 3795 3861 cogit

2218 3884 2726 3940 Ecclesiam.Unde
2749 3885 3093 3940 fraternitati
3118 3891 3231 3941 tua:
3254 3888 3514 3958 rogando
3529 3882 3791 3939 curavimus

2220 3974 2498 4028 mandare
2530 3977 2596 4027 ut
2625 3988 2838 4043 corpus
2897 3974 3255 4029 sanctissimi
3316 3976 3425 4029 viri
3483 3974 3550 4029 ab
3587 3972 3793 4043 episcopo

2216 4060 2732 4117 Catalaunensium
2765 4079 2799 4116 a
2820 4063 3055 4134 propria
3076 4064 3213 4119 sede
3234 4065 3594 4135 deportatum
3613 4050 3791 4126 et,quod

2215 4149 2652 4221 lacrymabilius
2675 4156 2782 4217 est,
2808 4151 3067 4206 eruentis
3089 4157 3455 4207 armatorum
3475 4149 3697 4205 militum
3709 4155 3794 4197 ma-

2217 4237 2410 4308 nibus,
2434 4238 2592 4293 velut
2617 4239 2675 4293 in
2701 4243 2926 4309 partem
2950 4240 3524 4310 praedae,discissum,
3546 4238 3607 4292 ad
3625 4230 3795 4307 propri!

2216 4327 2404 4382 redire
2427 4331 2648 4382 remota
2671 4329 2831 4382 omni
2854 4328 3246 4384 excusationis
3269 4328 3632 4384 simulatione
3644 4318 3792 4377 faciu-

2217 4416 2586 4471 Eversionem
2620 4432 2853 4487 quoque
2884 4417 3192 4472 domorum
3215 4423 3274 4472 et
3297 4417 3662 4488 direptionem
3680 4410 3796 4463 εᾶεῒθ·

465 4524 626 4578 pum,
652 4507 789 4577 quia
802 4505 1189 4577 parochianus
1209 4508 1347 4558 tuus
1369 4504 1554 4570 est,ad
1577 4502 1685 4558 hoc
1704 4505 2099 4576 peragendum
2133 4519 2179 4582 Ι)
2216 4521 2411 4559 rerum
2445 4504 2754 4572 bonorum,
2788 4505 3177 4575 sicutjustum
3206 4511 3298 4561 est
3320 4511 3378 4561 et
3402 4504 3641 4561 officium
3659 4490 3794 4565 magi-

459 4595 721 4650 incitare.
750 4595 873 4649 Non
899 4592 1320 4663 dubitetigitur
1347 4591 1655 4664 prudentia
1685 4597 1784 4646 tua
1831 4592 1990 4647 hunc
2019 4592 2102 4647 la-

459 4685 656 4740 borem
677 4683 932 4753 arripere
954 4698 1132 4754 seque
1155 4699 1256 4752 pro
1279 4682 1448 4736 domo
1478 4679 1653 4735 Israel
1674 4696 1909 4735 murum
1930 4697 2103 4752 oppo-

461 4790 617 4829 nere.
639 4773 706 4826 Et
728 4772 864 4844 quia
882 4771 1055 4827 ofﬁcii
1079 4771 1163 4824 tui
1185 4776 1272 4827 est
1295 4786 1493 4841 pacem
1518 4768 1779 4840 diligere,
1804 4768 1957 4823 sicut
1978 4770 2102 4839 jam

461 4867 515 4916 te
528 4860 742 4933 saepius
755 4862 825 4915 ad
836 4860 1409 4925 monuimus,iterum
1427 4859 1812 4913 admonemus
1828 4862 1891 4911 ut
1905 4873 2103 4928 pacem

460 4968 595 5007 cum
613 4950 957 5005 charissimo
980 4952 1177 5003 nostro
1194 4948 1341 5001 duce
1362 4946 1672 5001 Godefrido
1699 4946 1937 5000 studeas
1954 4962 2105 5000 com-

461 5055 697 5113 ponere.
719 5038 1113 5094 Periculosum
1136 5042 1224 5091 est
1244 5035 1397 5089 enim
1412 5034 1731 5089 Ecclesiam
1756 5040 1917 5088 tuam
1943 5038 2105 5089 tanto

461 5128 800 5186 discrimine
816 5126 913 5181 fati
923 5126 1045 5198 gari
1060 5130 1117 5181 et
1130 5124 1297 5179 nobis
1314 5123 1391 5177 im
1402 5122 1779 5195 portabiletot
1791 5121 2107 5179 accusatio-

463 5217 639 5273 nibus
672 5215 913 5289 pulsari.

1212 5321 1348 5378 XLI.

464 5428 766 5501 Alexandri
811 5432 865 5485 II
896 5431 1129 5501 epistola
1177 5432 1255 5484 ad
1276 5428 1591 5484 Gervasium
1622 5428 1934 5483 Remensem
1959 5432 2009 5482 ct
2037 5423 2107 5482 ad

538 5500 935 5567 Senonensem,’
980 5502 1432 5572 archiepiscopos,
1491 5516 1780 5572 eorumque
1825 5501 2103 5571 suffraga-

535 5584 686 5637 neos.
720 5601 787 5612 -
819 5572 1053 5629 Causam
1082 5571 1326 5631 divortii
1342 5576 1487 5628 inter
1525 5571 1833 5646 Radulfum
1859 5572 2108 5628 comitem

2214 4593 2373 4648 sterii
2396 4592 2480 4647 tui
2505 4593 2759 4659 decet,ut
2781 4595 3093 4649 emendare
3114 4595 3439 4665 compellas
3460 4611 3525 4649 ex
3546 4595 3683 4663 parte
3700 4587 3795 4638 bea-

2212 4685 2408 4735 torum
2440 4680 2837 4752 apostolorum
2864 4682 3014 4737 Petri
3034 4686 3091 4737 et
3111 4682 3276 4738 Pauli
3302 4679 3797 4755 prmeipiendoman-

2216 4769 2450 4823 damus.
2484 4769 2647 4833 Quod
2683 4769 2731 4825 si
2764 4770 3063 4825 sententia:
3094 4776 3329 4839 nostra),
3391 4772 3508 4825 imo
3550 4762 3797 4833 tuajusti3

2216 4856 2646 4924 deliberationi,
2682 4874 2884 4929 parere
2942 4858 3217 4926 noluerit,
3277 4860 3443 4931 virga
3488 4850 3798 4926 magistratus

2215 4946 2303 5000 tui
2393 4962 2460 5000 ex
2523 4946 2870 5001 auctoritate
2936 4948 3121 5002 sancti
3202 4948 3377 5015 Petri,
3458 4937 3799 5002 ardentissime

2216 5033 2474 5091 feriatur.

2928 5125 3129 5196 (XLIII.

2585 5214 2659 5269 De
2687 5215 2951 5285 episcopis
2970 5214 3181 5270 duobus
3209 5214 3485 5286 depositis.

2488 5303 2949 5375 (Fragmentum.
2982 5334 3037 5343 —
3078 5308 3245 5358 Anno
3275 5299 3593 5358 1062-1067.

2635 5390 2869 5459 [MANSI,
2904 5391 3090 5447 Concil
3119 5391 3260 5459 XIX,
3292 5392 3445 5461 978.)

2288 5477 2561 5535 Ernolfus
2591 5480 2992 5550 Santonensis,
3025 5479 3083 5534 in
3118 5478 3379 5547 Francia,
3413 5484 3468 5534 et
3488 5473 3693 5533 Landus
3709 5470 3791 5521 Nu-

2222 5570 2476 5641 cerinus,
2507 5568 2567 5625 in
2599 5568 2783 5640 Italia,
2814 5569 3091 5644 episcOpi,
3124 5568 3327 5627 multis
3358 5553 3789 5641 certisquecrimi-
