3962 6158
200 262 352 322 1321

1359 279 1757 342 EPISTOLxE
1801 284 1902 344 ET
1950 287 2023 344 Dl
2038 288 2426 353 PLUMATA.

3443 313 3596 371 1322

197 393 371 451 nibus
395 400 670 467 accusati,
703 402 868 475 alter,
901 407 1054 476 quod
1085 408 1462 467 ecclesiarum
1496 413 1840 470 ccclesiasti-
1867 419 1922 483 Α
1953 434 2186 476 summa
2217 426 2271 476 et
2301 425 2639 498 principalis
2667 434 2790 484 erat
2821 431 2974 488 inter
3010 435 3348 508 episcopum
3400 444 3460 496 et
3503 443 3604 498 ab-

201 499 395 508 M_.___
439 488 635 508 ,μη-η
1017 496 1051 508 ..
1261 499 1315 508 Α.
1469 501 1478 508 .
1695 504 1704 508 -
1954 507 1961 508 γ

199 499 400 540 corum
433 488 704 546 ordinum
737 496 1229 552 consecrationem
1259 499 1584 572 Simoniace
1615 508 1672 558 et
1692 504 1841 559 inter

191 573 454 629 veniente
474 578 720 647 pecunia
735 581 950 650 fecerit;
985 583 1307 656 alter,quod
1331 589 1589 645 ofﬁcium
1615 593 1685 646 ab
1707 609 1840 664 apo-

189 661 392 717 stolico
413 663 916 725 sibiinterdictum
941 677 1401 746 praesumpserit,
1428 680 1839 745 convicti,sunt

189 751 455 820 synodali
476 753 703 824 judicio
733 758 1002 830 depositi,

923 867 1105 924 XLIV.

186 945 499 1021 Maeandri
525 951 574 1005 II
610 952 838 1021 cpistola
893 955 963 1008 ad
1021 957 1336 1014 Gervasium
1383 963 1697 1018 Remensem
1741 981 1834 1018 ar-

258 1017 785 1101 chiepiscopum,_——
806 1025 1196 1101 ABlaudinensis
1226 1039 1278 1086 et
1327 1034 1560 1089 alterius
1592 1017 1838 1091 caenobii

258 1095 558 1214 ξηῖαδονεις,
588 1095 702 1149 nisi
729 1098 935 1152 rationi
955 1102 1320 1171 acquiescant,
1370 1109 1839 1163 excommunicari

261 1174 320 1214 tu
359 1169 414 1214 et

249 1169 414 1228 jubet

750 1254 940 1325 (Anno
991 1259 1266 1333 1064-67.)

609 1341 824 1407 [ΜΑΝεΙ
850 1343 1051 1401 Concil.
1085 1348 1232 1414 XIX,
1253 1351 1402 1422 953.]

254 1430 598 1481 ALEXANDER
627 1430 954 1502 episcopus,
989 1451 1188 1491 servus
1212 1455 1510 1494 servorum
1531 1441 1651 1508 Dei,
1685 1447 1832 1498 Gan-

183 1528 343 1567 vasm
376 1514 644 1572 Remensi
676 1519 1137 1596 archiepiscopo,
1171 1527 1420 1583 salutem
1455 1534 1510 1583 et
1558 1532 1834 1602 apostoli-

178 1615 310 1656 cam
343 1601 827 1662 benedictionem.

253 1690 408 1745 Licet
462 1691 907 1752 Carnotensium
941 1717 1199 1769 causam,
1247 1709 1446 1760 contra
1479 1713 1830 1779 praeceptum

168 1781 395 1834 sanctae
420 1781 748 1850 apostolicae
786 1786 943 1840 sedis
967 1793 1026 1842 et
1048 1789 1309 1858 pristina:
1332 1795 1703 1852 rectitudinis
1724 1801 1836 1852 tuae
1867 1782 1914 1846 B

176 1864 394 1934 zelum,
414 1869 953 1938 reprehensibiliter
973 1875 1295 1946 neglexisse
1318 1883 1598 1952 proberis,
1613 1888 1831 1953 tamen,

175 1954 318 2024 quia
346 1957 555 2011 messis
589 1961 772 2014 multa
799 1966 853 2016 et
876 1965 1118 2032 cperarii
1151 1968 1338 2037 pauci,
1388 1971 1458 2024 ad
1505 1971 1835 2030 deﬁnienda

175 2043 573 2101 ecclesiastica
605 2048 834 2120 negotia
864 2067 990 2122 qua:
1023 2054 1191 2109 nobis
1218 2056 1556 2115 deferuntur
1586 2063 1832 2132 pruden-

175 2133 325 2187 tiam
356 2139 521 2189 tuam
553 2136 723 2191 nobis
754 2142 1205 2211 cooperatricem
1255 2161 1382 2202 esse
1435 2150 1825 2220 exposcimus.

175 2221 558 2278 Prasentium
577 2224 774 2297 itaque
794 2228 1094 2299 portitoris
1114 2231 1520 2304 lacrymabiles
1542 2239 1830 2309 querimo-

171 2310 308 2365 nias
337 2312 664 2385 audientes,
695 2319 1185 2388 compassionem,
1219 2326 1285 2376 ut
1331 2326 1613 2395 oportuit,
1663 2327 1825 2382 exhi-

173 2398 433 2454 buimus.
451 2400 952 2473 Deploravitenim
977 2423 1038 2462 se
1053 2407 1270 2465 honore
1294 2414 1538 2484 proprias
1559 2414 1823 2485 abbatize,

169 2485 356 2542 altero
385 2489 712 2546 Simoniace
730 2493 1576 2572 subrogato,privatum,seque
1603 2503 1820 2560 nullam

165 2574 309 2630 inde
347 2577 645 2647 justitiam
705 2583 982 2654 consequi
1029 2586 1310 2655 potuisse.
1362 2589 1606 2646 Litteras
1646 2594 1821 2648 etiam

167 2664 582 2722 Blandinensis
613 2670 860 2724 ccsnobii
910 2672 1077 2728 nobis
1123 2675 1321 2730 attulit
1377 2679 1528 2747 quod
1581 2681 1820 2751 quidam

167 2753 511 2810 Everelmus
537 2759 957 2814 monasterium
994 2759 1136 2816 illud
1167 2763 1492 2821 simoniace
1521 2767 1816 2838 invaserit,

163 2842 476 2914 ipsiusque
507 2844 658 2900 bona
678 2846 879 2916 ejectis
900 2849 1202 2906 monachis
1223 2853 1293 2907 ad
1318 2854 1566 2910 nihilum
1587 2859 1820 2930 redege-

165 2930 271 3000 rit,
301 2931 598 3002 vitamque
629 2949 796 2988 suam
820 2935 1123 2992 adulteriis
1136 2940 1430 3013 variisque
1451 2944 1818 3016 criminibus,

166 3017 328 3073 ultra
355 3019 676 3076 humanam
699 3026 1203 3095 consuetudinem,
1228 3029 1515 3100 polluerit.
1542 3035 1824 3092 Admone-

165 3123 309 3162 mus
339 3109 536 3179 itaque
557 3108 902 3166 charitatem
933 3116 1096 3168 tuam
1127 3119 1191 3170 ut
1221 3123 1536 3190 utrumque
1589 3122 1816 3180 invaso-
1850 3143 1892 3209 ρ

163 3211 297 3252 rem
329 3197 658 3266 convenias,
694 3204 768 3265 et,
803 3200 851 3255 si
885 3217 977 3257 res
1007 3203 1090 3257 ita
1109 3210 1216 3268 est,
1243 3205 1392 3262 hanc
1413 3214 1818 3283 praesumptio-

164 3301 307 3340 nem
340 3284 399 3339 in
431 3286 698 3356 partibus
727 3288 844 3344 illis
896 3289 1143 3348 ulterius
1193 3293 1334 3350 locis
1391 3301 1822 3359 venerabilibus

162 3375 375 3429 obesse
405 3391 518 3429 non
551 3377 876 3447 permittas.
938 3380 1098 3442 Quod
1152 3383 1200 3437 si
1254 3385 1473 3455 praefati
1523 3389 1820 3446 invasores

163 3462 460 3518 canonicis
492 3463 699 3520 rationi
733 3467 1104 3538 acquiescere
1129 3477 1676 3545 contempserint,et
1697 3481 1822 3550 qui-

161 3551 285 3606 bus
314 3551 600 3607 debentur
627 3553 756 3624 ip‘sa
785 3558 1140 3613 monasteria
1168 3560 1460 3619 dimittere
1508 3565 1818 3634 noluerint,

164 3644 485 3696 nostraeos
510 3641 828 3713 apostolica
852 3645 1194 3702 auctoritate
1212 3652 1455 3707 studens
1478 3669 1610 3708 cum
1632 3656 1820 3711 omni-

171 3727 293 3782 bus
321 3727 646 3784 fautoribus
677 3730 801 3786 suis
831 3737 1356 3793 excommunicare.

916 3839 1081 3895 XLV.

165 3921 482 3978 Alexandri
510 3924 562 3978 II
596 3925 826 3996 epistola
881 3927 951 3982 ad
1004 3931 1320 3988 Gervasium
1363 3936 1674 3994 Rcmensem
1721 3955 1818 3995 ar-

240 3995 674 4066 chiepiscopum.
705 4027 774 4038 —-
808 3999 930 4054 Cur
957 4007 1348 4059 monasterium
1393 4006 1706 4066 Corbeiense
1753 4011 1820 4067 ab

243 4068 494 4138 episcopo
515 4069 802 4123 exemerit.

736 4159 930 4224 (Anno
975 4161 1257 4236 1064-67.)

598 4245 808 4316 [MARS]
834 4248 1045 4303 Concit.
1077 4249 1219 4320 XIX,
1248 4253 1398 4323 957.]

239 4333 586 4387 ALuANosR
615 4334 945 4406 episcopus,
981 4353 1181 4394 servus
1213 4356 1510 4398 servorum
1544 4344 1664 4410 Dei,
1707 4347 1822 4402 fra-

164 4420 244 4474 tri
270 4418 839 4489 Gsavasio,salutem
857 4428 914 4479 et
929 4425 1307 4495 apostolicam
1332 4429 1814 4490 benedictionem.

1950 507 2165 573 batem,
2200 513 2476 569 canonice
2505 515 2561 569 in
2607 518 2850 574 concilio
2910 507 3242 579 discussam
3292 527 3444 583 scias
3493 546 3601 586 nos

1949 597 2180 664 penitus
2213 603 2975 681 terminasse,eumdemque
2991 611 3328 684 episcopum
3353 616 3523 674 nobis
3543 623 3602 675 et

1949 690 2161 739 sanctae
2193 687 2467 745 Romanae
2499 709 2561 746 er
2591 696 2922 765 apostolicae
2943 699 3087 767 sedi,
3115 701 3208 756 cui
3230 702 3346 759 Deo
3366 710 3602 765 auctore

1947 773 2350 845 praesidemus,
2384 795 2579 836 coram
2613 782 2892 841 fratribus
2921 791 2979 842 et
3000 789 3361 863 coepiscopis
3381 796 3600 854 nostris

1947 860 2301 919 satisfecisse
2332 865 2391 920 in
2424 869 2665 939 synodo,
2698 870 3012 945 ipsumque
3055 860 3156 945 pro
3206 860 3601 939 inobedientia

1945 964 2050 1003 sua
2081 967 2434 1023 suspensum
2468 956 2650 1014 fuisse
2681 959 2752 1014 ab
2784 961 2993 1018 officio.
3025 963 3241 1020 Caetera
3270 972 3491 1040 autem,
3525 971 3598 1026 de

1946 1038 2160 1107 quibus
2191 1042 2370 1099 abbas
2402 1047 2801 1118 conqueritur,
2847 1052 3200 1109 mandamus
3248 1038 3597 1116 fraternitati

1945 1129 2055 1180 tua:
2087 1132 2152 1182 ut
2180 1131 2406 1199 audias,
2443 1139 2518 1201 et,
2551 1139 2874 1194 secundum
2897 1141 3049 1211 quod
3075 1141 3419 1213 tibijustum
3439 1146 3596 1204 vide-

1943 1213 2122 1285 bitur,
2157 1218 2422 1277 deﬁnias.
2479 1222 2747 1280 Cbrisma
2793 1243 2924 1283 vero
2983 1233 3042 1284 et
3089 1230 3486 1289 ordinationes
3543 1235 3595 1292 si

1943 1304 2254 1377 episcopus
2287 1309 2496 1379 spiritu
2529 1314 2813 1385 superbiae
2846 1315 3084 1374 inﬂatus
3131 1319 3270 1376 dare
3316 1320 3590 1392 noluerit,

1945 1397 2144 1448 nostra
2187 1393 2423 1453 licentia
2468 1403 2705 1471 praefato
2756 1406 3111 1461 monasterio
3175 1411 3459 1465 concedas
3537 1417 3594 1468 et

1943 1479 2000 1532 in
2057 1483 2328 1540 omnibus
2375 1490 2621 1560 negotiis
2688 1492 2970 1549 auxilium
3035 1499 3146 1550 tuaa
3203 1498 3588 1569 protectionis

1941 1568 2237 1628 exhibeas.

2673 1669 2860 1725 XLVI.

1946 1748 2257 1823 Αιεςεᾳηᾴνί
2288 1752 2338 1806 Il
2372 1755 2598 1823 epistola
2650 1759 2723 1812 ad
2770 1759 3084 1816 Cercusium
3137 1763 3452 1820 Remensem
3499 1782 3592 1822 ar-

2014 1817 2435 1906 chiepiscopum.
2469 1854 2538 1906 οῖ
2573 1825 2746 1906 Monet
2774 1838 2834 1906 ut
2879 1817 3476 1906 controversumque,"
3502 1817 3594 1892 "iu

2015 1892 2406 1976 interr'leriws
2453 1897 2598 1976 citra
2644 1899 2921 1976 affectum;
2950 1913 3252 1976 componat.
3301 1892 3598 1976 Signiﬁcat

2013 1962 2299 2048 comitibus
2328 1979 2441 2048 esse
2469 1962 2750 2048 scriptum,
2780 1979 2848 2048 ut
2878 1962 3135 2048 Ecclesiae
3181 1976 3333 2032 Lmae
3358 1962 3593 2048 ;ati'sfa-L

2011 2035 2181 2096 ciant,
2213 2035 2294 2088 vel
2321 2036 2391 2089 ad
2410 2035 2680 2107 synodum
2706 2044 2956 2111 futuram
2985 2045 3168 2102 Romae
3219 2035 3587 2119 compareant.

2542 2128 2728 2197 (Anno
2809 2131 2989 2200 1067.)

2367 2213 2580 2283 [ΜΑΝει
2614 2216 2816 2272 Concit.
2839 2218 2984 2286 XIX,
3012 2221 3164 2290 953.]

1935 2314 2285 2371 ALEXANDEB
2313 2318 2642 2390 episcepus,
2675 2338 2880 2379 servus
2909 2341 3212 2380 servorum
3259 2329 3383 2387 Dei.
3431 2329 3588 2385 Gna-

1936 2419 2097 2457 vasro
2126 2404 2398 2461 Remensi
2433 2409 2888 2482 archiepiscopo,
2921 2413 3089 2468 fratri
3111 2415 3592 2486 charissimo,sa-

1935 2490 2112 2546 lutem
2145 2497 2201 2547 et
2227 2495 2603 2564 apostolicam
2638 2499 3122 2558 benedictionem.

2004 2579 2060 2634 Si
2085 2583 2442 2639 sacerdotale
2463 2586 2618 2656 quod
2643 2588 3130 2647 administramus
3149 2592 3406 2649 officium
3422 2610 3593 2651 men-

1933 2668 2010 2722 tis
2031 2667 2366 2741 integritate
2389 2677 2813 2746 pensemus,sic
2836 2694 2942 2733 nos
2965 2694 3098 2733 cum
3120 2679 3255 2736 filiis
3268 2683 3487 2738 nostris
3501 2683 3590 2739 in-

1931 2755 2180 2811 dividuzs
2209 2758 2513 2816 charitatis
2545 2763 2720 2818 debet
2750 2764 2915 2821 unire
2945 2768 3254 2824 concordia
3295 2775 3378 2841 ut,
3433 2770 3589 2828 sicut

1931 2848 2126 2915 patres
2158 2846 2214 2901 in
2249 2849 2504 2919 nomine,
2537 2851 2617 2906 ita
2656 2851 2864 2908 affectu
2917 2854 3235 2925 probemur
3281 2857 3340 2912 in
3391 2875 3585 2930 opere.

1931 2933 2180 3005 Ideoque
2210 2936 2614 2995 desideramus
2646 2946 2712 2995 ut
2740 2957 2888 3012 quos
2919 2942 3225 3000 diversitas
3267 2945 3586 3006 voluntatis

1930 3022 2003 3076 ab
2035 3021 2314 3080 alterutra
2360 3026 2665 3084 dilectione
2712 3030 2852 3086 facit
2897 3047 3026 3088 esse
3073 3033 3312 3102 divisos,
3360 3051 3461 3092 eos
3509 3036 3584 3094 ad

1932 3113 2300 3167 concordiam
2332 3115 2641 3172 redeuntes
2671 3117 2927 3175 charitas
2959 3121 3134 3176 faciat
3160 3139 3287 3178 esse
3313 3123 3372 3178 in
3394 3123 3584 3196 gratia

1933 3198 2146 3254 unitos.
2183 3201 2428 3258 Litteras
2458 3204 2654 3275 itaque
2683 3206 3011 3263 sanctitatis
3029 3214 3232 3265 vestris
3254 3211 3582 3282 suscipien-

1932 3291 2017 3342 tes
2048 3287 2218 3344 solita
2247 3289 2873 3364 diligentiarelegimus
2897 3295 2984 3361 ;in
3008 3297 3226 3367 quibus
3249 3299 3587 3355 contineba-

1932 3378 2029 3429 tur
2057 3377 2449 3433 controversia
2479 3396 2606 3451 quae
2637 3380 2791 3436 inter
2818 3399 2920 3438 vos
2961 3389 3016 3438 et
3073 3383 3315 3440 clericos
3356 3392 3584 3443 vestros

1930 3467 2066 3520 M.et
2083 3468 2148 3518 A.
2174 3465 2494 3536 (Manassem
2517 3473 2574 3524 et
2592 3470 2968 3542 Amadricum)
2981 3473 3252 3540 vertitur;
3277 3474 3580 3542 etdamna,

1933 3569 2060 3623 quae
2080 3557 2154 3607 Μ.
2187 3559 2244 3609 et
2277 3555 2339 3610 Η.
2373 3557 2636 3625 comites,
2661 3558 2924 3615 Ecclesiae
2954 3565 3160 3616 vestrae
3190 3567 3364 3633 atque
3407 3579 3582 3619 cano-

1934 3641 2082 3697 nicis
2110 3641 2386 3699 inferunt.
2423 3645 2585 3702 Unde
2616 3647 2741 3719 ipse
2771 3649 3070 3720 professus
3095 3667 3158 3706 es
3189 3655 3244 3706 te
3275 3650 3584 3724 antelega-

1933 3734 2023 3785 tos
2056 3736 2286 3788 nostros
2314 3737 2417 3788 aut
2446 3736 2863 3792 satisfaciendo
2893 3739 3200 3810 corrigere,
3233 3743 3335 3794 aut
3363 3739 3582 3812 plenis-

1933 3819 2081 3874 sime
2112 3837 2380 3892 purgare.
2405 3823 2768 3896 Quapropter
2787 3826 3156 3882 dilectionem
3181 3833 3344 3883 tuam
3364 3828 3585 3885 intente

1933 3907 2240 3964 hortamur
2259 3915 2326 3965 ut
2349 3918 2483 3968 ante
2509 3913 2733 3985 legatos
2751 3919 2982 3970 nostros
2995 3919 3057 3970 P.
3075 3921 3289 3972 sanctis
3308 3916 3585 3974 Romana

1932 3996 2198 4052 Ecclesia:
2215 3997 2723 4057 bibliothecarium
2735 4003 3359 4074 ,atqueV.cardinalem
3376 4006 3588 4079 presby

1933 4091 2145 4154 terum,
2178 4087 2227 4142 si
2259 4089 2370 4157 ipsi
2403 4089 2608 4146 adesse
2639 4093 2955 4164 potuerint,
2989 4093 3356 4166 congregatis
3379 4094 3588 4151 suifra-

1932 4176 2133 4246 ganeis
2162 4176 2304 4243 tuis,
2335 4179 2597 4236 admisso
2628 4180 2803 4235 etiam
2829 4181 3218 4250 Laudunensi,
3242 4182 3585 4240 cuiinstans

1933 4262 2230 4332 negotium
2263 4265 2771 4334 commiseramus,
2814 4267 3106 4341 episcOpo,
3163 4267 3247 4325 ita
3292 4270 3588 4343 aequitatis

1932 4347 2096 4404 lance
2120 4353 2467 4407 terminatur
2487 4359 2552 4409 ut
2569 4359 2777 4411 neutra
2797 4373 2932 4427 pars
2945 4357 3315 4428 deinjustitia
3329 4358 3587 4432 amplius

1931 4442 2222 4492 causetur.
2257 4439 2344 4494 llli
2372 4446 2589 4509 tamen,
2613 4444 2752 4514 quia
2779 4446 2850 4499 ad
2869 4445 3196 4501 beatissimi
3218 4445 3370 4501 Petri
3390 4462 3587 4502 sacra-

243 4507 546 4580 Privilegia
572 4510 813 4565 cmnobii
846 4511 1330 4582 Corbeiensis,ab
1348 4522 1812 4578 antecessoribus
1844 4509 1889 4573 Ι)
1917 4513 2230 4580 tissimum
2265 4544 2478 4600 corpus
2509 4537 2815 4598 venerunt,
2848 4532 2905 4586 in
2937 4549 3053 4602 quo
3083 4533 3262 4588 totius
3291 4532 3578 4589 Christia-

163 4595 388 4651 nostris
420 4596 693 4653 instituta
723 4599 1070 4672 antiquitus,
1125 4606 1348 4660 noverit
1377 4623 1483 4662 nos
1532 4614 1633 4664 tua
1676 4610 1821 4667 dile-

165 4683 284 4737 ctio
315 4684 695 4742 confirmasse
725 4691 803 4756 et,
837 4693 900 4742 ut
931 4689 990 4744 in
1023 4698 1368 4762 perpetuum
1401 4701 1526 4751 rata
1551 4697 1689 4765 sint,
1724 4717 1824 4754 au-

165 4771 435 4828 ctoritate
457 4781 795 4830 sanctorum
826 4777 978 4832 Petri
1009 4783 1066 4834 et
1097 4780 1260 4836 Pauli
1292 4783 1618 4842 roborasse.
1659 4789 1817 4853 Quod

165 4865 382 4915 nostris
406 4863 727 4920 sanctionis
757 4865 1013 4922 edictum
1046 4873 1099 4923 te
1131 4887 1363 4942 quoque
1393 4874 1696 4931 observare
1726 4893 1822 4932 vo-

165 4948 372 5005 lumus
401 4955 458 5006 et
487 4969 588 5023 per
617 4954 816 5009 omnia
844 4957 1137 5012 observari
1180 4960 1358 5016 facias
1407 4963 1502 5034 pia
1551 4965 1826 5021 sollicitu-

167 5039 310 5093 dine
342 5055 804 5098 commonemus.
834 5044 1117 5102 Miramur
1147 5053 1340 5104 autem
1373 5056 1484 5106 tuae
1507 5056 1824 5125 prudentiae

170 5126 354 5181 videri
386 5129 660 5199 praedicta
677 5131 978 5204 privilegia
999 5135 1296 5191 dissentiri
1323 5139 1709 5198 ecclesiastico
1731 5161 1823 5199 ca-

167 5216 330 5287 noni,
361 5233 494 5272 cum
525 5225 757 5276 constet
787 5224 939 5294 apud
973 5229 1030 5279 te
1061 5225 1205 5281 alias
1238 5244 1365 5284 esse
1420 5229 1576 5302 leges
1630 5232 1825 5288 Eccle-

166 5304 388 5360 siarum
423 5323 549 5378 quis
585 5313 728 5364 sunt
756 5311 1078 5382 generales,
1113 5318 1168 5369 et
1198 5315 1342 5372 alias
1386 5335 1513 5374 esse
1556 5336 1654 5375 eas
1698 5338 1825 5392 quea

170 5393 517 5463 specialiter,
553 5396 612 5451 in
646 5398 982 5471 privilegiis,
1017 5403 1370 5473 quibusdam
1392 5414 1826 5479 praerograntur

178 5481 448 5539 Ecclesiis
480 5485 550 5539 ad
586 5486 1040 5555 immunitatem,
1074 5508 1145 5545 ne
1175 5495 1574 5563 quorumlibet
1603 5497 1822 5569 impor-

172 5571 421 5631 tunitate
451 5575 1242 5650 patianturiniquietudines.
1266 5586 1511 5641 Causam
1537 5602 1824 5661 vero,qua:

491 5701 753 5790 Extruet.
799 5702 1057 5783 CXLVI.

1931 4613 2134 4668 uitatis
2164 4620 2253 4670 est
2284 4615 2583 4688 singulare
2613 4619 2925 4690 refugium,
2959 4619 3072 4675 sibi
3103 4621 3361 4676 sentiant
3379 4621 3587 4677 adesse

1932 4702 2268 4773 praesidium
2301 4721 2416 4774 quo
2447 4721 2550 4776 per
2579 4723 2683 4762 nos
2716 4723 2831 4762 non
2861 4707 3174 4763 videamini
3199 4708 3341 4764 moti
3375 4709 3449 4765 ad
3471 4708 3586 4765 ira-

1932 4790 2229 4856 cundiam,
2262 4793 2400 4863 quia
2429 4794 2478 4848 si
2524 4795 2924 4865 proximorum
2982 4796 3433 4853 necessitatibus
3484 4797 3587 4852 be-

1935 4877 2112 4949 nigna
2134 4887 2328 4935 mente
2347 4883 2982 4954 compatimur,nostris
3009 4883 3210 4956 procul
3235 4885 3411 4940 dubio
3434 4884 3585 4957 peti-

1936 4968 2195 5024 tionibus
2227 4970 2571 5027 clementem
2595 4973 2908 5028 Dominum
2932 4975 3274 5046 reperimus.
3309 4974 3396 5028 Ita
3424 4988 3583 5045 ergo,

1934 5058 2110 5112 frater
2138 5059 2486 5128 beatissime,
2512 5062 2679 5117 stude
2698 5067 3010 5134 quatenus,
3034 5063 3174 5118 dum
3197 5063 3268 5118 ad
3296 5062 3586 5134 synodum

1937 5145 2010 5200 ad
2043 5163 2221 5216 quam
2255 5165 2357 5218 pro
2385 5149 2673 5220 adjutorio
2730 5155 2943 5206 sanctis
2992 5151 3258 5208 Ecclesiae
3305 5151 3586 5206 invitatus

1938 5252 2020 5301 es,
2055 5234 2193 5301 Deo,
2226 5237 2561 5304 auxiliante,
2593 5239 2842 5304 veneris,
2877 5239 2948 5294 de
2978 5239 3072 5294 his
3118 5239 3441 5310 expeditus,
3501 5252 3588 5295 se-

1937 5324 2238 5379 lummodo
2271 5326 2340 5379 ad
2365 5326 2740 5382 ecclesiastici
2763 5327 2976 5399 negotii
2999 5344 3166 5383 vaces
3193 5326 3589 5399 concilium,et

1939 5420 2153 5468 sancta:
2185 5419 2296 5467 tua:
2330 5414 2640 5470 universali
2664 5417 2834 5470 matri
2858 5414 3220 5486 Ecclesiamt
3249 5416 3589 5488 prudentis-

1940 5501 2126 5557 simus
2157 5502 2494 5558 consiliator
2513 5508 2569 5557 et
2599 5503 2956 5559 fortissimus
2989 5509 3408 5578 propugnator,
3447 5521 3588 5562 con-

1939 5595 2029 5646 tra
2059 5589 2256 5650 hostes
2287 5608 2426 5649 suos
2447 5590 2684 5649 ultionis
2707 5596 2883 5671 atque
2904 5592 3261 5652 defensionis
3279 5593 3588 5672 impendas

3179 5721 3259 5822 η
