3962 6158
438 293 592 354 1323

1732 276 2188 338 ALEXANDRI
2238 274 2286 333 ll
2332 272 2564 332 ΡΑΡιΕ

3620 278 3726 342 im

454 423 758 482 auxilium.
784 418 1107 477 Comitibus
1139 418 1335 472 autem
1369 411 1506 479 illis,
1540 410 1640 483 qui
1673 408 1936 465 Ecclesiae
1958 412 2092 471 tuae,
2124 422 2179 486 Α
2209 422 2395 477 sancti
2423 419 2647 492 Angeli,
2682 419 2763 475 sic
2796 434 2900 490 pro
2932 417 3211 473 natalitiis
3256 435 3464 493 quoque
3504 426 3727 485 duodecim

453 515 833 570 adversantur
866 509 1080 563 iterum
1112 502 1479 574 scripsimus,
1513 505 1577 556 ut
1607 505 1705 555 aut
1729 504 1863 554 ante
1884 498 2104 570 legatos

441 607 684 659 nostros
715 598 871 655 mala
902 613 1028 668 qua:
1057 591 1322 649 Ecclesiae
1346 596 1458 646 tuae
1492 588 1820 645 intulerunt
1864 586 2103 642 satisfa-

449 692 666 747 cientes
685 687 859 760 digne
881 684 1248 742 emendando
1269 680 1692 752 corrigant,aut
1712 678 1781 733 ad
1809 676 2107 748 praefatam

453 778 740 851 synodum
774 774 934 831 omni
964 771 1303 845 posthabita
1326 769 1629 825 occasione
1654 767 1724 822 ad
1748 766 2105 837 responden-

451 869 595 924 dum
630 866 701 922 de
731 863 974 936 objectis
1018 861 1270 918 veniant.
1320 858 1427 915 Ubi
1489 858 1535 913 si
1576 854 1819 911 rebelles
1870 853 2105 922 fuerint,

453 956 608 1029 quod
636 955 865 1027 justum
894 952 1085 1007 visum
1117 947 1291 1004 fuerit
1321 947 1722 1015 decernamus,
1754 948 1813 999 et
1850 943 2107 997 officium

456 1048 724 1101 nostrum
757 1040 1077 1113 adimplere
1100 1055 1215 1093 non
1246 1032 1890 1092 omittemusJ’rafatos
1912 1035 2109 1085 autem

448 1134 677 1205 legatos
705 1135 908 1187 vestrm
943 1126 1285 1199 benignitati
1318 1126 1527 1180 iterum
1586 1122 2068 1177 commendamus
2095 1136 2108 1185 ;

448 1245 598 1302 quos
635 1230 831 1282 tamen
864 1238 898 1275 a
932 1216 1290 1274 fraternitate
1319 1218 1420 1270 tua
1447 1212 1688 1268 honeste
1718 1210 1955 1265 tractari
1995 1225 2111 1263 non

451 1318 825 1374 dubitamus.

1172 1375 1386 1431 XLVII.

452 1475 766 1535 Alexandri
822 1472 873 1526 II
943 1465 1306 1548 epistolaoad
1388 1465 1614 1519 Petrum
1705 1460 2114 1516 Antibarensem

1113 1552 1445 1609 epzscopum.

1081 1606 1267 1681 (Anno
1296 1606 1436 1662 1067
1454 1606 1489 1674 .>

459 1709 679 1777 [ΒΑειοΝ
713 1704 911 1759 Annal.
945 1701 1017 1756 ad
1050 1716 1186 1754 ann.
1246 1698 1404 1762 1062,
1461 1702 1602 1749 tom.
1656 1694 1747 1761 Xl,
1783 1709 1914 1764 pag.
1964 1691 2114 1761 344.]

536 1799 938 1859 ALEXANDDER,
973 1804 1174 1844 servus
1211 1800 1513 1841 servorum
1547 1783 1669 1848 Dei,
1712 1783 1897 1836 Pamo
1946 1796 2115 1834 vene-

457 1883 626 1940 rabili
659 1878 1097 1950 archiepiscOpo
1131 1871 1473 1929 Diocliensis
1505 1876 1680 1942 atque
1713 1868 2111 1924 Antibarensis

460 1971 753 2040 Ecclesiae,
786 1967 1036 2023 salutem
1064 1967 1401 2034 perpetuam
1432 1959 1491 2014 in
1509 1959 1754 2014 Christo.

528 2060 588 2115 Si
612 2062 873 2132 pastores
905 2053 1099 2109 ovium
1132 2049 1253 2105 sole
1273 2048 1524 2121 geluque
1546 2065 1648 2119 pro
1672 2046 1864 2120 gregis
1888 2045 1979 2101 sui
2008 2062 2107 2101 cu-

456 2150 650 2207 stodia
678 2147 770 2202 die
801 2162 866 2200 ac
898 2147 1063 2197 nocte
1097 2140 1300 2194 intenti
1325 2142 1666 2202 sunt,et,ne
1687 2154 1802 2207 qua
1818 2153 1886 2191 ex
1907 2136 1992 2191 eis
2009 2140 2110 2189 aut

462 2238 710 2295 errando
732 2237 929 2307 pereat
948 2235 1050 2287 aut
1069 2228 1270 2285 ferinis
1292 2226 1513 2282 laniata
1537 2226 1831 2281 morsibus
1853 2225 2103 2291 deficiat,

458 2326 643 2384 oculis
677 2339 909 2395 semper
937 2318 1319 2392 vigilantibus
1364 2316 1840 2387 circumspectat,
1887 2319 2106 2384 quanto

456 2417 670 2473 sudore
698 2416 1040 2484 quantaque
1061 2423 1201 2462 cura
1221 2407 1499 2461 debemus
1519 2421 1649 2460 esse
1672 2402 1980 2475 pervigiles
2002 2418 2108 2457 nos

457 2506 558 2578 qui
590 2508 855 2576 pastores
885 2499 1214 2554 animarum
1240 2511 1369 2550 esse
1395 2494 1650 2549 dicimur
1669 2494 1695 2548 ‘I
1717 2493 2108 2547 Attendamus

457 2594 643 2665 igitur
670 2594 737 2645 ut
763 2590 1105 2658 susceptum
1135 2584 1392 2639 ofﬁcium
1425 2582 1693 2637 exhibere
1731 2598 1869 2653 erga
1911 2586 2106 2635 custo—

460 2682 619 2738 diam
651 2676 1088 2735 Dominicarum
1120 2673 1314 2729 ovium
1348 2689 1463 2727 non
1495 2687 1815 2738 cessemus,
1841 2686 1912 2725 ne
1932 2669 1993 2724 in
2015 2669 2109 2724 die

461 2770 642 2826 divini
676 2765 963 2824 examinis
995 2779 1098 2835 pro
1129 2760 1354 2817 desidia
1384 2765 1584 2815 nostra
1615 2764 1749 2814 ante
1802 2774 2106 2813 summum

462 2859 760 2915 Pastorem
792 2851 1159 2925 negligentiae
1192 2866 1297 2904 nos
1342 2854 1535 2903 reatus
1591 2847 1899 2912 excruciet,
1955 2846 2109 2901 unde

462 2947 636 3002 modo
667 2942 905 3000 honoris
928 2937 1248 2995 reverentia
1277 2936 1428 2992 inter
1456 2940 1694 2991 czsteros
1735 2934 2108 2990 sublimiores

452 3034 815 3107 judicamur.
848 3029 1052 3102 Igitur,
1085 3024 1465 3081 dilectissime
1496 3025 1695 3093 frater,
1729 3022 2108 3096 petitionibus

461 3122 584 3179 tuis
605 3120 790 3193 justis
819 3121 1167 3182 annuentes,
1200 3113 1522 3186 apostolica
1543 3113 1887 3168 auctoritate
1908 3113 2104 3169 decer-

461 3212 661 3268 nimus
694 3213 759 3265 ut
785 3225 887 3281 per
915 3206 1095 3277 hujus
1126 3202 1411 3276 privilegii
1462 3203 1645 3258 nostri
1703 3202 1977 3275 paginam
2025 3203 2109 3257 sic

462 3298 901 3359 sanctissimam
932 3292 1319 3350 Diocliensem
1350 3291 1656 3347 ecclesiam
1679 3308 1813 3347 cum
1839 3291 2115 3346 omnibus

464 3385 857 3463 pertinentiis,
887 3382 1333 3438 Antibarensem
1365 3378 1668 3436 ecclesiam
1682 3397 1816 3436 cum
1839 3381 2115 3436 omnibus

469 3478 595 3535 suis
618 3472 1412 3548 pertinentiis,Eiaterensem
1436 3469 1742 3525 ecclesiam
1765 3485 1898 3523 cum
1922 3468 2113 3523 omni-

467 3567 581 3622 bus
613 3564 739 3620 suis
764 3560 1154 3635 pertinentiis,
1184 3558 1619 3614 Palecbiensem
1650 3557 1954 3613 ecclesiam
1980 3574 2113 3612 cum

472 3654 750 3712 omnibus
779 3650 905 3707 suis
935 3647 1322 3722 pertinentiis,
1354 3646 1764 3702 Suatinensem
1808 3646 2114 3703 ecclesiam

474 3758 608 3801 cum
640 3740 915 3798 omnibus
947 3737 1071 3794 suis
1101 3736 1493 3809 pertinentiis,
1518 3735 1919 3791 Scodriensem
1943 3734 2121 3790 eccle-

474 3832 625 3892 siam
646 3847 783 3888 cum
804 3828 1079 3884 omnibus
1101 3826 1225 3882 suis
1247 3824 2114 3897 pertinentiis,Dinastinensem

469 3921 777 3980 ecclesiam
791 3934 926 3977 cum
939 3915 1216 3972 omnibus
1239 3915 1366 3970 suis
1386 3913 2113 3986 pertinentiis,Polatinen-

470 4028 595 4068 sem
627 4007 934 4066 ecclesiam
964 4022 1098 4061 cum
1125 4004 1402 4060 omnibus
1430 4004 1552 4060 suis
1574 4004 1964 4075 pertinentiis,
1984 4004 2115 4059 Ser-

470 4100 738 4155 biensem
767 4094 1071 4151 ecclesiam
1091 4109 1225 4148 cum
1248 4092 1374 4147 suis
1396 4092 1784 4165 pertinentiis,
1810 4090 2114 4146 Bolonien-

473 4203 598 4244 sem
628 4184 933 4241 ecclesiam
967 4197 1100 4236 cum
1132 4180 1256 4236 suis
1280 4181 1667 4252 pertinentiis,
1699 4180 2114 4236 Tibuniensem

470 4274 774 4331 ecclesiam
790 4287 924 4327 cum
947 4268 1070 4325 suis
1092 4268 1842 4340 pertinentiis,monasteria
1865 4285 2114 4340 quoque,

469 4367 591 4420 tam
634 4361 972 4439 Latinorum
1022 4373 1200 4429 quam
1247 4357 1599 4429 Graecorum,
1651 4359 1769 4414 sive
1814 4358 2113 4414 Slavorum

470 4469 663 4520 cures,
695 4455 761 4507 ut
789 4447 942 4506 scias
972 4452 1031 4502 et
1056 4446 1178 4502 haec
1208 4448 1408 4503 omnia
1438 4465 1615 4504 unam
1639 4448 1954 4504 Ecclesium
1987 4464 2114 4504 esse

467 4548 642 4616 teque
671 4540 947 4598 omnibus
968 4535 1261 4609 praedictis
1292 4536 1434 4593 locis
1464 4537 1780 4609 episcopali
1834 4538 2116 4610 regimine
2145 4536 2192 4601 D

462 4649 733 4707 praeesse.

533 4722 783 4779 Pallium
807 4728 1002 4780 autem
1024 4721 1374 4781 fraternitati
1398 4724 1509 4775 tua:
1529 4736 1598 4775 ex
1623 4735 1781 4774 more
1802 4718 1871 4773 ad
1898 4718 2108 4774 missa-

456 4827 597 4868 .rum
628 4812 913 4868 solemnia
945 4813 1309 4877 celebranda,
1333 4812 1486 4867 sicut
1507 4809 1975 4865 antecessoribus
1992 4807 2110 4863 tuis

467 4916 810 4957 concessum
843 4906 950 4969 est,
984 4902 1380 4970 concedimus,
1411 4897 1676 4953 videlicet
1703 4897 1761 4951 in
1796 4896 1973 4951 natali
2006 4896 2109 4950 Do-

464 4991 631 5057 mini,
655 4990 1001 5063 Epiphania,
1026 5007 1187 5046 coena
1209 4986 1710 5053 Domini,Pascha,
1734 4986 2107 5056 Ascensione,

461 5078 835 5147 Pentecoste;
870 5081 953 5136 sic
985 5080 1162 5135 natali
1195 5077 1380 5135 sancti
1409 5074 1651 5131 Joannis
1678 5074 1971 5146 Baptistae,
2006 5090 2107 5128 na-

462 5168 565 5223 tali
596 5168 995 5240 apostolorum
1030 5169 1179 5225 Petri
1203 5173 1261 5223 et
1276 5165 1461 5233 Pauli,
1482 5168 1537 5219 et
1560 5169 1809 5235 quatuor
1834 5162 2109 5218 festivita-

462 5255 620 5313 tibus
649 5265 863 5315 sanctae
892 5260 1105 5328 Marini,
1136 5258 1359 5315 scilicet
1403 5254 1733 5324 Nativitate,
1785 5253 2106 5308 Annuntia~

463 5342 640 5412 tione,
671 5347 1097 5418 Puriﬁcatione,
1129 5344 1567 5418 Assumptione,
1599 5348 1655 5397 ct
1683 5344 1912 5398 duobus
1945 5342 2108 5400 festis

532 5468 611 5541 g1)
643 5470 896 5529 Confusa
927 5472 1204 5529 clausula:
1236 5470 1408 5527 verba
1439 5468 1520 5525 sic
1552 5468 1916 5539 disponenda
1938 5476 2103 5526 sunt:

465 5561 495 5615 (ξ
524 5539 653 5597 Dat.
687 5543 876 5599 Romae
906 5562 977 5600 xv
1035 5545 1157 5600 Kal.
1190 5542 1372 5615 April.
1394 5559 1461 5615 Ap.
1506 5558 1584 5595 m.
1636 5541 1787 5595 Petri
1840 5559 2000 5598 canc.
2050 5560 2103 5598 v.

460 5613 618 5678 dom.
667 5615 932 5689 Annopis
986 5616 1185 5671 Colon.
1239 5613 1527 5686 archiep.,
1618 5627 1771 5669 anno
1828 5631 1882 5667 v1
1943 5622 2101 5688 pont.

2213 510 2639 583 apostolorum,
2673 508 2855 564 natali
2885 506 3071 579 sancti
3104 508 3375 579 Gregorii,
3400 516 3449 566 et
3490 520 3729 574 sanctorum

2215 599 2399 672 Sergii
2432 605 2489 655 et
2519 597 2746 664 Bacchi,
2781 603 2839 652 et
2860 596 3169 653 festivitate
3190 597 3444 654 Omnium
3461 604 3729 669 Sanctorum,

2216 695 2391 760 atque
2422 687 2597 743 natali
2630 693 2749 757 tuo,
2782 693 2836 742 et
2869 685 3095 757 quoties
3126 686 3521 744 ordinationem
3546 692 3613 746 vel
3646 709 3731 749 con-

2216 778 2599 834 secrationem
2614 775 2993 831 ecclesiarum
3014 774 3390 830 celebramus.
3414 778 3732 837 llortamurita

2219 883 2329 938 que
2360 865 2700 920 charitatem
2734 869 2920 933 tuam,
2956 868 3021 918 ut
3050 879 3240 918 mores
3267 864 3385 918 vita:
3414 871 3511 920 tuas
3537 872 3655 922 tanto
3674 870 3731 924 hs

2220 956 2346 1010 nori
2377 954 2725 1010 conveniant
2755 959 3065 1023 quatenus,
3101 958 3329 1008 auctore
3381 953 3504 1019 Deo,
3543 959 3732 1029 exemplis

2218 1044 2528 1115 verbisque
2563 1043 2753 1115 possis
2784 1058 2912 1096 esse
2943 1042 3310 1112 conspicuus.
3365 1042 3483 1097 Vita
3507 1042 3647 1115 igitur
3677 1053 3733 1101 tua

2220 1133 2361 1188 filiis
2387 1134 2505 1187 tuis
2537 1132 2613 1187 sit
2644 1130 2867 1203 regula,
2900 1135 2963 1185 nt
2983 1131 3032 1185 si
3064 1147 3193 1201 quae
3220 1131 3479 1186 fortitudo
3504 1132 3555 1187 in
3582 1132 3736 1189 illisde-

2221 1222 2624 1294 prehenditur,
2658 1219 2715 1275 in
2748 1237 2817 1274 ea
2845 1219 3153 1292 dirigatur.
3185 1220 3294 1275 Cor
3318 1236 3445 1290 ergo
3472 1224 3610 1275 tuum
3624 1239 3738 1293 neque

2220 1327 2521 1383 prospera,
2554 1327 2680 1381 quae
2712 1306 3085 1380 corporaliter
3117 1308 3210 1364 hic
3241 1308 3599 1376 blandiuntur,
3626 1310 3739 1366 extol-

2220 1400 2364 1467 lant,
2398 1415 2588 1471 neque
2618 1398 2860 1454 adversa
2886 1397 3205 1467 adjiciant;
3240 1398 3336 1453 sed
3368 1397 3615 1469 quidquid
3653 1399 3739 1453 illud

2222 1489 2416 1555 fuerit,
2451 1490 2682 1544 virtutis
2714 1486 2963 1559 puritate
2994 1487 3278 1542 devincat.

2294 1577 2533 1632 Nullum
2568 1577 2719 1649 apud
2753 1580 2810 1631 te
2839 1575 3035 1631 locum
3065 1576 3171 1645 ira,
3207 1575 3421 1644 odium,
3445 1575 3742 1631 nullumfuror

2222 1665 2576 1721 indiscretus
2597 1664 2871 1720 inveniat.
2895 1667 3079 1718 Sacrae
3103 1664 3504 1720 benedictionis
3522 1668 3626 1736 tua,
3637 1664 3743 1736 justi-

2226 1772 2338 1826 que
2361 1754 2569 1825 judicii
2601 1772 2748 1826 opus
2780 1752 2941 1808 nulla
2970 1753 3300 1809 venalitatis
3331 1754 3626 1809 interventio
3650 1770 3743 1807 com-

2226 1843 2480 1900 mriculct
2532 1844 2619 1899 Sit
2648 1843 2707 1898 in
2742 1850 2796 1898 te
2825 1847 2882 1897 et
2911 1842 3046 1897 boni
3078 1845 3331 1915 pastoris
3360 1843 3593 1912 dulcedo,
3631 1842 3684 1897 sit
3716 1847 3747 1896 et

2214 1934 2438 2004 judicis
2459 1949 2656 1988 severa
2674 1930 3173 2002 districtio,unum
3193 1931 3552 2003 scilicetquod
3570 1931 3748 1985 innocen-

2220 2027 2309 2078 ter
2337 2021 2595 2076 viventes
2618 2022 2824 2091 foveat,
2853 2018 3011 2075 aliud
3038 2020 3196 2090 quod
3223 2020 3500 2092 inquietos
3518 2020 3748 2091 apravitate

2220 2115 2573 2182 compescat.
2606 2110 3039 2165 Misericordem
3076 2114 3131 2164 te
3164 2115 3399 2182 prout...
3429 2109 3752 2181 patiatur,pau-

2220 2200 2460 2271 peribus
2492 2199 2719 2267 exhibe,
2755 2198 3052 2270 oppressis
3082 2198 3343 2254 defensio
3399 2203 3489 2253 tua
3527 2198 3751 2261 subveniat,

2219 2289 2688 2360 Opprimentibus
2717 2290 2984 2342 modesta
3021 2289 3167 2342 ratio
3214 2288 3565 2343 contradicat.
3605 2285 3753 2341 Nullius

2218 2378 2422 2432 faciem
2456 2382 2658 2432 contra
2681 2376 2976 2447 justitiam
3008 2376 3283 2449 accipias.
3312 2375 3532 2432 Nullum
3574 2390 3749 2447 quaren-

2217 2471 2334 2523 tem
2365 2468 2523 2538 justa
2554 2465 2863 2539 despicias,
2892 2466 3159 2521 custodia
3187 2466 3246 2521 in
3279 2473 3334 2522 te
3363 2465 3618 2538 aequitatis
3638 2460 3750 2518 extol-

2216 2555 2321 2626 lat,
2356 2561 2420 2610 ut
2443 2573 2547 2611 nec
2569 2556 2730 2610 dives
2751 2555 3012 2627 potentia
3038 2571 3145 2609 sua
3162 2554 3386 2627 aliquid
3408 2554 3546 2627 apud
3558 2569 3637 2608 vos
3652 2557 3752 2605 extra

2217 2644 2369 2699 viam
2386 2645 2629 2700 suadeat
2646 2644 2887 2699 rationis
2909 2645 3250 2710 ardore,nec
3267 2659 3567 2716 pauperum
3578 2642 3753 2697 desesua

2217 2733 2393 2789 faciat
2410 2732 2713 2788 humilitas
2731 2733 3492 2806 desperare,quatenus,Deo
3512 2731 3752 2791 miserante,

2221 2821 2356 2877 talis
2387 2822 2581 2894 possis
2612 2823 2858 2878 existere
2891 2822 3124 2895 qualem
3158 2840 3327 2878 sacra
3362 2821 3518 2878 lectio
3562 2816 3753 2892 praecipit

2218 2911 2455 2965 dicens:
2502 2915 2733 2982 Oportet
2786 2913 3097 2983 episcopum
3138 2910 3639 2984 inreprehensibilem
3674 2920 3754 2960 esse.

2216 3001 2322 3055 Sed
2348 2999 2440 3055 his
2461 3001 2737 3057 omnibus
2770 3001 2851 3056 uti
2876 2999 3188 3057 salubriter
3204 3000 3423 3073 poteris
3445 3000 3487 3056 si
3504 2997 3752 3055 charitatem

2216 3089 2561 3161 magistram
2593 3088 2886 3158 habueris,
2948 3106 3125 3162 quam
3172 3091 3275 3162 qui
3321 3093 3539 3146 secutus
3582 3083 3757 3150 fuerit,a

2141 3163 2183 3231 C
2224 3182 2378 3233 recto
2409 3176 2724 3250 aliquando
2756 3177 2992 3233 tramite
3021 3194 3136 3233 non
3184 3178 3419 3235 recedit.
3466 3177 3604 3244 Ecce,
3647 3171 3758 3227 frater

2224 3266 2588 3336 charissime,
2622 3267 2775 3322 inter
2805 3265 2989 3321 multa
3020 3266 3133 3322 alia
3189 3267 3307 3323 ista
3350 3271 3481 3323 sunt
3523 3257 3756 3321 sacerdotii,

2223 3356 2338 3412 ista
2368 3361 2506 3411 sunt
2535 3355 2698 3428 pallii
2720 3362 3221 3427 ornamenta,quaa
3237 3358 3290 3414 si
3310 3356 3551 3412 studiose
3571 3354 3757 3410 observa-

2222 3446 2394 3512 veris,
2421 3446 2574 3516 quod
2605 3445 2743 3500 foris
2765 3445 3059 3517 accepisso
3080 3445 3558 3500 ostenderisintus
3579 3436 3756 3496 habebis.

2224 3535 2376 3590 Crux
2405 3535 2578 3590 etiam
2610 3539 2742 3590 ante
2774 3538 2849 3602 te,
2882 3533 3034 3589 sicut
3062 3540 3199 3589 ante
3232 3535 3639 3607 praedecessores
3677 3532 3757 3580 tuos

2225 3640 2329 3695 per
2357 3622 2707 3679 Dalmatiam
2740 3628 2795 3678 et
2827 3622 3185 3693 Slavoniam,
3218 3624 3434 3696 ubique
3461 3626 3667 3696 geratur.
3697 3618 3756 3669 Ar-

2226 3712 2719 3784 chiepiscopatum
2744 3728 2972 3784 quoque
3001 3712 3268 3767 Ecclesiae
3283 3718 3411 3780 tuas,
3425 3714 3575 3784 juxta
3595 3709 3757 3763 fortnam

2226 3808 2563 3857 sanctorum
2616 3803 3107 3874 praedecessorum
3157 3809 3504 3867 nostrorum,
3533 3817 3562 3854 a
3585 3805 3753 3868 quorum

2227 3891 2570 3945 auctoritate
2603 3907 2713 3945 non
2739 3891 2914 3946 debes
2944 3891 3238 3958 aberrare,
3263 3891 3606 3947 concedimus
3622 3889 3758 3940 etcen-

2226 3979 2552 4035 firmamus.
2586 3979 2801 4035 Sancta
2827 3980 3084 4036 Trinitas
3113 3982 3307 4053 gratia
3337 3998 3447 4037 sua:
3485 3970 3756 4051 protectionis

2227 4068 2646 4123 fraternitatem
2677 4073 2844 4124 tuam
2874 4069 3197 4125 circumdet
3223 4076 3397 4143 atque
3425 4069 3481 4123 in
3504 4062 3682 4121 timoris
3701 4055 3755 4112 sui

2224 4174 2327 4211 vos
2350 4156 2502 4211 viam
2537 4156 2771 4229 dirigat,
2804 4162 2867 4212 ut
2898 4162 3030 4229 pust
3057 4157 3239 4228 hujus
3266 4160 3393 4214 vitae
3412 4151 3756 4212 amaritudinem

2225 4246 2294 4300 ad
2329 4251 2604 4301 aeternam
2637 4245 2827 4317 possis
2857 4246 3036 4301 simul
3066 4246 3436 4304 dulcedinem
3467 4238 3711 4317 pervenire»

2298 4337 2449 4390 Bene
2478 4334 2683 4391 valete.

2296 4422 2549 4485 Subiacet
2577 4422 2662 4477 his
2691 4424 2959 4493 sigillum.
2994 4440 3188 4496 nempe
3217 4426 3453 4481 circulus
3503 4438 3529 4494 ᾳ

2225 4495 2285 4568 in
2312 4496 2560 4568 formam
2614 4496 2795 4568 crucis
2848 4511 2974 4550 cum
3029 4498 3255 4553 nomine
3305 4495 3529 4568 ejusdem
3561 4495 3718 4568 ροπιιμ

2223 4563 2528 4649 Alércandri
2551 4583 2709 4637 papae
2739 4567 2805 4637 II,
2838 4569 3198 4623 circumcirca
3228 4563 3483 4640 ejusmodi
3507 4563 3666 4619 habent
3704 4569 3754 4608 ιη’

2219 4647 2587 4708 scrtptzoncm.

2306 4732 2335 4791 Τ
2369 4742 2673 4781 ΕΧΑω-Ανιτ
2711 4743 2792 4781 ME
2830 4743 2977 4782 usus
3016 4744 3075 4782 IN
3113 4744 3356 4783 warm
3393 4739 3593 4781 BRACHI!
3621 4732 3702 4773 sm.

2290 4819 2419 4872 Post
2446 4814 2699 4883 sigillum
2729 4817 2837 4869 ista
2865 4817 3157 4887 subjicituc
3184 4815 3499 4887 subscriptio
3511 4817 3609 4884 post
3630 4805 3751 4858 nam

2219 4905 2478 4975 temporis
2495 4920 2507 4957 :

2292 4972 2674 5049 Pontificatus
2705 4992 2931 5047 domini
2978 4992 3289 5049 Alexandri
3320 4992 3389 5061 Il,
3418 5004 3559 5063 papae
3584 5001 3632 5050 ιι,
3657 4972 3750 5033 indi-
3818 4978 3826 4991 '

2220 5082 2408 5137 ctione
2438 5098 2538 5137 xu.

2290 5172 2504 5226 Datum
2538 5176 2733 5227 Romae
2764 5189 2834 5227 xv
2863 5171 2987 5227 Kal.
3025 5173 3206 5245 April.

2291 5260 2497 5315 Manus
2529 5260 2682 5315 Petri
2714 5260 3069 5331 cancellarii,
3099 5240 3743 5317 vicedominiAnnonisCo-

2218 5348 2501 5405 loniensis
2534 5349 2979 5421 archiepiscopi,
3012 5368 3165 5406 anno
3196 5355 3355 5406 sexto
3386 5346 3475 5420 (l).

2216 5474 2286 5530 D.
2319 5473 2626 5529 Alexandri
2660 5490 2821 5546 papae
2844 5477 2923 5546 ll,
2956 5475 3076 5530 ind.
3110 5493 3209 5530 xu.
3246 5497 3266 5523 ι
3305 5471 3510 5546 Ind.xu
3528 5455 3740 5546 manlio-ii“

2218 5546 2385 5618 falso,
2418 5550 2527 5612 est,
2562 5531 2779 5618 quippe
2805 5531 2932 5618 qua)
2968 5547 3043 5618 in
3094 5542 3394 5604 Alexandri
3438 5531 3735 5615 pontiﬁcatum

2217 5617 2457 5675 omnino
2485 5633 2600 5673 non
2632 5617 2924 5679 inciderit.
2955 5617 3151 5676 JAFFE.
