3996 6158
262 303 415 362 1325

942 436 1182 491 XLVIII.

260 522 564 579 .llcxandrz
591 540 754 595 papa:
785 527 837 581 II
863 527 1252 651 prii'ivilfgiuin
1278 543 1382 596 pro
1413 527 1640 580 ecclesia
1670 527 1724 581 S.
1757 528 1906 580 Petri

962 614 1064 651 nsu
1093 614 1230 651 01281.

962 614 1230 652 nsutensz.

931 688 1123 757 (Anno
1157 686 1339 757 1067.)

255 775 572 847 [Buzsum,
631 774 1099 843 Gallo-Flamma,
1134 782 1298 848 parte
1331 795 1368 843 1,
1413 775 1514 831 lib.
1541 795 1601 843 ιι,
1646 793 1702 848 p.
1733 777 1857 830 510.
1890 776 1907 846 ]

329 893 678 936 ALEXANDER
707 883 1040 954 episcopus,
1075 900 1274 938 servus
1307 900 1604 938 servorum
1636 883 1907 949 D8l,BAL-

258 987 439 1026 neruo
461 969 866 1026 illustrissimo
892 972 1266 1027 Flandrensis
1300 972 1548 1042 comitis,
1577 971 1824 1026 salutem
1857 975 1912 1024 et

257 1059 641 1132 apostolicam
679 1060 1163 1116 benedictionem.

331 1149 478 1213 Quia
509 1165 576 1203 ex
597 1149 940 1204 auctoritate
971 1149 1297 1222 apostolicae
1333 1150 1508 1217 sedis,
1542 1150 1656 1219 cui,
1679 1149 1809 1204 licet
1829 1149 1912 1203 in-

257 1238 439 1310 digni,
474 1238 589 1293 Deo
621 1243 875 1308 auctore,
909 1239 1309 1310 przesidemus,
1345 1239 1512 1293 nobis
1543 1239 1812 1292 imminet
1848 1243 1911 1292 ut

257 1329 662 1398 cujuscunque
707 1327 890 1398 justis
912 1328 1290 1398 petitionibus
1341 1328 1547 1383 merito
1597 1329 1910 1382 debeamus

262 1417 724 1487 annuere,petita
742 1432 872 1470 vero
887 1417 1260 1488 postmodum
1288 1417 1645 1471 firmissimis
1678 1422 1910 1487 aposto-

258 1506 379 1561 lica:
413 1506 776 1561 auctoritatis
810 1507 1280 1561 roborationibus
1312 1507 1695 1572 conﬁrmare;
1756 1507 1909 1576 quod

258 1596 330 1650 ab
351 1596 675 1667 apostolatu
710 1601 908 1649 nostro
940 1596 1283 1666 suppliciter
1315 1596 1536 1666 satagis
1568 1601 1761 1667 petere
1782 1595 1913 1648 cha-

259 1683 451 1739 ritatis
480 1683 654 1738 etiam
668 1687 780 1739 tum
800 1689 1066 1755 respectu
1089 1683 1350 1738 inclinati
1369 1683 1781 1738 liberalissime
1796 1701 1910 1738 non

272 1773 660 1873 de‘dignampr
689 1772 1212 1873 concedereLUnde.
1242 1772 1362 1828 haec
1384 1772 1708 1873 omnia'illa
1735 1789 1860 1870 qua:
1884 1789 1917 1826 a
1944 1809 1990 1873 Β

254 1861 537 1916 Balduino
561 1861 964 1918 Noviomensis
998 1861 1264 1916 Ecclesia:
1298 1863 1570 1932 episeopo
1593 1860 1906 1915 Islensiec-

257 1950 466 2017 etesias,
493 1967 670 2022 quam
694 1950 818 2021 ipse
841 1950 897 2004 in
923 1949 1140 2004 honore
1162 1951 1313 2005 beati
1341 1951 1487 2005 Petri
1507 1949 1904 2021 apostolorum

258 2038 541 2110 principis
568 2056 601 2094 a
645 2039 1025 2094 fundamento
1057 2039 1456 2105 eonstruxisti,
1493 2037 1788 2108 religionis
1820 2055 1908 2092 re-

249 2132 449 2199 spectu
510 2128 776 2194 remissa,
845 2144 1122 2183 concessa
1179 2133 1332 2193 sunt,
1394 2134 1478 2195 ut,
1538 2129 1597 2181 in
1655 2128 1782 2197 ejus
1815 2126 1906 2180 lit-

257 2216 399 2271 teris
427 2217 496 2271 ab
529 2231 594 2272 eo
623 2216 792 2271 nobis
824 2215 1022 2271 missis
1043 2216 1392 2283 continetur,
1431 2215 1751 2288 apostolica
1805 2232 1906 2269 au-

253 2304 518 2360 ctoritate
567 2306 1007 2371 confirmamus,
1061 2322 1163 2377 per
1193 2305 1370 2376 hujus
1410 2311 1617 2360 nostra:
1651 2304 1906 2358 conseri-

253 2393 472 2466 ptionis
503 2394 778 2465 paginam
812 2393 1225 2449 inviolabiliter
1253 2395 1719 2467 corroboramus,
1745 2393 1824 2447 ita
1846 2397 1909 2447 ut

253 2498 361 2538 nec
392 2484 671 2554 praefatus
702 2482 1032 2555 episcopus,
1079 2499 1181 2538 nec
1223 2483 1436 2554 aliquis
1499 2498 1742 2537 suorum
1774 2498 1906 2537 suc-

246 2589 568 2633 cessorum,
601 2589 714 2626 non
738 2572 913 2627 etiam
947 2577 1009 2626 tu
1064 2572 1209 2643 ipse,
1264 2571 1347 2626 vel
1407 2571 1621 2642 aliquis
1669 2576 1905 2625 tuorum

260 2665 651 2732 posterorum,
711 2677 815 2715 nec
865 2659 985 2715 ulla
1033 2659 1282 2732 alicujus
1315 2659 1662 2714 conditionis
1696 2676 1909 2731 magna

246 2748 336 2805 vel
397 2766 571 2822 parva
632 2766 882 2821 persona
933 2748 1244 2820 praelibatze
1266 2749 1526 2805 ecclesia:
1555 2750 1625 2804 de
1655 2748 1746 2803 his
1780 2765 1906 2818 qua:

256 2839 428 2893 modo
483 2837 593 2893 sibi
655 2843 794 2892 sunt
845 2843 972 2905 ate,
1009 2838 1094 2892 vel
1127 2839 1198 2892 ab
1221 2837 1352 2893 aliis
1383 2855 1680 2905 concessa,
1714 2855 1814 2893 seu
1848 2839 1907 2892 in

253 2932 554 3000 posterum
577 2927 966 2992 concedenda,
991 2926 1248 2998 aliquam
1263 2926 1570 2983 temerario
1595 2931 1911 2999 praesumat

255 3033 406 3071 ausu
431 3015 641 3072 inferre
665 3016 1014 3085 molestiam,
1047 3021 1146 3071 aut
1174 3033 1590 3088 quamcunque
1609 3017 1906 3086 injuriam.

260 3104 320 3160 Si
353 3123 507 3174 vero,
539 3105 696 3178 quod
719 3104 873 3160 absit
898 3104 909 3158 !
934 3110 1134 3159 contra
1157 3103 1334 3174 hujus
1359 3110 1568 3160 nostrae
1591 3105 1910 3159 institutio—

263 3195 360 3250 nis
392 3176 767 3266 praeeeptum,
794 3193 1008 3265 aliquis
1040 3193 1125 3248 vir
1154 3195 1478 3261 tentaverit,
1525 3199 1580 3248 et
1631 3193 1754 3248 loco
1813 3192 1910 3247 illo
1942 3176 1984 3241 C

275 3299 519 3338 suarum
549 3282 1151 3350 reruminvasionem,
1184 3281 1616 3349 alienationem,
1666 3297 1768 3335 seu
1826 3298 1923 3352 op-

267 3372 632 3444 pressionem
660 3371 872 3426 inferre
904 3370 1144 3425 molitus
1177 3371 1364 3436 fuerit,
1385 3369 1698 3441 apostolica
1733 3370 1921 3424 consi-

271 3461 572 3516 deratione
590 3461 870 3515 addentes
883 3460 1254 3531 praecipimus
1281 3465 1344 3514 ut
1365 3458 1446 3512 illi
1471 3460 1687 3530 quibus
1709 3459 1924 3528 injuria

260 3550 430 3606 illata
463 3549 635 3605 fuerit
658 3548 907 3604 liberum
931 3547 1387 3602 habeantlocum
1412 3546 1743 3618 apostolica:
1766 3546 1922 3601 sedis

267 3639 604 3712 appellandi
645 3637 958 3709 refugium.
993 3635 1270 3708 Quisquis
1301 3636 1480 3708 igitur
1502 3637 1679 3705 hujus
1713 3641 1921 3689 nostrae

256 3727 652 3784 institutionis
663 3726 1012 3782 temerarius
1025 3724 1268 3780 violator
1281 3725 1779 3789 l'uerit,beatorum
1796 3740 1928 3794 apo-

265 3817 556 3873 stolorum
590 3816 738 3870 Petri
769 3820 826 3870 et
855 3813 1035 3878 Pauli,
1061 3813 1173 3868 nisi
1205 3829 1308 3885 per
1336 3813 1545 3883 dignos
1575 3812 1922 3885 pcenitentize

256 3907 493 3962 fructus
525 3903 851 3976 resipuerit,
885 3902 1133 3975 gratiam
1147 3901 1511 3964 amittat.Qui
1534 3918 1664 3956 vero
1681 3901 1923 3955 devotus

263 3996 611 4051 observator
638 3993 944 4056 exstiterit,
971 3991 1200 4046 Christo
1231 3992 1398 4057 duce,
1441 3998 1496 4046 et
1535 3991 1700 4046 beato
1759 3990 1924 4044 Petro

261 4083 691 4149 intercedente,
725 4081 981 4153 antiquae
1011 4081 1422 4152 promissionis
1442 4087 1498 4135 et
1520 4097 1674 4136 novae
1697 4081 1923 4135 redem-

268 4173 496 4247 ptionis
528 4171 777 4244 patriam
811 4172 937 4224 sine
967 4171 1082 4224 fine
1115 4169 1427 4241 possideat.

346 4263 558 4317 Datum
593 4260 786 4315 Romae
811 4257 1080 4330 jussione
1113 4257 1333 4328 prasfati
1363 4256 1561 4310 domni
1597 4273 1757 4328 papae
1791 4257 1924 4311 Ale-

263 4351 483 4409 xandri
517 4350 946 4421 Il,permanum
972 4345 1274 4402 Rembaldi
1297 4345 1803 4400 subdiaconianno
1820 4349 1924 4398 Do-

262 4441 501 4497 minieae
537 4437 956 4494 Incarnationis
990 4435 1354 4502 1066,vrldus
1371 4432 1928 4504 Aprilis,indictione

267 4529 506 4602 quinta,
540 4544 694 4582 anno
729 4525 1101 4598 pontiﬁcatus
1131 4521 1439 4578 Alexandri
1470 4537 1628 4592 papas
1661 4527 1840 4576 sexto.

1062 4649 1246 4704 XLIX.

273 4741 590 4800 Alexandri
643 4757 801 4813 papae
858 4740 907 4795 11
963 4740 1113 4793 bulla
1141 4753 1237 4809 pro
1266 4737 1596 4792 monasterio
1628 4736 1930 4791 Casi'nensi.

959 4829 1146 4900 (Anno
1180 4826 1360 4895 1067.)

276 4922 507 4994 [Τοετι,
537 4919 716 4975 Storia
745 4919 890 4974 delia
923 4917 1082 4971 badz’a
1108 4918 1318 4981 Casia,
1351 4919 1494 4983 tom,
1531 4919 1572 4981 Ι,
1624 4931 1754 4985 pag,
1789 4915 1935 4985 422.]

354 5018 706 5063 ALEXANDER
735 5007 1063 5078 episcopus,
1099 5021 1628 5059 servusservorum
1655 5004 1752 5058 Dei
1783 5004 1937 5058 Desi-

273 5098 452 5156 derio
483 5097 692 5152 dilecto
723 5095 862 5165 filio,
898 5094 1089 5149 abbati
1129 5092 1476 5148 venerabilis
1508 5093 1751 5147 caenobii
1802 5092 1938 5146 almi

274 5188 478 5244 Patris
511 5185 830 5250 Benedicti,
861 5184 1014 5255 quod
1044 5187 1415 5253 nuncupatur
1445 5181 1609 5236 Mons
1640 5182 1938 5246 Cassinus,

273 5274 635 5347 cunctisque
667 5272 1098 5329 successorihas
1128 5273 1256 5340 ejus
1304 5269 1420 5324 illic
1480 5269 1822 5341 regulariter
1869 5271 1939 5325 ad

273 5366 552 5438 regimen
584 5360 968 5436 provehendis
992 5360 1049 5415 in
1075 5363 1442 5432 perpetuum.

355 5452 680 5510 Pastoralis
713 5450 1127 5507 sollicitudinis
1162 5453 1370 5504 nostris
1393 5448 1610 5502 bonum
1665 5447 1712 5501 si
1775 5447 1945 5503 debet

273 5543 623 5621 prospicere
659 5546 715 5596 et
763 5541 1042 5613 proficere
1099 5539 1375 5596 omnibus
1433 5535 1607 5593 etiam
1655 5538 1946 5594 extraneis

363 5633 445 5709 (1)
478 5632 662 5689 Lecus
687 5630 944 5688 obcurus

1423 306 1828 365 EPIS'I‘OL/E
1876 306 1974 364 ET
2020 307 2496 367 DIPLUMATA.

1933 443 1984 503 Α
2016 443 2071 492 et
2101 437 2460 511 longinquis,
2498 439 2683 494 multo
2718 439 2903 510 magis
2944 438 3281 494 domesticis
3331 442 3388 493 et
3437 437 3666 508 propin-

3509 307 3664 365 1326

2019 529 2168 598 quis.
2200 529 2351 598 lpsia
2383 528 2596 601 quippe
2620 529 2872 582 secundo
2899 528 3082 598 gradu
3108 533 3236 598 post
3260 533 3436 580 Deum
3465 526 3665 580 admo-

2017 617 2202 671 venda
2251 623 2338 671 est
2395 617 2706 671 invisibilis
2761 616 3035 682 charitas,
3088 620 3152 670 ut
3211 633 3310 687 per
3359 631 3478 684 eos,
3509 614 3669 669 velut

2020 707 2284 776 queedam
2345 705 2593 760 visibilis
2615 707 2876 774 flamma,
2907 705 3194 776 gradatim
3233 704 3302 758 ad
3328 703 3667 758 remotiores

2019 812 2282 865 quosque
2299 794 2731 849 discurrat.Piis
2760 792 3356 866 ergosloeisetdivina
3390 791 3670 864 religione

2029 884 2464 938 venerabilihus
2513 884 2718 938 debitae
2751 882 3170 938 consolationis
3213 886 3269 937 et
3318 879 3676 936 defensionis

2021 973 2341 1044 porrecturi
2369 990 2599 1039 manus,
2633 972 2800 1026 illum
2832 971 3055 1026 caeteris
3086 971 3509 1042 praeferendum
3554 987 3669 1024 non

2021 1061 2378 1134 ambigimus
2410 1078 2584 1132 quem
2630 1061 2963 1116 monasticae
3014 1077 3229 1114 normae
3281 1064 3508 1114 constat
3547 1075 3674 1114 esse

2021 1151 2339 1224 principale
2362 1151 2734 1222 gymnasium
2762 1154 2816 1203 et
2857 1152 3068 1203 sanetae
3111 1149 3382 1202 Romanae
3441 1153 3497 1201 et
3535 1163 3674 1216 apo-

2022 1240 2234 1295 stolicm
2266 1239 2389 1294 sedi
2411 1238 2772 1310 contiguum.
2799 1254 2971 1309 quem
2995 1237 3147 1291 cives
3170 1235 3436 1298 Romani,
3474 1239 3674 1289 Patres

2020 1328 2285 1383 videlicet
2325 1329 2541 1392 eximii,
2584 1327 2948 1394 Benedictus,
3010 1327 3248 1380 Maurus
3295 1329 3351 1378 et
3401 1323 3674 1378 Placidus

2023 1435 2156 1472 eum
2219 1417 2517 1471 nonnullis
2568 1417 2908 1480 fundarunt,
2970 1431 3264 1486 quemque
3312 1431 3344 1468 a
3402 1413 3676 1484 gentibus

2023 1507 2385 1560 destructum
2417 1505 2657 1559 Romani
2689 1505 2992 1575 pontifices
3023 1502 3410 1557 nihilominus
3437 1519 3544 1557 sua
3573 1519 3674 1556 au-

2023 1594 2780 1660 ctoritaterestruxerunt,et
2812 1592 3130 1664 privilegiis
3153 1590 3486 1663 apostolicae
3522 1589 3677 1646 sedis

2025 1683 2229 1737 merito
2261 1683 2483 1738 caeteris
2515 1682 2792 1738 cmnobiis
2824 1679 3206 1753 praetulerunt
3244 1685 3421 1750 atque
3478 1683 3680 1734 contra

2025 1770 2422 1841 quorumlibet
2494 1776 2797 1843 suapectas
2857 1769 3106 1841 injurias
3187 1769 3500 1824 efficaciter
3549 1785 3679 1822 mu-

2021 1862 2272 1914 nierunt.
2323 1862 2580 1923 Quorum
2669 1878 2773 1916 nos
2857 1880 3034 1918 sacrae
3095 1859 3460 1919 auctoritatis
3525 1861 3680 1914 sicut

2019 1954 2278 2020 tempore
2307 1956 2363 2002 et
2397 1949 2517 2003 loco
2549 1950 2943 2022 succedimus,
2988 1951 3074 2006 sic
3133 1970 3334 2008 eorum
3393 1951 3679 2024 exemplo,

2018 2043 2081 2093 ut
2138 2043 2383 2108 oportet,
2441 2038 2770 2106 innitimur,
2821 2046 2880 2096 et
2936 2058 3039 2112 per
3068 2041 3248 2113 hujus
3282 2048 3459 2098 notrzs
3483 2043 3681 2098 decre-

2015 2124 2149 2180 talis
2201 2126 2423 2198 paginze
2474 2131 2731 2182 tenorem
2788 2130 2916 2196 tibi,
2970 2130 3350 2188 dilectissime
3409 2133 3489 2188 fili
3526 2134 3678 2189 abba

2016 2213 2301 2278 Desideri,
2336 2215 2736 2283 concedimus,
2769 2218 3095 2272 secundum
3154 2220 3456 2292 privilegia
3514 2227 3675 2277 ante-

2015 2318 2316 2357 cessorum
2350 2307 2680 2358 nostrorum
2734 2311 2910 2376 atque
2949 2308 3433 2364 consuetudinem
3489 2311 3677 2366 moni-

2017 2397 2353 2446 mentorum
2431 2391 2570 2446 almi
2631 2393 2814 2450 Patris
2870 2398 3189 2470 Benedicti,
3244 2399 3424 2455 situm
3475 2405 3674 2456 monte

2019 2480 2226 2536 Gastro
2259 2480 2522 2546 Cassino,
2557 2488 2950 2556 cunctamque
2990 2487 3176 2556 ipsius
3201 2490 3543 2544 monasterii
3575 2493 3677 2545 ab-

2020 2569 2240 2624 batiam
2276 2571 2330 2622 in
2365 2570 2588 2641 integro
2613 2588 2745 2626 cum
2779 2573 2940 2629 cellis
2969 2575 3398 2649 suis,eastellis,
3423 2579 3677 2650 praediis,

2016 2663 2073 2712 et
2104 2658 2261 2713 omni
2292 2675 2400 2714 sua
2429 2659 2780 2730 pertinentia
2808 2678 2876 2717 ex
2925 2663 3031 2719 hac
3080 2671 3282 2722 nostra
3336 2669 3680 2725 auctoritate

2017 2748 2459 2814 confirmamus,
2501 2753 2618 2803 tam
2680 2750 2737 2804 in
2813 2752 3030 2809 finibus
3108 2756 3676 2825 Bsneventanorum,

2018 2835 2342 2908 Apulorum
2376 2841 2431 2892 et
2462 2837 2861 2908 Calabrorum,
2895 2858 3073 2913 quam
3105 2845 3282 2900 etiam
3331 2846 3391 2900 in
3449 2847 3676 2902 finibus

2019 2926 2344 2981 Marsorum
2396 2930 2452 2980 et
2495 2926 2551 2981 in
2586 2928 2884 2997 marehiis,
2945 2933 3063 2986 sive
3107 2933 3441 3007 ubicunque
3498 2934 3670 3008 longe

2019 3019 2076 3069 et
2107 3031 2282 3086 prope
2341 3014 2622 3070 hactenus
2646 3018 2781 3086 jure
2823 3020 2934 3073 sibi
2967 3022 3216 3092 pertinet
3264 3023 3509 3094 aliquid,
3552 3024 3671 3080 sive

2023 3103 2304 3173 quidquid
2343 3103 2617 3176 deinceps
2651 3107 3020 3178 ubivisjuste
3053 3112 3415 3182 acquisierit.

2103 3229 2188 3282 Ad
2252 3227 2372 3282 haec
2403 3229 2696 3298 justitiam
2754 3230 2839 3284 vel
2898 3231 3133 3304 aliquod
3194 3235 3482 3304 debitum,
3524 3238 3680 3307 quod

2032 3316 2310 3372 ofﬁciales
2367 3318 2550 3372 nostri
2602 3319 2751 3373 sacri
2786 3319 2981 3390 palatii
3013 3323 3245 3395 exigent
3275 3341 3307 3378 a
3330 3325 3576 3380 navibus
3607 3329 3679 3382 ad

2035 3405 2361 3460 Romanum
2420 3413 2652 3476 portum
2702 3407 3153 3480 applicantibus,
3203 3413 3377 3467 vestri
3433 3415 3681 3469 coenobii

2034 3495 2163 3548 navi
2188 3494 2488 3564 peculiarii
2530 3501 2830 3565 gratanter
2861 3497 3208 3556 relaxamus.
3246 3501 3424 3557 Usum
3451 3519 3683 3576 quoque

2032 3582 2431 3638 sandaliorum
2481 3590 2538 3639 et
2596 3585 2943 3658 dalmaticaz,
2977 3591 3244 3658 quamvis
3266 3593 3402 3661 jure
3423 3593 3685 3648 cardina-

2032 3669 2188 3726 latus
2245 3672 2330 3725 tui
2392 3674 2462 3726 ab
2523 3674 2842 3746 apostolica
2891 3678 3025 3731 sede
3079 3681 3427 3751 perceperis,
3461 3681 3684 3737 anobis

2032 3763 2227 3814 tamen
2258 3761 2362 3814 tibi
2387 3769 2444 3816 et
2474 3761 2596 3817 loco
2645 3763 2940 3835 deinceps,
2974 3765 3031 3819 in
3089 3769 3511 3840 principalibus
3555 3776 3684 3825 tan-

2030 3851 2157 3926 tum
2217 3849 2398 3913 festis,
2461 3851 2531 3904 ad
2605 3851 3104 3909 honorificentiam
3164 3862 3282 3911 tam
3341 3858 3689 3915 venerabilis

2034 3937 2281 3993 emnohii
2305 3942 2360 3992 et
2390 3939 2460 3992 ob
2485 3938 2853 3995 dilectionem
2886 3946 3069 4013 tuam,
3103 3947 3500 4016 concedimus,
3535 3949 3688 4004 Pras-

2035 4034 2192 4083 terea
2221 4027 2666 4084 corroboramus
2698 4029 2800 4084 tibi
2843 4030 3077 4102 tuisque
3109 4038 3568 4104 successoribus,
3629 4040 3688 4092 in

2035 4119 2193 4173 omni
2226 4122 2511 4172 conventu
2538 4119 2944 4191 episcOporum
2973 4128 3028 4176 et
3059 4123 3392 4196 principum
3425 4127 3690 4200 superio-

2036 4223 2156 4262 rem
2219 4207 2494 4262 omnibus
2562 4208 2873 4263 abbatibus
2905 4211 3127 4280 sedere,
3173 4219 3228 4269 et
3261 4215 3318 4269 in
3350 4216 3616 4272 conciliis
3634 4220 3693 4272 et

2027 4295 2269 4366 judiciis
2303 4297 2554 4367 priorem
2590 4298 2680 4351 sui
2709 4299 2929 4354 ordinis
2954 4300 3291 4358 hominibus
3317 4305 3689 4372 sententiam,

2039 4401 2141 4454 pro
2175 4385 2560 4439 revererentia
2591 4387 2736 4440 tanti
2763 4385 2873 4441 loci
2907 4390 3004 4458 qui
3031 4391 3288 4461 primum
3312 4397 3368 4446 et
3389 4409 3694 4448 summum

2041 4472 2374 4526 monasticae
2435 4472 2826 4543 legislatorem
2885 4477 3078 4531 vivum
3130 4486 3183 4532 et
3221 4485 3520 4534 mortuum
3555 4480 3693 4534 reti-

1961 4545 2006 4608 D
2045 4576 2180 4615 nere
2220 4561 2563 4632 promeruit,
2588 4561 2802 4632 quique
2825 4563 3010 4633 ipsius
3034 4565 3458 4637 legislationem
3478 4567 3694 4638 scripto

2043 4650 2216 4704 verbo
2248 4654 2302 4703 et
2331 4650 2593 4719 exemplo
2625 4650 2940 4706 cmnobiale
2981 4653 3342 4723 propositum
3375 4656 3696 4726 appetendo

2048 4739 2107 4793 in
2134 4743 2250 4793 toto
2276 4738 2492 4792 mundo
2525 4737 2644 4792 sole
2675 4738 2892 4794 clarius
2929 4741 3178 4796 vibravit
3228 4744 3358 4814 (1"),
3421 4745 3697 4800 Defuncto

2046 4832 2241 4883 autem
2257 4828 2554 4891 abbate,ex
2570 4827 2763 4896 seipsa
2776 4831 3146 4901 congregatio
3161 4834 3376 4887 secund
3388 4850 3483 4887 um
3497 4833 3700 4889 sanius

2048 4915 2359 4972 consilium
2422 4915 2752 4986 sapientum
2813 4926 2866 4971 et
2933 4919 3228 4974 seniorum
3282 4921 3527 4976 fratrum
3587 4921 3698 4978 sibi

2049 5006 2319 5060 abbatem
2349 5004 2543 5075 eligat,
2568 5010 2623 5058 et
2650 5006 2978 5076 apostolicae
3010 5009 3165 5064 sedis
3187 5009 3442 5080 pontiﬁci
3466 5011 3701 5066 ﬁrman-

2048 5095 2188 5148 dum
2213 5099 2268 5148 et
2287 5094 2748 5148 consecrandum
2767 5096 3068 5164 exhibeat;
3099 5115 3203 5153 nec
3218 5098 3388 5154 aliter
3418 5099 3492 5154 ibi
3519 5100 3700 5156 abbas

2050 5171 2480 5249 constituatur,‘
2531 5188 2631 5236 aut
2682 5183 2919 5240 aliunde
2953 5185 3554 5255 illucintromittatur,
3587 5189 3698 5245 nisi

2051 5273 2198 5328 forte
2255 5289 2323 5326 ex
2384 5288 2444 5325 se
2493 5270 2748 5342 aliquem
2783 5277 2945 5328 tanto
2977 5276 3244 5347 regimini
3275 5277 3551 5332 idoneum
3587 5295 3701 5334 non

2051 5360 2340 5424 habuerit,
2374 5364 2428 5413 et
2457 5361 2528 5414 ob
2559 5360 2613 5414 id
2648 5361 2862 5414 saniori
2899 5364 3139 5419 consilio
3190 5372 3529 5420 extraneum
3589 5367 3701 5421 sibi

2052 5447 2306 5519 elegerit.
2359 5448 2532 5502 Porro
2583 5454 2788 5520 praeter
2837 5467 3139 5508 summum
3183 5455 3512 5526 apostolicae
3546 5454 3702 5511 sedis

2053 5537 2385 5614 praesulem,
2417 5537 2733 5610 cujuslibet
2753 5537 3008 5597 ecclesiae
3039 5543 3376 5620 episcopum
3403 5544 3489 5604 vel
3511 5558 3701 5600 sacer-
