3996 6158
313 308 468 375 1329

309 537 365 591 ct
394 534 562 590 liceat
591 533 810 590 eisdem
846 535 1140 606 subjectos
1173 534 1546 591 monasteriis
1578 535 1955 605 eorumjudi-

308 639 461 688 care,
493 627 614 677 tam
647 623 965 678 monachos
995 639 1171 693 quam
1205 627 1262 678 et
1292 622 1764 680 sanctimoniales
1787 624 1957 678 femi-

308 728 438 776 nas,
469 711 691 781 absque
737 711 1128 781 prohibitione
1176 718 1233 766 et
1276 712 1734 766 contradictione
1763 713 1957 782 cuius-

307 798 448 854 libet
471 798 768 854 saacularis
791 799 1112 870 potestatis,
1134 815 1234 855 seu
1277 799 1702 855 ecclesiasticas.
1725 801 1808 854 Ad
1837 800 1956 854 haec

307 887 479 942 liceat
497 887 660 942 vobis
686 903 918 942 sacrum
937 887 1195 943 chrisma
1209 892 1266 943 et
1280 888 1704 944 ecclesiasticos
1721 887 1956 943 ordines

308 981 366 1032 et
388 976 661 1030 altarium
686 977 1150 1032 consecrationes
1171 977 1244 1032 ab
1287 977 1558 1048 episcopo
1581 976 1839 1048 quolibet
1858 993 1951 1030 ca-

308 1063 515 1120 nonice
536 1069 798 1135 promoto
821 1065 1740 1137 accipere,etchristianissimum
1755 1065 1876 1136 (sic)
1894 1064 1952 1118 in

307 1153 567 1210 ecclesiis
597 1153 804 1208 vestris
837 1169 1002 1224 agere
1037 1171 1137 1225 per
1166 1154 1404 1210 clericos
1435 1159 1677 1224 vestros,
1711 1159 1766 1208 et
1787 1154 1948 1225 hym-

307 1259 450 1297 num
482 1240 811 1313 angelicum
844 1258 947 1313 per
977 1243 1099 1297 dies
1148 1243 1483 1298 Dominicos
1513 1248 1568 1298 et
1613 1242 1954 1297 festivitates

307 1332 377 1386 ad
403 1331 716 1386 missarum
739 1329 1023 1385 solemnia
1045 1331 1154 1386 rite
1177 1331 1506 1398 decantare,
1531 1337 1587 1385 et
1613 1331 1809 1386 nullus
1831 1330 1949 1401 epi-

305 1435 517 1491 scopus
548 1424 867 1489 praesumat
913 1419 969 1472 in
1015 1419 1300 1489 jamdicto
1351 1420 1725 1487 monasterio,
1776 1418 1861 1473 vel
1893 1419 1951 1473 in

305 1508 566 1564 ecclesiis
587 1507 698 1562 sibi
721 1507 1000 1578 subjectis
1023 1509 1381 1564 sacerdotem
1425 1507 1951 1572 excommunicare,

305 1596 394 1652 vel
416 1598 488 1652 ad
512 1597 800 1668 synodum
825 1613 1154 1668 provocare,
1180 1600 1281 1652 aut
1299 1597 1536 1652 abbates
1557 1601 1614 1651 et
1635 1595 1954 1651 monachos

310 1685 651 1741 earumdem
681 1684 1082 1740 ecclesiarum.

1485 311 1888 375 EPISTOLE
1919 311 2018 374 ET
2059 309 2536 374 DIPLOMATA.

312 444 452 502 dum
475 442 699 518 absque
719 442 1120 504 interdictione
1135 446 1532 518 quorumlibet
1546 447 1952 519 episcoporum
1982 447 2036 511 Α

3555 305 3709 369 1330

2851 443 2912 498 L.

2067 533 2373 590 Alexander
2426 535 2478 590 II
2523 533 2925 590 Parthenonem
2987 531 3041 590 S.
3101 531 3260 590 Petri

2735 605 3036 674 confirmat.

2682 714 2868 784 (Anno
2902 714 3083 784 1067.)

2401 819 2689 890 [υαωειιμ
2725 821 2889 875 Italia
2917 837 3094 891 sacra,
3127 821 3221 887 ΙΙΙ,
3259 823 3366 890 16.]

3330 530 3707 588 Florentinum

2136 939 2476 990 ALEXANDER
2534 935 2862 1006 episcopus,
2940 951 3142 990 servus
3219 952 3519 990 servorum
3579 935 3702 1004 Dei,

2063 1023 2409 1079 charissimo
2443 1023 2604 1078 fratri
2640 1024 2819 1078 Pmno
2850 1023 3176 1079 Florentino
3223 1023 3514 1094 episcopo,
3548 1025 3705 1080 suis-

2065 1127 2176 1181 que
2203 1112 2661 1167 successoribus.

2133 1200 2236 1254 Pia
2254 1200 2569 1272 postulatio
2580 1200 2897 1254 voluntatis
2911 1199 3115 1254 affectu
3133 1201 3303 1256 debet
3317 1205 3703 1272 prosequente

2061 1288 2360 1359 compleri,
2384 1294 2674 1359 quatenus
2695 1293 2750 1343 et
2769 1290 3032 1343 devotius
3057 1293 3113 1343 et
3133 1289 3416 1345 sincerius
3442 1289 3704 1344 laudabi-

2062 1377 2195 1432 liter
2214 1378 2558 1447 innotescat,
2574 1382 2631 1432 et
2653 1377 2874 1432 utilitas
2887 1379 3342 1448 postulatavires
3359 1379 3701 1433 indubitan-

2059 1471 2149 1521 ter
2168 1470 2450 1521 assumat.
2476 1467 2542 1520 Et
2563 1466 2701 1536 quia
2738 1466 3069 1521 fraternitas
3095 1471 3196 1522 tua
3228 1467 3544 1522 insinuavit
3563 1484 3705 1522 san-

2063 1559 2162 1608 ctae
2185 1554 2513 1626 apostolica:
2535 1555 2657 1610 sedi
2679 1571 2760 1619 se,
2787 1556 2857 1609 ad
2881 1571 3251 1610 communem
3286 1557 3701 1611 sanctimonia-

2061 1641 2205 1696 lium
2231 1659 2428 1708 usum,
2451 1643 2509 1697 in
2533 1643 2780 1698 ecclesia
2803 1643 2997 1698 Sancti
3020 1644 3194 1709 Petri,
3240 1645 3352 1700 sita
3400 1646 3458 1700 in
3490 1646 3704 1700 subur-

2060 1730 2156 1784 bio
2180 1730 2518 1785 Florentinae
2550 1731 2820 1798 civitatis,
2852 1733 3274 1788 monasterium
3307 1735 3706 1799 constituisse,

383 1791 557 1846 Porro
588 1790 886 1888 cupientes
934 1790 1238 1846 consulere
1286 1790 1619 1845 monasticze
1670 1787 1953 1861 religioni,
1988 1808 2038 1872 Β
2067 1822 2124 1872 et
2151 1819 2499 1888 praediorum
2531 1822 2650 1873 tam
2681 1836 2713 1872 ἃ
2742 1787 3006 1888 te'quam
3035 1787 3211 1875 etiam
3239 1838 3272 1876 a
3293 1787 3706 1892 quadamreli:

313 1895 440 1950 qua
471 1878 722 1950 peccatis
775 1877 1145 1950 exigentibus
1201 1879 1423 1949 passim
1483 1878 1847 1948 depravatur,
1880 1881 1957 1943 te,

303 1967 711 2023 tantummodo
745 1967 953 2022 diebus
994 1967 1122 2021 vita:
1172 1971 1306 2037 tuas,
1353 1966 1638 2021 vicarium
1691 1965 1858 2020 nobis
1889 1965 1957 2019 ad

307 2055 732 2111 correctionem
755 2056 1021 2110 omnium
1045 2055 1555 2119 monasteriorum,
1577 2061 1635 2109 et
1655 2054 1978 2110 monacho--

231 2213 240 2220 ἰ
306 2161 465 2208 rum,
497 2160 602 2200 seu
634 2144 1058 2199 mooacharum
1081 2144 1153 2198 ab
1175 2144 1302 2214 ipso
1332 2142 1787 2198 fluvioPiscaria
1807 2143 1961 2197 sicut

299 2233 498 2288 influit
558 2232 617 2287 in
676 2248 861 2296 mare,
916 2231 1140 2286 scilicet
1195 2248 1298 2302 per
1344 2235 1527 2285 totam
1558 2229 1957 2301 Campaniam,

301 2319 698 2392 principatum
731 2335 965 2391 quoque
1003 2322 1060 2374 et
1104 2318 1382 2390 Apuliam
1431 2323 1604 2388 atque
1633 2317 1956 2372 Calabriam

300 2424 605 2465 assumere
624 2408 1010 2475 decrevimus,
1029 2407 1110 2462 ita
1124 2413 1188 2462 ut
1201 2407 1523 2478 capitulum
1543 2407 1601 2461 in
1619 2406 1702 2462 eis
1718 2405 1953 2464 habeas,

302 2498 491 2553 etvice
504 2502 704 2552 nostra
719 2495 1202 2568 indisciplinatos
1216 2511 1350 2550 cum
1365 2494 1958 2566 adjutorioepiscopo-

301 2603 455 2653 rum,
482 2587 555 2641 ad
577 2602 724 2657 quos
749 2585 1108 2641 monasteria
1123 2583 1254 2656 ipsa
1274 2584 1591 2654 pertinent,
1604 2583 1882 2653 corrigas,
1898 2588 1954 2637 et

302 2691 428 2747 qua:
453 2678 594 2730 sunt
618 2672 1003 2742 emendanda,
1025 2672 1075 2727 si
1118 2673 1398 2744 potueris,
1423 2672 1744 2726 secundum
1768 2670 1952 2725 Deum

303 2763 600 2831 emendes,
625 2766 728 2817 aut
743 2759 1075 2832 apostolicae
1093 2760 1250 2815 sedis
1266 2760 1524 2830 pontifici
1544 2758 1864 2823 renunties,
1881 2759 1948 2812 ad

302 2856 647 2924 perpetuam
679 2853 886 2905 animae
921 2854 1132 2904 nostra:
1167 2850 1517 2913 mercedem,
1541 2853 1596 2902 et
1618 2847 1952 2903 monasticae

303 2940 607 3012 religionis
628 2938 1096 2994 emendationem
1117 2942 1174 2992 et
1190 2937 1705 2992 conversationem.
1732 2936 1953 2991 Pariter

306 3045 540 3101 quoque
561 3026 1062 3083 honorificentiam
1099 3030 1157 3081 et
1177 3025 1655 3097 gratiam..........
1850 3040 1953 3096 per

301 3123 358 3172 te
381 3117 717 3188 religiosum
738 3120 794 3170 et
811 3113 1334 3183 prudentissimum
1352 3112 1510 3167 illius
1529 3129 1946 3168 successorem.

303 3206 364 3261 Si
389 3205 523 3276 quis
542 3221 700 3268 vero,
726 3203 880 3274 quod
910 3218 1024 3256 non
1047 3205 1344 3272 Optamus,
1360 3201 1540 3271 hujus
1561 3199 1744 3255 nostri
1767 3200 1946 3271 privi-

301 3293 437 3366 legii
462 3291 806 3348 decretalem
832 3290 1107 3362 paginam
1137 3288 1448 3344 temerario
1488 3305 1634 3343 ausu
1659 3287 1716 3341 in
1752 3287 1948 3358 aliquo

302 3382 621 3454 infringere
643 3379 972 3445 tentaverit,
995 3381 1217 3433 (sterne
1245 3376 1675 3432 maledictionis
1704 3375 1946 3430 innoda-

298 3477 427 3527 tum
453 3469 702 3525 vinculis
726 3484 788 3524 se
809 3467 1052 3534 noverit,
1087 3471 1144 3521 et
1166 3470 1446 3538 perpetua
1466 3463 1754 3534 supplicia
1773 3463 1949 3518 luitu-

301 3577 430 3614 rum
467 3575 601 3614 cum
633 3556 864 3612 diabolo
893 3561 952 3612 et
979 3555 1202 3627 angelis
1250 3555 1399 3624 ejus,
1453 3553 1566 3608 nisi
1611 3554 1757 3608 forte
1789 3552 1952 3624 prius

301 3649 654 3719 resipiscens
676 3645 1044 3702 satisfecerit.
1068 3648 1142 3698 At
1161 3643 1260 3714 qui
1281 3642 1512 3713 pietatis
1530 3642 1743 3697 intuitu
1762 3641 1950 3712 ipsius

301 3737 590 3809 privilegii
620 3736 862 3791 devotus
903 3734 1238 3788 observator
1282 3731 1590 3798 exstiterit,
1621 3731 1949 3792 interventu

303 3825 443 3880 almi
477 3823 664 3879 Patris
697 3819 1016 3888 Benedicti,
1052 3820 1556 3890 perfectorumque
1608 3818 1950 3889 sequacium

304 3913 598 3970 sociorum
626 3914 756 3983 ejus
803 3909 1172 3982 sempiternas
1220 3908 1605 3964 benedictioni
1640 3907 1948 3979 particeps,

304 4008 365 4059 et
397 4000 652 4074 paradisi
684 4001 888 4056 beatus
920 4014 1227 4070 possessor
1245 3997 1551 4052 efficiatur.

374 4091 672 4162 Scriptum
704 4105 806 4160 per
834 4103 1046 4142 manus
1077 4086 1396 4153 Octaviani,
1445 4085 1730 4141 scriniarii
1761 4091 1820 4140 et
1849 4102 1949 4140 no-

302 4180 436 4238 tarii
468 4180 618 4235 sacri
653 4177 875 4250 palatii.
931 4178 1248 4231 Exaumvrr
1297 4191 1378 4229 ME
1423 4175 1580 4230 Dsus
1623 4191 1683 4230 1N
1712 4191 1954 4230 vm'ru'rs

302 4285 531 4326 BRACHII
564 4284 680 4324 soi.
742 4267 986 4322 MAGNUS
1048 4269 1313 4319 Dommus
1370 4278 1599 4329 nos'rsn,
1660 4278 1952 4318 ETMAGNA

297 4374 510 4416 VIB’I‘US
550 4373 708 4412 EJUS.

376 4449 530 4502 Bene
551 4445 753 4500 valete.
782 4444 898 4515 Ego
924 4440 1252 4497 Bonifacius
1272 4438 1621 4495 Albanensis
1642 4439 1953 4510 episcopus

305 4532 654 4606 subscripsi.
681 4534 797 4604 Ego
817 4535 1024 4586 Petrus
1047 4533 1314 4602 peccator
1341 4527 1626 4584 Ostiensis
1647 4528 1824 4598 episc.
1850 4527 1951 4582 SS.
1984 4525 2031 4588 D

306 4626 426 4697 Ego
455 4621 840 4693 Ildeprandus
888 4627 1102 4675 sanctis
1156 4618 1427 4673 Romanas
1478 4615 1742 4671 Ecclesiae
1774 4614 1957 4686 quali-

306 4728 544 4784 cunque
565 4709 1012 4766 archidiaconus
1034 4708 1135 4763 SS.
1159 4707 1274 4778 Ego
1294 4705 1598 4760 Hubaldus
1619 4703 1956 4760 Sabinensis

303 4801 568 4875 episcop.
599 4800 700 4855 SS.
731 4796 1068 4868 Stephanus
1099 4800 1336 4850 vocatus
1367 4792 1682 4849 cardinalis
1714 4792 1814 4847 SS.
1841 4792 1956 4862 Ego

300 4891 566 4948 Joannes
597 4889 698 4960 qui
729 4891 784 4942 et
815 4885 1080 4940 minutus
1102 4881 1414 4939 cardinalis
1444 4883 1516 4937 de
1537 4881 1708 4936 titulo
1733 4881 1958 4936 Sanctae

302 4979 508 5037 Maria:
535 4983 700 5033 trans
727 4973 984 5031 Tiberim
1016 4973 1118 5029 SS.
1153 4973 1270 5044 Ego
1303 4972 1621 5043 Le0portus
1652 4968 1958 5025 Praanesti-

301 5085 420 5125 nus
451 5067 634 5140 episc.
670 5061 1012 5134 subscripsi.

381 5179 592 5230 Datum
616 5171 882 5228 Laterani
915 5172 1074 5224 sexto
1100 5168 1236 5223 ldus
1254 5166 1391 5222 maii
1414 5182 1516 5238 per
1543 5182 1784 5220 manum
1809 5164 1959 5219 Petri

300 5270 364 5322 8.
399 5266 569 5322 Rom.
606 5259 874 5318 Ecclesiae
899 5255 1268 5322 subdiaconi,
1294 5259 1468 5327 atque
1490 5255 1610 5309 vice
1631 5254 1831 5308 domni
1851 5258 1961 5308 An-

307 5354 484 5410 nonis
505 5350 865 5408 Coloniensis
887 5344 1310 5418 archiepiscopi
1333 5343 1777 5409 bibliothecarii,
1808 5358 1960 5396 anno

307 5447 474 5499 sexto
499 5441 873 5513 pontiﬁcatus
895 5435 1094 5492 domni
1137 5433 1445 5491 Alexandri
1485 5448 1646 5503 papae
1678 5430 1957 5496 secundi;

308 5532 386 5588 ab
409 5528 813 5585 Incarnatione
836 5543 969 5581 vero
1006 5522 1235 5580 Domini
1264 5520 1578 5576 millesimo
1600 5519 1959 5591 sexagesimo

310 5619 589 5693 septimo,
623 5615 940 5672 indictione
970 5631 1021 5670 ν.

2068 1903 2232 1976 giosa
2261 1905 2496 1970 femina,
2527 1906 2764 1961 nomine
2795 1906 2976 1973 Gisla,
3007 1907 3289 1963 nonnulla
3315 1909 3596 1964 beneﬁcia
3623 1910 3709 1965 ei-

2069 1993 2202 2048 dem
2233 1993 2486 2049 ecclesiae
2510 1994 2717 2050 collata
2737 2010 2886 2061 esse,
2911 2011 3026 2050 non
3045 1996 3238 2050 solum
3261 1997 3706 2052 devotionistuze

2067 2081 2329 2136 studium
2352 2082 2683 2146 laudamus,
2708 2082 2808 2138 sed
2827 2083 3206 2138 ordinationis
3223 2089 3332 2138 tua?
3351 2085 3711 2140 constitutio-

2066 2185 2222 2238 nem,
2252 2186 2426 2240 quam
2460 2171 2693 2225 interim
2726 2188 2828 2242 per
2857 2171 3185 2226 donationis
3211 2173 3485 2244 paginam
3518 2173 3707 2228 eidem

2065 2255 2320 2312 ecclesiae
2374 2257 2584 2328 fecisti,
2635 2259 2996 2314 auctoritatis
3044 2259 3374 2331 apostolicae
3407 2261 3704 2333 privilegio

2064 2346 2485 2402 confirmamus
2515 2351 2687 2417 atque
2717 2347 2774 2402 in
2815 2352 3160 2420 perpetuum
3212 2353 3404 2404 ratum
3437 2350 3703 2405 firmum-

2065 2450 2177 2505 que
2204 2435 2324 2491 fore
2363 2437 2830 2506 corroboramus,
2880 2443 2936 2493 et
2973 2439 3099 2508 jam
3151 2439 3396 2509 praefata;
3427 2439 3701 2509 ecclesiae,

2062 2526 2190 2578 tum
2219 2541 2285 2579 ea
2317 2541 2444 2595 qua:
2475 2543 2630 2580 nunc
2653 2527 2816 2596 juste
2845 2531 3018 2592 tenet,
3062 2544 3306 2598 quazque
3336 2545 3370 2582 a
3398 2528 3706 2598 praenomi-

2065 2617 2202 2666 nata
2228 2617 2496 2668 matrona
2517 2612 2726 2669 collata
2749 2618 2907 2681 sunt,
2932 2631 3108 2684 quam
3133 2632 3260 2686 quae
3284 2615 3354 2670 ab
3381 2616 3583 2671 eadem
3603 2633 3706 2671 seu

2064 2700 2289 2754 caeteris
2315 2700 2369 2754 in
2396 2701 2658 2755 futurum
2680 2703 2842 2772 juste
2865 2703 3217 2756 conferenda
3247 2709 3387 2758 sunt
3415 2703 3707 2759 fidelibus.

2065 2785 2183 2839 Sub
2219 2786 2398 2840 divini
2430 2786 2610 2858 igitur
2631 2787 2852 2856 judicis
2885 2788 3271 2844 obtestatione
3301 2791 3616 2846 statuimus
3647 2797 3712 2846 ut

2063 2888 2252 2944 neque
2283 2891 2402 2944 rex,
2435 2891 2623 2946 neque
2654 2877 2790 2945 dux,
2815 2876 3098 2943 marcbio,
3133 2895 3347 2943 comes,
3370 2879 3708 2949 vicecomes,

2061 2962 2162 3016 sed
2195 2979 2383 3033 neque
2406 2963 2732 3034 episcopus,
2757 2969 2860 3020 aut
2881 2965 3076 3037 aliqua
3111 2966 3386 3038 praeditus
3408 2967 3711 3040 dignitate,

2060 3056 2361 3120 postremo
2378 3051 2539 3106 nulla
2555 3069 2766 3123 magna
2779 3070 3071 3125 parvaque
3085 3071 3333 3126 persona
3346 3055 3455 3110 sub
3469 3055 3711 3125 cujusli-

1981 3166 2023 3230 Ο
2064 3137 2161 3192 bet
2184 3154 2371 3193 causae
2394 3143 2449 3193 et
2469 3141 2793 3194 occasionis
2816 3141 3007 3212 specie
3047 3143 3226 3212 hujus
3251 3149 3460 3198 nostra:
3483 3148 3710 3215 aposto-

2060 3224 2184 3279 licae
2209 3227 2526 3280 sanctionis
2550 3228 2846 3282 decretum
2875 3230 3318 3299 infringere,seu
3345 3248 3412 3285 ea
3434 3248 3558 3302 qua
3582 3233 3706 3300 jam

2051 3314 2213 3384 juste
2241 3313 2450 3368 collata
2489 3319 2648 3378 sunt,
2675 3331 2919 3384 qumque
2969 3316 3025 3370 in
3077 3317 3341 3370 futurum
3388 3319 3707 3386 suntjuste

2059 3402 2430 3468 conferenda,
2456 3402 2650 3472 aliquo
2675 3403 2845 3457 modo
2866 3420 2928 3456 ac
2960 3403 3153 3458 studio
3194 3405 3456 3459 minuere
3485 3404 3568 3458 vel
3600 3423 3707 3460 au-

2062 3490 2210 3544 ferre
2235 3495 2567 3555 prmsumat.
2597 3491 2757 3554 Quod
2777 3492 2822 3544 si
2839 3491 3052 3562 aliquis
3069 3493 3377 3548 temerario
3396 3510 3539 3548 ausu
3559 3493 3706 3548 hanc

2060 3579 2520 3634 confirmationis
2553 3584 2759 3633 nostra:
2786 3579 3057 3651 paginam
3082 3579 3294 3635 violare
3320 3598 3706 3653 praesumpse-

2062 3667 2156 3732 rit,
2181 3672 2236 3720 et
2258 3667 2593 3722 admonitus
2614 3674 2721 3722 ate
2740 3684 2840 3722 seu
2867 3685 2900 3723 a
2925 3669 3361 3725 successoribus
3384 3671 3706 3726 tuisemen-

2060 3755 2198 3810 dare
2227 3757 2660 3826 contempserit,
2696 3757 3038 3812 auctoritate
3083 3758 3382 3812 beatorum
3417 3758 3705 3829 apostolo-

2061 3858 2194 3898 rum
2226 3843 2377 3897 Petri
2409 3848 2464 3897 et
2507 3843 2668 3898 Pauli
2731 3843 2877 3898 sciat
2935 3861 2994 3899 se
3054 3845 3621 3900 excommunicatum
3654 3851 3710 3900 et

2062 3949 2232 4004 pcena
2262 3934 2495 3985 centum
2529 3931 2813 3987 librarum
2845 3934 2969 3986 auri
3004 3932 3407 3987 mulctandum
3440 3938 3536 4000 ;at
3578 3950 3710 3989 vero

2062 4021 2162 4092 qui
2197 4020 2532 4075 observator
2561 4020 2864 4085 exstiterit,
2920 4021 3203 4092 repleatur
3263 4021 3623 4077 abundantia
3650 4039 3710 4077 a-

2061 4108 2354 4180 postolica:
2390 4109 2828 4164 benedictionis.

2133 4199 2341 4252 Datum
2368 4198 2658 4266 Laterani,
2681 4215 2737 4251 x1
2760 4196 2881 4252 Kal.
2907 4196 3087 4264 Junii,
3106 4215 3206 4269 per
3261 4215 3503 4254 manum
3531 4199 3707 4265 Petri,

2062 4285 2826 4342 sanctaeRomanazEcclesize
2841 4287 3182 4342 subdiaconi
3198 4287 3710 4355 etbibliothecarii,

2063 4391 2215 4428 anno
2246 4380 2405 4430 sexto
2429 4375 2828 4445 pontificatus,
2852 4375 3071 4428 domini
3106 4375 3408 4429 Alexandri
3431 4393 3590 4446 papaz
3615 4391 3710 4429 se-

2063 4462 2355 4530 cundi,ab
2381 4463 2790 4517 Incarnatione
2808 4479 2941 4517 vero
2977 4463 3206 4517 Domini
3240 4465 3400 4528 4067,
3422 4463 3620 4516 indict.
3654 4478 3706 4515 v.

2835 4585 2924 4638 LI.

2064 4674 2372 4730 Alexandri
2399 4674 2449 4728 II
2502 4671 3013 4744 privilegium_pro
3067 4673 3404 4726 monasterio
3461 4673 3557 4727 SS.
3590 4674 3711 4729 Dio-

2313 4744 2482 4815 nysii,
2502 4741 2718 4797 Vliustici
2745 4747 2796 4797 et
2823 4741 3135 4797 Eléutherii
3163 4745 3460 4798 Remensis.

2686 4849 2875 4920 (Anno
2909 4847 3096 4917 1067.)

2351 4959 2625 5028 [ΜΑιιιοΤ,
2668 4955 2954 5025 Metropot.
2989 4955 3144 5012 Rom.
3175 4955 3243 5010 Il.
3281 4956 3427 5026 142.]

2142 5080 2483 5128 wamnsn
2503 5071 2836 5143 episcopus,
2861 5087 3064 5126 servus
3101 5085 3399 5126 servorum
3422 5072 3540 5140 Dei,
3564 5088 3711 5143 pras-

2070 5164 2257 5236 posito
2279 5159 2538 5216 ecclesias
2559 5166 2892 5216 sanctorum
2923 5164 3247 5234 martyrum
3291 5159 3566 5232 Dionysii,
3601 5161 3716 5217 Ru-

2069 5251 2194 5307 stici
2229 5257 2286 5305 et
2316 5249 2654 5316 Eleutherii,
2702 5247 2899 5302 Remis
2948 5248 3094 5315 sitae,
3139 5248 3350 5304 dilecto
3384 5249 3523 5321 filio,
3557 5251 3716 5307 suis-

2069 5356 2180 5411 que
2211 5339 2649 5395 successoribus
2681 5337 2740 5390 in
2772 5340 3140 5407 perpetuum.

2145 5429 2247 5483 Ρὶεε
2264 5427 2579 5498 postulatio
2590 5425 2905 5479 voluntatis
2919 5424 3121 5479 effectu
3138 5426 3706 5500 debetprosequente

2069 5533 2192 5571 com
2205 5515 2669 5587 plcri,quatenus
2682 5511 3070 5568 etdevotionis
3083 5514 3702 5574 sinceritaslaudabili-

2067 5602 2778 5676 ter,enitescat,etutilitas
2791 5601 3082 5674 postulata
3095 5604 3244 5662 vires
3265 5605 3689 5664 indubitanter:
