3972 6182
339 376 489 440 1331

1633 378 2080 440 ALEXANDRI
2124 378 2175 439 II
2219 378 2448 440 ΡΑΡᾹΞ

3546 380 3657 445 1332

341 518 625 575 assumat.
651 514 1080 582 Proindejuxta
1099 510 1436 584 petitionem
1464 513 1772 568 confratris
1796 513 1976 568 nostri
2011 516 2061 579 Α
2092 514 2315 581 dotum,
2345 513 2626 583 judicium
2651 530 2714 568 ac
2765 511 3131 569 saecularium
3157 512 3656 586 personarum,hanc

343 607 625 669 Gervasii,
650 601 995 659 venerabilis
1018 602 1318 657 Remensis
1339 602 1779 674 archiepiSCOpi,
1803 592 1982 656 eccle-

345 699 442 752 siae
457 697 758 751 beatorum
778 696 1094 761 martyrum
1108 691 1474 762 Dionysii,Ru
1485 691 1610 745 stici
1626 697 1681 745 et
1696 692 1824 745 Eleu
1837 692 1987 758 terii,

348 802 473 858 quae
504 800 534 837 a
566 782 802 853 praefato
826 780 1099 834 Gervasio
1123 779 1556 852 archiepiscopo
1580 784 1633 835 et
1656 780 1913 835 aediliciis
1936 786 1991 834 et

344 869 763 928 munificentiis
810 874 1153 940 recuperata
1184 870 1296 940 (cui
1345 869 1400 921 in
1437 869 1714 923 canonica
1745 885 1988 939 congre-

344 961 577 1033 gatione
602 959 710 1013 sub
744 958 947 1029 regula
977 958 1127 1012 beati
1163 957 1463 1029 Augustini
1502 974 1749 1028 prmesse
1780 959 1989 1029 digno-

346 1050 548 1118 sceris)
579 1048 916 1119 huiusmodi
943 1046 1307 1118 privilegium
1334 1048 1601 1119 praesenti
1628 1046 1992 1101 auctoritatis

346 1145 559 1195 nostrae
591 1138 819 1192 decreto
842 1136 1238 1207 indulgemus,
1274 1137 1670 1200 concedimus,
1699 1141 1873 1206 atque
1900 1136 1992 1189 fir-

348 1244 604 1291 mamus,
630 1230 955 1281 statuentes
983 1216 1209 1278 nullum
1254 1242 1476 1295 regum,
1530 1225 1875 1295 nullumque
1900 1241 1996 1277 an-

346 1317 621 1380 tistitum,
639 1314 863 1368 nullum
888 1331 1236 1385 quacunque
1254 1314 1557 1385 prmditum
1582 1314 1886 1386 dignitate,
1908 1313 1995 1367 vel

352 1421 707 1476 quemquam
734 1402 912 1457 alium
938 1404 1007 1457 de
1029 1403 1118 1457 his
1146 1421 1269 1473 quae
1302 1404 1487 1457 eidem
1516 1402 1770 1457 ecclesiae
1795 1420 1827 1456 a
1856 1419 1996 1472 prae-

354 1495 471 1548 fato
503 1492 774 1547 Gervasio
824 1492 1258 1563 archiepiscopo
1308 1492 1391 1547 vel
1444 1494 1513 1546 ab
1564 1491 1695 1546 aliis
1728 1491 1997 1545 ﬁdelibus

346 1585 473 1654 jam
504 1582 718 1636 donata
750 1586 886 1635 sunt
915 1585 972 1636 et
1004 1582 1059 1635 in
1094 1582 1356 1635 futurum
1392 1581 1605 1635 fuerint
1637 1580 1863 1647 collata,
1889 1580 1998 1634 sub

354 1671 667 1741 cujuslibet
689 1687 896 1736 causae,
930 1671 1369 1741 occasionisque
1403 1671 1594 1741 specie
1622 1670 1883 1723 minuere
1912 1667 2001 1721 vel

355 1762 601 1830 auferre,
636 1760 759 1815 suis
793 1760 999 1815 usibus
1046 1760 1336 1830 applicare
1368 1760 1451 1812 vel
1503 1759 1634 1813 aliis
1666 1759 1775 1830 piis
1808 1757 2000 1812 causis

356 1866 459 1922 pro
492 1866 609 1904 suae
642 1849 877 1903 malitiae
911 1849 1281 1903 excusatione
1312 1848 1641 1912 concedere,
1668 1848 1765 1902 sed
1794 1852 2002 1900 cuncta
2035 1884 2081 1947 Β

358 1956 485 2010 quae
518 1937 713 1992 ablata
758 1942 915 2006 sunt,
966 1937 1052 1991 vel
1104 1937 1293 1990 offerri
1343 1935 1670 2007 contigerit,
1725 1941 1845 1990 tam
1887 1938 2004 1989 ate

359 2043 537 2099 quam
570 2026 643 2081 ab
674 2026 758 2079 eis
808 2027 907 2096 qui
941 2026 1000 2080 in
1052 2030 1153 2079 tuo
1200 2025 1389 2079 ofﬁcio
1438 2025 1679 2095 locoque
1711 2040 2005 2079 successe—

360 2115 497 2184 rint,
532 2132 565 2168 a
593 2118 853 2184 tempore
897 2114 1163 2185 przesenti
1198 2113 1422 2169 illibata
1469 2118 1525 2167 et
1555 2114 1682 2168 sine
1714 2114 2007 2185 inquietu-

362 2203 496 2258 dine
527 2202 724 2273 aliqua
780 2202 1097 2273 possidere,
1150 2218 1351 2256 eorum
1413 2208 1607 2257 tamen
1669 2202 1871 2257 usibus
1906 2220 2008 2273 pro

362 2308 612 2364 quorum
665 2292 1088 2345 sustentatione
1140 2292 1679 2363 gubernationeque
1736 2307 2013 2346 concessa

363 2384 503 2435 sunt
536 2380 727 2435 modis
758 2380 1033 2434 omnibus
1066 2381 1389 2451 profutura.

434 2489 577 2542 Item
599 2486 1014 2542 constituimus
1040 2492 1121 2554 ut,
1148 2489 1426 2541 obeuntes
1448 2493 1520 2552 te,
1545 2487 1627 2542 vel
1652 2492 1783 2558 post
1807 2493 1880 2553 te,
1905 2486 2009 2541 ali-

367 2593 484 2649 quo
516 2575 779 2646 ejusdem
810 2575 1066 2629 ecclesia).
1098 2575 1426 2647 praeposito,
1452 2592 1564 2629 non
1588 2575 1739 2631 alius
1767 2576 1843 2629 ibi
1878 2593 2015 2646 qua-

367 2680 598 2735 cunque
639 2664 996 2735 obreptionis
1048 2664 1262 2718 astutia
1321 2664 1643 2730 ordinetur,
1693 2665 1803 2719 nisi
1839 2682 2013 2735 quem

368 2752 674 2810 Remensis
705 2752 1179 2824 archiepiscopus
1208 2769 1341 2807 cum
1389 2753 1548 2807 omni
1583 2770 1825 2808 assensu
1858 2755 2015 2822 ejus-

369 2844 499 2898 dem
533 2841 787 2897 ecclesie:
811 2842 1227 2897 canonicorum
1260 2842 1583 2897 secundum
1616 2843 1709 2897 Dei
1745 2844 2014 2898 timorem

366 2931 607 3004 elegerit
638 2948 702 2985 ac
735 2931 1052 3001 providerit
1082 2930 1494 2985 ordinandum.
1530 2932 1645 2985 Hoc
1667 2949 1901 3003 quoque
1930 2950 2017 2986 ca-

368 3019 551 3092 pitulo
580 3019 848 3090 praesenti
874 3019 1291 3090 subiungimus
1317 3038 1328 3084 ;
1358 3024 1419 3073 ut
1440 3020 1630 3073 locum
1660 3021 1913 3075 avaritiae
1935 3039 2018 3075 se-

368 3107 698 3175 cludamus,
732 3106 930 3161 nullus
963 3108 1033 3160 de
1065 3107 1318 3177 regibus,
1356 3107 1554 3163 nullus
1598 3110 1667 3163 de
1699 3110 2018 3164 sacerdoti-

368 3198 479 3253 bus
510 3195 596 3250 vel
629 3196 963 3267 quicunque
995 3195 1143 3250 alius
1176 3213 1275 3266 per
1299 3215 1359 3251 se
1383 3199 1864 3269 suppositamque
1889 3216 2014 3270 per-

370 3301 598 3349 sonam,
632 3284 703 3338 de
734 3284 1099 3339 ordinatione
1132 3286 1393 3354 ejusdem
1442 3286 1730 3356 pra'positi
1767 3288 1853 3342 vel
1886 3289 2014 3358 qui-
2050 3252 2090 3316 Ο

372 3375 717 3444 buscunque
733 3373 927 3427 causis
951 3374 1021 3427 ad
1037 3373 1339 3428 ecclesiam
1365 3374 1550 3445 ipsam
1573 3376 2021 3445 pertinentibus,

374 3463 587 3517 audeat
609 3461 664 3514 in
699 3478 839 3515 auro
867 3460 952 3515 vel
988 3462 1043 3515 in
1076 3460 1187 3515 alia
1221 3463 1475 3533 qualibet
1508 3466 1798 3518 commodi
1833 3466 2023 3535 specie

376 3550 722 3622 quidquam,
753 3550 1105 3620 nequeidem
1134 3552 1479 3622 praepositus
1494 3553 1880 3607 ordinationis
1903 3570 2020 3608 suae

372 3655 550 3694 causa
580 3638 716 3692 dare
739 3638 873 3693 dare
901 3642 1234 3709 praesumat,
1263 3656 1332 3693 ne
1356 3639 1463 3694 hac
1487 3641 1785 3695 occasione
1808 3659 1875 3697 ea
1896 3660 2020 3715 quae

370 3724 644 3780 ﬁdelibus
675 3724 785 3796 piis
809 3724 951 3779 locis
983 3724 1323 3792 offeruntur,
1358 3726 1609 3796 autjam
1642 3726 1836 3782 oblata
1857 3734 2016 3797 sunt,

371 3818 814 3869 consumantur.

442 3904 509 3956 Et
541 3902 819 3974 quoniam
849 3901 1044 3957 multae
1070 3903 1403 3957 occasiones
1429 3904 1484 3956 in
1519 3904 1855 3975 deceptione
1890 3904 2019 3960 reli-

369 3992 666 4063 giosarum
686 4009 1065 4061 personarum
1093 3992 1331 4063 aparvis
1354 3993 2022 4066 hominibusquuirun~

368 4084 482 4145 tur,
518 4080 891 4149 praepositum
925 4080 1205 4149 praedicta:
1239 4081 1491 4135 ecclesiae
1512 4083 1669 4137 nullo
1703 4084 1873 4137 modo
1900 4083 2021 4153 pri-

369 4168 625 4221 vandum
659 4169 1189 4239 deponendumque
1223 4186 1347 4223 esse
1382 4188 1711 4239 censemus,
1748 4172 1856 4225 nisi
1891 4191 2017 4243 spe-

372 4255 593 4309 cialiter
623 4273 799 4310 causa
830 4255 1091 4310 criminis
1142 4257 1423 4326 exigente.
1458 4259 1620 4313 Unde
1668 4277 1902 4314 necesse
1933 4266 2022 4315 est

372 4348 454 4414 ut,
479 4343 871 4415 siquacontra
887 4361 1021 4399 eum
1044 4345 1381 4416 hujusmodi
1403 4347 1636 4418 querela
1658 4350 2017 4420 surrexeriit,

374 4449 487 4488 non
520 4432 681 4489 solus
713 4433 1187 4506 archiepiscopus
1212 4436 1518 4491 llemensis
1542 4454 1777 4491 causam
1802 4440 2019 4492 exami-

373 4526 490 4590 net,
525 4523 647 4594 sed,
677 4523 955 4578 adhiditis
988 4524 1098 4579 sibi
1147 4524 1277 4579 aliis
1318 4524 1607 4596 episcopis
1642 4527 1786 4591 suis,
1821 4528 2017 4582 subtili

2099 609 2306 658 nostrae
2338 602 2769 657 constitutionis
2818 603 3089 675 paginam
3142 620 3463 676 agnoscens,
3511 614 3663 665 contra

2099 709 2224 747 eam
2262 693 2451 746 venire
2506 692 2833 758 tentaverit,
2888 693 3216 764 potestatis,
3270 693 3582 764 honorisque
3602 699 3667 751 sui

2099 781 2381 853 dignitate
2413 786 2625 848 careat,
2651 798 2931 852 reumque
2957 798 3019 836 se
3046 781 3462 852 divinojudicio
3481 783 3669 840 existere

2100 872 2170 925 de
2194 874 2636 941 perpetrata.....
2668 874 3003 941 cognoscat,
3038 876 3095 924 et
3126 870 3236 925 nisi
3268 888 3334 925 ea
3361 887 3478 941 qua)
3518 873 3670 929 abillo

2102 959 2253 1014 male
2284 958 2477 1013 ablata
2507 963 2645 1013 sunt
2691 959 3035 1027 restituerit,
3085 959 3171 1014 vel
3203 959 3375 1031 digna
3402 960 3675 1030 pcenitentia

2102 1048 2309 1102 illicita
2339 1048 2668 1111 deterserit,
2723 1066 2754 1102 a
2805 1049 3209 1103 saeratissimo
3258 1064 3480 1119 corpore
3506 1054 3554 1103 et
3578 1066 3676 1103 san-

2104 1137 2278 1209 guine
2312 1136 2405 1191 Dei
2442 1136 2847 1208 Redemptoris
2879 1136 3060 1191 nostri
3110 1136 3247 1191 Jesu
3279 1136 3477 1191 Christi
3506 1136 3679 1195 alienus

2105 1226 2225 1289 fiat,
2251 1230 2423 1291 atque
2449 1226 2505 1279 in
2529 1230 2740 1279 aeterno
2768 1225 3032 1280 examine
3051 1224 3325 1281 districta:
3348 1224 3681 1280 ultitionisub-

2098 1316 2329 1385 jaceat;
2362 1314 2587 1368 cunctis
2619 1319 2814 1368 autem
2848 1314 3035 1368 eidem
3071 1312 3195 1368 loco
3218 1314 3351 1384 jura
3379 1314 3681 1370 servantibus

2108 1405 2182 1457 sit
2213 1420 2323 1474 pax
2348 1402 2578 1457 Domini
2611 1403 2794 1458 nostri
2827 1403 2965 1457 Jesu
3008 1402 3220 1457 Christi
3255 1407 3522 1474 quatenus
3548 1410 3592 1457 et
3616 1403 3683 1457 hic

2108 1492 2364 1546 fructum
2398 1493 2558 1546 bona
2590 1492 2835 1546 actionis
2868 1492 3127 1563 recipiat,
3150 1495 3207 1547 et
3230 1491 3380 1562 apud
3412 1490 3682 1547 districtum

2102 1580 2361 1651 judicem
2393 1581 2631 1651 praemia
2661 1584 2884 1635 zeterna:
2939 1580 3099 1651 pacis
3149 1580 3419 1635 inveniat.
3450 1580 3686 1651 Scriptum

2112 1686 2213 1740 per
2246 1686 2455 1724 manus
2487 1669 2809 1738 Octaviani,
2866 1668 3065 1724 scrinii
3088 1673 3146 1723 et
3168 1668 3377 1724 notarii
3400 1674 3585 1723 sancta
3608 1669 3688 1724 Ro-

2112 1776 2297 1813 manae
2329 1759 2483 1813 sedis
2507 1757 2859 1829 apostolicae.

2184 1851 2391 1901 Datum
2430 1846 2721 1918 Lugduni,
2753 1845 2930 1900 Nonis
2959 1844 3122 1916 Julii,
3172 1845 3527 1917 pontiﬁcatus
3553 1845 3691 1901 nostri

2117 1953 2267 1991 anno
2294 1941 2615 2008 quarto.....

2886 2062 3002 2114 ιιι.

2120 2148 2491 2219 Privilegium
2520 2149 2581 2202 D.
2616 2147 2915 2202 Alexandri
2941 2161 3102 2217 papae
3143 2148 3193 2201 II
3218 2162 3321 2217 pro
3353 2148 3640 2201 monasterio
3659 2144 3700 2197 S.

2669 2220 2877 2273 Nicasiz'
2916 2220 3214 2273 Remensis.

2741 2316 2926 2385 (Anno
2969 2316 3151 2382 1067.)

2121 2413 2330 2481 VARIN,
2357 2413 2618 2468 Are/cives
2646 2413 2791 2467 adm.
2826 2412 2890 2467 de
2915 2412 3156 2554 2(p3v]ille
3184 2412 3253 2466 de
3302 2412 3493 2476 Reims,
3536 2413 3651 2464 tom.
3676 2410 3705 2471 Ι,

2826 2501 2882 2554 p.
3029 2525 3041 2538 .

2194 2598 2534 2645 ALEXANDER
2564 2591 2896 2662 episcopus,
2955 2606 3156 2645 servus
3189 2604 3485 2644 servorum
3514 2586 3615 2651 Dei,
3640 2585 3711 2638 ab-

2127 2681 2243 2734 bati
2277 2680 2612 2734 monasterii
2646 2679 2842 2734 Sancti
2875 2678 3095 2733 Nicasii
3140 2676 3436 2749 martyris,
3464 2676 3569 2729 sive
3594 2671 3711 2727 Beati

2124 2768 2401 2841 Agricola:
2424 2768 2481 2822 in
2506 2769 2779 2823 Remensi
2799 2768 3087 2823 territorio
3107 2768 3229 2834 siti,
3256 2766 3461 2822 dilecto
3479 2763 3581 2818 ﬁlio
3600 2760 3709 2816 suis-

2126 2874 2239 2928 que
2272 2857 2710 2911 suceessoribus
2740 2858 2799 2911 in
2833 2860 3203 2928 perpetuum.

2199 2947 2299 3000 Pia
2314 2944 2624 3017 postulatio
2640 2945 2954 3000 voluntatis
2971 2945 3178 2999 effectu
3197 2944 3371 2999 debet
3384 2942 3710 3015 prosequente

2127 3034 2424 3105 compleri,
2460 3040 2749 3104 quatenus
2779 3038 2836 3088 et
2864 3033 3187 3088 devotionis
3237 3032 3529 3087 sinceritas
3557 3028 3711 3083 lauda-

2129 3124 2321 3177 biliter
2351 3124 2650 3187 enitescat,
2684 3130 2740 3177 et
2771 3122 2993 3177 utilitas
3026 3121 3323 3193 postulata
3364 3121 3506 3174 vires
3530 3116 3711 3172 indubi-

2129 3217 2320 3266 tanter
2339 3218 2621 3267 assumat.
2656 3211 2899 3265 Proinde
2920 3212 3089 3282 juxta
3112 3210 3447 3281 petitionem
3470 3204 3717 3263 contratris

2135 3301 2313 3355 nostri
2348 3301 2602 3355 Gervasii
2635 3299 2980 3354 venerabilis
3007 3300 3317 3353 Remensis
3340 3292 3715 3367 archiepiscopi.

2133 3389 2487 3444 monasterio
2521 3390 2671 3443 beati
2706 3387 3037 3443 Nicasii.....
3090 3386 3210 3442 sive
3256 3386 3449 3442 Sancti
3480 3380 3714 3455 Agricola,

2133 3479 2285 3549 quod
2320 3478 2458 3533 olim
2492 3496 2525 3533 a
2556 3478 2759 3532 Jovino
2792 3478 3057 3548 praefecto
3086 3476 3459 3539 aediﬁcatum,
3490 3487 3622 3527 nunc
3644 3485 3718 3523 au-

2074 3582 2089 3592 '
2134 3573 2250 3620 tem
2284 3584 2315 3621 a
2346 3566 2620 3637 prazdicto
2654 3566 2926 3620 Gervasio
2972 3569 3060 3620 est
3092 3569 3513 3636 recuperatum,
3542 3558 3618 3614 cui
3642 3556 3720 3611 sub

2132 3655 2333 3726 regula
2365 3656 2512 3709 beati
2551 3655 2845 3710 Benedicti
2878 3669 3126 3725 praeesse
3155 3652 3532 3725 dignosceris,
3559 3648 3719 3715 hujus-

2133 3744 2287 3799 modi
2323 3744 2689 3815 privilegium
2724 3743 2992 3815 praesenti
3028 3742 3396 3797 auctoritatis
3438 3744 3617 3793 nostrae
3643 3733 3718 3786 de-

2131 3838 2284 3889 creto
2309 3832 2704 3903 indulgemus,
2730 3832 3106 3885 concedimus
3128 3835 3309 3900 atque
3333 3826 3718 3891 firmamus,sta-

2132 3926 2359 3977 tuentes
2391 3921 2618 3976 nullum
2654 3937 2875 3991 regum,
2905 3919 3132 3974 nullum
3162 3919 3515 3986 antistitum,
3539 3910 3717 3968 nullum

2131 4010 2391 4082 qualibet
2431 4009 2734 4081 praeditum
2789 4009 3092 4081 dignitate,
3125 4008 3210 4062 vel
3263 4023 3435 4079 quem
3468 4005 3642 4065 alium,
3669 3998 3719 4050 de

2130 4099 2222 4154 his
2256 4117 2381 4170 qua:
2414 4099 2603 4153 eidem
2647 4098 3001 4152 monasterio
3034 4116 3065 4151 a
3117 4098 3356 4167 praefato
3388 4090 3631 4151 Gervasio
3655 4103 3717 4141 ar-

2130 4189 2520 4258 chiepiscopo,
2550 4187 2637 4240 vel
2666 4188 2738 4241 ab
2772 4186 2901 4241 aliis
2934 4186 3204 4241 ﬁdelibus
3224 4186 3351 4256 jam
3385 4186 3584 4238 donata
3600 4179 3717 4235 sunt,

2130 4277 2213 4331 vel
2252 4279 2304 4329 in
2338 4277 2599 4329 futurum
2632 4294 2665 4330 a
2695 4275 3057 4347 quibuslibet
3107 4275 3240 4329 aliis
3271 4275 3342 4329 de
3392 4267 3718 4344 propriojure

2132 4366 2347 4419 fuerint
2378 4365 2606 4433 collata,
2641 4365 2749 4419 sub
2783 4362 3095 4434 cujuslibet
3124 4379 3304 4417 causa
3341 4361 3424 4415 vel
3457 4351 3718 4414 occasionis

2131 4454 2612 4525 specie,minuere
2626 4452 2709 4508 vel
2727 4454 2972 4521 auferre,
2990 4453 3109 4507 sive
3126 4452 3253 4506 suis
3269 4450 3475 4505 usibus
3489 4443 3719 4518 applicare

2130 4543 2214 4596 vel
2248 4542 2379 4597 aliis
2409 4542 2577 4613 quasi
2611 4542 2722 4613 piis
2756 4541 2951 4595 causis
2974 4558 3076 4612 pro
3108 4557 3228 4595 suae
3253 4539 3501 4595 avaritia:
3529 4544 3716 4590 excusa-

372 4612 479 4666 hoc
502 4612 944 4684 investigatione
966 4615 1278 4684 perquirat,
1309 4620 1621 4683 quatenus,
1649 4617 1872 4670 cunctis
1895 4634 2024 4670 con-
2056 4619 2100 4681 D
2134 4633 2288 4686 tione
2320 4612 2635 4686 ροηέράειιῤ
2663 4656 2676 4697 ς
2710 4631 2809 4683 sed
2863 4634 3075 4683 cuncta
3105 4646 3232 4700 qua;
3289 4628 3367 4682 ibi
3399 4626 3577 4681 oblata
3601 4620 3717 4676 sunt.

371 4702 1053 4772 corditerjudicantibus,
1071 4703 1359 4757 canonica:
1380 4703 2023 4760 districtioniscensura

371 4794 473 4844 aut
504 4806 667 4845 reum
695 4792 882 4845 facere
932 4796 1031 4844 aut
1076 4791 1439 4847 innocentem
1488 4793 1673 4864 possit
1703 4795 2017 4848 absolvere.

443 4896 677 4962 Quoties
703 4902 897 4953 tamen
932 4898 1277 4969 praepositus
1306 4900 1593 4970 przedictze
1620 4899 1874 4954 ecclesiae
1902 4902 2016 4970 epi-

372 5000 677 5055 scoporum
706 4988 839 5057 prazj
852 4986 1040 5041 udicio
1059 4987 1353 5056 segravari
1377 4988 1722 5057 praeviderit,
1741 4988 2021 5059 apostoli-

374 5088 497 5127 cam
535 5074 732 5129 sedem
761 5073 908 5129 liber
938 5074 1213 5146 appellet,
1246 5074 1331 5130 vel
1366 5093 1498 5130 cum
1545 5093 1647 5146 pro
1679 5075 2022 5146 hujusmodi

376 5163 710 5230 priejudicio
744 5163 828 5219 vel
863 5181 964 5235 pro
990 5163 1240 5219 utilitate
1274 5163 1536 5219 Ecclesiae
1558 5182 1678 5219 suae
1709 5166 1779 5219 ad
1814 5166 2023 5221 Roma-

376 5264 517 5302 num
553 5254 885 5321 pontificem
920 5255 1112 5308 venire
1142 5254 1410 5320 voluerit,
1446 5254 1497 5308 ei
1530 5255 1719 5309 modis
1750 5256 2027 5311 omnibus

375 5335 563 5391 liceat.
592 5339 715 5395 Haec
741 5359 874 5414 ergo
890 5342 1107 5409 omnia,
1135 5361 1263 5415 qua:-
1284 5343 1621 5413 hujusmodi
1641 5344 1851 5398 decreti
1880 5362 2021 5415 pra:-

377 5428 599 5495 ceptive
631 5432 812 5484 nostri
844 5432 1060 5503 pagina
1086 5432 1364 5499 continet,
1391 5438 1509 5487 tam
1543 5432 1649 5486 tibi
1673 5449 1847 5503 quam
1882 5451 2024 5487 eun-

376 5515 485 5569 etis
518 5515 686 5585 quiin
721 5535 785 5573 eo
820 5520 875 5574 in
905 5539 1019 5591 quu
1039 5538 1099 5576 es
1118 5522 1319 5577 ordine
1344 5521 1583 5593 locoque
1614 5523 2024 5589 successerint,

375 5604 462 5657 vel
497 5605 579 5659 eis
611 5622 859 5676 quorum
918 5610 1199 5664 interesse
1252 5612 1523 5680 poterint,
1587 5611 1641 5664 in
1677 5618 2021 5681 perpetuum

375 5695 723 5749 servandum
756 5695 1145 5747 decernimus.
1172 5698 1227 5747 Si
1260 5699 1389 5766 quis
1416 5716 1547 5752 vero
1574 5716 1795 5768 regum,
1832 5716 2022 5751 sacer-

2133 4721 2215 4775 vel
2251 4721 2438 4774 offerri
2474 4719 2780 4789 contigerit
2828 4724 2944 4772 tam
2978 4735 3009 4771 a
3039 4724 3093 4772 te
3144 4735 3320 4788 quam
3357 4717 3426 4771 ab
3473 4714 3546 4769 eis
3572 4708 3650 4780 qui
3674 4706 3715 4757 in

2134 4815 2233 4863 tuo
2252 4808 2441 4863 ol‘ﬁcio
2467 4808 2707 4879 locoque
2726 4807 3137 4875 successerint,
3156 4823 3189 4861 a
3211 4804 3475 4877 praesenti
3494 4807 3716 4868 tempore.

2133 4897 2355 4952 illibata
2386 4913 2450 4952 ac
2482 4898 2607 4952 sine
2638 4895 3043 4967 inquietudine
3096 4894 3296 4966 aliqua
3327 4886 3590 4966 possideri
3612 4902 3623 4950 ;
3645 4896 3719 4936 eo-

2134 5003 2261 5041 rum
2297 4992 2489 5040 tamen
2524 4986 2731 5039 usibus
2766 5000 2868 5055 pro
2900 5000 3147 5054 quorum
3178 4979 3615 5038 substentatione
3639 4984 3716 5042 gu-

2136 5076 2590 5145 bernationeque
2622 5089 2899 5129 concessa
2928 5076 3087 5142 sunt,
3121 5071 3312 5127 modis
3343 5068 3593 5126 omnibus
3621 5073 3716 5131 ρῐόο

2137 5167 2351 5220 tutura.
2392 5166 2529 5218 Item
2564 5162 2982 5217 constituimus
3016 5168 3078 5216 ut
3108 5163 3359 5216 obeunte
3400 5167 3451 5213 te
3476 5161 3526 5211 et
3553 5151 3716 5242 postult

2134 5254 2329 5324 aliquo
2380 5253 2643 5319 ejusdem
2692 5250 3031 5306 monasterii
3076 5252 3302 5316 abbate,
3354 5264 3463 5303 non
3510 5242 3634 5299 alius
3658 5236 3715 5287 ibi

2136 5359 2486 5414 quacunque
2510 5340 2869 5412 obreptionis
2891 5340 3110 5394 astutia
3127 5339 3443 5403 ordinetur,
3464 5331 3561 5388 nisi
3582 5336 3713 5398 quem

2137 5432 2440 5488 Remensis
2472 5430 2968 5502 archiepiscopus,
3002 5445 3133 5483 cum
3165 5424 3455 5483 communi
3482 5425 3713 5476 consensu

2136 5522 2396 5591 ejusdem
2423 5518 2668 5575 ccenobii
2688 5517 3136 5584 monachorum,
3152 5516 3363 5572 secund
3376 5528 3466 5568 um
3483 5507 3569 5565 Dei
3590 5504 3713 5557 timo“

2138 5628 2255 5663 rem
2284 5609 2537 5680 elegerit,
2566 5613 2667 5661 aut.
2693 5607 3019 5679 praeviderit
3042 5604 3443 5661 ordinandum.
3468 5598 3570 5653 Hoc
3595 5604 3706 5662 quo'

2137 5715 2247 5767 que
2279 5697 2531 5769 capitulo
2557 5697 2819 5769 praesenti
2856 5695 3289 5768 subjungimus,
3325 5695 3383 5747 ut
3413 5690 3579 5745 locum
3607 5690 3702 5733 ενδ·
