3996 6158
212 411 370 479 1333
1406 430 1814 497 EpIs'roL/E
1858 430 1958 497 ar
2001 430 2492 497 DIPLOMA'PA.‘
3484 422 3639 489 i334

211 552 363 610 ritim
397 549 793 627 recludamus,
826 558 1055 618 nullum
1106 562 1174 619 de
1223 564 1480 637 regibus,
1515 567 1744 623 nullum
1796 570 1866 625 de
1898 577 1945 638 Α
1979 568 2393 625 sollicitudinis
2424 569 2619 626 studio
2652 565 2919 626 convenit
2950 584 3055 625 nos
3086 563 3406 641 apostolica
3448 568 3505 627 et
3534 583 3643 626 ra-

221 644 647 733 sacerdotibus,
681 647 767 703 vel
801 665 1207 723 quemcunque
1256 654 1433 710 alium
1485 674 1587 728 per
1616 675 1697 726 se,
1732 676 1868 731 sup-
1978 660 2242 716 tionabili
2275 676 2524 716 censura
2557 677 2887 733 procurare,
2915 665 3208 732 quatenus
3236 676 3304 715 ex
3332 659 3629 732 hocjuges

226 732 893 807 positamvepersonam,
928 741 1371 799 deordinationc
1411 747 1671 816 ejusdem
1690 748 1868 803 abba-
1978 750 2164 804 eidem
2202 732 2569 823 propitiatori
2612 755 2811 806 nostro
2860 749 3184 804 carminum
3221 748 3629 821 persolvantur

216 822 452 920 tis,”vel
498 823 948 920 quibuscunque
988 831 1182 920 causis
1233 834 1303 887 ad
1353 834 1656 890 ecclesiam
1692 838 1865 894 istam
1974 846 2198 915 laudes,
2234 853 2291 903 et
2324 849 2509 917 nobis,
2563 847 2662 920 qui
2710 848 2844 903 licet
2889 846 3161 901 immeriti
3193 846 3388 902 divina
3426 851 3622 904 tamen

215 911 782 1010 Ρϐΐΐῖῠθῐξξίῧυ8›ξὶυῐ
811 916 888 1010 (ξε.
912 932 972 971 ΓΘ
1002 919 1059 972 in
1095 920 1351 987 αυτοννθι
1383 924 1440 976 in
1474 922 1587 978 alia
1608 925 1867 995 qualibet
1973 936 2160 1007 gratia
2186 937 2554 1009 proveniente
2579 911 2881 1009 apostolici
2925 935 3228 1009 regiminis
3272 952 3470 992 curam
3522 952 3617 1010 ge-

208 1001 504 1055 commodi
533 1003 726 1073 specie
754 1004 1076 1077 quidquam
1127 1009 1406 1082 accipere,
1462 1029 1649 1085 neque
1697 1032 1832 1070 cum

1973 1025 2178 1091 rimus,
2214 1026 2410 1097 opima
2458 1025 2517 1080 in
2566 1024 2806 1080 sidereis
2856 1024 3090 1080 arcibus
3130 1024 3623 1081 remunerationis

207 1089 342 1145 dem
375 1091 645 1186 abbatem
681 1094 1066 1153 ordinationis
1099 1099 1223 1155 sine
1256 1118 1434 1157 causa
1464 1103 1601 1158 dare
1641 1121 1858 1174 prmsu-
1970 1114 2210 1185 praemia
2235 1089 2839 1186 concedantur.lgitur
2861 1114 3000 1185 quia
3024 1112 3225 1185 religio
3243 1113 3621 1180 tua,dilectis-

204 1195 391 1275 mere,
421 1185 478 1275 et
506 1180 567 1235 in
598 1182 705 1275 hac
736 1186 1040 1243 occasione
1070 1205 1137 1244 ea
1168 1206 1295 1261 quae
1345 1208 1378 1245 a
1432 1191 1704 1249 ﬁdelibus
1745 1193 1859 1266 piis
1969 1180 2115 1258 sime
2149 1202 2225 1257 [ili
2257 1203 2597 1275 Landulphe
2626 1180 2976 1259 venerabilis
3024 1180 3193 1269 abba,
3226 1201 3540 1273 postulavit
3586 1221 3620 1257 a

206 1268 354 1364 Locis
379 1269 981 1364 oti'eruntur,autjam
1010 1275 1205 1333 oblata
1226 1284 1384 1349 sunt,
1411 1287 1855 1339 consumantur.
1968 1291 2158 1356 nobis,
2190 1298 2482 1364 quatenus
2514 1291 2935 1348 monasterium
2967 1291 3162 1347 Sancti
3193 1290 3491 1364 Sylvestri,
3519 1291 3612 1346 cui

204 1357 428 1413 Etcum
443 1358 636 1414 multas
653 1363 986 1420 occasiones
1009 1366 1065 1421 in
1088 1367 1426 1440 deceptione
1448 1370 1838 1443 religiosarurr

1964 1388 2081 1445 Deo
2112 1395 2350 1445 auctore
2372 1407 2617 1462 praeesse
2646 1389 3027 1464 dignosceris,
3052 1389 3383 1462 apostolicae
3416 1393 3613 1447 aucto-

202 1463 583 1519 personarum
634 1465 667 1503 a
714 1453 905 1521 pravis
938 1453 1277 1513 hominibus
1308 1459 1719 1530 exquiruntur,
1753 1461 1838 1516 ab-

1964 1478 2155 1534 ritatis
2181 1480 2343 1551 juxta
2372 1480 2618 1535 formam
2650 1484 3087 1537 antecessorum
3118 1485 3453 1535 nostrorum
3486 1478 3605 1549 prie

200 1536 396 1591 batem
430 1538 687 1609 praedicti
723 1543 1059 1597 monasterii
1090 1545 1251 1601 nullo
1298 1549 1469 1602 modo
1504 1550 1838 1619 privandum

1962 1567 2168 1640 vilegio
2200 1569 2776 1640 muniremus,justze
2798 1555 3064 1642 petitioni
3084 1573 3195 1624 tua:
3227 1568 3478 1625 libenter
3505 1585 3611 1624 an-

199 1624 730 1725 dePOf‘eWPmQPe
752 1635 1353 1726 9§Senceffsemuslni9i
1377 1638 1707 1726 ερθοὶξιιίίθτ
1722 1656 1853 1694 οθυο
1962 1624 2373 1713 nuiihusﬂum
2405 1624 2651 1712 enimyi'n
2686 1624 3106 1713 Mediolanensi
3136 1654 3411 1726 Ecclesia,
3436 1659 3605 1713 natu-

198 1729 266 1767 sa
288 1717 554 1769 criminis
579 1717 1034 1787 exigente.Unde
1056 1737 1293 1777 necesse
1315 1731 1403 1778 est
1424 1729 1489 1778 ut
1509 1724 1555 1779 si
1581 1742 1696 1797 qua
1715 1743 1849 1781 con-

194 1804 291 1855 tra
311 1817 444 1855 eum
467 1801 808 1873 hujusmodi
833 1806 1069 1877 querela
1090 1811 1547 1876 surrexerit,non
1572 1814 1734 1869 solus
1756 1833 1847 1869 ar-

194 1889 607 1963 chiepiscopus
632 1892 939 1951 Remensis
970 1913 1208 1953 causam
1240 1900 1657 1969 examinet,sed
1682 1903 1848 1957 adhi-

191 1979 336 2035 bitis
379 1980 493 2035 sibi
545 1980 678 2037 aliis
724 1984 1014 2057 episcopis
1044 1989 1189 2059 suis,
1222 1989 1425 2045 subtili
1457 1991 1565 2046 hoc
1604 1992 1843 2047 investi-

190 2068 433 2139 gatione
484 2070 806 2142 perquirat,
860 2079 1150 2146 quatenus
1200 2079 1427 2134 cunctis
1484 2081 1848 2137 concorditer

181 2154 620 2226 judicantibus,
681 2164 972 2216 canonicae
1021 2163 1406 2221 districtionis
1453 2184 1700 2224 censura
1747 2178 1849 2225 aut

189 2259 363 2299 reum
385 2245 721 2318 punire,aut
751 2248 1121 2307 innocentem
1155 2254 1341 2325 possit
1370 2256 1846 2325 absolvere.Quo-

188 2332 305 2388 ties
332 2337 529 2390 tamen
562 2337 968 2408 praenominati
1001 2343 1341 2398 monasterii
1386 2346 1569 2401 abbas
1623 2348 1847 2418 episco-

188 2436 404 2493 porum
429 2425 565 2495 praaj
577 2424 767 2480 udicio
787 2443 849 2482 se
867 2430 1092 2500 gravari
1116 2432 1845 2506 prmviderit,apostolicam

188 2510 396 2566 sedem
431 2512 607 2568 libere
631 2515 910 2587 appellet;
942 2518 1029 2573 vel
1062 2534 1194 2574 cum
1216 2538 1318 2594 pro
1342 2522 1679 2595 hujusmodi
1706 2543 1850 2596 pras-

178 2598 431 2671 judicio,
463 2600 551 2657 vel
586 2619 689 2673 pro
723 2605 977 2663 utilitate
1006 2611 1344 2666 monasterii
1377 2611 1490 2677 sui,
1526 2614 1596 2669 ad
1640 2615 1849 2670 Roma-

1960 1743 2064 1797 rali
2097 1744 2364 1799 videlicet
2395 1752 2579 1800 matre
2610 1751 2827 1812 nostra,
2850 1746 3084 1801 unicam
3117 1750 3174 1801 et
3203 1744 3515 1817 specialem
3537 1745 3608 1803 ab

1958 1842 2084 1913 ipso
2116 1842 2400 1914 primaevae
2431 1843 2617 1898 aetatis
2646 1842 2926 1916 tyrocinio
2969 1843 3311 1898 charitatem
3357 1842 3604 1898 invicem

1878 1932 1924 1997 Β
1955 1932 2402 2000 servaverimus,
2439 1931 2622 1987 multo
2655 1948 2810 1986 nunc
2834 1931 3172 2003 vigilantius
3201 1932 3468 1987 eamdem
3496 1931 3605 1988 tibi

1956 2022 2225 2076 convenit
2254 2038 2360 2076 nos
2391 2020 2732 2076 charitatem
2766 2020 3121 2091 impendere,
3154 2036 3488 2091 quam,non
3506 2036 3601 2076 so-

1956 2110 2079 2164 lum
2112 2109 2170 2163 in
2204 2114 2406 2165 nostra
2437 2110 2536 2165 sed
2567 2110 2742 2165 etiam
2779 2113 2992 2164 sancta
3028 2109 3300 2167 Romane
3339 2110 3606 2166 Ecclesiae

1958 2198 2236 2254 ﬁdelitate
2271 2203 2499 2253 constat
2543 2199 2765 2254 ardenti
2799 2198 3088 2254 desiderio
3119 2201 3458 2255 excrevisse.
3491 2199 3608 2265 Nos

1956 2289 2153 2358 itaque
2182 2287 2445 2342 inclinati
2475 2287 2801 2343 devotionis
2830 2292 2941 2343 tuae
2974 2287 3245 2359 precibus
3277 2288 3465 2344 eidem
3512 2305 3608 2344 ve-

1959 2376 2129 2431 rabili
2162 2376 2517 2432 monasterio
2548 2378 2793 2448 ejusque
2823 2376 3136 2432 abbatibus
3165 2376 3267 2448 qui
3316 2393 3419 2448 pro
3458 2381 3610 2432 tem-

1958 2481 2095 2536 pore
2129 2465 2344 2520 fuerint
2373 2465 2714 2520 auctoritate
2738 2465 2893 2520 beati
2918 2463 3286 2537 apostoli,cui
3310 2482 3344 2519 a
3364 2464 3610 2522 Domino

1959 2554 2076 2609 Deo
2097 2554 2315 2609 tradita
2335 2559 2423 2609 est
2451 2558 2708 2625 potestas
2728 2559 2784 2610 et
2808 2553 3218 2625 interpellandi
3241 2570 3308 2610 ac
3330 2553 3609 2622 solvendi,

1961 2649 2364 2705 ﬁrmissimam
2394 2650 2775 2706 stabilitatem
2811 2653 3025 2706 nostra:
3044 2666 3302 2706 censurae
3333 2651 3609 2722 apostoli-

1961 2755 2039 2792 cae
2072 2739 2470 2807 concedimus,
2502 2740 2919 2795 confirmantes
2947 2744 3005 2795 et
3033 2738 3475 2812 promulgantes
3517 2756 3612 2795 ve-

1961 2831 2149 2881 strum
2204 2828 2530 2884 venerabile
2584 2827 3004 2883 monasterium
3066 2844 3314 2899 massas,
3374 2828 3612 2896 fundos,

1962 2924 2205 2995 casales,
2235 2930 2444 2989 cortes,
2476 2926 2730 2995 castella,
2764 2942 2933 2981 casas
2963 2929 3138 2997 atque
3172 2925 3445 2993 familias,
3488 2943 3610 2982 ser-

1964 3030 2090 3068 vos.
2115 3055 2160 3068 ..
2205 3012 2286 3069 les
2318 3013 2615 3084 simulque
2644 3014 2888 3086 reliquis
2929 3015 3105 3070 rebus
3134 3018 3191 3071 et
3221 3014 3614 3087 possessioni-

1964 3102 2095 3160 bus.
2136 3102 3616 3175 frugibus,decimationibus,aquimolis,olivetis,st

1965 3189 2249 3261 quidquid
2280 3189 2335 3244 in
2371 3190 2821 3262 quibuscunque
2856 3190 3001 3245 locis
3030 3191 3264 3257 habere,
3285 3192 3372 3247 vel
3418 3197 3616 3248 tenere

1885 3302 1926 3367 ρ
1967 3278 2212 3367 videtur,
2243 3283 2299 3333 et
2328 3296 2395 3367 ex
2425 3278 2532 3333 hoc
2565 3278 3114 3367 nuncilegaliteriei
3166 3280 3449 3334 donatum
3495 3282 3615 3337 sive

1970 3366 2173 3421 datum
2226 3366 2414 3435 fuerit,
2464 3370 2566 3421 aut
2612 3366 2871 3437 quolibet
2918 3366 3092 3421 modo
3131 3368 3292 3437 juste
3338 3368 3614 3436 evenerit,

1967 3468 2163 3518 tenere
2192 3469 2248 3518 et
2278 3463 2575 3535 possidere
2604 3463 2729 3519 sine
2760 3463 3020 3535 qualibet
3048 3464 3443 3520 controversia
3485 3481 3615 3537 per-

1971 3553 2159 3624 petuis
2190 3552 2551 3623 temporibus
2582 3552 2795 3620 valeat;
2850 3557 2907 3608 et
2949 3551 3095 3607 nulli
3145 3568 3406 3625 unquam
3447 3553 3618 3610 liceat

1966 3650 2846 3722 regunLepiscoporum,ducum
2862 3649 2946 3705 vel
2966 3648 3213 3706 aliorum
3240 3667 3462 3723 magnae
3482 3668 3614 3724 par-

1965 3755 2163 3809 vmque
2196 3755 2476 3809 personis,
2512 3739 2570 3793 in
2603 3739 2879 3811 praedicto
2908 3738 3224 3794 venerabili
3256 3740 3613 3796 monasterio

1963 3826 2049 3881 vel
2080 3826 2138 3881 in
2172 3826 2411 3897 eis,quae
2442 3828 2628 3881 eidem
2663 3826 3017 3882 monasterio
3040 3826 3327 3898 pertinere
3357 3843 3611 3882 noscun-

1963 3918 2077 3981 tur,
2113 3931 2464 3987 quocunque
2513 3916 2685 3970 modo
2738 3916 3097 3984 incumbere,
3131 3915 3218 3970 vel
3248 3915 3610 3972 invasionem

1965 4013 2173 4068 facere.
2197 4055 2209 4068 .
2235 4055 2281 4068 ..
2323 4012 2617 4085 quispiam
2651 4014 3019 4068 sacerdotum
3050 4013 3267 4068 ibidem
3298 4017 3613 4086 praasumat

1964 4102 2281 4157 missarum
2315 4100 2601 4157 solemnia
2630 4100 2941 4169 celebrare,
2993 4101 3106 4155 nisi
3157 4102 3227 4156 ab
3279 4101 3485 4157 abbate
3522 4100 3611 4157 vel

1962 4201 2409 4272 congregatione
2452 4199 2563 4255 loci
2614 4199 2788 4255 fuerit
2834 4199 3136 4268 invitatus,
3170 4203 3228 4254 et
3258 4215 3447 4271 neque
3496 4199 3613 4271 epi-

1962 4304 2195 4361 scopus,
2224 4305 2412 4360 neque
2444 4290 2623 4344 abbas
2646 4288 2879 4362 aliquis,
2911 4303 3238 4356 comes,seu
3267 4286 3607 4356 vicecomes,

1962 4386 2048 4439 vel
2080 4386 2355 4457 quaelibet
2386 4403 2599 4459 magna
2629 4403 2920 4458 parvaque
2971 4402 3219 4458 persona
3266 4385 3325 4440 in
3375 4386 3611 4457 praefato

1962 4475 2316 4530 monasterio
2344 4475 2433 4529 vel
2464 4475 2522 4528 in
2554 4475 2681 4544 ejus
2714 4474 2898 4540 cellis,
2929 4473 3015 4529 vel
3049 4473 3313 4529 ecclesiis
3355 4473 3609 4528 mansio-

1962 4580 2064 4618 nes
2095 4564 2280 4618 facere
2329 4563 2415 4617 vel
2462 4579 2745 4633 expensas
2795 4566 3054 4632 repetere
3106 4565 3209 4615 aut
3255 4560 3475 4632 aliquid
3507 4576 3611 4632 per

1880 4674 1925 4737 D
1961 4655 2310 4723 potestatem
2329 4650 2629 4705 servitium
2646 4652 2852 4721 praeter
2867 4646 3157 4719 peregrini
3177 4650 3234 4701 et
3253 4645 3497 4717 legitimi
3512 4644 3609 4703 ho-

184 2704 337 2742 num
369 2689 704 2759 pontificem
737 2695 931 2751 venire
958 2698 1227 2766 voluerit,
1261 2701 1313 2756 ei
1346 2702 1535 2756 modis
1578 2704 1852 2760 omnibus

186 2776 528 2833 liceat.Haac
562 2780 746 2852 igitur
775 2785 975 2840 omnia
998 2803 1126 2857 quae
1158 2788 1337 2859 hujus
1368 2792 1637 2862 praecepti
1664 2793 1855 2847 decre-

186 2866 361 2937 tique
393 2870 578 2923 nostri
610 2872 825 2942 pagina
855 2875 1135 2947 continet,
1152 2881 1273 2933 tam
1306 2878 1386 2933 ibi
1418 2896 1596 2951 quam
1630 2881 1856 2937 cunctis

187 2955 295 3026 qui
326 2955 384 3009 in
417 2972 485 3012 eo
520 2956 646 3014 loco
678 2960 734 3014 in
770 2977 884 3033 quo
914 2979 995 3031 es,
1032 2966 1234 3021 ordine
1264 2966 1523 3023 locorum
1557 2987 1855 3025 successe-

183 3042 334 3110 rint,
367 3043 454 3100 vel
486 3046 570 3102 eis
602 3064 851 3118 quorum
883 3051 1167 3109 interesse
1218 3056 1491 3126 potuerit,
1537 3056 1597 3112 in
1648 3073 1855 3129 perpe-

186 3136 367 3187 tuum
400 3137 688 3191 servanda
717 3139 1188 3198 decernimus.Si
1217 3145 1350 3215 quis
1379 3161 1515 3199 vero
1536 3162 1861 3217 regum,sa'

183 3221 497 3278 cerdotum
532 3230 635 3279 aut
666 3228 1035 3285 saecularium
1091 3247 1497 3302 personarum,
1533 3234 1683 3289 hanc
1721 3251 1858 3290 con-

184 3309 522 3368 stitutionis
551 3319 765 3369 nostra;
796 3317 1073 3388 paginam
1102 3336 1443 3391 agnoscens,
1479 3327 1680 3378 contra
1722 3340 1849 3378 eam

180 3397 389 3453 venire
412 3403 741 3471 tentaverit,
776 3407 1081 3476 potestatis
1114 3407 1471 3481 honorisque
1515 3411 1607 3466 sui
1656 3412 1857 3484 digni-

179 3491 309 3542 tate
339 3493 555 3555 careat,
600 3508 886 3564 reumque
936 3511 996 3550 se
1046 3513 1079 3551 a
1126 3497 1324 3553 divino
1348 3500 1572 3569 judicio
1604 3500 1858 3555 existere

181 3576 262 3631 de
296 3581 628 3647 perpetrata
659 3580 968 3651 iniquitate
987 3591 1285 3655 agnoscat;
1309 3601 1365 3642 et
1395 3586 1508 3642 nisi
1540 3605 1609 3643 ea
1632 3605 1759 3660 quis
1783 3589 1857 3644 ab

183 3662 297 3717 illo
328 3670 469 3719 sunt
498 3667 650 3722 male
680 3667 876 3724 oblata
905 3673 1250 3739 restituerit,
1300 3674 1387 3729 vel
1437 3676 1616 3747 digna
1665 3677 1855 3748 poeni-

183 3751 384 3807 tentia
411 3751 610 3810 illicite
641 3762 768 3811 acta
797 3758 1094 3827 deleverit,
1130 3778 1164 3815 a
1191 3763 1594 3819 sacratissimo
1617 3782 1855 3837 corpore

181 3846 248 3896 et
304 3844 596 3915 sanguine
626 3844 725 3899 Dei
759 3846 989 3902 Domini
1042 3850 1434 3923 redemptoris
1481 3853 1661 3908 nostri
1713 3855 1853 3909 Jesu

183 3929 413 3986 Christi
446 3931 674 3988 alienus
706 3935 826 4005 ﬁat,
860 3941 1034 4008 atque
1087 3939 1144 3992 in
1190 3944 1406 3995 aeterno
1449 3942 1715 3998 examine
1766 3943 1853 3997 di-

184 4019 410 4075 stricta:
443 4020 651 4078 ultioni
681 4024 1257 4095 subjaceat.Cunctis
1280 4034 1472 4085 autem
1505 4031 1694 4086 eidem
1728 4031 1854 4088 loco

175 4110 356 4180 justa
378 4111 749 4167 servantibus
780 4113 857 4168 sit
885 4131 997 4186 pax
1026 4116 1284 4172 Domini.
1310 4160 1320 4173 .
1345 4161 1355 4174 .
1380 4121 1705 4184 .Quatenus
1736 4122 1855 4176 fru‘

184 4204 358 4253 ctum
390 4197 555 4254 bonae
588 4201 835 4257 actionis
868 4204 1172 4276 recipiant,
1215 4209 1272 4260 et
1318 4209 1469 4277 apud
1518 4209 1850 4265 districtum

184 4286 467 4344 Judicem
499 4290 742 4359 praemia
771 4295 996 4347 aeterna
1030 4294 1191 4364 pacis
1222 4295 1537 4350 inveniant.

260 4375 565 4447 Scriptum
598 4394 702 4449 per
733 4395 944 4435 manus
992 4382 1312 4451 Octaviani,
1347 4383 1638 4439 scriniarii
1668 4389 1725 4440 et
1752 4402 1852 4441 no-

181 4464 329 4520 tarii
358 4465 511 4520 sacri
543 4464 762 4537 palatii.

265 4676 576 4731 Alexandri
605 4679 656 4733 Il
675 4694 842 4753 papa
859 4593 1223 4753 prz’zii’llielqium
1248 4698 1346 4752 pro
1369 4686 1696 4739 monasterio
1718 4686 1774 4741 S.

676 4749 941 4822 Sylvestri
970 4749 1372 4809 Noriantulani.

823 4840 1011 4911 (Anno
1043 4843 1237 4913 1067.)

184 4924 599 5005 [Tmanqscng
620 4929 802 5005 gloria
831 4928 973 4983 delia
1010 4938 1244 5005 angusta
1265 4930 1500 5005 badiaﬁlz'
1518 4935 1847 5005 Nonantola,

227 5001 379 5052 tom.
415 4996 575 5081 Il,'p.
610 4999 732 5064 196,
767 5015 836 5054 ex
864 4996 1227 5073 autographa
1262 5003 1318 5057 in
1351 5004 1510 5058 arch.
1540 5003 1814 5074 Nonant.]

266 5123 615 5177 waannsa
643 5122 972 5195 episcopus,
1006 5141 1209 5188 servus
1237 5143 1537 5183 servorum
1568 5129 1684 5199 Dei,
1713 5130 1851 5185 LAN-

184 5226 407 5279 nunro,
440 5211 755 5267 venerabili
781 5213 977 5268 abbati
1002 5215 1339 5270 monasterii
1364 5217 1555 5271 Sancti
1590 5217 1853 5273 Silvestri

184 5298 357 5371 apud
373 5298 769 5356 Nonantulam
794 5302 1368 5375 constituti,suisque
1391 5306 1851 5378 successoribus,
1898 5362 1915 5375 ,

189 5404 428 5443 necnon
457 5389 741 5445 universas
771 5391 1204 5464 congregationi
1237 5393 1348 5448 sub
1388 5395 1590 5449 eodem
1640 5400 1853 5451 interno

188 5478 325 5549 regi
358 5477 635 5534 militanti
671 5484 1010 5552 perpetuam
1044 5481 1101 5535 in
1133 5482 1378 5537 Domino
1410 5482 1680 5539 salutem.

274 5569 694 5640 Quemcunque
725 5570 793 5623 ad
830 5568 1062 5625 laudem
1096 5571 1500 5643 Redemptoris
1521 5573 1707 5626 nostri
1743 5573 1852 5627 Do-

194 5654 351 5710 mini
381 5656 520 5711 Jssu
554 5657 764 5713 Christi
797 5659 1082 5729 pertinere
1109 5666 1163 5714 et
1185 5661 1254 5715 ad
1280 5660 1659 5716 stabilitatem
1692 5680 1855 5717 vene-

187 5744 479 5801 rabilium
512 5745 771 5803 locorum
806 5747 1092 5820 respicere
1122 5754 1445 5804 noscuntur
1465 5766 1598 5805 cum
1627 5768 1850 5823 magna:

1959 4748 2161 4819 spites,
2195 4753 2252 4802 et
2283 4763 2473 4817 neque
2504 4745 2862 4817 colloquium
2892 4744 3304 4817 qualecunque
3334 4747 3438 4799 aut
3488 4741 3608 4814 pla-

1960 4838 2142 4891 citum
2166 4835 2222 4890 in
2248 4836 2375 4907 ipso
2397 4834 2771 4901 monasterio,
2797 4838 2898 4887 aut
2927 4832 2986 4886 in
3017 4832 3144 4903 ejus
3173 4829 3607 4903 praenominatis

1961 4925 2123 4980 cellis
2154 4931 2347 4979 tenere
2378 4923 2510 4995 quis
2542 4923 2755 4978 audeat
2784 4921 2897 4977 nisi
2930 4921 3138 4977 abbate
3183 4919 3356 4975 fuerit
3397 4919 3605 4975 invita-

1960 5020 2079 5069 tus.
2107 5015 2408 5077 Quatenus
2431 5012 2536 5067 hoc
2559 5012 2714 5084 quod
2742 5011 2812 5066 ad
2836 5010 3069 5066 laudem
3114 5009 3212 5065 Dei
3236 5013 3290 5063 et
3320 5006 3608 5064 stabilita-

1962 5109 2075 5158 tem
2103 5102 2363 5175 prtedicti
2389 5099 2729 5157 monasterii
2752 5099 3069 5155 statuimus
3104 5099 3274 5154 firma
3295 5096 3612 5154 stabilitate

1963 5205 2320 5273 permaneat.
2360 5199 2778 5254 Interdicentes
2831 5196 3072 5252 omnino
3118 5195 3391 5268 episcopo
3436 5194 3612 5249 Muti-

1963 5290 2152 5359 nensi,
2202 5288 2261 5344 in
2307 5289 2477 5357 cujus
2525 5285 2800 5359 parochia
2845 5301 2975 5341 esse
3010 5284 3241 5340 videtur
3267 5283 3612 5356 praedictum

1967 5386 2384 5442 monasterium
2412 5383 2821 5450 constitutum,
2846 5386 2912 5439 ut
2942 5380 3087 5437 nihil
3120 5385 3322 5437 contra
3349 5384 3611 5437 tenorem

1964 5475 2271 5548 prmsentis
2287 5474 2500 5529 decreti
2520 5473 2615 5545 pia
2632 5471 3024 5544 postulatione
3044 5470 3257 5526 indulti
3284 5470 3609 5543 quidquam

1967 5570 2276 5619 altentet...
2311 5580 2501 5634 neque
2524 5561 2907 5633 aliquando...
2932 5559 3312 5631 baptismales
3332 5558 3607 5615 ecclesias

1963 5664 2075 5717 sibi
2107 5662 2380 5732 vindicet,
2416 5676 2603 5731 neque
2655 5659 2781 5731 ipse
2830 5658 3038 5730 suique
3070 5674 3436 5715 successores
3466 5671 3606 5735 prae-

1963 5756 2201 5808 sumant
2230 5750 2524 5825 prohibita
2554 5748 2910 5820 Contingerc,
2945 5748 3043 5804 sed
3075 5764 3263 5819 neque
3285 5736 3601 5802 missarum
