3972 6182
182 345 338 411 4337
372 326 375 329 ’

1354 353 1759 417 EPISTOLE
1801 354 1902 418 ET
1945 352 2417 417 DIPLOMATA.

3427 350 3585 417 1338

172 482 587 556 stabilivimus,
616 483 1032 555 concessimus,
1064 486 1198 542 etin
1232 490 1579 559 perpetuum
1603 488 1807 544 conﬁr-
1835 488 1890 555 Α
1918 490 2205 565 integram
2264 491 2517 547 habuere
2573 494 2630 546 et
2684 492 2923 547 tenuere
2978 485 3435 562 pradeoessores
3484 486 3574 545 tui

172 590 425 640 mamus,
459 578 515 630 et
534 574 807 647 deinceps
833 574 989 631 salvo
1006 579 1124 646 tuo,
1149 592 1671 649 successorumque
1693 581 1816 633 tuo-

171 679 302 719 rum
333 661 529 734 vigore
560 679 761 719 earum
810 664 1125 730 invasores,
1174 669 1231 719 et
1278 665 1722 737 depradatores,
1755 670 1813 721 et

167 755 571 823 persecutores
604 755 879 824 perpetuo
912 753 1300 808 anathematis
1340 753 1571 810 vinculo
1605 754 1812 827 religa-

168 857 325 896 mus.
358 841 408 895 Si
434 840 566 911 quis
588 858 718 896 vero
741 844 941 896 contra
969 841 1147 913 hujus
1176 846 1385 897 nostra
1410 843 1813 915 praceptionis

162 928 451 1001 scriptum
483 933 697 985 temere
741 946 910 1001 agere
963 931 1423 1001 praesumpserit,
1480 935 1583 987 aut
1624 932 1813 987 fautor

160 1017 468 1083 exstiterit,
500 1017 648 1072 sciat
677 1033 738 1072 se
771 1017 1110 1073 auctoritate
1136 1018 1199 1072 B.
1234 1018 1384 1073 Petri
1416 1018 1813 1091 apostolorum

160 1105 451 1178 principis
481 1110 539 1161 et
586 1110 805 1173 nostra,
857 1123 891 1160 a
921 1122 1096 1178 regno
1148 1106 1245 1161 Dei
1268 1106 1607 1174 alienatum,
1641 1112 1814 1180 atque

158 1210 298 1249 cum
317 1194 470 1249 Juda
490 1195 769 1249 traditore
819 1194 1044 1249 Domini
1065 1193 1123 1248 in
1146 1198 1428 1250 aeternum
1445 1196 1811 1251 damnatum.

159 1282 266 1354 qui
297 1286 489 1336 autem
522 1282 700 1352 hujus
731 1285 939 1336 nostra
969 1282 1363 1337 concessionis
1412 1288 1469 1337 et
1500 1285 1812 1339 conﬁrma-

158 1369 343 1425 tionis
373 1370 847 1425 constitutionem
866 1370 1253 1425 observaverit
1273 1373 1534 1439 devotus,
1553 1390 1585 1428 a
1608 1379 1813 1428 sancta

160 1462 223 1513 et
252 1458 553 1513 individua
582 1458 861 1513 Trinitate
904 1459 1298 1525 benedicatur,
1331 1464 1387 1515 et
1419 1462 1613 1516 aterni
1648 1461 1813 1534 regni

158 1544 686 1601 intervenientibus
719 1543 814 1600 Dei
848 1545 1126 1617 genitrice
1160 1545 1341 1601 Maria
1362 1549 1419 1601 et
1447 1547 1510 1601 Β.
1546 1547 1814 1603 Matthao

157 1634 427 1704 apostolo
458 1638 515 1688 et
546 1632 935 1705 Evangelista,
959 1650 1211 1705 quorum
1242 1649 1480 1690 causam
1501 1636 1809 1707 adjuverit,

154 1721 457 1793 particeps
489 1721 639 1776 efﬁci
672 1727 984 1786 mereatur,
1016 1727 1128 1777 etc.

229 1809 351 1881 Ego
393 1808 740 1871 Alexander,
803 1807 986 1863 solius
1042 1810 1141 1864 Dei
1200 1810 1625 1881 misericordia,
1675 1810 1811 1867 licet

144 1897 409 1969 ndignus
450 1898 509 1952 S.
540 1897 586 1951 R
606 1939 618 1951 .
651 1900 708 1951 et
730 1896 1057 1969 apostolica
1082 1897 1351 1954 Ecclesia
1380 1899 1716 1971 episcopus,
1747 1900 1808 1955 in

151 1987 270 2042 hac
299 1985 733 2041 constitutionis
765 1986 976 2058 pagina
1005 1986 1077 2041 ad
1109 1986 1581 2043 conﬁrmandum
1614 1988 1815 2045 volens

152 2074 520 2146 subscripsi.

232 2164 352 2237 Ego
380 2163 659 2229 Joannes,
690 2162 1149 2219 Tusculanensis
1196 2162 1532 2236 episcopus,
1582 2182 1673 2220 me
1714 2168 1813 2222 ad-

162 2252 353 2307 fuisse
384 2251 704 2307 testificans
736 2252 1080 2323 subscripsi.

242 2341 364 2412 Ego
406 2341 588 2411 Hugo,
642 2339 1009 2394 Ydruntinus
1057 2338 1532 2411 archiepisc0pus
1580 2357 1672 2396 me
1721 2343 1823 2398 ad-

166 2428 358 2484 fuisse
384 2428 705 2483 testiﬁcans
738 2428 1076 2500 subscripti.

265 2518 378 2589 Ego
457 2516 824 2584 Ambrosius,
892 2516 1214 2572 Terracina
1282 2518 1615 2590 episcopus,
1694 2519 1834 2573 sub-

1923 582 2178 654 episcopi
2232 585 2290 636 et
2338 579 2779 652 archiepiscOpi,
2838 579 2920 635 ita
2982 582 3046 634 ut
3084 579 3169 634 tui
3213 578 3367 649 juris
3423 582 3575 633 tua-

1924 687 2036 744 que
2116 670 2420 743 potestatis
2498 669 2785 741 quidquid
2853 669 2926 723 ad
2994 667 3453 724 ecclesiasticum
3522 670 3584 722 et

1921 769 2251 843 episcopale
2293 768 2546 839 pertinet
2590 766 2871 836 cilicium,
2925 770 3043 820 tam
3076 766 3234 821 intra
3261 765 3572 821 Salernum

1922 876 2098 930 quam
2128 875 2231 931 per
2260 873 2493 912 omnem
2533 856 2959 912 Salernitanam
2993 854 3351 926 parochiam,
3399 869 3581 909 cano-

1922 948 2053 1003 nica
2075 946 2509 1020 dispensatione
2531 946 2845 1018 requirere,
2872 949 2929 999 et
2948 944 3172 1011 ordine,
3194 947 3251 999 et
3274 941 3575 999 canonicis

1923 1036 2183 1092 ecclesiis
2231 1036 2592 1090 diversorum
2639 1033 2914 1089 ordinum
2954 1032 3214 1097 clericos,
3269 1030 3571 1087 servitium

1923 1133 2025 1189 Dei
2058 1132 2366 1204 provehere
2382 1140 2439 1187 et
2459 1132 2749 1201 ordinare,
2780 1130 2841 1185 in
2865 1128 3237 1186 monasteriis
3260 1144 3488 1199 quoque
3520 1125 3588 1182 et

1924 1221 2195 1286 abbatiis,
2227 1223 2467 1277 abbales
2514 1221 2840 1292 providero,
2874 1225 2931 1275 et
2979 1218 3336 1282 benedicere,
3385 1220 3442 1271 et
3475 1214 3571 1270 Dei

1924 1311 2157 1367 servitio
2178 1317 2234 1366 et
2264 1311 2502 1366 utilitati
2522 1327 2754 1381 semper
2776 1309 3100 1375 sonsulere,
3126 1312 3191 1363 ut
3212 1307 3411 1363 omnia
3431 1307 3582 1361 ﬁant

1925 1410 2149 1465 fautore
2182 1414 2293 1464 Deo
2325 1409 2395 1463 ad
2426 1408 2852 1465 incrementum
2896 1411 3111 1462 sancta
3141 1405 3428 1461 Ecclesia.
3465 1410 3583 1457 Ar-

1925 1497 2365 1570 chiepiscopalis
2380 1497 2555 1552 etiam
2570 1496 2891 1569 magisterii
2916 1493 3439 1567 pradecessoribus
3457 1490 3577 1547 tuis

1924 1586 2240 1658 apostolica
2300 1587 2647 1641 auctoritate
2694 1600 3042 1640 conoessum
3086 1580 3434 1637 fraternitati
3465 1584 3577 1635 tua

1923 1684 2364 1748 conﬁrmamus,
2416 1686 2481 1737 ut
2528 1682 2701 1738 liceat
2749 1687 2803 1737 te
2852 1683 3005 1736 intra
3033 1680 3311 1752 scriptam
3344 1678 3580 1750 provin-

1924 1770 2097 1838 ciam,
2148 1771 2420 1842 episcopo
2454 1771 2625 1840 juxta
2670 1786 2971 1825 sacrorum
3023 1784 3314 1823 canonum
3360 1770 3580 1822 statuta

1841 1854 1887 1919 Β
1916 1858 2195 1930 congruis
2229 1858 2287 1913 in
2318 1857 2461 1913 locis
2499 1858 2792 1924 ordinare,
2823 1861 2880 1912 et
2900 1872 3265 1928 quacunque
3296 1859 3586 1925 metropo-

1936 1946 2136 2002 litanis
2182 1951 2517 2002 sanctorum
2567 1950 2807 2001 Patrum
2840 1949 3061 2001 statuta
3091 1944 3441 2012 attribuunt,
3474 1942 3582 1997 tibi

1938 2044 2314 2101 concedimus
2343 2042 2551 2110 licere;
2579 2059 2643 2097 ac
2673 2042 2796 2098 hac
2817 2043 2991 2098 etiam
3024 2041 3353 2113 apostolica
3388 2042 3584 2095 aucto-

1938 2133 2131 2189 ritatis
2162 2131 2460 2188 sanctione
2492 2132 2910 2187 conﬁrmamus
2940 2130 3069 2200 tibi,
3103 2131 3338 2202 tuisque
3359 2143 3587 2185 succes-

1940 2221 2192 2283 soribus,
2228 2236 2591 2290 quacunque
2621 2218 3074 2291 pradecessores
3103 2218 3310 2283 nostri,
3340 2218 3588 2288 impera-

1939 2313 2116 2375 tores,
2149 2325 2334 2381 reges,
2354 2308 2644 2379 principes
2665 2307 2755 2363 vel
2787 2307 3123 2378 quicunque
3141 2304 3342 2361 fideles
3375 2309 3585 2360 sancta

1939 2396 2314 2451 Salernitana
2338 2395 2592 2451 ecclesia
2624 2393 2942 2461 contulere,
2979 2398 3036 2449 et
3066 2411 3133 2449 ea
3161 2410 3288 2465 qua
3320 2391 3586 2448 Gisulfus

1941 2485 2132 2540 ﬁdelis
2152 2488 2367 2554 noster,
2426 2484 2524 2555 qui
2560 2500 2715 2538 nunc
2762 2482 2986 2538 Salerni
3018 2481 3171 2537 clare
3202 2480 3586 2552 principatur,

179 2622 420 2661 BOI‘IDSI.

262 2622 886 2766 lIligfil.Hildebrandus,
944 2694 1002 2748 S.
1081 2698 1147 2750 R.
1209 2694 1267 2749 E.
1328 2695 1630 2765 diaconus,
1693 2696 1832 2751 sub-

178 2798 395 2854 scnpsr
408 2823 420 2835 .

956 2888 1069 2942 LV.

178 2975 589 3050 Alexander_ll_
608 2976 853 3050 Ecclssia
899 2977 1264 3033 Salernitana
1284 2979 1421 3049 jura
1449 2982 1836 3050 possessiones-

312 3063 434 3118 que,
466 3047 703 3119 Alpham'
728 3049 1122 3119 archiepiscopi
1148 3047 1361 3120 rogatu,
1401 3047 1713 3119 conﬁrmat.

810 3145 997 3216 (Anno
1030 3146 1214 3217 1067.)

525 3241 797 3313 [UGHELLI
829 3243 990 3298 Italia
1016 3258 1198 3311 sacra,
1230 3260 1330 3312 vn,
1363 3243 1513 3315 382.]

262 3350 605 3403 ALEXANDER
630 3347 960 3420 episcopus,
986 3365 1190 3405 servus
1222 3367 1527 3406 servorum
1544 3351 1667 3418 Dei,
1700 3352 1842 3407 San-

183 3440 295 3491 cta
308 3435 684 3491 Salernitana
704 3437 978 3505 ecclesia,
1000 3455 1123 3509 qua
1142 3439 1324 3496 beata
1341 3444 1398 3494 et
1409 3439 1672 3512 gloriosa
1696 3457 1845 3496 sem-

183 3541 297 3596 per
313 3524 575 3596 Virginis
597 3525 697 3581 Dei
712 3526 1011 3599 genitricis
1039 3527 1251 3595 Maria,
1276 3528 1376 3583 ubi
1398 3529 1571 3584 etiam
1593 3530 1842 3601 apostoli

183 3610 515 3685 gloriosum
530 3613 785 3669 Matthai
798 3620 855 3671 et
866 3616 1234 3689 evangelista
1248 3634 1481 3689 corpus,
1497 3634 1565 3673 cu
1577 3635 1632 3673 m
1656 3617 1842 3675 beatis

182 3701 547 3773 martyribus
576 3705 912 3769 Fortunato,
963 3704 1105 3760 Gaio
1145 3708 1199 3760 et
1228 3705 1469 3775 Anthes,
1505 3706 1844 3778 requiescit,

182 3794 249 3846 et
270 3805 371 3861 per
390 3806 517 3846 eam
540 3792 816 3846 confratri
836 3794 1066 3848 ALFANO
1083 3794 1347 3863 ejusdem
1371 3794 1635 3850 Ecclesia
1662 3795 1846 3851 archi-

183 3876 487 3949 episcopo,
517 3878 759 3951 suisque
789 3882 1228 3936 successoribus
1259 3881 1316 3937 in
1352 3888 1719 3955 perpetuum.

265 3967 346 4022 Ex
372 3966 839 4023 consideratione
889 3969 1200 4040 pastoralis
1245 3987 1396 4026 cura
1438 3988 1616 4043 quam
1648 3990 1717 4029 ex
1746 3973 1849 4028 ad-

184 4054 623 4112 ministratione
671 4057 1003 4129 apostolica
1060 4059 1217 4114 sedis
1249 4060 1510 4131 gerimus
1559 4078 1693 4117 cum
1735 4067 1848 4118 Deo

184 4148 448 4211 auctore,
499 4144 652 4199 sicut
704 4144 950 4218 indigni,
996 4147 1366 4203 decernimus
1425 4149 1689 4205 omnium
1721 4167 1848 4221 qua

183 4237 335 4289 sunt
360 4232 754 4289 Ecclesiarum
789 4235 1083 4305 provectui
1106 4235 1410 4307 invigilare
1435 4254 1500 4292 ac
1516 4239 1698 4307 justis
1716 4240 1851 4294 fide-

186 4321 341 4377 lium
372 4320 868 4393 postulationibus
900 4322 1195 4394 aquitatis
1226 4340 1541 4379 assensum
1572 4328 1850 4397 prabere,

187 4410 526 4466 necessario
558 4410 970 4483 compellimur
990 4412 1213 4466 viscera
1246 4413 1534 4484 deserere,
1568 4430 1639 4468 ne
1661 4413 1851 4469 Domi-

187 4499 327 4555 nico
343 4498 503 4571 gregi
519 4499 725 4555 debita
747 4499 1165 4556 consolationis
1177 4501 1526 4573 suffragium
1548 4502 1853 4557 videamur

188 4587 558 4643 subtrahere.
594 4587 776 4658 Unde,
810 4587 1159 4645 charissimc
1206 4589 1385 4645 frater
1424 4590 1628 4646 Alfane
1659 4591 1848 4646 archi-
1884 4580 1927 4643 D

187 4677 486 4749 episcope,
519 4677 657 4747 quia
686 4676 912 4732 devotio
944 4680 1064 4741 tua,
1098 4677 1362 4733 honestis
1390 4679 1652 4733 moribus
1678 4678 1845 4746 fulta,

188 4764 493 4838 postulare
522 4765 752 4820 studuit
771 4770 1060 4838 quatenus
1084 4770 1303 4822 statuta
1320 4771 1378 4822 et
1398 4766 1699 4840 privilegia
1719 4785 1844 4840 qua

189 4853 555 4910 sanctissimi
578 4854 1033 4925 pradecessores
1057 4855 1242 4911 nostri
1264 4854 1582 4927 apostolica
1601 4856 1849 4912 auctori-

190 4947 313 4999 tate
341 4942 715 4998 Salernitana
745 4943 999 4999 ecclesia
1038 4944 1272 5015 tuisque
1321 4946 1847 5017 pradecessoribus

192 5035 532 5102 sanxerunt,
567 5048 674 5087 nos
702 5032 806 5087 tibi
849 5032 1084 5104 tuisque
1116 5034 1554 5090 successoribus
1588 5034 1847 5089 ﬁrmare-

193 5136 349 5191 mus,
371 5121 489 5176 tuis
510 5121 804 5193 precibus,
829 5138 958 5193 qua
979 5121 1259 5193 ajustitia
1277 5122 1608 5194 discrepare
1632 5140 1745 5177 non
1773 5123 1848 5176 vi-

195 5210 425 5277 dentur,
486 5209 878 5266 libentissime
932 5210 1271 5265 annuimus.
1303 5212 1427 5276 Qua
1475 5212 1545 5265 de
1577 5226 1637 5265 re
1667 5210 1847 5281 hujus

197 5300 380 5355 nostri
393 5298 679 5371 privilegii
693 5300 905 5355 authen
916 5298 1029 5354 tica
1041 5299 1461 5354 constitutione
1473 5298 1848 5354 concedimus

199 5393 256 5444 et
276 5390 695 5445 conﬁrmamus
725 5388 830 5443 tibi
853 5392 1033 5443 totam
1064 5405 1131 5443 ex
1160 5387 1384 5460 integro
1418 5387 1845 5443 Salernitanam

201 5478 523 5547 ecclesiam,
549 5495 674 5550 qua
697 5477 1310 5549 estarchiepiscopalis
1333 5477 1501 5532 sedes
1517 5477 1667 5532 infra
1686 5477 1848 5532 urbis

204 5568 414 5623 mania
437 5568 773 5636 constituta,
797 5583 931 5621 cum
955 5566 1229 5621 omnibus
1249 5582 1377 5637 qua
1399 5566 1509 5623 sibi
1532 5566 1845 5638 pertinent,

199 5658 317 5712 tam
348 5656 713 5713 hareditario
746 5672 923 5728 quam
956 5654 1273 5729 parochiali
1310 5657 1465 5727 jure,
1500 5656 1650 5711 sicut
1683 5654 1844 5712 illam

1940 2581 2167 2637 liberali
2191 2580 2591 2636 muniﬁcentia
2605 2580 2852 2635 contulit
2871 2583 2926 2634 et
2938 2578 3256 2634 collaturus
3277 2576 3589 2633 est.Nomi-

1945 2671 2126 2726 natim
2151 2674 2346 2725 autem
2373 2668 2955 2738 dicimus,ecclesiam
2981 2668 3165 2723 sancti
3189 2664 3586 2738 martyrisViti

1944 2775 2075 2831 qua
2104 2762 2438 2813 constructa
2479 2761 2568 2811 est
2612 2757 2781 2826 juxta
2828 2756 3081 2828 plateam
3112 2772 3238 2827 qua
3271 2754 3488 2810 dicitur
3517 2754 3588 2809 ad

1944 2851 2172 2918 portam
2197 2845 2367 2915 Elini,
2396 2862 2528 2900 cum
2556 2844 2831 2900 omnibus
2855 2844 2977 2900 suis
2999 2843 3586 2915 pertinentiis,!quam

1946 2935 2360 2992 Landimorius
2374 2933 2825 2990 ﬁliusAdemarti
2840 2933 3054 3004 scripto
3070 2932 3197 3003 jam
3216 2931 3380 2985 dicta
3411 2930 3592 2986 eccle-

1948 3025 2045 3082 sia
2078 3023 2308 3089 obtulit,
2343 3027 2398 3078 et
2427 3022 2730 3078 ecclesiam
2763 3021 2962 3077 Sancti
2992 3019 3274 3076 Gramatii
3305 3034 3438 3074 cum
3470 3018 3597 3074 suis

1948 3111 2334 3185 pertinentiis,
2364 3116 2420 3167 et
2443 3128 2610 3167 casas
2639 3110 2768 3165 illas
2817 3127 2943 3181 qua
2972 3112 3112 3166 sunt
3130 3110 3301 3180 juxta
3329 3108 3594 3163 eamdem

1869 3214 1911 3281 ρ
1949 3199 2292 3263 Ecclesiam,
2325 3214 2473 3269 quas
2505 3197 2741 3265 Malfrit,
2776 3203 2832 3252 et
2882 3197 3121 3252 Adelfrit
3151 3201 3252 3251 tuo
3302 3195 3595 3265 episcopio

1951 3286 2321 3353 obtulerunt;
2359 3286 2457 3342 sed
2490 3289 2547 3340 et
2585 3284 3005 3341 monasterium
3037 3284 3231 3338 Sancti
3260 3282 3400 3353 Viti,
3442 3281 3597 3352 quod

1950 3379 2350 3432 constructum
2381 3378 2470 3429 est
2491 3374 2661 3443 juxta
2674 3372 2976 3427 Salernum
3000 3387 3177 3443 prope
3198 3369 3362 3424 littus
3393 3369 3597 3440 maris,

1952 3491 2085 3529 cum
2111 3473 2236 3528 suis
2258 3470 2812 3543 pertinentiis.quod
2838 3470 3081 3525 ecclesia
3104 3468 3205 3523 tibi
3228 3466 3545 3522 commissa
3568 3482 3601 3520 a

1952 3561 2221 3633 praedicto
2253 3559 2474 3616 Gisulfo
2504 3558 2768 3630 Principe
2791 3556 3266 3614 commutationis
3292 3555 3493 3610 ordine
3516 3571 3600 3609 re-

1954 3650 2142 3722 cepit;
2177 3654 2361 3704 terras
2407 3664 2642 3720 quoque
2669 3651 2727 3703 et
2755 3651 2970 3719 partes,
3006 3662 3109 3717 pro
3149 3644 3366 3715 quibus
3425 3658 3603 3716 super

1954 3748 2256 3820 Troytium
2288 3748 2360 3802 de
2382 3747 2547 3816 Rota,
2583 3762 2684 3817 pro
2714 3750 2813 3801 tuo
2836 3743 3150 3815 episcopio,
3172 3747 3229 3797 et
3247 3741 3469 3797 cateris
3499 3745 3599 3795 Sa-

1952 3836 2243 3892 lernitatis
2262 3834 2523 3890 ecclesiis
2545 3832 2925 3904 interpellasti
2950 3832 3103 3904 quod
3128 3831 3362 3886 invasas
3388 3829 3604 3884 detine-

1956 3930 2058 3980 ret.
2098 3924 2256 3980 Unde
2277 3941 2410 3980 eum
2436 3922 2655 3979 Salerni
2681 3922 2971 3978 nolentem
2983 3920 3277 3993 justitiam
3304 3919 3487 3973 facere
3514 3933 3604 3972 ex-

1956 4011 2552 4079 communicavimus;
2586 4027 2754 4083 quas,
2779 4014 2980 4082 postea
3000 4008 3371 4081 resipiscens,
3397 4006 3603 4078 Capua

1957 4101 2017 4155 in
2042 4105 2303 4157 nostram
2326 4117 2569 4155 manum
2588 4098 2854 4172 legaliter
2867 4098 3141 4167 reddidit,
3158 4095 3426 4152 videlicet
3450 4111 3603 4166 qua-

1959 4206 2190 4261 cunque
2214 4206 2327 4245 uno
2359 4206 2535 4254 anno,
2569 4189 2913 4260 priusquam
2944 4188 3068 4260 ipse
3102 4187 3309 4241 Rotam
3342 4184 3604 4251 intraret;

1957 4291 2015 4340 et
2033 4285 2407 4341 Salernitana
2434 4286 2691 4342 ecclesia
2710 4286 3009 4349 tenebant,
3042 4300 3168 4355 qua
3193 4282 3350 4353 juris
3381 4286 3492 4336 tua
3511 4297 3607 4336 ec-

1958 4374 2143 4430 clesia
2166 4374 2325 4429 fuere
2348 4375 2453 4429 tibi
2478 4376 2715 4447 tuisque
2737 4372 3179 4430 successoribus
3200 4371 3523 4436 reddimus,
3554 4372 3611 4423 et

1960 4471 2378 4526 conﬁrmamus
2401 4476 2456 4525 et
2483 4488 2584 4542 per
2606 4476 2662 4526 te
2682 4470 2903 4526 cateris
2924 4468 3184 4525 ecclesiis
3207 4472 3374 4525 tua...
3391 4463 3608 4523 Castel-

1957 4558 2082 4614 lum
2114 4574 2345 4630 quoque
2374 4558 2601 4613 Ulibani
2622 4563 2680 4614 et
2709 4558 2955 4630 criptam
2978 4563 3033 4613 S.
3062 4558 3285 4629 Angeli,
3318 4575 3445 4629 qua
3473 4554 3611 4612 dici-

1958 4654 2056 4705 tur
2086 4648 2300 4703 Montis
2322 4647 2521 4717 Aurei,
2538 4664 2672 4702 cum
2691 4646 2965 4702 omnibus
2986 4664 3186 4703 eorum
3220 4645 3609 4719 pertinentiis,

1956 4749 2013 4801 et
2032 4748 2244 4799 cuncta
2269 4761 2396 4815 qua
2415 4743 2727 4799 Wilelmus
2750 4742 2906 4798 ﬁlius
2927 4745 3244 4809 Tancrede,
3264 4749 3321 4800 et
3341 4744 3611 4801 Wimun-

1956 4834 2067 4889 dus
2088 4832 2255 4887 miles
2276 4838 2413 4887 tuus
2438 4831 2497 4885 in
2522 4836 2783 4887 nostram
2808 4849 3047 4888 manum
3076 4833 3474 4889 reddidere.Et
3490 4834 3611 4890 uni-

1954 4938 2121 4977 versa
2153 4938 2278 4992 qua
2310 4920 2582 4991 pradicta
2601 4920 2964 4976 Salernitana
2988 4920 3242 4977 ecclesia
3257 4923 3419 4994 juste
3444 4928 3501 4977 et
3529 4922 3610 4977 le-

1956 5010 2163 5084 galiter
2178 5007 2496 5076 habuit,vel
2515 5026 2587 5081 qu
2598 5008 2831 5081 alicunq
2843 5026 2910 5063 ue
2934 5014 3232 5065 contractu
3247 5009 3610 5082 acquisitura

1956 5113 2063 5177 est,
2082 5108 2188 5162 tibi
2220 5112 2450 5177 tuaque
2480 5107 2826 5162 fraternitati
2851 5107 3106 5163 ecclesia
3129 5109 3456 5164 commissa
3481 5126 3609 5164 con-

1957 5196 2221 5251 cedimus
2234 5200 2289 5250 et
2304 5195 2808 5265 conﬁrmamus,et
2831 5196 2887 5250 in
2913 5206 3255 5268 perpetuum
3279 5197 3611 5254 stabilimus

1956 5289 2075 5339 tam
2110 5301 2176 5339 ea
2206 5301 2333 5355 qua
2364 5283 2745 5340 ecclesiastici
2776 5286 3081 5357 regiminis
3106 5290 3243 5340 sunt
3274 5302 3449 5358 quam
3482 5303 3610 5359 qua

1956 5380 2289 5436 haereditate
2314 5381 2491 5452 juris,
2547 5387 2966 5447 contestantes,
3029 5383 3137 5437 sub
3194 5384 3613 5455 protestatione

1960 5469 2368 5540 anathematis,
2403 5474 2463 5524 ut
2494 5469 2693 5525 nullus
2739 5487 3002 5542 unquam
3036 5471 3282 5541 alicujus
3306 5472 3607 5545 dignitatis

1958 5564 2043 5620 vel
2079 5564 2382 5637 potestatis
2400 5565 2575 5620 homo
2601 5567 2814 5621 audere
2836 5567 3139 5623 temerario
3163 5584 3311 5626 ausu
3341 5569 3597 5640 aliquam

1955 5653 2289 5711 violentiam
2312 5654 2413 5711 tibi
2438 5658 2665 5727 tuaque
2678 5654 2929 5712 ecclesia
2950 5656 3284 5725 inferre,vel
3300 5656 3595 5727 justitiam
