  <div class='ocr_page' id='page_1' title='image "/cluster/home/n/w/nwhite01/storage/ocr_20150623/146/hvd.32044054760053/675.png"; bbox 0 0 3972 6182; ppageno 0'>
   <div class='ocr_carea' id='block_1_1' title="bbox 497 368 649 436">
    <p class='ocr_par' dir='ltr' id='par_1_1' title="bbox 497 368 649 436">
     <span class='ocr_line' id='line_1_1' title="bbox 497 368 649 436; baseline 0.039 -5"><span class='ocrx_word' id='word_1_1' title='bbox 497 368 649 436; x_wconf 76' lang='grc'><strong>1339</strong></span> 
     </span>
    </p>
   </div>
   <div class='ocr_carea' id='block_1_2' title="bbox 1780 372 2600 436">
    <p class='ocr_par' dir='ltr' id='par_1_2' title="bbox 1780 372 2600 436">
     <span class='ocr_line' id='line_1_2' title="bbox 1780 372 2600 436; baseline 0.001 -1"><span class='ocrx_word' id='word_1_2' title='bbox 1780 372 2233 435; x_wconf 80' lang='lat' dir='ltr'><strong>ALEXANDRI</strong></span> <span class='ocrx_word' id='word_1_3' title='bbox 2276 372 2330 435; x_wconf 93' lang='lat' dir='ltr'><strong>II</strong></span> <span class='ocrx_word' id='word_1_4' title='bbox 2374 373 2600 436; x_wconf 52' lang='lat' dir='ltr'><strong>PAPJE</strong></span> 
     </span>
    </p>
   </div>
   <div class='ocr_carea' id='block_1_3' title="bbox 3655 380 3750 445">
    <p class='ocr_par' dir='ltr' id='par_1_3' title="bbox 3655 380 3750 445">
     <span class='ocr_line' id='line_1_3' title="bbox 3655 380 3750 445; baseline 0.053 -5"><span class='ocrx_word' id='word_1_5' title='bbox 3655 380 3750 445; x_wconf 58' lang='lat'><strong>1310</strong></span> 
     </span>
    </p>
   </div>
   <div class='ocr_carea' id='block_1_4' title="bbox 494 500 3748 582">
    <p class='ocr_par' dir='ltr' id='par_1_4' title="bbox 494 500 3748 582">
     <span class='ocr_line' id='line_1_4' title="bbox 494 500 3748 582; baseline 0.002 -19"><span class='ocrx_word' id='word_1_6' title='bbox 494 510 596 563; x_wconf 89' lang='lat' dir='ltr'><strong>aut</strong></span> <span class='ocrx_word' id='word_1_7' title='bbox 626 505 964 578; x_wconf 88' lang='lat' dir='ltr'><strong>dignitatem</strong></span> <span class='ocrx_word' id='word_1_8' title='bbox 998 500 1279 577; x_wconf 80' lang='lat' dir='ltr'><strong>minuere,</strong></span> <span class='ocrx_word' id='word_1_9' title='bbox 1315 504 1473 562; x_wconf 84' lang='lat' dir='ltr'><strong>salvo</strong></span> <span class='ocrx_word' id='word_1_10' title='bbox 1506 506 1564 561; x_wconf 92' lang='lat' dir='ltr'><strong>in</strong></span> <span class='ocrx_word' id='word_1_11' title='bbox 1597 508 1871 563; x_wconf 90' lang='lat' dir='ltr'><strong>omnibus</strong></span> <span class='ocrx_word' id='word_1_12' title='bbox 1903 513 2129 577; x_wconf 86' lang='lat' dir='ltr'><strong>aposto-</strong></span> <span class='ocrx_word' id='word_1_13' title='bbox 2162 509 2215 574; x_wconf 84' lang='grc' dir='ltr'><strong>Α</strong></span> <span class='ocrx_word' id='word_1_14' title='bbox 2315 508 2591 582; x_wconf 89' lang='lat' dir='ltr'><strong>Quisquis</strong></span> <span class='ocrx_word' id='word_1_15' title='bbox 2621 508 2817 565; x_wconf 90' lang='lat' dir='ltr'><strong>divina</strong></span> <span class='ocrx_word' id='word_1_16' title='bbox 2840 504 3218 579; x_wconf 76' lang='lat' dir='ltr'><strong>inspiratione</strong></span> <span class='ocrx_word' id='word_1_17' title='bbox 3241 510 3748 580; x_wconf 79' lang='lat' dir='ltr'><strong>compunctus,relictis</strong></span> 
     </span>
    </p>
   </div>
   <div class='ocr_carea' id='block_1_5' title="bbox 493 593 2135 668">
    <p class='ocr_par' dir='ltr' id='par_1_5' title="bbox 493 593 2135 668">
     <span class='ocr_line' id='line_1_5' title="bbox 493 593 2135 668; baseline 0.002 -18"><span class='ocrx_word' id='word_1_18' title='bbox 493 595 615 650; x_wconf 70' lang='lat' dir='ltr'><strong>licae</strong></span> <span class='ocrx_word' id='word_1_19' title='bbox 637 596 791 650; x_wconf 86' lang='lat' dir='ltr'><strong>sedis</strong></span> <span class='ocrx_word' id='word_1_20' title='bbox 818 593 1137 665; x_wconf 78' lang='lat' dir='ltr'><strong>privilegio.</strong></span> <span class='ocrx_word' id='word_1_21' title='bbox 1173 595 1230 650; x_wconf 92' lang='lat' dir='ltr'><strong>Si</strong></span> <span class='ocrx_word' id='word_1_22' title='bbox 1265 596 1399 667; x_wconf 82' lang='lat' dir='ltr'><strong>quis</strong></span> <span class='ocrx_word' id='word_1_23' title='bbox 1429 614 1561 651; x_wconf 92' lang='lat' dir='ltr'><strong>vero</strong></span> <span class='ocrx_word' id='word_1_24' title='bbox 1586 602 1783 653; x_wconf 89' lang='lat' dir='ltr'><strong>contra</strong></span> <span class='ocrx_word' id='word_1_25' title='bbox 1816 598 1994 668; x_wconf 81' lang='lat' dir='ltr'><strong>hujus</strong></span> <span class='ocrx_word' id='word_1_26' title='bbox 2027 616 2135 654; x_wconf 90' lang='lat' dir='ltr'><strong>no-</strong></span> 
     </span>
    </p>
   </div>
   <div class='ocr_carea' id='block_1_6' title="bbox 492 683 2134 759">
    <p class='ocr_par' dir='ltr' id='par_1_6' title="bbox 492 683 2134 759">
     <span class='ocr_line' id='line_1_6' title="bbox 492 683 2134 759; baseline 0.003 -21"><span class='ocrx_word' id='word_1_27' title='bbox 492 689 621 739; x_wconf 65' lang='lat' dir='ltr'><strong>stra:</strong></span> <span class='ocrx_word' id='word_1_28' title='bbox 646 683 1080 738; x_wconf 77' lang='lat' dir='ltr'><strong>constitutionis</strong></span> <span class='ocrx_word' id='word_1_29' title='bbox 1103 684 1492 756; x_wconf 82' lang='lat' dir='ltr'><strong>privilegium,</strong></span> <span class='ocrx_word' id='word_1_30' title='bbox 1516 686 1877 757; x_wconf 87' lang='lat' dir='ltr'><strong>vilipendens</strong></span> <span class='ocrx_word' id='word_1_31' title='bbox 1901 696 2134 759; x_wconf 88' lang='lat' dir='ltr'><strong>aposto-</strong></span> 
     </span>
    </p>
   </div>
   <div class='ocr_carea' id='block_1_7' title="bbox 490 771 2130 848">
    <p class='ocr_par' dir='ltr' id='par_1_7' title="bbox 490 771 2130 848">
     <span class='ocr_line' id='line_1_7' title="bbox 490 771 2130 848; baseline 0.004 -21"><span class='ocrx_word' id='word_1_32' title='bbox 490 771 603 827; x_wconf 90' lang='lat' dir='ltr'><strong>lica</strong></span> <span class='ocrx_word' id='word_1_33' title='bbox 632 777 1097 837; x_wconf 87' lang='lat' dir='ltr'><strong>statuta,temere</strong></span> <span class='ocrx_word' id='word_1_34' title='bbox 1122 790 1291 844; x_wconf 87' lang='lat' dir='ltr'><strong>agere</strong></span> <span class='ocrx_word' id='word_1_35' title='bbox 1314 776 1886 847; x_wconf 67' lang='lat' dir='ltr'><strong>prmsumpserit,aut</strong></span> <span class='ocrx_word' id='word_1_36' title='bbox 1916 795 2130 848; x_wconf 67' lang='lat' dir='ltr'><strong>praesu-</strong></span> 
     </span>
    </p>
   </div>
   <div class='ocr_carea' id='block_1_8' title="bbox 491 861 2132 938">
    <p class='ocr_par' dir='ltr' id='par_1_8' title="bbox 491 861 2132 938">
     <span class='ocr_line' id='line_1_8' title="bbox 491 861 2132 938; baseline 0.005 -24"><span class='ocrx_word' id='word_1_37' title='bbox 491 861 788 916; x_wconf 90' lang='lat' dir='ltr'><strong>mentibus</strong></span> <span class='ocrx_word' id='word_1_38' title='bbox 822 865 1015 917; x_wconf 78' lang='lat' dir='ltr'><strong>fautor</strong></span> <span class='ocrx_word' id='word_1_39' title='bbox 1042 863 1343 927; x_wconf 80' lang='lat' dir='ltr'><strong>exstiterit,</strong></span> <span class='ocrx_word' id='word_1_40' title='bbox 1368 864 1593 933; x_wconf 91' lang='lat' dir='ltr'><strong>judicio</strong></span> <span class='ocrx_word' id='word_1_41' title='bbox 1653 867 1837 920; x_wconf 82' lang='lat' dir='ltr'><strong>sancti</strong></span> <span class='ocrx_word' id='word_1_42' title='bbox 1882 867 2132 938; x_wconf 86' lang='lat' dir='ltr'><strong>Spiritus</strong></span> 
     </span>
    </p>
   </div>
   <div class='ocr_carea' id='block_1_9' title="bbox 487 950 2129 1027">
    <p class='ocr_par' dir='ltr' id='par_1_9' title="bbox 487 950 2129 1027">
     <span class='ocr_line' id='line_1_9' title="bbox 487 950 2129 1027; baseline 0.004 -23"><span class='ocrx_word' id='word_1_43' title='bbox 487 950 635 1004; x_wconf 83' lang='lat' dir='ltr'><strong>sciat</strong></span> <span class='ocrx_word' id='word_1_44' title='bbox 666 967 748 1015; x_wconf 91' lang='lat' dir='ltr'><strong>se,</strong></span> <span class='ocrx_word' id='word_1_45' title='bbox 782 951 1126 1007; x_wconf 84' lang='lat' dir='ltr'><strong>auctoritate</strong></span> <span class='ocrx_word' id='word_1_46' title='bbox 1152 953 1303 1006; x_wconf 88' lang='lat' dir='ltr'><strong>beati</strong></span> <span class='ocrx_word' id='word_1_47' title='bbox 1338 953 1486 1008; x_wconf 87' lang='lat' dir='ltr'><strong>Petri</strong></span> <span class='ocrx_word' id='word_1_48' title='bbox 1540 955 1935 1024; x_wconf 86' lang='lat' dir='ltr'><strong>apostolorum</strong></span> <span class='ocrx_word' id='word_1_49' title='bbox 1972 957 2129 1027; x_wconf 90' lang='lat' dir='ltr'><strong>prin-</strong></span> 
     </span>
    </p>
   </div>
   <div class='ocr_carea' id='block_1_10' title="bbox 487 1038 2133 1112">
    <p class='ocr_par' dir='ltr' id='par_1_10' title="bbox 487 1038 2133 1112">
     <span class='ocr_line' id='line_1_10' title="bbox 487 1038 2133 1112; baseline 0.003 -19"><span class='ocrx_word' id='word_1_50' title='bbox 487 1038 633 1109; x_wconf 90' lang='lat' dir='ltr'><strong>cipis</strong></span> <span class='ocrx_word' id='word_1_51' title='bbox 663 1044 721 1093; x_wconf 90' lang='lat' dir='ltr'><strong>et</strong></span> <span class='ocrx_word' id='word_1_52' title='bbox 750 1046 967 1105; x_wconf 87' lang='lat' dir='ltr'><strong>nostra,</strong></span> <span class='ocrx_word' id='word_1_53' title='bbox 1004 1041 1393 1097; x_wconf 89' lang='lat' dir='ltr'><strong>anathematis</strong></span> <span class='ocrx_word' id='word_1_54' title='bbox 1424 1043 1652 1099; x_wconf 88' lang='lat' dir='ltr'><strong>vinculo</strong></span> <span class='ocrx_word' id='word_1_55' title='bbox 1683 1044 2051 1112; x_wconf 90' lang='lat' dir='ltr'><strong>innodatum,</strong></span> <span class='ocrx_word' id='word_1_56' title='bbox 2077 1049 2133 1100; x_wconf 92' lang='lat' dir='ltr'><strong>et</strong></span> 
     </span>
    </p>
   </div>
   <div class='ocr_carea' id='block_1_11' title="bbox 488 1131 2130 1203">
    <p class='ocr_par' dir='ltr' id='par_1_11' title="bbox 488 1131 2130 1203">
     <span class='ocr_line' id='line_1_11' title="bbox 488 1131 2130 1203; baseline 0.005 -22"><span class='ocrx_word' id='word_1_57' title='bbox 488 1133 551 1180; x_wconf 91' lang='lat' dir='ltr'><strong>ut</strong></span> <span class='ocrx_word' id='word_1_58' title='bbox 579 1131 1073 1200; x_wconf 89' lang='lat' dir='ltr'><strong>transgressorem</strong></span> <span class='ocrx_word' id='word_1_59' title='bbox 1107 1131 1513 1197; x_wconf 90' lang='lat' dir='ltr'><strong>terminorum,</strong></span> <span class='ocrx_word' id='word_1_60' title='bbox 1548 1150 1695 1203; x_wconf 91' lang='lat' dir='ltr'><strong>quos</strong></span> <span class='ocrx_word' id='word_1_61' title='bbox 1718 1135 1902 1188; x_wconf 89' lang='lat' dir='ltr'><strong>sancti</strong></span> <span class='ocrx_word' id='word_1_62' title='bbox 1935 1134 2130 1189; x_wconf 82' lang='lat' dir='ltr'><strong>Patres</strong></span> 
     </span>
    </p>
   </div>
   <div class='ocr_carea' id='block_1_12' title="bbox 494 1216 2130 1293">
    <p class='ocr_par' dir='ltr' id='par_1_12' title="bbox 494 1216 2130 1293">
     <span class='ocr_line' id='line_1_12' title="bbox 494 1216 2130 1293; baseline 0.006 -24"><span class='ocrx_word' id='word_1_63' title='bbox 494 1216 679 1269; x_wconf 86' lang='lat' dir='ltr'><strong>nostri</strong></span> <span class='ocrx_word' id='word_1_64' title='bbox 711 1223 1050 1287; x_wconf 90' lang='lat' dir='ltr'><strong>posuerunt,</strong></span> <span class='ocrx_word' id='word_1_65' title='bbox 1084 1236 1215 1273; x_wconf 90' lang='lat' dir='ltr'><strong>cum</strong></span> <span class='ocrx_word' id='word_1_66' title='bbox 1252 1221 1480 1276; x_wconf 86' lang='lat' dir='ltr'><strong>diabolo</strong></span> <span class='ocrx_word' id='word_1_67' title='bbox 1510 1226 1565 1275; x_wconf 88' lang='lat' dir='ltr'><strong>et</strong></span> <span class='ocrx_word' id='word_1_68' title='bbox 1599 1224 2130 1293; x_wconf 83' lang='lat' dir='ltr'><strong>transgressoribus</strong></span> 
     </span>
    </p>
   </div>
   <div class='ocr_carea' id='block_1_13' title="bbox 493 1304 2128 1383">
    <p class='ocr_par' dir='ltr' id='par_1_13' title="bbox 493 1304 2128 1383">
     <span class='ocr_line' id='line_1_13' title="bbox 493 1304 2128 1383; baseline 0.006 -26"><span class='ocrx_word' id='word_1_69' title='bbox 493 1304 738 1376; x_wconf 83' lang='lat' dir='ltr'><strong>angelis,</strong></span> <span class='ocrx_word' id='word_1_70' title='bbox 762 1308 1038 1361; x_wconf 89' lang='lat' dir='ltr'><strong>canonica</strong></span> <span class='ocrx_word' id='word_1_71' title='bbox 1064 1309 1399 1378; x_wconf 86' lang='lat' dir='ltr'><strong>traditione,</strong></span> <span class='ocrx_word' id='word_1_72' title='bbox 1433 1312 1662 1366; x_wconf 70' lang='lat' dir='ltr'><strong>aeternis</strong></span> <span class='ocrx_word' id='word_1_73' title='bbox 1694 1312 1997 1383; x_wconf 88' lang='lat' dir='ltr'><strong>suppliciis</strong></span> <span class='ocrx_word' id='word_1_74' title='bbox 2027 1313 2128 1367; x_wconf 58' lang='lat' dir='ltr'><strong>dea</strong></span> 
     </span>
    </p>
   </div>
   <div class='ocr_carea' id='block_1_14' title="bbox 491 1395 2129 1473">
    <p class='ocr_par' dir='ltr' id='par_1_14' title="bbox 491 1395 2129 1473">
     <span class='ocr_line' id='line_1_14' title="bbox 491 1395 2129 1473; baseline 0.007 -28"><span class='ocrx_word' id='word_1_75' title='bbox 491 1400 783 1464; x_wconf 89' lang='lat' dir='ltr'><strong>putatum.</strong></span> <span class='ocrx_word' id='word_1_76' title='bbox 817 1395 1272 1453; x_wconf 85' lang='lat' dir='ltr'><strong>Observantibus</strong></span> <span class='ocrx_word' id='word_1_77' title='bbox 1296 1404 1489 1454; x_wconf 89' lang='lat' dir='ltr'><strong>autem</strong></span> <span class='ocrx_word' id='word_1_78' title='bbox 1521 1406 1577 1454; x_wconf 91' lang='lat' dir='ltr'><strong>et</strong></span> <span class='ocrx_word' id='word_1_79' title='bbox 1606 1401 1828 1456; x_wconf 84' lang='lat' dir='ltr'><strong>devotis</strong></span> <span class='ocrx_word' id='word_1_80' title='bbox 1858 1402 2043 1473; x_wconf 90' lang='lat' dir='ltr'><strong>gratia</strong></span> <span class='ocrx_word' id='word_1_81' title='bbox 2073 1407 2129 1457; x_wconf 91' lang='lat' dir='ltr'><strong>et</strong></span> 
     </span>
    </p>
   </div>
   <div class='ocr_carea' id='block_1_15' title="bbox 484 1481 2129 1561">
    <p class='ocr_par' dir='ltr' id='par_1_15' title="bbox 484 1481 2129 1561">
     <span class='ocr_line' id='line_1_15' title="bbox 484 1481 2129 1561; baseline 0.007 -27"><span class='ocrx_word' id='word_1_82' title='bbox 484 1481 806 1538; x_wconf 89' lang='lat' dir='ltr'><strong>benedictio</strong></span> <span class='ocrx_word' id='word_1_83' title='bbox 840 1502 873 1538; x_wconf 90' lang='lat' dir='ltr'><strong>a</strong></span> <span class='ocrx_word' id='word_1_84' title='bbox 907 1486 1145 1541; x_wconf 90' lang='lat' dir='ltr'><strong>Domino</strong></span> <span class='ocrx_word' id='word_1_85' title='bbox 1169 1487 1282 1542; x_wconf 92' lang='lat' dir='ltr'><strong>Deo</strong></span> <span class='ocrx_word' id='word_1_86' title='bbox 1308 1493 1505 1543; x_wconf 90' lang='lat' dir='ltr'><strong>nostro</strong></span> <span class='ocrx_word' id='word_1_87' title='bbox 1552 1490 2037 1561; x_wconf 89' lang='lat' dir='ltr'><strong>multiplicentur,</strong></span> <span class='ocrx_word' id='word_1_88' title='bbox 2073 1496 2129 1546; x_wconf 90' lang='lat' dir='ltr'><strong>et</strong></span> 
     </span>
    </p>
   </div>
   <div class='ocr_carea' id='block_1_16' title="bbox 482 1568 2125 1645">
    <p class='ocr_par' dir='ltr' id='par_1_16' title="bbox 482 1568 2125 1645">
     <span class='ocr_line' id='line_1_16' title="bbox 482 1568 2125 1645; baseline 0.006 -22"><span class='ocrx_word' id='word_1_89' title='bbox 482 1568 875 1627; x_wconf 88' lang='lat' dir='ltr'><strong>intercedente</strong></span> <span class='ocrx_word' id='word_1_90' title='bbox 896 1574 1067 1629; x_wconf 88' lang='lat' dir='ltr'><strong>beata</strong></span> <span class='ocrx_word' id='word_1_91' title='bbox 1088 1576 1186 1630; x_wconf 87' lang='lat' dir='ltr'><strong>Dei</strong></span> <span class='ocrx_word' id='word_1_92' title='bbox 1211 1576 1488 1645; x_wconf 84' lang='lat' dir='ltr'><strong>genitrice</strong></span> <span class='ocrx_word' id='word_1_93' title='bbox 1510 1577 1771 1645; x_wconf 91' lang='lat' dir='ltr'><strong>Maria,et</strong></span> <span class='ocrx_word' id='word_1_94' title='bbox 1796 1580 1962 1633; x_wconf 91' lang='lat' dir='ltr'><strong>beato</strong></span> <span class='ocrx_word' id='word_1_95' title='bbox 1984 1585 2125 1634; x_wconf 84' lang='lat' dir='ltr'><strong>Mat-</strong></span> 
     </span>
    </p>
   </div>
   <div class='ocr_carea' id='block_1_17' title="bbox 476 1657 2126 1739">
    <p class='ocr_par' dir='ltr' id='par_1_17' title="bbox 476 1657 2126 1739">
     <span class='ocr_line' id='line_1_17' title="bbox 476 1657 2126 1739; baseline 0.007 -27"><span class='ocrx_word' id='word_1_96' title='bbox 476 1657 609 1712; x_wconf 81' lang='lat' dir='ltr'><strong>theo</strong></span> <span class='ocrx_word' id='word_1_97' title='bbox 633 1660 891 1730; x_wconf 86' lang='lat' dir='ltr'><strong>apostolo</strong></span> <span class='ocrx_word' id='word_1_98' title='bbox 915 1668 970 1716; x_wconf 89' lang='lat' dir='ltr'><strong>et</strong></span> <span class='ocrx_word' id='word_1_99' title='bbox 999 1664 1375 1733; x_wconf 72' lang='lat' dir='ltr'><strong>evangelista,</strong></span> <span class='ocrx_word' id='word_1_100' title='bbox 1400 1667 1597 1721; x_wconf 67' lang='lat' dir='ltr'><strong>aeterni</strong></span> <span class='ocrx_word' id='word_1_101' title='bbox 1621 1668 1782 1739; x_wconf 86' lang='lat' dir='ltr'><strong>regni</strong></span> <span class='ocrx_word' id='word_1_102' title='bbox 1816 1668 2126 1739; x_wconf 83' lang='lat' dir='ltr'><strong>participes</strong></span> 
     </span>
    </p>
   </div>
   <div class='ocr_carea' id='block_1_18' title="bbox 476 1745 1487 1809">
    <p class='ocr_par' dir='ltr' id='par_1_18' title="bbox 476 1745 1487 1809">
     <span class='ocr_line' id='line_1_18' title="bbox 476 1745 1487 1809; baseline 0.007 -9"><span class='ocrx_word' id='word_1_103' title='bbox 476 1745 625 1801; x_wconf 77' lang='lat' dir='ltr'><strong>effici</strong></span> <span class='ocrx_word' id='word_1_104' title='bbox 658 1755 1010 1804; x_wconf 87' lang='lat' dir='ltr'><strong>mereantur.</strong></span> <span class='ocrx_word' id='word_1_105' title='bbox 1044 1751 1107 1806; x_wconf 92' lang='lat' dir='ltr'><strong>N.</strong></span> <span class='ocrx_word' id='word_1_106' title='bbox 1145 1753 1306 1809; x_wconf 84' lang='lat' dir='ltr'><strong>OEN.</strong></span> <span class='ocrx_word' id='word_1_107' title='bbox 1343 1755 1487 1808; x_wconf 86' lang='lat' dir='ltr'><strong>BES.</strong></span> 
     </span>
    </p>
   </div>
   <div class='ocr_carea' id='block_1_19' title="bbox 547 1836 2121 1916">
    <p class='ocr_par' dir='ltr' id='par_1_19' title="bbox 547 1836 2121 1916">
     <span class='ocr_line' id='line_1_19' title="bbox 547 1836 2121 1916; baseline 0.007 -26"><span class='ocrx_word' id='word_1_108' title='bbox 547 1836 761 1892; x_wconf 87' lang='lat' dir='ltr'><strong>Datum</strong></span> <span class='ocrx_word' id='word_1_109' title='bbox 794 1836 1020 1909; x_wconf 67' lang='lat' dir='ltr'><strong>Capuae,</strong></span> <span class='ocrx_word' id='word_1_110' title='bbox 1048 1857 1103 1894; x_wconf 88' lang='lat' dir='ltr'><strong>1v</strong></span> <span class='ocrx_word' id='word_1_111' title='bbox 1135 1841 1217 1894; x_wconf 91' lang='lat' dir='ltr'><strong>Id.</strong></span> <span class='ocrx_word' id='word_1_112' title='bbox 1254 1842 1536 1911; x_wconf 88' lang='lat' dir='ltr'><strong>Octobris,</strong></span> <span class='ocrx_word' id='word_1_113' title='bbox 1573 1860 1674 1915; x_wconf 89' lang='lat' dir='ltr'><strong>per</strong></span> <span class='ocrx_word' id='word_1_114' title='bbox 1706 1861 1916 1900; x_wconf 89' lang='lat' dir='ltr'><strong>manus</strong></span> <span class='ocrx_word' id='word_1_115' title='bbox 1959 1848 2121 1916; x_wconf 90' lang='lat' dir='ltr'><strong>Speri</strong></span> 
     </span>
    </p>
   </div>
   <div class='ocr_carea' id='block_1_20' title="bbox 477 1926 2119 1991">
    <p class='ocr_par' dir='ltr' id='par_1_20' title="bbox 477 1926 2119 1991">
     <span class='ocr_line' id='line_1_20' title="bbox 477 1926 2119 1991; baseline 0.008 -13"><span class='ocrx_word' id='word_1_116' title='bbox 477 1929 689 1978; x_wconf 77' lang='lat' dir='ltr'><strong>sanctas</strong></span> <span class='ocrx_word' id='word_1_117' title='bbox 714 1926 983 1981; x_wconf 66' lang='lat' dir='ltr'><strong>Romanae</strong></span> <span class='ocrx_word' id='word_1_118' title='bbox 1035 1928 1299 1984; x_wconf 76' lang='lat' dir='ltr'><strong>Ecclesiae</strong></span> <span class='ocrx_word' id='word_1_119' title='bbox 1350 1931 1690 1987; x_wconf 89' lang='lat' dir='ltr'><strong>subdiaconi</strong></span> <span class='ocrx_word' id='word_1_120' title='bbox 1726 1939 1783 1989; x_wconf 90' lang='lat' dir='ltr'><strong>et</strong></span> <span class='ocrx_word' id='word_1_121' title='bbox 1812 1934 2119 1991; x_wconf 86' lang='lat' dir='ltr'><strong>bibliothe-</strong></span> 
     </span>
    </p>
   </div>
   <div class='ocr_carea' id='block_1_21' title="bbox 477 2012 2116 2094">
    <p class='ocr_par' dir='ltr' id='par_1_21' title="bbox 477 2012 2116 2094">
     <span class='ocr_line' id='line_1_21' title="bbox 477 2012 2116 2094; baseline 0.009 -30"><span class='ocrx_word' id='word_1_122' title='bbox 477 2012 890 2080; x_wconf 86' lang='lat' dir='ltr'><strong>carii,annovu</strong></span> <span class='ocrx_word' id='word_1_123' title='bbox 907 2018 1496 2087; x_wconf 81' lang='lat' dir='ltr'><strong>pontiﬁcatusdomni</strong></span> <span class='ocrx_word' id='word_1_124' title='bbox 1516 2020 1829 2076; x_wconf 79' lang='lat' dir='ltr'><strong>Alexandri</strong></span> <span class='ocrx_word' id='word_1_125' title='bbox 1854 2040 2013 2094; x_wconf 67' lang='lat' dir='ltr'><strong>papas</strong></span> <span class='ocrx_word' id='word_1_126' title='bbox 2048 2024 2116 2092; x_wconf 92' lang='lat' dir='ltr'><strong>II,</strong></span> 
     </span>
    </p>
   </div>
   <div class='ocr_carea' id='block_1_22' title="bbox 476 2098 809 2158">
    <p class='ocr_par' dir='ltr' id='par_1_22' title="bbox 476 2098 809 2158">
     <span class='ocr_line' id='line_1_22' title="bbox 476 2098 809 2158; baseline 0.018 -6"><span class='ocrx_word' id='word_1_127' title='bbox 476 2098 676 2155; x_wconf 84' lang='lat' dir='ltr'><strong>indict.</strong></span> <span class='ocrx_word' id='word_1_128' title='bbox 710 2120 809 2158; x_wconf 83' lang='lat' dir='ltr'><strong>v11.</strong></span> 
     </span>
    </p>
   </div>
   <div class='ocr_carea' id='block_1_23' title="bbox 1234 2240 1371 2295">
    <p class='ocr_par' dir='ltr' id='par_1_23' title="bbox 1234 2240 1371 2295">
     <span class='ocr_line' id='line_1_23' title="bbox 1234 2240 1371 2295; baseline 0.007 -1"><span class='ocrx_word' id='word_1_129' title='bbox 1234 2240 1371 2295; x_wconf 85' lang='lat' dir='ltr'><strong>LVI.</strong></span> 
     </span>
    </p>
   </div>
   <div class='ocr_carea' id='block_1_24' title="bbox 473 2320 2117 2407">
    <p class='ocr_par' dir='ltr' id='par_1_24' title="bbox 473 2320 2117 2407">
     <span class='ocr_line' id='line_1_24' title="bbox 473 2320 2117 2407; baseline 0.011 -33"><span class='ocrx_word' id='word_1_130' title='bbox 473 2320 775 2377; x_wconf 73' lang='lat' dir='ltr'><strong>Alexandri</strong></span> <span class='ocrx_word' id='word_1_131' title='bbox 796 2327 845 2380; x_wconf 90' lang='lat' dir='ltr'><strong>II</strong></span> <span class='ocrx_word' id='word_1_132' title='bbox 882 2328 1111 2395; x_wconf 85' lang='lat' dir='ltr'><strong>epistola</strong></span> <span class='ocrx_word' id='word_1_133' title='bbox 1148 2330 1219 2383; x_wconf 77' lang='lat' dir='ltr'><strong>ad</strong></span> <span class='ocrx_word' id='word_1_134' title='bbox 1268 2332 1531 2386; x_wconf 85' lang='lat' dir='ltr'><strong>Joannem</strong></span> <span class='ocrx_word' id='word_1_135' title='bbox 1589 2335 1972 2390; x_wconf 81' lang='lat' dir='ltr'><strong>Abrincensem</strong></span> <span class='ocrx_word' id='word_1_136' title='bbox 2001 2338 2117 2407; x_wconf 84' lang='lat' dir='ltr'><strong>epi-</strong></span> 
     </span>
    </p>
   </div>
   <div class='ocr_carea' id='block_1_25' title="bbox 1174 2417 1413 2471">
    <p class='ocr_par' dir='ltr' id='par_1_25' title="bbox 1174 2417 1413 2471">
     <span class='ocr_line' id='line_1_25' title="bbox 1174 2417 1413 2471; baseline 0.013 -17"><span class='ocrx_word' id='word_1_137' title='bbox 1174 2417 1413 2471; x_wconf 87' lang='lat' dir='ltr'><strong>scopum.</strong></span> 
     </span>
    </p>
   </div>
   <div class='ocr_carea' id='block_1_26' title="bbox 1082 2506 1487 2581">
    <p class='ocr_par' dir='ltr' id='par_1_26' title="bbox 1082 2506 1487 2581">
     <span class='ocr_line' id='line_1_26' title="bbox 1082 2506 1487 2581; baseline 0.015 -23"><span class='ocrx_word' id='word_1_138' title='bbox 1082 2506 1271 2575; x_wconf 90' lang='lat' dir='ltr'><strong>(Anno</strong></span> <span class='ocrx_word' id='word_1_139' title='bbox 1307 2510 1487 2581; x_wconf 84' lang='grc'><strong>1068.)</strong></span> 
     </span>
    </p>
   </div>
   <div class='ocr_carea' id='block_1_27' title="bbox 473 2604 2113 2683">
    <p class='ocr_par' dir='ltr' id='par_1_27' title="bbox 473 2604 2113 2683">
     <span class='ocr_line' id='line_1_27' title="bbox 473 2604 2113 2683; baseline 0.01 -24"><span class='ocrx_word' id='word_1_140' title='bbox 473 2604 625 2675; x_wconf 84' lang='lat' dir='ltr'><strong>[Acta</strong></span> <span class='ocrx_word' id='word_1_141' title='bbox 656 2608 1124 2680; x_wconf 77' lang='lat' dir='ltr'><strong>archz&#39;ep.Rotom.</strong></span> <span class='ocrx_word' id='word_1_142' title='bbox 1160 2614 1310 2683; x_wconf 91' lang='lat' dir='ltr'><strong>apud</strong></span> <span class='ocrx_word' id='word_1_143' title='bbox 1374 2616 1614 2671; x_wconf 78' lang='lat' dir='ltr'><strong>MABILL.</strong></span> <span class='ocrx_word' id='word_1_144' title='bbox 1673 2620 1920 2674; x_wconf 79' lang='lat' dir='ltr'><strong>Analact.</strong></span> <span class='ocrx_word' id='word_1_145' title='bbox 1985 2638 2113 2676; x_wconf 87' lang='lat' dir='ltr'><strong>nov.</strong></span> 
     </span>
    </p>
   </div>
   <div class='ocr_carea' id='block_1_28' title="bbox 1156 2684 1429 2757">
    <p class='ocr_par' dir='ltr' id='par_1_28' title="bbox 1156 2684 1429 2757">
     <span class='ocr_line' id='line_1_28' title="bbox 1156 2684 1429 2757; baseline 0 -18"><span class='ocrx_word' id='word_1_146' title='bbox 1156 2684 1275 2739; x_wconf 89' lang='lat' dir='ltr'><strong>edit</strong></span> <span class='ocrx_word' id='word_1_147' title='bbox 1302 2687 1429 2757; x_wconf 73' lang='lat'><strong>224]</strong></span> 
     </span>
    </p>
   </div>
   <div class='ocr_carea' id='block_1_29' title="bbox 542 2804 2113 2886">
    <p class='ocr_par' dir='ltr' id='par_1_29' title="bbox 542 2804 2113 2886">
     <span class='ocr_line' id='line_1_29' title="bbox 542 2804 2113 2886; baseline 0.011 -31"><span class='ocrx_word' id='word_1_148' title='bbox 542 2804 883 2859; x_wconf 78' lang='lat' dir='ltr'><strong>ALEXANDER</strong></span> <span class='ocrx_word' id='word_1_149' title='bbox 948 2807 1277 2880; x_wconf 92' lang='lat' dir='ltr'><strong>episcopus,</strong></span> <span class='ocrx_word' id='word_1_150' title='bbox 1359 2828 1560 2868; x_wconf 86' lang='lat' dir='ltr'><strong>servus</strong></span> <span class='ocrx_word' id='word_1_151' title='bbox 1631 2830 1930 2870; x_wconf 89' lang='lat' dir='ltr'><strong>servorum</strong></span> <span class='ocrx_word' id='word_1_152' title='bbox 1998 2817 2113 2886; x_wconf 88' lang='lat' dir='ltr'><strong>Dei,</strong></span> 
     </span>
    </p>
   </div>
   <div class='ocr_carea' id='block_1_30' title="bbox 472 2889 2117 2974">
    <p class='ocr_par' dir='ltr' id='par_1_30' title="bbox 472 2889 2117 2974">
     <span class='ocr_line' id='line_1_30' title="bbox 472 2889 2117 2974; baseline 0.01 -30"><span class='ocrx_word' id='word_1_153' title='bbox 472 2889 683 2946; x_wconf 76' lang='lat' dir='ltr'><strong>JOANNI</strong></span> <span class='ocrx_word' id='word_1_154' title='bbox 708 2892 1114 2951; x_wconf 84' lang='lat' dir='ltr'><strong>Abricensium</strong></span> <span class='ocrx_word' id='word_1_155' title='bbox 1140 2900 1450 2954; x_wconf 85' lang='lat' dir='ltr'><strong>venerabili</strong></span> <span class='ocrx_word' id='word_1_156' title='bbox 1472 2901 1762 2974; x_wconf 90' lang='lat' dir='ltr'><strong>episcopo,</strong></span> <span class='ocrx_word' id='word_1_157' title='bbox 1788 2904 2038 2959; x_wconf 87' lang='lat' dir='ltr'><strong>salutem</strong></span> <span class='ocrx_word' id='word_1_158' title='bbox 2061 2911 2117 2961; x_wconf 91' lang='lat' dir='ltr'><strong>et</strong></span> 
     </span>
    </p>
   </div>
   <div class='ocr_carea' id='block_1_31' title="bbox 474 2979 1367 3049">
    <p class='ocr_par' dir='ltr' id='par_1_31' title="bbox 474 2979 1367 3049">
     <span class='ocr_line' id='line_1_31' title="bbox 474 2979 1367 3049; baseline 0.012 -18"><span class='ocrx_word' id='word_1_159' title='bbox 474 2979 851 3049; x_wconf 86' lang='lat' dir='ltr'><strong>apostolicam</strong></span> <span class='ocrx_word' id='word_1_160' title='bbox 885 2984 1367 3043; x_wconf 89' lang='lat' dir='ltr'><strong>benedictionem.</strong></span> 
     </span>
    </p>
   </div>
   <div class='ocr_carea' id='block_1_32' title="bbox 544 3067 2111 3151">
    <p class='ocr_par' dir='ltr' id='par_1_32' title="bbox 544 3067 2111 3151">
     <span class='ocr_line' id='line_1_32' title="bbox 544 3067 2111 3151; baseline 0.011 -30"><span class='ocrx_word' id='word_1_161' title='bbox 544 3067 833 3124; x_wconf 85' lang='lat' dir='ltr'><strong>Destituta</strong></span> <span class='ocrx_word' id='word_1_162' title='bbox 865 3071 1319 3147; x_wconf 81' lang='lat' dir='ltr'><strong>Rothomagensi</strong></span> <span class='ocrx_word' id='word_1_163' title='bbox 1348 3078 1604 3135; x_wconf 85' lang='lat' dir='ltr'><strong>Ecclesia</strong></span> <span class='ocrx_word' id='word_1_164' title='bbox 1663 3086 1912 3151; x_wconf 88' lang='lat' dir='ltr'><strong>pastore,</strong></span> <span class='ocrx_word' id='word_1_165' title='bbox 1956 3100 2111 3138; x_wconf 93' lang='lat' dir='ltr'><strong>com-</strong></span> 
     </span>
    </p>
   </div>
   <div class='ocr_carea' id='block_1_33' title="bbox 478 3156 2114 3239">
    <p class='ocr_par' dir='ltr' id='par_1_33' title="bbox 478 3156 2114 3239">
     <span class='ocr_line' id='line_1_33' title="bbox 478 3156 2114 3239; baseline 0.013 -32"><span class='ocrx_word' id='word_1_166' title='bbox 478 3156 737 3225; x_wconf 90' lang='lat' dir='ltr'><strong>perimus</strong></span> <span class='ocrx_word' id='word_1_167' title='bbox 770 3158 1128 3217; x_wconf 87' lang='lat' dir='ltr'><strong>Sedunensis</strong></span> <span class='ocrx_word' id='word_1_168' title='bbox 1159 3165 1416 3239; x_wconf 90' lang='lat' dir='ltr'><strong>episc0pi</strong></span> <span class='ocrx_word' id='word_1_169' title='bbox 1449 3173 1505 3222; x_wconf 91' lang='lat' dir='ltr'><strong>et</strong></span> <span class='ocrx_word' id='word_1_170' title='bbox 1553 3170 1854 3225; x_wconf 89' lang='lat' dir='ltr'><strong>Lanfranci</strong></span> <span class='ocrx_word' id='word_1_171' title='bbox 1886 3172 2114 3228; x_wconf 87' lang='lat' dir='ltr'><strong>abbatis</strong></span> 
     </span>
    </p>
   </div>
   <div class='ocr_carea' id='block_1_34' title="bbox 2245 598 3747 673">
    <p class='ocr_par' dir='ltr' id='par_1_34' title="bbox 2245 598 3747 673">
     <span class='ocr_line' id='line_1_34' title="bbox 2245 598 3747 673; baseline 0.003 -19"><span class='ocrx_word' id='word_1_172' title='bbox 2245 599 2440 654; x_wconf 68' lang='lat' dir='ltr'><strong>saeculi</strong></span> <span class='ocrx_word' id='word_1_173' title='bbox 2473 600 2651 671; x_wconf 87' lang='lat' dir='ltr'><strong>hujus</strong></span> <span class='ocrx_word' id='word_1_174' title='bbox 2682 598 3105 666; x_wconf 86' lang='lat' dir='ltr'><strong>actionibus,ad</strong></span> <span class='ocrx_word' id='word_1_175' title='bbox 3128 599 3304 653; x_wconf 89' lang='lat' dir='ltr'><strong>Deum</strong></span> <span class='ocrx_word' id='word_1_176' title='bbox 3336 601 3551 654; x_wconf 87' lang='lat' dir='ltr'><strong>converti</strong></span> <span class='ocrx_word' id='word_1_177' title='bbox 3579 602 3747 673; x_wconf 75' lang='lat' dir='ltr'><strong>festinat,</strong></span> 
     </span>
    </p>
   </div>
   <div class='ocr_carea' id='block_1_35' title="bbox 2243 696 3748 768">
    <p class='ocr_par' dir='ltr' id='par_1_35' title="bbox 2243 696 3748 768">
     <span class='ocr_line' id='line_1_35' title="bbox 2243 696 3748 768; baseline 0.003 -16"><span class='ocrx_word' id='word_1_178' title='bbox 2243 698 2325 752; x_wconf 90' lang='lat' dir='ltr'><strong>ita</strong></span> <span class='ocrx_word' id='word_1_179' title='bbox 2354 714 2486 751; x_wconf 91' lang='lat' dir='ltr'><strong>cum</strong></span> <span class='ocrx_word' id='word_1_180' title='bbox 2519 697 2798 752; x_wconf 88' lang='lat' dir='ltr'><strong>charitate</strong></span> <span class='ocrx_word' id='word_1_181' title='bbox 2830 699 2900 751; x_wconf 89' lang='lat' dir='ltr'><strong>ab</strong></span> <span class='ocrx_word' id='word_1_182' title='bbox 2929 696 3246 768; x_wconf 88' lang='lat' dir='ltr'><strong>apostolica</strong></span> <span class='ocrx_word' id='word_1_183' title='bbox 3276 698 3421 761; x_wconf 89' lang='lat' dir='ltr'><strong>sede,</strong></span> <span class='ocrx_word' id='word_1_184' title='bbox 3452 698 3748 756; x_wconf 80' lang='lat' dir='ltr'><strong>cuiliretindi-</strong></span> 
     </span>
    </p>
   </div>
   <div class='ocr_carea' id='block_1_36' title="bbox 2243 786 3747 860">
    <p class='ocr_par' dir='ltr' id='par_1_36' title="bbox 2243 786 3747 860">
     <span class='ocr_line' id='line_1_36' title="bbox 2243 786 3747 860; baseline 0.003 -19"><span class='ocrx_word' id='word_1_185' title='bbox 2243 788 2339 859; x_wconf 88' lang='lat' dir='ltr'><strong>gni</strong></span> <span class='ocrx_word' id='word_1_186' title='bbox 2374 788 2773 858; x_wconf 73' lang='lat' dir='ltr'><strong>prmsidernus,</strong></span> <span class='ocrx_word' id='word_1_187' title='bbox 2836 786 3241 857; x_wconf 88' lang='lat' dir='ltr'><strong>suscipiendus</strong></span> <span class='ocrx_word' id='word_1_188' title='bbox 3272 791 3355 840; x_wconf 88' lang='lat' dir='ltr'><strong>est</strong></span> <span class='ocrx_word' id='word_1_189' title='bbox 3407 794 3455 840; x_wconf 90' lang='lat' dir='ltr'><strong>et</strong></span> <span class='ocrx_word' id='word_1_190' title='bbox 3482 788 3657 843; x_wconf 84' lang='lat' dir='ltr'><strong>blandis</strong></span> <span class='ocrx_word' id='word_1_191' title='bbox 3688 809 3747 860; x_wconf 78' lang='lat' dir='ltr'><strong>per</strong></span> 
     </span>
    </p>
   </div>
   <div class='ocr_carea' id='block_1_37' title="bbox 2241 876 3744 948">
    <p class='ocr_par' dir='ltr' id='par_1_37' title="bbox 2241 876 3744 948">
     <span class='ocr_line' id='line_1_37' title="bbox 2241 876 3744 948; baseline 0.002 -17"><span class='ocrx_word' id='word_1_192' title='bbox 2241 877 2437 931; x_wconf 88' lang='lat' dir='ltr'><strong>omnia</strong></span> <span class='ocrx_word' id='word_1_193' title='bbox 2467 876 2967 931; x_wconf 89' lang='lat' dir='ltr'><strong>consolationibus</strong></span> <span class='ocrx_word' id='word_1_194' title='bbox 3000 877 3336 930; x_wconf 88' lang='lat' dir='ltr'><strong>refovendus</strong></span> <span class='ocrx_word' id='word_1_195' title='bbox 3391 882 3447 929; x_wconf 89' lang='lat' dir='ltr'><strong>ut</strong></span> <span class='ocrx_word' id='word_1_196' title='bbox 3489 877 3537 930; x_wconf 89' lang='lat' dir='ltr'><strong>in</strong></span> <span class='ocrx_word' id='word_1_197' title='bbox 3571 894 3621 930; x_wconf 79' lang='lat' dir='ltr'><strong>ea</strong></span> <span class='ocrx_word' id='word_1_198' title='bbox 3642 896 3744 948; x_wconf 69' lang='lat' dir='ltr'><strong>quam</strong></span> 
     </span>
    </p>
   </div>
   <div class='ocr_carea' id='block_1_38' title="bbox 2239 964 3747 1037">
    <p class='ocr_par' dir='ltr' id='par_1_38' title="bbox 2239 964 3747 1037">
     <span class='ocr_line' id='line_1_38' title="bbox 2239 964 3747 1037; baseline 0.001 -18"><span class='ocrx_word' id='word_1_199' title='bbox 2239 964 2551 1035; x_wconf 84' lang='lat' dir='ltr'><strong>elegit,Deo</strong></span> <span class='ocrx_word' id='word_1_200' title='bbox 2584 966 2917 1033; x_wconf 88' lang='lat' dir='ltr'><strong>adjuvante,</strong></span> <span class='ocrx_word' id='word_1_201' title='bbox 2942 964 3260 1019; x_wconf 88' lang='lat' dir='ltr'><strong>delectetur</strong></span> <span class='ocrx_word' id='word_1_202' title='bbox 3290 965 3659 1019; x_wconf 71' lang='lat' dir='ltr'><strong>conversatione</strong></span> <span class='ocrx_word' id='word_1_203' title='bbox 3678 985 3747 1037; x_wconf 65' lang='lat' dir='ltr'><strong>per-</strong></span> 
     </span>
    </p>
   </div>
   <div class='ocr_carea' id='block_1_39' title="bbox 2240 1052 3747 1124">
    <p class='ocr_par' dir='ltr' id='par_1_39' title="bbox 2240 1052 3747 1124">
     <span class='ocr_line' id='line_1_39' title="bbox 2240 1052 3747 1124; baseline 0.001 -17"><span class='ocrx_word' id='word_1_204' title='bbox 2240 1054 2462 1121; x_wconf 84' lang='lat' dir='ltr'><strong>sistere,</strong></span> <span class='ocrx_word' id='word_1_205' title='bbox 2497 1057 2551 1108; x_wconf 92' lang='lat' dir='ltr'><strong>et</strong></span> <span class='ocrx_word' id='word_1_206' title='bbox 2582 1054 2733 1124; x_wconf 91' lang='lat' dir='ltr'><strong>quod</strong></span> <span class='ocrx_word' id='word_1_207' title='bbox 2771 1052 2947 1107; x_wconf 85' lang='lat' dir='ltr'><strong>semel</strong></span> <span class='ocrx_word' id='word_1_208' title='bbox 2980 1054 3149 1123; x_wconf 60' lang='lat' dir='ltr'><strong>coepit</strong></span> <span class='ocrx_word' id='word_1_209' title='bbox 3181 1069 3362 1122; x_wconf 87' lang='lat' dir='ltr'><strong>usque</strong></span> <span class='ocrx_word' id='word_1_210' title='bbox 3392 1053 3443 1105; x_wconf 87' lang='lat' dir='ltr'><strong>in</strong></span> <span class='ocrx_word' id='word_1_211' title='bbox 3493 1053 3629 1107; x_wconf 79' lang='lat' dir='ltr'><strong>tinem</strong></span> <span class='ocrx_word' id='word_1_212' title='bbox 3667 1057 3747 1109; x_wconf 74' lang='lat' dir='ltr'><strong>irre-</strong></span> 
     </span>
    </p>
   </div>
   <div class='ocr_carea' id='block_1_40' title="bbox 2241 1140 3749 1213">
    <p class='ocr_par' dir='ltr' id='par_1_40' title="bbox 2241 1140 3749 1213">
     <span class='ocr_line' id='line_1_40' title="bbox 2241 1140 3749 1213; baseline -0.001 -16"><span class='ocrx_word' id='word_1_213' title='bbox 2241 1142 2707 1213; x_wconf 90' lang='lat' dir='ltr'><strong>prehensibiliter</strong></span> <span class='ocrx_word' id='word_1_214' title='bbox 2728 1142 2917 1196; x_wconf 84' lang='lat' dir='ltr'><strong>valeat</strong></span> <span class='ocrx_word' id='word_1_215' title='bbox 2947 1141 3234 1195; x_wconf 78' lang='lat' dir='ltr'><strong>exhibere.</strong></span> <span class='ocrx_word' id='word_1_216' title='bbox 3271 1140 3425 1195; x_wconf 89' lang='lat' dir='ltr'><strong>Unde</strong></span> <span class='ocrx_word' id='word_1_217' title='bbox 3452 1140 3584 1211; x_wconf 85' lang='lat' dir='ltr'><strong>quia,</strong></span> <span class='ocrx_word' id='word_1_218' title='bbox 3609 1142 3749 1197; x_wconf 81' lang='lat' dir='ltr'><strong>charis-</strong></span> 
     </span>
    </p>
   </div>
   <div class='ocr_carea' id='block_1_41' title="bbox 2238 1230 3747 1299">
    <p class='ocr_par' dir='ltr' id='par_1_41' title="bbox 2238 1230 3747 1299">
     <span class='ocr_line' id='line_1_41' title="bbox 2238 1230 3747 1299; baseline 0.001 -14"><span class='ocrx_word' id='word_1_219' title='bbox 2238 1232 2382 1286; x_wconf 90' lang='lat' dir='ltr'><strong>sime</strong></span> <span class='ocrx_word' id='word_1_220' title='bbox 2414 1230 2493 1285; x_wconf 81' lang='lat' dir='ltr'><strong>fili</strong></span> <span class='ocrx_word' id='word_1_221' title='bbox 2528 1231 2845 1285; x_wconf 85' lang='lat' dir='ltr'><strong>Lanfrance</strong></span> <span class='ocrx_word' id='word_1_222' title='bbox 2878 1231 3079 1299; x_wconf 79' lang='lat' dir='ltr'><strong>abbas,</strong></span> <span class='ocrx_word' id='word_1_223' title='bbox 3115 1231 3171 1285; x_wconf 91' lang='lat' dir='ltr'><strong>in</strong></span> <span class='ocrx_word' id='word_1_224' title='bbox 3203 1235 3417 1284; x_wconf 86' lang='lat' dir='ltr'><strong>tantam</strong></span> <span class='ocrx_word' id='word_1_225' title='bbox 3446 1236 3497 1283; x_wconf 89' lang='lat' dir='ltr'><strong>te</strong></span> <span class='ocrx_word' id='word_1_226' title='bbox 3536 1232 3747 1285; x_wconf 69' lang='lat' dir='ltr'><strong>excrevisse</strong></span> 
     </span>
    </p>
   </div>
   <div class='ocr_carea' id='block_1_42' title="bbox 2238 1327 3751 1401">
    <p class='ocr_par' dir='ltr' id='par_1_42' title="bbox 2238 1327 3751 1401">
     <span class='ocr_line' id='line_1_42' title="bbox 2238 1327 3751 1401; baseline -0.001 -18"><span class='ocrx_word' id='word_1_227' title='bbox 2238 1329 2577 1399; x_wconf 77' lang='lat' dir='ltr'><strong>religionem</strong></span> <span class='ocrx_word' id='word_1_228' title='bbox 2611 1329 3020 1401; x_wconf 86' lang='lat' dir='ltr'><strong>cognoscimus</strong></span> <span class='ocrx_word' id='word_1_229' title='bbox 3052 1334 3114 1382; x_wconf 92' lang='lat' dir='ltr'><strong>ut</strong></span> <span class='ocrx_word' id='word_1_230' title='bbox 3147 1345 3259 1382; x_wconf 92' lang='lat' dir='ltr'><strong>non</strong></span> <span class='ocrx_word' id='word_1_231' title='bbox 3306 1327 3480 1382; x_wconf 88' lang='lat' dir='ltr'><strong>solum</strong></span> <span class='ocrx_word' id='word_1_232' title='bbox 3526 1328 3582 1381; x_wconf 86' lang='lat' dir='ltr'><strong>de</strong></span> <span class='ocrx_word' id='word_1_233' title='bbox 3609 1332 3751 1398; x_wconf 76' lang='lat' dir='ltr'><strong>prepria</strong></span> 
     </span>
    </p>
   </div>
   <div class='ocr_carea' id='block_1_43' title="bbox 2236 1417 3751 1483">
    <p class='ocr_par' dir='ltr' id='par_1_43' title="bbox 2236 1417 3751 1483">
     <span class='ocr_line' id='line_1_43' title="bbox 2236 1417 3751 1483; baseline -0.003 -9"><span class='ocrx_word' id='word_1_234' title='bbox 2236 1419 2425 1474; x_wconf 89' lang='lat' dir='ltr'><strong>salute</strong></span> <span class='ocrx_word' id='word_1_235' title='bbox 2447 1418 2746 1473; x_wconf 88' lang='lat' dir='ltr'><strong>studiosus</strong></span> <span class='ocrx_word' id='word_1_236' title='bbox 2770 1418 3067 1483; x_wconf 77' lang='lat' dir='ltr'><strong>existeres,</strong></span> <span class='ocrx_word' id='word_1_237' title='bbox 3086 1434 3284 1471; x_wconf 77' lang='lat' dir='ltr'><strong>verum</strong></span> <span class='ocrx_word' id='word_1_238' title='bbox 3312 1417 3469 1471; x_wconf 85' lang='lat' dir='ltr'><strong>etiam</strong></span> <span class='ocrx_word' id='word_1_239' title='bbox 3494 1432 3751 1469; x_wconf 64' lang='lat' dir='ltr'><strong>communem</strong></span> 
     </span>
    </p>
   </div>
   <div class='ocr_carea' id='block_1_44' title="bbox 2234 1504 3751 1580">
    <p class='ocr_par' dir='ltr' id='par_1_44' title="bbox 2234 1504 3751 1580">
     <span class='ocr_line' id='line_1_44' title="bbox 2234 1504 3751 1580; baseline -0.004 -17"><span class='ocrx_word' id='word_1_240' title='bbox 2234 1507 2777 1580; x_wconf 81' lang='lat' dir='ltr'><strong>vitameligentibus</strong></span> <span class='ocrx_word' id='word_1_241' title='bbox 2795 1506 3213 1562; x_wconf 84' lang='lat' dir='ltr'><strong>monasterium</strong></span> <span class='ocrx_word' id='word_1_242' title='bbox 3231 1511 3569 1561; x_wconf 89' lang='lat' dir='ltr'><strong>construeres</strong></span> <span class='ocrx_word' id='word_1_243' title='bbox 3580 1521 3627 1558; x_wconf 82' lang='lat' dir='ltr'><strong>ac</strong></span> <span class='ocrx_word' id='word_1_244' title='bbox 3643 1504 3751 1557; x_wconf 79' lang='lat' dir='ltr'><strong>forma</strong></span> 
     </span>
    </p>
   </div>
   <div class='ocr_carea' id='block_1_45' title="bbox 2238 1601 3751 1678">
    <p class='ocr_par' dir='ltr' id='par_1_45' title="bbox 2238 1601 3751 1678">
     <span class='ocr_line' id='line_1_45' title="bbox 2238 1601 3751 1678; baseline -0.005 -17"><span class='ocrx_word' id='word_1_245' title='bbox 2238 1606 2535 1678; x_wconf 81' lang='lat' dir='ltr'><strong>religionis</strong></span> <span class='ocrx_word' id='word_1_246' title='bbox 2568 1606 2918 1677; x_wconf 86' lang='lat' dir='ltr'><strong>provideres,</strong></span> <span class='ocrx_word' id='word_1_247' title='bbox 2952 1604 3215 1659; x_wconf 88' lang='lat' dir='ltr'><strong>inclinati</strong></span> <span class='ocrx_word' id='word_1_248' title='bbox 3247 1601 3611 1674; x_wconf 86' lang='lat' dir='ltr'><strong>precibustuis</strong></span> <span class='ocrx_word' id='word_1_249' title='bbox 3632 1618 3751 1654; x_wconf 78' lang='lat' dir='ltr'><strong>mona-</strong></span> 
     </span>
    </p>
   </div>
   <div class='ocr_carea' id='block_1_46' title="bbox 2234 1693 3751 1765">
    <p class='ocr_par' dir='ltr' id='par_1_46' title="bbox 2234 1693 3751 1765">
     <span class='ocr_line' id='line_1_46' title="bbox 2234 1693 3751 1765; baseline -0.005 -16"><span class='ocrx_word' id='word_1_250' title='bbox 2234 1696 2478 1750; x_wconf 90' lang='lat' dir='ltr'><strong>sterium</strong></span> <span class='ocrx_word' id='word_1_251' title='bbox 2512 1700 2700 1760; x_wconf 90' lang='lat' dir='ltr'><strong>tuum,</strong></span> <span class='ocrx_word' id='word_1_252' title='bbox 2731 1696 2884 1765; x_wconf 89' lang='lat' dir='ltr'><strong>quod</strong></span> <span class='ocrx_word' id='word_1_253' title='bbox 2918 1696 2973 1749; x_wconf 91' lang='lat' dir='ltr'><strong>in</strong></span> <span class='ocrx_word' id='word_1_254' title='bbox 3006 1694 3286 1749; x_wconf 90' lang='lat' dir='ltr'><strong>honorem</strong></span> <span class='ocrx_word' id='word_1_255' title='bbox 3311 1693 3452 1747; x_wconf 88' lang='lat' dir='ltr'><strong>beati</strong></span> <span class='ocrx_word' id='word_1_256' title='bbox 3480 1696 3751 1763; x_wconf 67' lang='lat' dir='ltr'><strong>protomarty-</strong></span> 
     </span>
    </p>
   </div>
   <div class='ocr_carea' id='block_1_47' title="bbox 2233 1779 3752 1854">
    <p class='ocr_par' dir='ltr' id='par_1_47' title="bbox 2233 1779 3752 1854">
     <span class='ocr_line' id='line_1_47' title="bbox 2233 1779 3752 1854; baseline -0.005 -17"><span class='ocrx_word' id='word_1_257' title='bbox 2233 1784 2312 1837; x_wconf 92' lang='lat' dir='ltr'><strong>ris</strong></span> <span class='ocrx_word' id='word_1_258' title='bbox 2342 1783 2616 1854; x_wconf 88' lang='lat' dir='ltr'><strong>Stephani</strong></span> <span class='ocrx_word' id='word_1_259' title='bbox 2648 1800 2681 1837; x_wconf 91' lang='lat' dir='ltr'><strong>a</strong></span> <span class='ocrx_word' id='word_1_260' title='bbox 2709 1782 2959 1854; x_wconf 88' lang='lat' dir='ltr'><strong>glorioso</strong></span> <span class='ocrx_word' id='word_1_261' title='bbox 2995 1781 3288 1837; x_wconf 88' lang='lat' dir='ltr'><strong>Willelmo</strong></span> <span class='ocrx_word' id='word_1_262' title='bbox 3316 1780 3553 1853; x_wconf 87' lang='lat' dir='ltr'><strong>principe</strong></span> <span class='ocrx_word' id='word_1_263' title='bbox 3571 1779 3752 1833; x_wconf 74' lang='lat' dir='ltr'><strong>Norman-</strong></span> 
     </span>
    </p>
   </div>
   <div class='ocr_carea' id='block_1_48' title="bbox 2153 1866 3755 1946">
    <p class='ocr_par' dir='ltr' id='par_1_48' title="bbox 2153 1866 3755 1946">
     <span class='ocr_line' id='line_1_48' title="bbox 2153 1866 3755 1946; baseline -0.006 -19"><span class='ocrx_word' id='word_1_264' title='bbox 2153 1883 2199 1946; x_wconf 84' lang='lat' dir='ltr'><strong>B</strong></span> <span class='ocrx_word' id='word_1_265' title='bbox 2234 1889 2464 1942; x_wconf 90' lang='lat' dir='ltr'><strong>norum,</strong></span> <span class='ocrx_word' id='word_1_266' title='bbox 2498 1889 2562 1926; x_wconf 90' lang='lat' dir='ltr'><strong>ac</strong></span> <span class='ocrx_word' id='word_1_267' title='bbox 2588 1871 3067 1927; x_wconf 83' lang='lat' dir='ltr'><strong>victoriosissimo</strong></span> <span class='ocrx_word' id='word_1_268' title='bbox 3095 1887 3230 1942; x_wconf 90' lang='lat' dir='ltr'><strong>rege</strong></span> <span class='ocrx_word' id='word_1_269' title='bbox 3269 1869 3582 1941; x_wconf 79' lang='lat' dir='ltr'><strong>Anglorum,</strong></span> <span class='ocrx_word' id='word_1_270' title='bbox 3610 1866 3755 1920; x_wconf 72' lang='lat' dir='ltr'><strong>Caduni</strong></span> 
     </span>
    </p>
   </div>
   <div class='ocr_carea' id='block_1_49' title="bbox 2228 1964 3756 2042">
    <p class='ocr_par' dir='ltr' id='par_1_49' title="bbox 2228 1964 3756 2042">
     <span class='ocr_line' id='line_1_49' title="bbox 2228 1964 3756 2042; baseline -0.007 -17"><span class='ocrx_word' id='word_1_271' title='bbox 2228 1970 2591 2025; x_wconf 87' lang='lat' dir='ltr'><strong>construitur</strong></span> <span class='ocrx_word' id='word_1_272' title='bbox 2619 1987 2683 2024; x_wconf 89' lang='lat' dir='ltr'><strong>ac</strong></span> <span class='ocrx_word' id='word_1_273' title='bbox 2726 1970 2995 2042; x_wconf 88' lang='lat' dir='ltr'><strong>largitate</strong></span> <span class='ocrx_word' id='word_1_274' title='bbox 3044 1968 3435 2040; x_wconf 89' lang='lat' dir='ltr'><strong>possessionis</strong></span> <span class='ocrx_word' id='word_1_275' title='bbox 3484 1964 3756 2025; x_wconf 77' lang='lat' dir='ltr'><strong>ditatur,sub</strong></span> 
     </span>
    </p>
   </div>
   <div class='ocr_carea' id='block_1_50' title="bbox 2227 2052 3754 2129">
    <p class='ocr_par' dir='ltr' id='par_1_50' title="bbox 2227 2052 3754 2129">
     <span class='ocr_line' id='line_1_50' title="bbox 2227 2052 3754 2129; baseline -0.007 -15"><span class='ocrx_word' id='word_1_276' title='bbox 2227 2059 2406 2115; x_wconf 87' lang='lat' dir='ltr'><strong>tutela</strong></span> <span class='ocrx_word' id='word_1_277' title='bbox 2424 2067 2479 2114; x_wconf 89' lang='lat' dir='ltr'><strong>et</strong></span> <span class='ocrx_word' id='word_1_278' title='bbox 2506 2059 2840 2114; x_wconf 85' lang='lat' dir='ltr'><strong>defensione</strong></span> <span class='ocrx_word' id='word_1_279' title='bbox 2863 2063 3074 2114; x_wconf 70' lang='lat' dir='ltr'><strong>sanctas</strong></span> <span class='ocrx_word' id='word_1_280' title='bbox 3106 2058 3265 2113; x_wconf 91' lang='lat' dir='ltr'><strong>sedis</strong></span> <span class='ocrx_word' id='word_1_281' title='bbox 3308 2054 3604 2129; x_wconf 69' lang='lat' dir='ltr'><strong>apostolica</strong></span> <span class='ocrx_word' id='word_1_282' title='bbox 3630 2052 3754 2122; x_wconf 85' lang='lat' dir='ltr'><strong>recipi-</strong></span> 
     </span>
    </p>
   </div>
   <div class='ocr_carea' id='block_1_51' title="bbox 2230 2150 3752 2223">
    <p class='ocr_par' dir='ltr' id='par_1_51' title="bbox 2230 2150 3752 2223">
     <span class='ocr_line' id='line_1_51' title="bbox 2230 2150 3752 2223; baseline -0.007 -12"><span class='ocrx_word' id='word_1_283' title='bbox 2230 2174 2381 2223; x_wconf 90' lang='lat' dir='ltr'><strong>mus,</strong></span> <span class='ocrx_word' id='word_1_284' title='bbox 2406 2160 2727 2212; x_wconf 90' lang='lat' dir='ltr'><strong>statuentes</strong></span> <span class='ocrx_word' id='word_1_285' title='bbox 2759 2156 3010 2219; x_wconf 89' lang='lat' dir='ltr'><strong>nullum,</strong></span> <span class='ocrx_word' id='word_1_286' title='bbox 3043 2156 3439 2212; x_wconf 88' lang='lat' dir='ltr'><strong>ecclesiastica</strong></span> <span class='ocrx_word' id='word_1_287' title='bbox 3468 2170 3555 2209; x_wconf 82' lang='lat' dir='ltr'><strong>seu</strong></span> <span class='ocrx_word' id='word_1_288' title='bbox 3583 2150 3752 2206; x_wconf 73' lang='lat' dir='ltr'><strong>saeculari</strong></span> 
     </span>
    </p>
   </div>
   <div class='ocr_carea' id='block_1_52' title="bbox 2227 2240 3753 2318">
    <p class='ocr_par' dir='ltr' id='par_1_52' title="bbox 2227 2240 3753 2318">
     <span class='ocr_line' id='line_1_52' title="bbox 2227 2240 3753 2318; baseline -0.007 -17"><span class='ocrx_word' id='word_1_289' title='bbox 2227 2247 2531 2318; x_wconf 64' lang='lat' dir='ltr'><strong>praeditum</strong></span> <span class='ocrx_word' id='word_1_290' title='bbox 2564 2246 2866 2317; x_wconf 89' lang='lat' dir='ltr'><strong>dignitate,</strong></span> <span class='ocrx_word' id='word_1_291' title='bbox 2898 2247 2953 2299; x_wconf 92' lang='lat' dir='ltr'><strong>in</strong></span> <span class='ocrx_word' id='word_1_292' title='bbox 2988 2246 3162 2301; x_wconf 89' lang='lat' dir='ltr'><strong>rebus</strong></span> <span class='ocrx_word' id='word_1_293' title='bbox 3215 2244 3303 2301; x_wconf 90' lang='lat' dir='ltr'><strong>vel</strong></span> <span class='ocrx_word' id='word_1_294' title='bbox 3354 2240 3753 2314; x_wconf 79' lang='lat' dir='ltr'><strong>disposioneejus-</strong></span> 
     </span>
    </p>
   </div>
   <div class='ocr_carea' id='block_1_53' title="bbox 2234 2325 3753 2405">
    <p class='ocr_par' dir='ltr' id='par_1_53' title="bbox 2234 2325 3753 2405">
     <span class='ocr_line' id='line_1_53' title="bbox 2234 2325 3753 2405; baseline -0.008 -16"><span class='ocrx_word' id='word_1_295' title='bbox 2234 2336 2363 2389; x_wconf 89' lang='lat' dir='ltr'><strong>dem</strong></span> <span class='ocrx_word' id='word_1_296' title='bbox 2400 2336 2738 2390; x_wconf 89' lang='lat' dir='ltr'><strong>monasterii</strong></span> <span class='ocrx_word' id='word_1_297' title='bbox 2795 2334 3050 2405; x_wconf 83' lang='lat' dir='ltr'><strong>aliquam</strong></span> <span class='ocrx_word' id='word_1_298' title='bbox 3103 2335 3320 2390; x_wconf 87' lang='lat' dir='ltr'><strong>habere</strong></span> <span class='ocrx_word' id='word_1_299' title='bbox 3377 2336 3678 2405; x_wconf 78' lang='lat' dir='ltr'><strong>potestatem,</strong></span> <span class='ocrx_word' id='word_1_300' title='bbox 3698 2325 3753 2379; x_wconf 74' lang='lat' dir='ltr'><strong>sed</strong></span> 
     </span>
    </p>
   </div>
   <div class='ocr_carea' id='block_1_54' title="bbox 2227 2418 3753 2495">
    <p class='ocr_par' dir='ltr' id='par_1_54' title="bbox 2227 2418 3753 2495">
     <span class='ocr_line' id='line_1_54' title="bbox 2227 2418 3753 2495; baseline -0.009 -16"><span class='ocrx_word' id='word_1_301' title='bbox 2227 2440 2397 2479; x_wconf 91' lang='lat' dir='ltr'><strong>omne</strong></span> <span class='ocrx_word' id='word_1_302' title='bbox 2433 2425 2535 2492; x_wconf 85' lang='lat' dir='ltr'><strong>jus</strong></span> <span class='ocrx_word' id='word_1_303' title='bbox 2594 2425 2781 2495; x_wconf 88' lang='lat' dir='ltr'><strong>ipsius</strong></span> <span class='ocrx_word' id='word_1_304' title='bbox 2840 2424 3180 2479; x_wconf 86' lang='lat' dir='ltr'><strong>monasterii</strong></span> <span class='ocrx_word' id='word_1_305' title='bbox 3216 2425 3287 2478; x_wconf 89' lang='lat' dir='ltr'><strong>ad</strong></span> <span class='ocrx_word' id='word_1_306' title='bbox 3312 2418 3663 2478; x_wconf 79' lang='lat' dir='ltr'><strong>sollicitudinis</strong></span> <span class='ocrx_word' id='word_1_307' title='bbox 3691 2426 3753 2467; x_wconf 69' lang='lat' dir='ltr'><strong>ius</strong></span> 
     </span>
    </p>
   </div>
   <div class='ocr_carea' id='block_1_55' title="bbox 2224 2512 3755 2593">
    <p class='ocr_par' dir='ltr' id='par_1_55' title="bbox 2224 2512 3755 2593">
     <span class='ocr_line' id='line_1_55' title="bbox 2224 2512 3755 2593; baseline -0.008 -17"><span class='ocrx_word' id='word_1_308' title='bbox 2224 2526 2394 2577; x_wconf 91' lang='lat' dir='ltr'><strong>tuoru</strong></span> <span class='ocrx_word' id='word_1_309' title='bbox 2407 2538 2579 2593; x_wconf 89' lang='lat' dir='ltr'><strong>mque</strong></span> <span class='ocrx_word' id='word_1_310' title='bbox 2592 2536 2998 2576; x_wconf 90' lang='lat' dir='ltr'><strong>successorum</strong></span> <span class='ocrx_word' id='word_1_311' title='bbox 3024 2521 3292 2575; x_wconf 88' lang='lat' dir='ltr'><strong>studium</strong></span> <span class='ocrx_word' id='word_1_312' title='bbox 3316 2518 3639 2574; x_wconf 87' lang='lat' dir='ltr'><strong>decernimus</strong></span> <span class='ocrx_word' id='word_1_313' title='bbox 3656 2512 3755 2584; x_wconf 74' lang='lat' dir='ltr'><strong>perti-</strong></span> 
     </span>
    </p>
   </div>
   <div class='ocr_carea' id='block_1_56' title="bbox 2227 2600 3755 2680">
    <p class='ocr_par' dir='ltr' id='par_1_56' title="bbox 2227 2600 3755 2680">
     <span class='ocr_line' id='line_1_56' title="bbox 2227 2600 3755 2680; baseline -0.005 -15"><span class='ocrx_word' id='word_1_314' title='bbox 2227 2627 2381 2665; x_wconf 91' lang='lat' dir='ltr'><strong>nere.</strong></span> <span class='ocrx_word' id='word_1_315' title='bbox 2417 2611 2520 2675; x_wconf 88' lang='lat' dir='ltr'><strong>Qui</strong></span> <span class='ocrx_word' id='word_1_316' title='bbox 2553 2610 2835 2664; x_wconf 91' lang='lat' dir='ltr'><strong>nimirum</strong></span> <span class='ocrx_word' id='word_1_317' title='bbox 2896 2609 2944 2663; x_wconf 93' lang='lat' dir='ltr'><strong>si</strong></span> <span class='ocrx_word' id='word_1_318' title='bbox 3003 2608 3253 2680; x_wconf 88' lang='lat' dir='ltr'><strong>alicujus</strong></span> <span class='ocrx_word' id='word_1_319' title='bbox 3311 2606 3544 2680; x_wconf 86' lang='lat' dir='ltr'><strong>episc0pi</strong></span> <span class='ocrx_word' id='word_1_320' title='bbox 3579 2600 3755 2659; x_wconf 64' lang='lat' dir='ltr'><strong>molestia</strong></span> 
     </span>
    </p>
   </div>
   <div class='ocr_carea' id='block_1_57' title="bbox 2227 2694 3755 2770">
    <p class='ocr_par' dir='ltr' id='par_1_57' title="bbox 2227 2694 3755 2770">
     <span class='ocr_line' id='line_1_57' title="bbox 2227 2694 3755 2770; baseline -0.009 -17"><span class='ocrx_word' id='word_1_321' title='bbox 2227 2703 2616 2770; x_wconf 66' lang='lat' dir='ltr'><strong>praegravatus</strong></span> <span class='ocrx_word' id='word_1_322' title='bbox 2651 2705 2734 2762; x_wconf 86' lang='lat' dir='ltr'><strong>tu,</strong></span> <span class='ocrx_word' id='word_1_323' title='bbox 2765 2697 2850 2751; x_wconf 90' lang='lat' dir='ltr'><strong>vel</strong></span> <span class='ocrx_word' id='word_1_324' title='bbox 2883 2714 3255 2753; x_wconf 86' lang='lat' dir='ltr'><strong>successores</strong></span> <span class='ocrx_word' id='word_1_325' title='bbox 3286 2696 3372 2751; x_wconf 90' lang='lat' dir='ltr'><strong>tui</strong></span> <span class='ocrx_word' id='word_1_326' title='bbox 3420 2694 3628 2753; x_wconf 85' lang='lat' dir='ltr'><strong>fueritis,</strong></span> <span class='ocrx_word' id='word_1_327' title='bbox 3652 2705 3755 2745; x_wconf 79' lang='lat' dir='ltr'><strong>sanc-</strong></span> 
     </span>
    </p>
   </div>
   <div class='ocr_carea' id='block_1_58' title="bbox 2224 2778 3756 2857">
    <p class='ocr_par' dir='ltr' id='par_1_58' title="bbox 2224 2778 3756 2857">
     <span class='ocr_line' id='line_1_58' title="bbox 2224 2778 3756 2857; baseline -0.008 -16"><span class='ocrx_word' id='word_1_328' title='bbox 2224 2791 2461 2857; x_wconf 88' lang='lat' dir='ltr'><strong>tamque</strong></span> <span class='ocrx_word' id='word_1_329' title='bbox 2489 2785 2869 2856; x_wconf 88' lang='lat' dir='ltr'><strong>apostolicam</strong></span> <span class='ocrx_word' id='word_1_330' title='bbox 2902 2788 3098 2840; x_wconf 88' lang='lat' dir='ltr'><strong>sedem</strong></span> <span class='ocrx_word' id='word_1_331' title='bbox 3131 2784 3563 2857; x_wconf 86' lang='lat' dir='ltr'><strong>appellaveritis,</strong></span> <span class='ocrx_word' id='word_1_332' title='bbox 3586 2778 3687 2836; x_wconf 85' lang='lat' dir='ltr'><strong>nulli</strong></span> <span class='ocrx_word' id='word_1_333' title='bbox 3709 2778 3756 2829; x_wconf 86' lang='lat' dir='ltr'><strong>ul-</strong></span> 
     </span>
    </p>
   </div>
   <div class='ocr_carea' id='block_1_59' title="bbox 2222 2872 3755 2945">
    <p class='ocr_par' dir='ltr' id='par_1_59' title="bbox 2222 2872 3755 2945">
     <span class='ocr_line' id='line_1_59' title="bbox 2222 2872 3755 2945; baseline -0.009 -14"><span class='ocrx_word' id='word_1_334' title='bbox 2222 2876 2405 2931; x_wconf 90' lang='lat' dir='ltr'><strong>terius</strong></span> <span class='ocrx_word' id='word_1_335' title='bbox 2433 2875 2838 2945; x_wconf 87' lang='lat' dir='ltr'><strong>episcoporum</strong></span> <span class='ocrx_word' id='word_1_336' title='bbox 2870 2874 3040 2929; x_wconf 90' lang='lat' dir='ltr'><strong>liceat</strong></span> <span class='ocrx_word' id='word_1_337' title='bbox 3069 2879 3271 2929; x_wconf 89' lang='lat' dir='ltr'><strong>contra</strong></span> <span class='ocrx_word' id='word_1_338' title='bbox 3296 2891 3399 2928; x_wconf 89' lang='lat' dir='ltr'><strong>vos</strong></span> <span class='ocrx_word' id='word_1_339' title='bbox 3454 2872 3589 2927; x_wconf 84' lang='lat' dir='ltr'><strong>litem</strong></span> <span class='ocrx_word' id='word_1_340' title='bbox 3630 2880 3755 2938; x_wconf 68' lang='lat' dir='ltr'><strong>prove</strong></span> 
     </span>
    </p>
   </div>
   <div class='ocr_carea' id='block_1_60' title="bbox 2223 2954 3757 3047">
    <p class='ocr_par' dir='ltr' id='par_1_60' title="bbox 2223 2954 3757 3047">
     <span class='ocr_line' id='line_1_60' title="bbox 2223 2954 3757 3047; baseline -0.005 -28"><span class='ocrx_word' id='word_1_341' title='bbox 2223 2981 2370 3031; x_wconf 88' lang='lat' dir='ltr'><strong>care,</strong></span> <span class='ocrx_word' id='word_1_342' title='bbox 2396 2965 2579 3019; x_wconf 90' lang='lat' dir='ltr'><strong>donec</strong></span> <span class='ocrx_word' id='word_1_343' title='bbox 2597 2981 2773 3018; x_wconf 90' lang='lat' dir='ltr'><strong>causa</strong></span> <span class='ocrx_word' id='word_1_344' title='bbox 2796 2968 2985 3018; x_wconf 88' lang='lat' dir='ltr'><strong>vestra</strong></span> <span class='ocrx_word' id='word_1_345' title='bbox 3006 2968 3139 3017; x_wconf 88' lang='lat' dir='ltr'><strong>ante</strong></span> <span class='ocrx_word' id='word_1_346' title='bbox 3154 2980 3367 3034; x_wconf 88' lang='lat' dir='ltr'><strong>papam</strong></span> <span class='ocrx_word' id='word_1_347' title='bbox 3395 2954 3757 3047; x_wconf 38' lang='lat' dir='ltr'><strong>deferaturajus:</strong></span> 
     </span>
    </p>
   </div>
   <div class='ocr_carea' id='block_1_61' title="bbox 2224 3043 3757 3125">
    <p class='ocr_par' dir='ltr' id='par_1_61' title="bbox 2224 3043 3757 3125">
     <span class='ocr_line' id='line_1_61' title="bbox 2224 3043 3757 3125; baseline -0.01 -17"><span class='ocrx_word' id='word_1_348' title='bbox 2224 3070 2335 3125; x_wconf 85' lang='lat' dir='ltr'><strong>que</strong></span> <span class='ocrx_word' id='word_1_349' title='bbox 2358 3052 2584 3123; x_wconf 90' lang='lat' dir='ltr'><strong>judicio</strong></span> <span class='ocrx_word' id='word_1_350' title='bbox 2610 3051 2972 3118; x_wconf 85' lang='lat' dir='ltr'><strong>difﬁniatur;</strong></span> <span class='ocrx_word' id='word_1_351' title='bbox 3007 3057 3063 3107; x_wconf 90' lang='lat' dir='ltr'><strong>et</strong></span> <span class='ocrx_word' id='word_1_352' title='bbox 3097 3051 3207 3106; x_wconf 88' lang='lat' dir='ltr'><strong>hac</strong></span> <span class='ocrx_word' id='word_1_353' title='bbox 3236 3050 3527 3123; x_wconf 55' lang='lat' dir='ltr'><strong>praesentis</strong></span> <span class='ocrx_word' id='word_1_354' title='bbox 3565 3043 3757 3117; x_wconf 71' lang='lat' dir='ltr'><strong>privilegii</strong></span> 
     </span>
    </p>
   </div>
   <div class='ocr_carea' id='block_1_62' title="bbox 2225 3144 3757 3220">
    <p class='ocr_par' dir='ltr' id='par_1_62' title="bbox 2225 3144 3757 3220">
     <span class='ocr_line' id='line_1_62' title="bbox 2225 3144 3757 3220; baseline -0.006 -16"><span class='ocrx_word' id='word_1_355' title='bbox 2225 3150 2408 3204; x_wconf 89' lang='lat' dir='ltr'><strong>nostri</strong></span> <span class='ocrx_word' id='word_1_356' title='bbox 2448 3149 2661 3220; x_wconf 79' lang='lat' dir='ltr'><strong>pagina</strong></span> <span class='ocrx_word' id='word_1_357' title='bbox 2693 3148 3010 3204; x_wconf 88' lang='lat' dir='ltr'><strong>statuimus</strong></span> <span class='ocrx_word' id='word_1_358' title='bbox 3070 3153 3133 3203; x_wconf 91' lang='lat' dir='ltr'><strong>ut</strong></span> <span class='ocrx_word' id='word_1_359' title='bbox 3174 3148 3500 3203; x_wconf 90' lang='lat' dir='ltr'><strong>Baiocensis</strong></span> <span class='ocrx_word' id='word_1_360' title='bbox 3527 3144 3757 3216; x_wconf 73' lang='lat' dir='ltr'><strong>episcopus.</strong></span> 
     </span>
    </p>
   </div>
   <div class='ocr_carea' id='block_1_63' title="bbox 474 3234 3757 3327">
    <p class='ocr_par' dir='ltr' id='par_1_63' title="bbox 474 3234 3757 3327">
     <span class='ocr_line' id='line_1_63' title="bbox 474 3234 3757 3327; baseline 0.011 -31"><span class='ocrx_word' id='word_1_361' title='bbox 474 3242 754 3300; x_wconf 86' lang='lat' dir='ltr'><strong>relatione</strong></span> <span class='ocrx_word' id='word_1_362' title='bbox 782 3251 838 3301; x_wconf 90' lang='lat' dir='ltr'><strong>te</strong></span> <span class='ocrx_word' id='word_1_363' title='bbox 861 3264 928 3302; x_wconf 89' lang='lat' dir='ltr'><strong>ex</strong></span> <span class='ocrx_word' id='word_1_364' title='bbox 956 3234 1233 3308; x_wconf 80' lang='lat' dir='ltr'><strong>electione</strong></span> <span class='ocrx_word' id='word_1_365' title='bbox 1266 3234 1545 3327; x_wconf 82' lang='lat' dir='ltr'><strong>principis</strong></span> <span class='ocrx_word' id='word_1_366' title='bbox 1606 3260 1689 3313; x_wconf 91' lang='lat' dir='ltr'><strong>tui</strong></span> <span class='ocrx_word' id='word_1_367' title='bbox 1750 3259 2113 3316; x_wconf 89' lang='lat' dir='ltr'><strong>dilectissimi</strong></span> <span class='ocrx_word' id='word_1_368' title='bbox 2146 3250 2188 3316; x_wconf 84' lang='lat' dir='ltr'>C</span> <span class='ocrx_word' id='word_1_369' title='bbox 2228 3257 2342 3309; x_wconf 69' lang='lat' dir='ltr'><strong>Prae</strong></span> <span class='ocrx_word' id='word_1_370' title='bbox 2362 3237 2624 3309; x_wconf 63' lang='lat' dir='ltr'><strong>q‘mlibet</strong></span> <span class='ocrx_word' id='word_1_371' title='bbox 2647 3237 2876 3327; x_wconf 60' lang='lat' dir='ltr'><strong>abbatis</strong></span> <span class='ocrx_word' id='word_1_372' title='bbox 2906 3238 2990 3293; x_wconf 65' lang='lat' dir='ltr'><strong>vel</strong></span> <span class='ocrx_word' id='word_1_373' title='bbox 3018 3237 3438 3293; x_wconf 65' lang='lat' dir='ltr'><strong>monachorum</strong></span> <span class='ocrx_word' id='word_1_374' title='bbox 3467 3234 3757 3327; x_wconf 36' lang='lat' dir='ltr'><strong>cnlpa’prm.</strong></span> 
     </span>
    </p>
   </div>
   <div class='ocr_carea' id='block_1_64' title="bbox 473 3330 2116 3417">
    <p class='ocr_par' dir='ltr' id='par_1_64' title="bbox 473 3330 2116 3417">
     <span class='ocr_line' id='line_1_64' title="bbox 473 3330 2116 3417; baseline 0.013 -33"><span class='ocrx_word' id='word_1_375' title='bbox 473 3330 574 3385; x_wconf 81' lang='lat' dir='ltr'><strong>filii</strong></span> <span class='ocrx_word' id='word_1_376' title='bbox 606 3335 787 3389; x_wconf 92' lang='lat' dir='ltr'><strong>nostri</strong></span> <span class='ocrx_word' id='word_1_377' title='bbox 816 3336 1107 3393; x_wconf 85' lang='lat' dir='ltr'><strong>Guillelmi</strong></span> <span class='ocrx_word' id='word_1_378' title='bbox 1170 3344 1320 3415; x_wconf 88' lang='lat' dir='ltr'><strong>regis</strong></span> <span class='ocrx_word' id='word_1_379' title='bbox 1378 3345 1719 3417; x_wconf 89' lang='lat' dir='ltr'><strong>Anglorum,</strong></span> <span class='ocrx_word' id='word_1_380' title='bbox 1780 3350 1851 3403; x_wconf 94' lang='lat' dir='ltr'><strong>ob</strong></span> <span class='ocrx_word' id='word_1_381' title='bbox 1899 3350 2026 3404; x_wconf 72' lang='lat' dir='ltr'><strong>vitae</strong></span> <span class='ocrx_word' id='word_1_382' title='bbox 2059 3355 2116 3405; x_wconf 90' lang='lat' dir='ltr'><strong>et</strong></span> 
     </span>
    </p>
   </div>
   <div class='ocr_carea' id='block_1_65' title="bbox 469 3425 2115 3509">
    <p class='ocr_par' dir='ltr' id='par_1_65' title="bbox 469 3425 2115 3509">
     <span class='ocr_line' id='line_1_65' title="bbox 469 3425 2115 3509; baseline 0.012 -35"><span class='ocrx_word' id='word_1_383' title='bbox 469 3436 703 3476; x_wconf 88' lang='lat' dir='ltr'><strong>morum</strong></span> <span class='ocrx_word' id='word_1_384' title='bbox 735 3425 1103 3495; x_wconf 79' lang='lat' dir='ltr'><strong>probitatem,</strong></span> <span class='ocrx_word' id='word_1_385' title='bbox 1140 3432 1211 3484; x_wconf 93' lang='lat' dir='ltr'><strong>ad</strong></span> <span class='ocrx_word' id='word_1_386' title='bbox 1241 3433 1520 3503; x_wconf 87' lang='lat' dir='ltr'><strong>majorem</strong></span> <span class='ocrx_word' id='word_1_387' title='bbox 1553 3437 1747 3491; x_wconf 85' lang='lat' dir='ltr'><strong>sedem</strong></span> <span class='ocrx_word' id='word_1_388' title='bbox 1773 3455 2115 3509; x_wconf 88' lang='lat' dir='ltr'><strong>promoven-</strong></span> 
     </span>
    </p>
   </div>
   <div class='ocr_carea' id='block_1_66' title="bbox 471 3511 2114 3593">
    <p class='ocr_par' dir='ltr' id='par_1_66' title="bbox 471 3511 2114 3593">
     <span class='ocr_line' id='line_1_66' title="bbox 471 3511 2114 3593; baseline 0.01 -28"><span class='ocrx_word' id='word_1_389' title='bbox 471 3511 633 3577; x_wconf 91' lang='lat' dir='ltr'><strong>dum,</strong></span> <span class='ocrx_word' id='word_1_390' title='bbox 664 3512 711 3567; x_wconf 93' lang='lat' dir='ltr'><strong>si</strong></span> <span class='ocrx_word' id='word_1_391' title='bbox 737 3529 805 3567; x_wconf 75' lang='lat' dir='ltr'><strong>ex</strong></span> <span class='ocrx_word' id='word_1_392' title='bbox 825 3517 1137 3572; x_wconf 88' lang='lat' dir='ltr'><strong>autoritate</strong></span> <span class='ocrx_word' id='word_1_393' title='bbox 1163 3520 1317 3575; x_wconf 87' lang='lat' dir='ltr'><strong>sedis</strong></span> <span class='ocrx_word' id='word_1_394' title='bbox 1345 3523 1674 3593; x_wconf 81' lang='lat' dir='ltr'><strong>apostolicae</strong></span> <span class='ocrx_word' id='word_1_395' title='bbox 1699 3526 1871 3580; x_wconf 79' lang='lat' dir='ltr'><strong>fuerit</strong></span> <span class='ocrx_word' id='word_1_396' title='bbox 1913 3544 2114 3582; x_wconf 86' lang='lat' dir='ltr'><strong>assen-</strong></span> 
     </span>
    </p>
   </div>
   <div class='ocr_carea' id='block_1_67' title="bbox 471 3600 2115 3686">
    <p class='ocr_par' dir='ltr' id='par_1_67' title="bbox 471 3600 2115 3686">
     <span class='ocr_line' id='line_1_67' title="bbox 471 3600 2115 3686; baseline 0.01 -34"><span class='ocrx_word' id='word_1_397' title='bbox 471 3616 594 3668; x_wconf 89' lang='lat' dir='ltr'><strong>sus,</strong></span> <span class='ocrx_word' id='word_1_398' title='bbox 629 3600 717 3654; x_wconf 70' lang='lat' dir='ltr'><strong>cui</strong></span> <span class='ocrx_word' id='word_1_399' title='bbox 749 3601 863 3657; x_wconf 90' lang='lat' dir='ltr'><strong>Deo</strong></span> <span class='ocrx_word' id='word_1_400' title='bbox 895 3610 1129 3661; x_wconf 88' lang='lat' dir='ltr'><strong>auctore</strong></span> <span class='ocrx_word' id='word_1_401' title='bbox 1160 3609 1562 3678; x_wconf 66' lang='lat' dir='ltr'><strong>praesidemus.</strong></span> <span class='ocrx_word' id='word_1_402' title='bbox 1598 3614 1713 3668; x_wconf 91' lang='lat' dir='ltr'><strong>Nos</strong></span> <span class='ocrx_word' id='word_1_403' title='bbox 1746 3613 1923 3686; x_wconf 87' lang='lat' dir='ltr'><strong>igitur</strong></span> <span class='ocrx_word' id='word_1_404' title='bbox 1974 3615 2115 3671; x_wconf 89' lang='lat' dir='ltr'><strong>moti</strong></span> 
     </span>
    </p>
   </div>
   <div class='ocr_carea' id='block_1_68' title="bbox 470 3686 2116 3760">
    <p class='ocr_par' dir='ltr' id='par_1_68' title="bbox 470 3686 2116 3760">
     <span class='ocr_line' id='line_1_68' title="bbox 470 3686 2116 3760; baseline 0.012 -20"><span class='ocrx_word' id='word_1_405' title='bbox 470 3686 706 3742; x_wconf 89' lang='lat' dir='ltr'><strong>illorum</strong></span> <span class='ocrx_word' id='word_1_406' title='bbox 739 3690 1030 3760; x_wconf 90' lang='lat' dir='ltr'><strong>precibus,</strong></span> <span class='ocrx_word' id='word_1_407' title='bbox 1056 3695 1129 3749; x_wconf 92' lang='lat' dir='ltr'><strong>ob</strong></span> <span class='ocrx_word' id='word_1_408' title='bbox 1160 3696 1408 3753; x_wconf 84' lang='lat' dir='ltr'><strong>salutem</strong></span> <span class='ocrx_word' id='word_1_409' title='bbox 1438 3700 1593 3756; x_wconf 90' lang='lat' dir='ltr'><strong>illius</strong></span> <span class='ocrx_word' id='word_1_410' title='bbox 1626 3702 1887 3757; x_wconf 64' lang='lat' dir='ltr'><strong>Ecclesiae</strong></span> <span class='ocrx_word' id='word_1_411' title='bbox 1918 3708 1973 3758; x_wconf 89' lang='lat' dir='ltr'><strong>et</strong></span> <span class='ocrx_word' id='word_1_412' title='bbox 1992 3722 2116 3758; x_wconf 83' lang='lat' dir='ltr'><strong>om-</strong></span> 
     </span>
    </p>
   </div>
   <div class='ocr_carea' id='block_1_69' title="bbox 474 3776 2115 3861">
    <p class='ocr_par' dir='ltr' id='par_1_69' title="bbox 474 3776 2115 3861">
     <span class='ocr_line' id='line_1_69' title="bbox 474 3776 2115 3861; baseline 0.01 -32"><span class='ocrx_word' id='word_1_413' title='bbox 474 3776 637 3831; x_wconf 91' lang='lat' dir='ltr'><strong>nium</strong></span> <span class='ocrx_word' id='word_1_414' title='bbox 661 3777 717 3832; x_wconf 91' lang='lat' dir='ltr'><strong>in</strong></span> <span class='ocrx_word' id='word_1_415' title='bbox 741 3779 858 3834; x_wconf 92' lang='lat' dir='ltr'><strong>tuis</strong></span> <span class='ocrx_word' id='word_1_416' title='bbox 880 3783 1167 3852; x_wconf 88' lang='lat' dir='ltr'><strong>partibus,</strong></span> <span class='ocrx_word' id='word_1_417' title='bbox 1189 3786 1457 3843; x_wconf 90' lang='lat' dir='ltr'><strong>volumus</strong></span> <span class='ocrx_word' id='word_1_418' title='bbox 1480 3794 1651 3861; x_wconf 90' lang='lat' dir='ltr'><strong>atque</strong></span> <span class='ocrx_word' id='word_1_419' title='bbox 1672 3790 1966 3846; x_wconf 90' lang='lat' dir='ltr'><strong>dilectioni</strong></span> <span class='ocrx_word' id='word_1_420' title='bbox 2004 3798 2115 3846; x_wconf 80' lang='lat' dir='ltr'><strong>tuae</strong></span> 
     </span>
    </p>
   </div>
   <div class='ocr_carea' id='block_1_70' title="bbox 473 3865 2119 3951">
    <p class='ocr_par' dir='ltr' id='par_1_70' title="bbox 473 3865 2119 3951">
     <span class='ocr_line' id='line_1_70' title="bbox 473 3865 2119 3951; baseline 0.012 -34"><span class='ocrx_word' id='word_1_421' title='bbox 473 3865 792 3936; x_wconf 89' lang='lat' dir='ltr'><strong>apostolica</strong></span> <span class='ocrx_word' id='word_1_422' title='bbox 822 3872 1163 3927; x_wconf 86' lang='lat' dir='ltr'><strong>auctoritate</strong></span> <span class='ocrx_word' id='word_1_423' title='bbox 1194 3876 1563 3948; x_wconf 65' lang='lat' dir='ltr'><strong>praecipimus</strong></span> <span class='ocrx_word' id='word_1_424' title='bbox 1623 3884 1685 3933; x_wconf 89' lang='lat' dir='ltr'><strong>ut</strong></span> <span class='ocrx_word' id='word_1_425' title='bbox 1741 3881 1893 3951; x_wconf 92' lang='lat' dir='ltr'><strong>quod</strong></span> <span class='ocrx_word' id='word_1_426' title='bbox 1920 3882 2119 3936; x_wconf 85' lang='lat' dir='ltr'><strong>divina</strong></span> 
     </span>
    </p>
   </div>
   <div class='ocr_carea' id='block_1_71' title="bbox 474 3954 2118 4032">
    <p class='ocr_par' dir='ltr' id='par_1_71' title="bbox 474 3954 2118 4032">
     <span class='ocr_line' id='line_1_71' title="bbox 474 3954 2118 4032; baseline 0.012 -26"><span class='ocrx_word' id='word_1_427' title='bbox 474 3954 837 4025; x_wconf 89' lang='lat' dir='ltr'><strong>dispensatio</strong></span> <span class='ocrx_word' id='word_1_428' title='bbox 869 3958 939 4013; x_wconf 90' lang='lat' dir='ltr'><strong>de</strong></span> <span class='ocrx_word' id='word_1_429' title='bbox 968 3965 1023 4014; x_wconf 91' lang='lat' dir='ltr'><strong>te</strong></span> <span class='ocrx_word' id='word_1_430' title='bbox 1054 3962 1302 4031; x_wconf 88' lang='lat' dir='ltr'><strong>providit</strong></span> <span class='ocrx_word' id='word_1_431' title='bbox 1332 3983 1446 4020; x_wconf 94' lang='lat' dir='ltr'><strong>non</strong></span> <span class='ocrx_word' id='word_1_432' title='bbox 1479 3970 1864 4032; x_wconf 87' lang='lat' dir='ltr'><strong>contradicas,</strong></span> <span class='ocrx_word' id='word_1_433' title='bbox 1916 3976 1971 4024; x_wconf 92' lang='lat' dir='ltr'><strong>et</strong></span> <span class='ocrx_word' id='word_1_434' title='bbox 2003 3970 2118 4025; x_wconf 89' lang='lat' dir='ltr'><strong>ele-</strong></span> 
     </span>
    </p>
   </div>
   <div class='ocr_carea' id='block_1_72' title="bbox 473 4042 2119 4128">
    <p class='ocr_par' dir='ltr' id='par_1_72' title="bbox 473 4042 2119 4128">
     <span class='ocr_line' id='line_1_72' title="bbox 473 4042 2119 4128; baseline 0.012 -34"><span class='ocrx_word' id='word_1_435' title='bbox 473 4042 650 4096; x_wconf 89' lang='lat' dir='ltr'><strong>ctioni</strong></span> <span class='ocrx_word' id='word_1_436' title='bbox 681 4048 736 4098; x_wconf 86' lang='lat' dir='ltr'><strong>te</strong></span> <span class='ocrx_word' id='word_1_437' title='bbox 767 4045 1129 4103; x_wconf 90' lang='lat' dir='ltr'><strong>obedientem</strong></span> <span class='ocrx_word' id='word_1_438' title='bbox 1163 4052 1459 4110; x_wconf 86' lang='lat' dir='ltr'><strong>exhibeas.</strong></span> <span class='ocrx_word' id='word_1_439' title='bbox 1491 4056 1889 4112; x_wconf 85' lang='lat' dir='ltr'><strong>Admonemus</strong></span> <span class='ocrx_word' id='word_1_440' title='bbox 1918 4058 2119 4128; x_wconf 90' lang='lat' dir='ltr'><strong>itaque</strong></span> 
     </span>
    </p>
   </div>
   <div class='ocr_carea' id='block_1_73' title="bbox 475 4130 2118 4209">
    <p class='ocr_par' dir='ltr' id='par_1_73' title="bbox 475 4130 2118 4209">
     <span class='ocr_line' id='line_1_73' title="bbox 475 4130 2118 4209; baseline 0.012 -28"><span class='ocrx_word' id='word_1_441' title='bbox 475 4130 898 4187; x_wconf 89' lang='lat' dir='ltr'><strong>fraternitatem</strong></span> <span class='ocrx_word' id='word_1_442' title='bbox 933 4135 1259 4194; x_wconf 89' lang='lat' dir='ltr'><strong>dulcedinis</strong></span> <span class='ocrx_word' id='word_1_443' title='bbox 1281 4145 1413 4209; x_wconf 66' lang='lat' dir='ltr'><strong>tuae,</strong></span> <span class='ocrx_word' id='word_1_444' title='bbox 1451 4148 1512 4196; x_wconf 92' lang='lat' dir='ltr'><strong>ut</strong></span> <span class='ocrx_word' id='word_1_445' title='bbox 1541 4144 1589 4197; x_wconf 91' lang='lat' dir='ltr'><strong>si</strong></span> <span class='ocrx_word' id='word_1_446' title='bbox 1624 4145 1677 4197; x_wconf 92' lang='lat' dir='ltr'><strong>in</strong></span> <span class='ocrx_word' id='word_1_447' title='bbox 1706 4147 1932 4201; x_wconf 89' lang='lat' dir='ltr'><strong>modico</strong></span> <span class='ocrx_word' id='word_1_448' title='bbox 1956 4147 2118 4202; x_wconf 88' lang='lat' dir='ltr'><strong>fuisti</strong></span> 
     </span>
    </p>
   </div>
   <div class='ocr_carea' id='block_1_74' title="bbox 479 4217 2116 4306">
    <p class='ocr_par' dir='ltr' id='par_1_74' title="bbox 479 4217 2116 4306">
     <span class='ocr_line' id='line_1_74' title="bbox 479 4217 2116 4306; baseline 0.013 -37"><span class='ocrx_word' id='word_1_449' title='bbox 479 4217 688 4288; x_wconf 81' lang='lat' dir='ltr'><strong>fidelis,</strong></span> <span class='ocrx_word' id='word_1_450' title='bbox 722 4219 782 4273; x_wconf 92' lang='lat' dir='ltr'><strong>in</strong></span> <span class='ocrx_word' id='word_1_451' title='bbox 816 4223 1025 4292; x_wconf 91' lang='lat' dir='ltr'><strong>majori</strong></span> <span class='ocrx_word' id='word_1_452' title='bbox 1059 4226 1202 4281; x_wconf 88' lang='lat' dir='ltr'><strong>bene</strong></span> <span class='ocrx_word' id='word_1_453' title='bbox 1233 4230 1455 4298; x_wconf 90' lang='lat' dir='ltr'><strong>operari</strong></span> <span class='ocrx_word' id='word_1_454' title='bbox 1489 4248 1601 4285; x_wconf 90' lang='lat' dir='ltr'><strong>non</strong></span> <span class='ocrx_word' id='word_1_455' title='bbox 1632 4233 1885 4299; x_wconf 85' lang='lat' dir='ltr'><strong>desinas,</strong></span> <span class='ocrx_word' id='word_1_456' title='bbox 1934 4252 2116 4306; x_wconf 86' lang='lat' dir='ltr'><strong>popu-</strong></span> 
     </span>
    </p>
   </div>
   <div class='ocr_carea' id='block_1_75' title="bbox 476 4302 2119 4387">
    <p class='ocr_par' dir='ltr' id='par_1_75' title="bbox 476 4302 2119 4387">
     <span class='ocr_line' id='line_1_75' title="bbox 476 4302 2119 4387; baseline 0.014 -29"><span class='ocrx_word' id='word_1_457' title='bbox 476 4302 599 4359; x_wconf 89' lang='lat' dir='ltr'><strong>lum</strong></span> <span class='ocrx_word' id='word_1_458' title='bbox 631 4307 811 4361; x_wconf 92' lang='lat' dir='ltr'><strong>divini</strong></span> <span class='ocrx_word' id='word_1_459' title='bbox 832 4309 1002 4365; x_wconf 89' lang='lat' dir='ltr'><strong>Verbi</strong></span> <span class='ocrx_word' id='word_1_460' title='bbox 1032 4314 1242 4384; x_wconf 89' lang='lat' dir='ltr'><strong>pabulo</strong></span> <span class='ocrx_word' id='word_1_461' title='bbox 1268 4318 1513 4387; x_wconf 82' lang='lat' dir='ltr'><strong>reficias,</strong></span> <span class='ocrx_word' id='word_1_462' title='bbox 1541 4324 1893 4379; x_wconf 88' lang='lat' dir='ltr'><strong>utmerearis</strong></span> <span class='ocrx_word' id='word_1_463' title='bbox 1916 4326 2119 4381; x_wconf 88' lang='lat' dir='ltr'><strong>audire</strong></span> 
     </span>
    </p>
   </div>
   <div class='ocr_carea' id='block_1_76' title="bbox 475 4393 2117 4487">
    <p class='ocr_par' dir='ltr' id='par_1_76' title="bbox 475 4393 2117 4487">
     <span class='ocr_line' id='line_1_76' title="bbox 475 4393 2117 4487; baseline 0.015 -40"><span class='ocrx_word' id='word_1_464' title='bbox 475 4393 638 4449; x_wconf 90' lang='lat' dir='ltr'><strong>illam</strong></span> <span class='ocrx_word' id='word_1_465' title='bbox 684 4396 997 4470; x_wconf 85' lang='lat' dir='ltr'><strong>benignam</strong></span> <span class='ocrx_word' id='word_1_466' title='bbox 1056 4419 1252 4459; x_wconf 90' lang='lat' dir='ltr'><strong>vocem</strong></span> <span class='ocrx_word' id='word_1_467' title='bbox 1312 4406 1542 4462; x_wconf 90' lang='lat' dir='ltr'><strong>Domini</strong></span> <span class='ocrx_word' id='word_1_468' title='bbox 1601 4410 1887 4469; x_wconf 89' lang='lat' dir='ltr'><strong>dicentis:</strong></span> <span class='ocrx_word' id='word_1_469' title='bbox 1944 4415 2117 4487; x_wconf 83' lang='lat' dir='ltr'><strong>Euge,</strong></span> 
     </span>
    </p>
   </div>
   <div class='ocr_carea' id='block_1_77' title="bbox 475 4485 2117 4571">
    <p class='ocr_par' dir='ltr' id='par_1_77' title="bbox 475 4485 2117 4571">
     <span class='ocr_line' id='line_1_77' title="bbox 475 4485 2117 4571; baseline 0.013 -34"><span class='ocrx_word' id='word_1_470' title='bbox 475 4499 630 4539; x_wconf 85' lang='lat' dir='ltr'><strong>serve</strong></span> <span class='ocrx_word' id='word_1_471' title='bbox 661 4485 793 4541; x_wconf 90' lang='lat' dir='ltr'><strong>bone</strong></span> <span class='ocrx_word' id='word_1_472' title='bbox 818 4491 867 4543; x_wconf 84' lang='lat' dir='ltr'><strong>et</strong></span> <span class='ocrx_word' id='word_1_473' title='bbox 898 4488 1099 4557; x_wconf 78' lang='lat' dir='ltr'><strong>ﬁdelis,</strong></span> <span class='ocrx_word' id='word_1_474' title='bbox 1133 4496 1262 4564; x_wconf 81' lang='lat' dir='ltr'><strong>quia</strong></span> <span class='ocrx_word' id='word_1_475' title='bbox 1318 4512 1480 4566; x_wconf 81' lang='lat' dir='ltr'><strong>super</strong></span> <span class='ocrx_word' id='word_1_476' title='bbox 1505 4514 1686 4568; x_wconf 84' lang='lat' dir='ltr'><strong>pauca</strong></span> <span class='ocrx_word' id='word_1_477' title='bbox 1714 4502 1875 4569; x_wconf 79' lang='lat' dir='ltr'><strong>fuisti</strong></span> <span class='ocrx_word' id='word_1_478' title='bbox 1921 4485 2117 4571; x_wconf 80' lang='lat' dir='ltr'><strong>ﬁdelis,</strong></span> 
     </span>
    </p>
   </div>
   <div class='ocr_carea' id='block_1_78' title="bbox 2225 3317 3757 3397">
    <p class='ocr_par' dir='ltr' id='par_1_78' title="bbox 2225 3317 3757 3397">
     <span class='ocr_line' id='line_1_78' title="bbox 2225 3317 3757 3397; baseline -0.01 -16"><span class='ocrx_word' id='word_1_479' title='bbox 2225 3333 2350 3381; x_wconf 89' lang='lat' dir='ltr'><strong>tum</strong></span> <span class='ocrx_word' id='word_1_480' title='bbox 2383 3326 2805 3381; x_wconf 88' lang='lat' dir='ltr'><strong>monasterium</strong></span> <span class='ocrx_word' id='word_1_481' title='bbox 2840 3343 2953 3380; x_wconf 90' lang='lat' dir='ltr'><strong>non</strong></span> <span class='ocrx_word' id='word_1_482' title='bbox 2987 3331 3308 3397; x_wconf 65' lang='lat' dir='ltr'><strong>praesumat</strong></span> <span class='ocrx_word' id='word_1_483' title='bbox 3346 3317 3757 3380; x_wconf 79' lang='lat' dir='ltr'><strong>excommunirare,</strong></span> 
     </span>
    </p>
   </div>
   <div class='ocr_carea' id='block_1_79' title="bbox 2224 3415 3759 3494">
    <p class='ocr_par' dir='ltr' id='par_1_79' title="bbox 2224 3415 3759 3494">
     <span class='ocr_line' id='line_1_79' title="bbox 2224 3415 3759 3494; baseline -0.009 -16"><span class='ocrx_word' id='word_1_484' title='bbox 2224 3424 2311 3479; x_wconf 91' lang='lat' dir='ltr'><strong>vel</strong></span> <span class='ocrx_word' id='word_1_485' title='bbox 2340 3424 2603 3479; x_wconf 89' lang='lat' dir='ltr'><strong>divinum</strong></span> <span class='ocrx_word' id='word_1_486' title='bbox 2628 3423 2685 3477; x_wconf 91' lang='lat' dir='ltr'><strong>in</strong></span> <span class='ocrx_word' id='word_1_487' title='bbox 2709 3441 2774 3478; x_wconf 91' lang='lat' dir='ltr'><strong>eo</strong></span> <span class='ocrx_word' id='word_1_488' title='bbox 2798 3423 3057 3479; x_wconf 79' lang='lat' dir='ltr'><strong>officium</strong></span> <span class='ocrx_word' id='word_1_489' title='bbox 3082 3423 3409 3494; x_wconf 91' lang='lat' dir='ltr'><strong>prohibere.</strong></span> <span class='ocrx_word' id='word_1_490' title='bbox 3434 3420 3572 3484; x_wconf 89' lang='lat' dir='ltr'><strong>Quod</strong></span> <span class='ocrx_word' id='word_1_491' title='bbox 3592 3419 3628 3472; x_wconf 86' lang='lat' dir='ltr'><strong>si</strong></span> <span class='ocrx_word' id='word_1_492' title='bbox 3645 3415 3759 3469; x_wconf 79' lang='lat' dir='ltr'><strong>abbas</strong></span> 
     </span>
    </p>
   </div>
   <div class='ocr_carea' id='block_1_80' title="bbox 2223 3496 3758 3582">
    <p class='ocr_par' dir='ltr' id='par_1_80' title="bbox 2223 3496 3758 3582">
     <span class='ocr_line' id='line_1_80' title="bbox 2223 3496 3758 3582; baseline -0.01 -17"><span class='ocrx_word' id='word_1_493' title='bbox 2223 3511 2311 3566; x_wconf 89' lang='lat' dir='ltr'><strong>vel</strong></span> <span class='ocrx_word' id='word_1_494' title='bbox 2342 3496 2915 3582; x_wconf 88' lang='lat' dir='ltr'><strong>congregatioordini</strong></span> <span class='ocrx_word' id='word_1_495' title='bbox 2952 3515 3005 3565; x_wconf 87' lang='lat' dir='ltr'><strong>et</strong></span> <span class='ocrx_word' id='word_1_496' title='bbox 3055 3511 3509 3581; x_wconf 86' lang='lat' dir='ltr'><strong>professionibus</strong></span> <span class='ocrx_word' id='word_1_497' title='bbox 3561 3504 3655 3561; x_wconf 89' lang='lat' dir='ltr'><strong>suis</strong></span> <span class='ocrx_word' id='word_1_498' title='bbox 3675 3516 3758 3554; x_wconf 85' lang='lat' dir='ltr'><strong>con-</strong></span> 
     </span>
    </p>
   </div>
   <div class='ocr_carea' id='block_1_81' title="bbox 2223 3596 3759 3671">
    <p class='ocr_par' dir='ltr' id='par_1_81' title="bbox 2223 3596 3759 3671">
     <span class='ocr_line' id='line_1_81' title="bbox 2223 3596 3759 3671; baseline -0.007 -16"><span class='ocrx_word' id='word_1_499' title='bbox 2223 3600 2404 3655; x_wconf 89' lang='lat' dir='ltr'><strong>traria</strong></span> <span class='ocrx_word' id='word_1_500' title='bbox 2423 3600 2688 3671; x_wconf 85' lang='lat' dir='ltr'><strong>gesserit,</strong></span> <span class='ocrx_word' id='word_1_501' title='bbox 2722 3605 2777 3655; x_wconf 87' lang='lat' dir='ltr'><strong>et</strong></span> <span class='ocrx_word' id='word_1_502' title='bbox 2802 3600 2984 3655; x_wconf 89' lang='lat' dir='ltr'><strong>abbas</strong></span> <span class='ocrx_word' id='word_1_503' title='bbox 3034 3600 3120 3654; x_wconf 91' lang='lat' dir='ltr'><strong>vel</strong></span> <span class='ocrx_word' id='word_1_504' title='bbox 3156 3617 3220 3657; x_wconf 88' lang='lat' dir='ltr'><strong>se</strong></span> <span class='ocrx_word' id='word_1_505' title='bbox 3250 3600 3337 3655; x_wconf 92' lang='lat' dir='ltr'><strong>vel</strong></span> <span class='ocrx_word' id='word_1_506' title='bbox 3385 3596 3652 3653; x_wconf 86' lang='lat' dir='ltr'><strong>monachos</strong></span> <span class='ocrx_word' id='word_1_507' title='bbox 3673 3601 3759 3644; x_wconf 67' lang='lat' dir='ltr'><strong>suos</strong></span> 
     </span>
    </p>
   </div>
   <div class='ocr_carea' id='block_1_82' title="bbox 2226 3688 3759 3769">
    <p class='ocr_par' dir='ltr' id='par_1_82' title="bbox 2226 3688 3759 3769">
     <span class='ocr_line' id='line_1_82' title="bbox 2226 3688 3759 3769; baseline -0.009 -17"><span class='ocrx_word' id='word_1_508' title='bbox 2226 3697 2569 3769; x_wconf 87' lang='lat' dir='ltr'><strong>regulariter</strong></span> <span class='ocrx_word' id='word_1_509' title='bbox 2599 3698 2908 3752; x_wconf 90' lang='lat' dir='ltr'><strong>emendare</strong></span> <span class='ocrx_word' id='word_1_510' title='bbox 2940 3693 3588 3768; x_wconf 86' lang='lat' dir='ltr'><strong>neglexerit,Baiocensis</strong></span> <span class='ocrx_word' id='word_1_511' title='bbox 3613 3688 3759 3759; x_wconf 86' lang='lat' dir='ltr'><strong>episco-</strong></span> 
     </span>
    </p>
   </div>
   <div class='ocr_carea' id='block_1_83' title="bbox 2226 3774 3759 3858">
    <p class='ocr_par' dir='ltr' id='par_1_83' title="bbox 2226 3774 3759 3858">
     <span class='ocr_line' id='line_1_83' title="bbox 2226 3774 3759 3858; baseline -0.008 -17"><span class='ocrx_word' id='word_1_512' title='bbox 2226 3790 2587 3858; x_wconf 86' lang='lat' dir='ltr'><strong>pussecreto</strong></span> <span class='ocrx_word' id='word_1_513' title='bbox 2611 3790 2785 3856; x_wconf 90' lang='lat' dir='ltr'><strong>atque</strong></span> <span class='ocrx_word' id='word_1_514' title='bbox 2806 3784 3101 3840; x_wconf 85' lang='lat' dir='ltr'><strong>amicabili</strong></span> <span class='ocrx_word' id='word_1_515' title='bbox 3123 3784 3416 3856; x_wconf 88' lang='lat' dir='ltr'><strong>colloquio</strong></span> <span class='ocrx_word' id='word_1_516' title='bbox 3440 3790 3499 3838; x_wconf 89' lang='lat' dir='ltr'><strong>ut</strong></span> <span class='ocrx_word' id='word_1_517' title='bbox 3517 3799 3568 3837; x_wconf 89' lang='lat' dir='ltr'><strong>se</strong></span> <span class='ocrx_word' id='word_1_518' title='bbox 3586 3777 3652 3833; x_wconf 79' lang='lat' dir='ltr'><strong>vel</strong></span> <span class='ocrx_word' id='word_1_519' title='bbox 3673 3774 3759 3829; x_wconf 41' lang='lat' dir='ltr'><strong>sub.</strong></span> 
     </span>
    </p>
   </div>
   <div class='ocr_carea' id='block_1_84' title="bbox 2217 3861 3757 3945">
    <p class='ocr_par' dir='ltr' id='par_1_84' title="bbox 2217 3861 3757 3945">
     <span class='ocr_line' id='line_1_84' title="bbox 2217 3861 3757 3945; baseline -0.006 -16"><span class='ocrx_word' id='word_1_520' title='bbox 2217 3875 2405 3944; x_wconf 90' lang='lat' dir='ltr'><strong>jectos</strong></span> <span class='ocrx_word' id='word_1_521' title='bbox 2424 3891 2561 3929; x_wconf 90' lang='lat' dir='ltr'><strong>suos</strong></span> <span class='ocrx_word' id='word_1_522' title='bbox 2588 3874 2841 3945; x_wconf 88' lang='lat' dir='ltr'><strong>corrigat</strong></span> <span class='ocrx_word' id='word_1_523' title='bbox 2861 3874 3193 3930; x_wconf 81' lang='lat' dir='ltr'><strong>admoneat.</strong></span> <span class='ocrx_word' id='word_1_524' title='bbox 3217 3878 3393 3929; x_wconf 89' lang='lat' dir='ltr'><strong>Porro</strong></span> <span class='ocrx_word' id='word_1_525' title='bbox 3420 3872 3464 3926; x_wconf 86' lang='lat' dir='ltr'><strong>si</strong></span> <span class='ocrx_word' id='word_1_526' title='bbox 3487 3874 3683 3942; x_wconf 75' lang='lat' dir='ltr'><strong>paternae</strong></span> <span class='ocrx_word' id='word_1_527' title='bbox 3699 3861 3757 3914; x_wconf 82' lang='lat' dir='ltr'><strong>ad-</strong></span> 
     </span>
    </p>
   </div>
   <div class='ocr_carea' id='block_1_85' title="bbox 2227 3962 3759 4033">
    <p class='ocr_par' dir='ltr' id='par_1_85' title="bbox 2227 3962 3759 4033">
     <span class='ocr_line' id='line_1_85' title="bbox 2227 3962 3759 4033; baseline -0.007 -16"><span class='ocrx_word' id='word_1_528' title='bbox 2227 3962 2531 4018; x_wconf 89' lang='lat' dir='ltr'><strong>monitioni</strong></span> <span class='ocrx_word' id='word_1_529' title='bbox 2555 3962 2788 4018; x_wconf 89' lang='lat' dir='ltr'><strong>obedire</strong></span> <span class='ocrx_word' id='word_1_530' title='bbox 2809 3964 3180 4018; x_wconf 79' lang='lat' dir='ltr'><strong>contumacia</strong></span> <span class='ocrx_word' id='word_1_531' title='bbox 3201 3962 3475 4033; x_wconf 88' lang='lat' dir='ltr'><strong>pertinaci</strong></span> <span class='ocrx_word' id='word_1_532' title='bbox 3501 3962 3759 4020; x_wconf 53' lang='lat' dir='ltr'><strong>contempsr</strong></span> 
     </span>
    </p>
   </div>
   <div class='ocr_carea' id='block_1_86' title="bbox 2226 4042 3757 4123">
    <p class='ocr_par' dir='ltr' id='par_1_86' title="bbox 2226 4042 3757 4123">
     <span class='ocr_line' id='line_1_86' title="bbox 2226 4042 3757 4123; baseline -0.009 -17"><span class='ocrx_word' id='word_1_533' title='bbox 2226 4052 2323 4115; x_wconf 92' lang='lat' dir='ltr'><strong>rit,</strong></span> <span class='ocrx_word' id='word_1_534' title='bbox 2357 4068 2468 4106; x_wconf 91' lang='lat' dir='ltr'><strong>non</strong></span> <span class='ocrx_word' id='word_1_535' title='bbox 2503 4050 2738 4121; x_wconf 89' lang='lat' dir='ltr'><strong>quidem</strong></span> <span class='ocrx_word' id='word_1_536' title='bbox 2772 4067 2903 4105; x_wconf 90' lang='lat' dir='ltr'><strong>eum</strong></span> <span class='ocrx_word' id='word_1_537' title='bbox 2942 4051 3279 4121; x_wconf 87' lang='lat' dir='ltr'><strong>Bajocensis</strong></span> <span class='ocrx_word' id='word_1_538' title='bbox 3311 4052 3594 4123; x_wconf 87' lang='lat' dir='ltr'><strong>episcopus</strong></span> <span class='ocrx_word' id='word_1_539' title='bbox 3619 4042 3667 4096; x_wconf 86' lang='lat' dir='ltr'><strong>ad</strong></span> <span class='ocrx_word' id='word_1_540' title='bbox 3688 4051 3757 4092; x_wconf 59' lang='lat' dir='ltr'><strong>sua</strong></span> 
     </span>
    </p>
   </div>
   <div class='ocr_carea' id='block_1_87' title="bbox 2225 4141 3757 4229">
    <p class='ocr_par' dir='ltr' id='par_1_87' title="bbox 2225 4141 3757 4229">
     <span class='ocr_line' id='line_1_87' title="bbox 2225 4141 3757 4229; baseline -0.009 -25"><span class='ocrx_word' id='word_1_541' title='bbox 2225 4148 2489 4204; x_wconf 65' lang='lat' dir='ltr'><strong>Ecclesim</strong></span> <span class='ocrx_word' id='word_1_542' title='bbox 2522 4149 2810 4219; x_wconf 80' lang='lat' dir='ltr'><strong>synodum</strong></span> <span class='ocrx_word' id='word_1_543' title='bbox 2844 4154 3134 4217; x_wconf 89' lang='lat' dir='ltr'><strong>convocet,</strong></span> <span class='ocrx_word' id='word_1_544' title='bbox 3168 4150 3273 4204; x_wconf 88' lang='lat' dir='ltr'><strong>sed</strong></span> <span class='ocrx_word' id='word_1_545' title='bbox 3307 4164 3425 4204; x_wconf 92' lang='lat' dir='ltr'><strong>rem</strong></span> <span class='ocrx_word' id='word_1_546' title='bbox 3454 4147 3523 4201; x_wconf 81' lang='lat' dir='ltr'><strong>ad</strong></span> <span class='ocrx_word' id='word_1_547' title='bbox 3546 4141 3757 4229; x_wconf 26' lang='lat' dir='ltr'><strong>Rothom‘a-</strong></span> 
     </span>
    </p>
   </div>
   <div class='ocr_carea' id='block_1_88' title="bbox 2227 4228 3756 4323">
    <p class='ocr_par' dir='ltr' id='par_1_88' title="bbox 2227 4228 3756 4323">
     <span class='ocr_line' id='line_1_88' title="bbox 2227 4228 3756 4323; baseline -0.005 -31"><span class='ocrx_word' id='word_1_548' title='bbox 2227 4254 2464 4309; x_wconf 84' lang='lat' dir='ltr'><strong>gensem</strong></span> <span class='ocrx_word' id='word_1_549' title='bbox 2497 4237 3022 4309; x_wconf 88' lang='lat' dir='ltr'><strong>archiepiscopum,</strong></span> <span class='ocrx_word' id='word_1_550' title='bbox 3048 4255 3153 4293; x_wconf 86' lang='lat' dir='ltr'><strong>seu</strong></span> <span class='ocrx_word' id='word_1_551' title='bbox 3214 4239 3286 4293; x_wconf 90' lang='lat' dir='ltr'><strong>ad</strong></span> <span class='ocrx_word' id='word_1_552' title='bbox 3349 4237 3518 4293; x_wconf 88' lang='lat' dir='ltr'><strong>totius</strong></span> <span class='ocrx_word' id='word_1_553' title='bbox 3547 4228 3756 4323; x_wconf 35' lang='lat' dir='ltr'><strong>proviti‘cl8</strong></span> 
     </span>
    </p>
   </div>
   <div class='ocr_carea' id='block_1_89' title="bbox 2229 4314 3757 4414">
    <p class='ocr_par' dir='ltr' id='par_1_89' title="bbox 2229 4314 3757 4414">
     <span class='ocr_line' id='line_1_89' title="bbox 2229 4314 3757 4414; baseline -0.01 -34"><span class='ocrx_word' id='word_1_554' title='bbox 2229 4326 2553 4381; x_wconf 89' lang='lat' dir='ltr'><strong>universale</strong></span> <span class='ocrx_word' id='word_1_555' title='bbox 2584 4326 2894 4381; x_wconf 89' lang='lat' dir='ltr'><strong>concilium</strong></span> <span class='ocrx_word' id='word_1_556' title='bbox 2954 4327 3223 4398; x_wconf 84' lang='lat' dir='ltr'><strong>perferat,</strong></span> <span class='ocrx_word' id='word_1_557' title='bbox 3271 4331 3337 4382; x_wconf 88' lang='lat' dir='ltr'><strong>ut</strong></span> <span class='ocrx_word' id='word_1_558' title='bbox 3364 4340 3547 4382; x_wconf 88' lang='lat' dir='ltr'><strong>eorum</strong></span> <span class='ocrx_word' id='word_1_559' title='bbox 3574 4314 3757 4414; x_wconf 66' lang='lat' dir='ltr'><strong>consilio,</strong></span> 
     </span>
    </p>
   </div>
   <div class='ocr_carea' id='block_1_90' title="bbox 2228 4405 3755 4493">
    <p class='ocr_par' dir='ltr' id='par_1_90' title="bbox 2228 4405 3755 4493">
     <span class='ocr_line' id='line_1_90' title="bbox 2228 4405 3755 4493; baseline 0.001 -14"><span class='ocrx_word' id='word_1_560' title='bbox 2228 4424 2592 4493; x_wconf 70' lang='lat' dir='ltr'><strong>auctoritate,</strong></span> <span class='ocrx_word' id='word_1_561' title='bbox 2618 4424 3217 4491; x_wconf 85' lang='lat' dir='ltr'><strong>difﬁnitione,audiat,</strong></span> <span class='ocrx_word' id='word_1_562' title='bbox 3234 4425 3437 4490; x_wconf 85' lang='lat' dir='ltr'><strong>discat,</strong></span> <span class='ocrx_word' id='word_1_563' title='bbox 3460 4417 3655 4490; x_wconf 78' lang='lat' dir='ltr'><strong>accipiat</strong></span> <span class='ocrx_word' id='word_1_564' title='bbox 3670 4405 3755 4480; x_wconf 67' lang='lat' dir='ltr'><strong>quid</strong></span> 
     </span>
    </p>
   </div>
   <div class='ocr_carea' id='block_1_91' title="bbox 2227 4496 3757 4584">
    <p class='ocr_par' dir='ltr' id='par_1_91' title="bbox 2227 4496 3757 4584">
     <span class='ocr_line' id='line_1_91' title="bbox 2227 4496 3757 4584; baseline -0.008 -18"><span class='ocrx_word' id='word_1_565' title='bbox 2227 4512 2318 4583; x_wconf 85' lang='lat' dir='ltr'><strong>agi</strong></span> <span class='ocrx_word' id='word_1_566' title='bbox 2368 4514 2490 4567; x_wconf 90' lang='lat' dir='ltr'><strong>sive</strong></span> <span class='ocrx_word' id='word_1_567' title='bbox 2520 4513 2699 4566; x_wconf 87' lang='lat' dir='ltr'><strong>statui</strong></span> <span class='ocrx_word' id='word_1_568' title='bbox 2729 4514 2799 4567; x_wconf 88' lang='lat' dir='ltr'><strong>de</strong></span> <span class='ocrx_word' id='word_1_569' title='bbox 2830 4528 2896 4567; x_wconf 91' lang='lat' dir='ltr'><strong>eo</strong></span> <span class='ocrx_word' id='word_1_570' title='bbox 2926 4517 3224 4584; x_wconf 89' lang='lat' dir='ltr'><strong>oporteat;</strong></span> <span class='ocrx_word' id='word_1_571' title='bbox 3259 4512 3529 4568; x_wconf 86' lang='lat' dir='ltr'><strong>sententia</strong></span> <span class='ocrx_word' id='word_1_572' title='bbox 3554 4512 3694 4561; x_wconf 83' lang='lat' dir='ltr'><strong>tamen</strong></span> <span class='ocrx_word' id='word_1_573' title='bbox 3716 4496 3757 4548; x_wconf 73' lang='lat' dir='ltr'><strong>de</strong></span> 
     </span>
    </p>
   </div>
   <div class='ocr_carea' id='block_1_92' title="bbox 475 4578 3756 4682">
    <p class='ocr_par' dir='ltr' id='par_1_92' title="bbox 475 4578 3756 4682">
     <span class='ocr_line' id='line_1_92' title="bbox 475 4578 3756 4682; baseline 0.007 -55"><span class='ocrx_word' id='word_1_574' title='bbox 475 4590 642 4645; x_wconf 84' lang='lat' dir='ltr'><strong>supra</strong></span> <span class='ocrx_word' id='word_1_575' title='bbox 670 4578 847 4631; x_wconf 86' lang='lat' dir='ltr'><strong>multa</strong></span> <span class='ocrx_word' id='word_1_576' title='bbox 878 4586 927 4633; x_wconf 91' lang='lat' dir='ltr'><strong>te</strong></span> <span class='ocrx_word' id='word_1_577' title='bbox 977 4584 1325 4638; x_wconf 79' lang='lat' dir='ltr'><strong>constituam.</strong></span> <span class='ocrx_word' id='word_1_578' title='bbox 1386 4586 1465 4641; x_wconf 92' lang='lat' dir='ltr'><strong>De</strong></span> <span class='ocrx_word' id='word_1_579' title='bbox 1519 4592 1722 4643; x_wconf 73' lang='lat' dir='ltr'><strong>caetero</strong></span> <span class='ocrx_word' id='word_1_580' title='bbox 1749 4592 2117 4647; x_wconf 89' lang='lat' dir='ltr'><strong>secretiorem</strong></span> <span class='ocrx_word' id='word_1_581' title='bbox 2152 4618 2196 4682; x_wconf 68' lang='grc' dir='ltr'>Β</span> <span class='ocrx_word' id='word_1_582' title='bbox 2228 4578 2578 4671; x_wconf 62' lang='lat' dir='ltr'><strong>capitalibus</strong></span> <span class='ocrx_word' id='word_1_583' title='bbox 2634 4578 2981 4672; x_wconf 41' lang='lat' dir='ltr'><strong>apostolicae-</strong></span> <span class='ocrx_word' id='word_1_584' title='bbox 3018 4602 3141 4656; x_wconf 90' lang='lat' dir='ltr'><strong>sedi</strong></span> <span class='ocrx_word' id='word_1_585' title='bbox 3199 4578 3498 4657; x_wconf 85' lang='lat' dir='ltr'><strong>reservata.</strong></span> <span class='ocrx_word' id='word_1_586' title='bbox 3547 4595 3612 4651; x_wconf 86' lang='lat' dir='ltr'><strong>Ad</strong></span> <span class='ocrx_word' id='word_1_587' title='bbox 3646 4598 3756 4660; x_wconf 70' lang='lat' dir='ltr'><strong>quem</strong></span> 
     </span>
    </p>
   </div>
   <div class='ocr_carea' id='block_1_93' title="bbox 478 4664 2118 4751">
    <p class='ocr_par' dir='ltr' id='par_1_93' title="bbox 478 4664 2118 4751">
     <span class='ocr_line' id='line_1_93' title="bbox 478 4664 2118 4751; baseline 0.013 -35"><span class='ocrx_word' id='word_1_588' title='bbox 478 4664 659 4719; x_wconf 91' lang='lat' dir='ltr'><strong>animi</strong></span> <span class='ocrx_word' id='word_1_589' title='bbox 693 4667 875 4721; x_wconf 90' lang='lat' dir='ltr'><strong>nostri</strong></span> <span class='ocrx_word' id='word_1_590' title='bbox 910 4669 1265 4728; x_wconf 90' lang='lat' dir='ltr'><strong>voluntatem</strong></span> <span class='ocrx_word' id='word_1_591' title='bbox 1296 4673 1530 4745; x_wconf 90' lang='lat' dir='ltr'><strong>planius</strong></span> <span class='ocrx_word' id='word_1_592' title='bbox 1553 4678 1753 4734; x_wconf 89' lang='lat' dir='ltr'><strong>audies</strong></span> <span class='ocrx_word' id='word_1_593' title='bbox 1776 4686 2118 4751; x_wconf 92' lang='lat' dir='ltr'><strong>pernostro-</strong></span> 
     </span>
    </p>
   </div>
   <div class='ocr_carea' id='block_1_94' title="bbox 478 4754 1708 4827">
    <p class='ocr_par' dir='ltr' id='par_1_94' title="bbox 478 4754 1708 4827">
     <span class='ocr_line' id='line_1_94' title="bbox 478 4754 1708 4827; baseline 0.012 -20"><span class='ocrx_word' id='word_1_594' title='bbox 478 4770 609 4808; x_wconf 91' lang='lat' dir='ltr'><strong>rum</strong></span> <span class='ocrx_word' id='word_1_595' title='bbox 640 4754 963 4827; x_wconf 89' lang='lat' dir='ltr'><strong>legatorum</strong></span> <span class='ocrx_word' id='word_1_596' title='bbox 1001 4760 1309 4816; x_wconf 89' lang='lat' dir='ltr'><strong>veridicam</strong></span> <span class='ocrx_word' id='word_1_597' title='bbox 1346 4764 1708 4821; x_wconf 91' lang='lat' dir='ltr'><strong>relationem.</strong></span> 
     </span>
    </p>
   </div>
   <div class='ocr_carea' id='block_1_95' title="bbox 1215 4894 1376 4949">
    <p class='ocr_par' dir='ltr' id='par_1_95' title="bbox 1215 4894 1376 4949">
     <span class='ocr_line' id='line_1_95' title="bbox 1215 4894 1376 4949; baseline 0.019 -3"><span class='ocrx_word' id='word_1_598' title='bbox 1215 4894 1376 4949; x_wconf 91' lang='lat' dir='ltr'><strong>LVII.</strong></span> 
     </span>
    </p>
   </div>
   <div class='ocr_carea' id='block_1_96' title="bbox 474 4976 2121 5056">
    <p class='ocr_par' dir='ltr' id='par_1_96' title="bbox 474 4976 2121 5056">
     <span class='ocr_line' id='line_1_96' title="bbox 474 4976 2121 5056; baseline 0.01 -27"><span class='ocrx_word' id='word_1_599' title='bbox 474 4976 785 5056; x_wconf 67' lang='lat' dir='ltr'><strong>Alexander</strong></span> <span class='ocrx_word' id='word_1_600' title='bbox 826 4980 873 5033; x_wconf 83' lang='lat' dir='ltr'><strong>II</strong></span> <span class='ocrx_word' id='word_1_601' title='bbox 929 4984 1327 5056; x_wconf 73' lang='lat' dir='ltr'><strong>monasterium</strong></span> <span class='ocrx_word' id='word_1_602' title='bbox 1375 4984 1428 5039; x_wconf 91' lang='lat' dir='ltr'><strong>S.</strong></span> <span class='ocrx_word' id='word_1_603' title='bbox 1481 4986 1743 5056; x_wconf 81' lang='lat' dir='ltr'><strong>Stephani</strong></span> <span class='ocrx_word' id='word_1_604' title='bbox 1797 4988 2121 5045; x_wconf 86' lang='lat' dir='ltr'><strong>Cadomense</strong></span> 
     </span>
    </p>
   </div>
   <div class='ocr_carea' id='block_1_97' title="bbox 545 5049 2120 5133">
    <p class='ocr_par' dir='ltr' id='par_1_97' title="bbox 545 5049 2120 5133">
     <span class='ocr_line' id='line_1_97' title="bbox 545 5049 2120 5133; baseline 0.011 -32"><span class='ocrx_word' id='word_1_605' title='bbox 545 5049 810 5133; x_wconf 61' lang='lat' dir='ltr'><strong>tuendum</strong></span> <span class='ocrx_word' id='word_1_606' title='bbox 839 5054 1070 5133; x_wconf 74' lang='lat' dir='ltr'><strong>suscipit</strong></span> <span class='ocrx_word' id='word_1_607' title='bbox 1122 5056 1535 5128; x_wconf 63' lang='lat' dir='ltr'><strong>privilegiis/jac</strong></span> <span class='ocrx_word' id='word_1_608' title='bbox 1566 5049 1758 5125; x_wconf 72' lang='lat' dir='ltr'><strong>ornat,</strong></span> <span class='ocrx_word' id='word_1_609' title='bbox 1810 5060 2120 5133; x_wconf 77' lang='lat' dir='ltr'><strong>Laufranco</strong></span> 
     </span>
    </p>
   </div>
   <div class='ocr_carea' id='block_1_98' title="bbox 543 5120 995 5192">
    <p class='ocr_par' dir='ltr' id='par_1_98' title="bbox 543 5120 995 5192">
     <span class='ocr_line' id='line_1_98' title="bbox 543 5120 995 5192; baseline 0.009 -19"><span class='ocrx_word' id='word_1_610' title='bbox 543 5120 737 5177; x_wconf 79' lang='lat' dir='ltr'><strong>abbate</strong></span> <span class='ocrx_word' id='word_1_611' title='bbox 760 5120 995 5192; x_wconf 75' lang='lat' dir='ltr'><strong>petente.</strong></span> 
     </span>
    </p>
   </div>
   <div class='ocr_carea' id='block_1_99' title="bbox 1094 5213 1500 5288">
    <p class='ocr_par' dir='ltr' id='par_1_99' title="bbox 1094 5213 1500 5288">
     <span class='ocr_line' id='line_1_99' title="bbox 1094 5213 1500 5288; baseline 0.012 -22"><span class='ocrx_word' id='word_1_612' title='bbox 1094 5213 1282 5284; x_wconf 86' lang='lat' dir='ltr'><strong>(Anno</strong></span> <span class='ocrx_word' id='word_1_613' title='bbox 1323 5216 1500 5288; x_wconf 84' lang='grc'><strong>1068.)</strong></span> 
     </span>
    </p>
   </div>
   <div class='ocr_carea' id='block_1_100' title="bbox 866 5319 1722 5395">
    <p class='ocr_par' dir='ltr' id='par_1_100' title="bbox 866 5319 1722 5395">
     <span class='ocr_line' id='line_1_100' title="bbox 866 5319 1722 5395; baseline 0.008 -23"><span class='ocrx_word' id='word_1_614' title='bbox 866 5319 1215 5387; x_wconf 79' lang='lat' dir='ltr'><strong>[LANFRANCI</strong></span> <span class='ocrx_word' id='word_1_615' title='bbox 1255 5320 1399 5393; x_wconf 92' lang='lat' dir='ltr'><strong>Opp.</strong></span> <span class='ocrx_word' id='word_1_616' title='bbox 1444 5339 1574 5395; x_wconf 84' lang='lat' dir='ltr'><strong>pag.</strong></span> <span class='ocrx_word' id='word_1_617' title='bbox 1608 5324 1722 5395; x_wconf 86' lang='lat'><strong>27.]</strong></span> 
     </span>
    </p>
   </div>
   <div class='ocr_carea' id='block_1_101' title="bbox 546 5421 2113 5499">
    <p class='ocr_par' dir='ltr' id='par_1_101' title="bbox 546 5421 2113 5499">
     <span class='ocr_line' id='line_1_101' title="bbox 546 5421 2113 5499; baseline 0.012 -30"><span class='ocrx_word' id='word_1_618' title='bbox 546 5421 887 5478; x_wconf 75' lang='lat' dir='ltr'><strong>ALEXANDER</strong></span> <span class='ocrx_word' id='word_1_619' title='bbox 926 5424 1254 5499; x_wconf 91' lang='lat' dir='ltr'><strong>episcopus,</strong></span> <span class='ocrx_word' id='word_1_620' title='bbox 1291 5446 1490 5484; x_wconf 90' lang='lat' dir='ltr'><strong>servus</strong></span> <span class='ocrx_word' id='word_1_621' title='bbox 1523 5446 1820 5486; x_wconf 85' lang='lat' dir='ltr'><strong>servorum</strong></span> <span class='ocrx_word' id='word_1_622' title='bbox 1869 5433 1989 5498; x_wconf 92' lang='lat' dir='ltr'><strong>Dei,</strong></span> <span class='ocrx_word' id='word_1_623' title='bbox 2025 5434 2113 5488; x_wconf 86' lang='lat' dir='ltr'><strong>di-</strong></span> 
     </span>
    </p>
   </div>
   <div class='ocr_carea' id='block_1_102' title="bbox 472 5505 2111 5592">
    <p class='ocr_par' dir='ltr' id='par_1_102' title="bbox 472 5505 2111 5592">
     <span class='ocr_line' id='line_1_102' title="bbox 472 5505 2111 5592; baseline 0.01 -33"><span class='ocrx_word' id='word_1_624' title='bbox 472 5505 617 5561; x_wconf 88' lang='lat' dir='ltr'><strong>lecto</strong></span> <span class='ocrx_word' id='word_1_625' title='bbox 650 5508 707 5562; x_wconf 91' lang='lat' dir='ltr'><strong>in</strong></span> <span class='ocrx_word' id='word_1_626' title='bbox 763 5511 989 5567; x_wconf 88' lang='lat' dir='ltr'><strong>Christo</strong></span> <span class='ocrx_word' id='word_1_627' title='bbox 1050 5515 1167 5570; x_wconf 81' lang='lat' dir='ltr'><strong>{ilio</strong></span> <span class='ocrx_word' id='word_1_628' title='bbox 1228 5516 1567 5573; x_wconf 78' lang='lat' dir='ltr'><strong>LANPRANCO</strong></span> <span class='ocrx_word' id='word_1_629' title='bbox 1608 5519 1824 5585; x_wconf 87' lang='lat' dir='ltr'><strong>abbati,</strong></span> <span class='ocrx_word' id='word_1_630' title='bbox 1869 5523 2111 5592; x_wconf 88' lang='lat' dir='ltr'><strong>suisque</strong></span> 
     </span>
    </p>
   </div>
   <div class='ocr_carea' id='block_1_103' title="bbox 470 5599 2112 5683">
    <p class='ocr_par' dir='ltr' id='par_1_103' title="bbox 470 5599 2112 5683">
     <span class='ocr_line' id='line_1_103' title="bbox 470 5599 2112 5683; baseline 0.01 -34"><span class='ocrx_word' id='word_1_631' title='bbox 470 5599 908 5654; x_wconf 85' lang='lat' dir='ltr'><strong>successoribus</strong></span> <span class='ocrx_word' id='word_1_632' title='bbox 940 5603 1282 5672; x_wconf 83' lang='lat' dir='ltr'><strong>regulariter</strong></span> <span class='ocrx_word' id='word_1_633' title='bbox 1337 5609 1745 5677; x_wconf 78' lang='lat' dir='ltr'><strong>promovendis</strong></span> <span class='ocrx_word' id='word_1_634' title='bbox 1798 5610 1855 5663; x_wconf 89' lang='lat' dir='ltr'><strong>in</strong></span> <span class='ocrx_word' id='word_1_635' title='bbox 1912 5627 2112 5683; x_wconf 86' lang='lat' dir='ltr'><strong>perpe-</strong></span> 
     </span>
    </p>
   </div>
   <div class='ocr_carea' id='block_1_104' title="bbox 469 5690 656 5745">
    <p class='ocr_par' dir='ltr' id='par_1_104' title="bbox 469 5690 656 5745">
     <span class='ocr_line' id='line_1_104' title="bbox 469 5690 656 5745; baseline -0.016 0"><span class='ocrx_word' id='word_1_636' title='bbox 469 5690 656 5745; x_wconf 87' lang='lat' dir='ltr'><strong>tuum.</strong></span> 
     </span>
    </p>
   </div>
   <div class='ocr_carea' id='block_1_105' title="bbox 2229 4682 3755 4762">
    <p class='ocr_par' dir='ltr' id='par_1_105' title="bbox 2229 4682 3755 4762">
     <span class='ocr_line' id='line_1_105' title="bbox 2229 4682 3755 4762; baseline -0.004 -19"><span class='ocrx_word' id='word_1_637' title='bbox 2229 4689 2602 4744; x_wconf 86' lang='lat' dir='ltr'><strong>Baiocensem</strong></span> <span class='ocrx_word' id='word_1_638' title='bbox 2634 4689 2970 4761; x_wconf 90' lang='lat' dir='ltr'><strong>episcopum</strong></span> <span class='ocrx_word' id='word_1_639' title='bbox 3004 4690 3147 4745; x_wconf 91' lang='lat' dir='ltr'><strong>nihil</strong></span> <span class='ocrx_word' id='word_1_640' title='bbox 3179 4691 3341 4746; x_wconf 88' lang='lat' dir='ltr'><strong>aliud</strong></span> <span class='ocrx_word' id='word_1_641' title='bbox 3361 4690 3531 4762; x_wconf 89' lang='lat' dir='ltr'><strong>ipsius</strong></span> <span class='ocrx_word' id='word_1_642' title='bbox 3556 4682 3755 4739; x_wconf 67' lang='grc' dir='ltr'><strong>ωοηιείθ·</strong></span> 
     </span>
    </p>
   </div>
   <div class='ocr_carea' id='block_1_106' title="bbox 2229 4777 3753 4865">
    <p class='ocr_par' dir='ltr' id='par_1_106' title="bbox 2229 4777 3753 4865">
     <span class='ocr_line' id='line_1_106' title="bbox 2229 4777 3753 4865; baseline -0.007 -32"><span class='ocrx_word' id='word_1_643' title='bbox 2229 4778 2296 4833; x_wconf 91' lang='lat' dir='ltr'><strong>rii</strong></span> <span class='ocrx_word' id='word_1_644' title='bbox 2331 4779 2619 4849; x_wconf 89' lang='lat' dir='ltr'><strong>pertinere</strong></span> <span class='ocrx_word' id='word_1_645' title='bbox 2648 4779 3037 4846; x_wconf 89' lang='lat' dir='ltr'><strong>decernimus,</strong></span> <span class='ocrx_word' id='word_1_646' title='bbox 3062 4780 3174 4834; x_wconf 88' lang='lat' dir='ltr'><strong>nisi</strong></span> <span class='ocrx_word' id='word_1_647' title='bbox 3199 4781 3421 4836; x_wconf 87' lang='lat' dir='ltr'><strong>abbatis</strong></span> <span class='ocrx_word' id='word_1_648' title='bbox 3440 4783 3488 4832; x_wconf 88' lang='lat' dir='ltr'><strong>et</strong></span> <span class='ocrx_word' id='word_1_649' title='bbox 3515 4777 3753 4865; x_wconf 60' lang='lat' dir='ltr'><strong>ceterorth</strong></span> 
     </span>
    </p>
   </div>
   <div class='ocr_carea' id='block_1_107' title="bbox 2229 4874 3753 4954">
    <p class='ocr_par' dir='ltr' id='par_1_107' title="bbox 2229 4874 3753 4954">
     <span class='ocr_line' id='line_1_107' title="bbox 2229 4874 3753 4954; baseline -0.003 -25"><span class='ocrx_word' id='word_1_650' title='bbox 2229 4875 2327 4947; x_wconf 88' lang='lat' dir='ltr'><strong>qui</strong></span> <span class='ocrx_word' id='word_1_651' title='bbox 2360 4876 2575 4930; x_wconf 91' lang='lat' dir='ltr'><strong>ibidem</strong></span> <span class='ocrx_word' id='word_1_652' title='bbox 2639 4880 2777 4930; x_wconf 91' lang='lat' dir='ltr'><strong>sunt</strong></span> <span class='ocrx_word' id='word_1_653' title='bbox 2834 4877 3211 4947; x_wconf 89' lang='lat' dir='ltr'><strong>promovendi</strong></span> <span class='ocrx_word' id='word_1_654' title='bbox 3271 4875 3636 4934; x_wconf 83' lang='lat' dir='ltr'><strong>ordinationes,</strong></span> <span class='ocrx_word' id='word_1_655' title='bbox 3660 4874 3753 4954; x_wconf 57' lang='lat' dir='ltr'><strong>stich</strong></span> 
     </span>
    </p>
   </div>
   <div class='ocr_carea' id='block_1_108' title="bbox 2227 4949 3753 5047">
    <p class='ocr_par' dir='ltr' id='par_1_108' title="bbox 2227 4949 3753 5047">
     <span class='ocr_line' id='line_1_108' title="bbox 2227 4949 3753 5047; baseline -0.009 -28"><span class='ocrx_word' id='word_1_656' title='bbox 2227 4965 2564 5019; x_wconf 88' lang='lat' dir='ltr'><strong>chrismatis</strong></span> <span class='ocrx_word' id='word_1_657' title='bbox 2595 4964 2835 5029; x_wconf 88' lang='lat' dir='ltr'><strong>donum,</strong></span> <span class='ocrx_word' id='word_1_658' title='bbox 2866 4970 2924 5020; x_wconf 91' lang='lat' dir='ltr'><strong>et</strong></span> <span class='ocrx_word' id='word_1_659' title='bbox 2944 4966 3314 5021; x_wconf 86' lang='lat' dir='ltr'><strong>ecclesiarum</strong></span> <span class='ocrx_word' id='word_1_660' title='bbox 3338 4949 3753 5047; x_wconf 42' lang='lat' dir='ltr'><strong>dedicationesl‘al-</strong></span> 
     </span>
    </p>
   </div>
   <div class='ocr_carea' id='block_1_109' title="bbox 2229 5035 3752 5126">
    <p class='ocr_par' dir='ltr' id='par_1_109' title="bbox 2229 5035 3752 5126">
     <span class='ocr_line' id='line_1_109' title="bbox 2229 5035 3752 5126; baseline -0.011 -17"><span class='ocrx_word' id='word_1_661' title='bbox 2229 5070 2452 5119; x_wconf 88' lang='lat' dir='ltr'><strong>eorum,</strong></span> <span class='ocrx_word' id='word_1_662' title='bbox 2486 5054 2585 5124; x_wconf 91' lang='lat' dir='ltr'><strong>qui</strong></span> <span class='ocrx_word' id='word_1_663' title='bbox 2618 5052 2945 5108; x_wconf 90' lang='lat' dir='ltr'><strong>criminalia</strong></span> <span class='ocrx_word' id='word_1_664' title='bbox 2967 5059 3202 5126; x_wconf 89' lang='lat' dir='ltr'><strong>peccata</strong></span> <span class='ocrx_word' id='word_1_665' title='bbox 3222 5052 3565 5113; x_wconf 83' lang='lat' dir='ltr'><strong>incurrerint,</strong></span> <span class='ocrx_word' id='word_1_666' title='bbox 3590 5035 3752 5100; x_wconf 68' lang='lat' dir='ltr'><strong>conslia</strong></span> 
     </span>
    </p>
   </div>
   <div class='ocr_carea' id='block_1_110' title="bbox 2226 5135 3752 5237">
    <p class='ocr_par' dir='ltr' id='par_1_110' title="bbox 2226 5148 3752 5237">
     <span class='ocr_line' id='line_1_110' title="bbox 2226 5148 3752 5237; baseline -0.009 -30"><span class='ocrx_word' id='word_1_667' title='bbox 2226 5157 2280 5207; x_wconf 88' lang='lat' dir='ltr'><strong>et</strong></span> <span class='ocrx_word' id='word_1_668' title='bbox 2314 5151 2790 5223; x_wconf 74' lang='lat' dir='ltr'><strong>pmnitentiarum</strong></span> <span class='ocrx_word' id='word_1_669' title='bbox 2823 5152 3236 5222; x_wconf 89' lang='lat' dir='ltr'><strong>injunctiones.</strong></span> <span class='ocrx_word' id='word_1_670' title='bbox 3262 5153 3320 5209; x_wconf 90' lang='lat' dir='ltr'><strong>Si</strong></span> <span class='ocrx_word' id='word_1_671' title='bbox 3337 5168 3460 5207; x_wconf 88' lang='lat' dir='ltr'><strong>vero</strong></span> <span class='ocrx_word' id='word_1_672' title='bbox 3480 5148 3752 5237; x_wconf 56' lang='lat' dir='ltr'><strong>praecinit!!-</strong></span> 
     </span>
    </p>
   </div>
   <div class='ocr_carea' id='block_1_111' title="bbox 2224 5229 3748 5313">
    <p class='ocr_par' dir='ltr' id='par_1_111' title="bbox 2224 5229 3748 5313">
     <span class='ocr_line' id='line_1_111' title="bbox 2224 5229 3748 5313; baseline -0.01 -19"><span class='ocrx_word' id='word_1_673' title='bbox 2224 5245 2351 5295; x_wconf 89' lang='lat' dir='ltr'><strong>tum</strong></span> <span class='ocrx_word' id='word_1_674' title='bbox 2386 5240 2755 5296; x_wconf 84' lang='lat' dir='ltr'><strong>Baiocensem</strong></span> <span class='ocrx_word' id='word_1_675' title='bbox 2819 5242 3157 5313; x_wconf 76' lang='lat' dir='ltr'><strong>episCOpum</strong></span> <span class='ocrx_word' id='word_1_676' title='bbox 3216 5240 3480 5297; x_wconf 87' lang='lat' dir='ltr'><strong>claruerit</strong></span> <span class='ocrx_word' id='word_1_677' title='bbox 3504 5249 3607 5291; x_wconf 84' lang='lat' dir='ltr'><strong>esse</strong></span> <span class='ocrx_word' id='word_1_678' title='bbox 3628 5229 3748 5283; x_wconf 41' lang='lat' dir='ltr'><strong>Simo‘</strong></span> 
     </span>
    </p>
   </div>
   <div class='ocr_carea' id='block_1_112' title="bbox 2226 5319 3744 5398">
    <p class='ocr_par' dir='ltr' id='par_1_112' title="bbox 2226 5319 3744 5398">
     <span class='ocr_line' id='line_1_112' title="bbox 2226 5319 3744 5398; baseline -0.009 -16"><span class='ocrx_word' id='word_1_679' title='bbox 2226 5328 2481 5398; x_wconf 89' lang='lat' dir='ltr'><strong>niacum,</strong></span> <span class='ocrx_word' id='word_1_680' title='bbox 2513 5327 2598 5383; x_wconf 87' lang='lat' dir='ltr'><strong>vel</strong></span> <span class='ocrx_word' id='word_1_681' title='bbox 2636 5329 2706 5383; x_wconf 91' lang='lat' dir='ltr'><strong>ab</strong></span> <span class='ocrx_word' id='word_1_682' title='bbox 2740 5328 3055 5398; x_wconf 84' lang='lat' dir='ltr'><strong>apostolica</strong></span> <span class='ocrx_word' id='word_1_683' title='bbox 3094 5331 3228 5386; x_wconf 83' lang='lat' dir='ltr'><strong>sede</strong></span> <span class='ocrx_word' id='word_1_684' title='bbox 3271 5319 3744 5384; x_wconf 53' lang='lat' dir='ltr'><strong>excommunicatum:</strong></span> 
     </span>
    </p>
   </div>
   <div class='ocr_carea' id='block_1_113' title="bbox 2226 5418 3741 5502">
    <p class='ocr_par' dir='ltr' id='par_1_113' title="bbox 2226 5418 3741 5502">
     <span class='ocr_line' id='line_1_113' title="bbox 2226 5418 3741 5502; baseline -0.005 -22"><span class='ocrx_word' id='word_1_685' title='bbox 2226 5424 2308 5480; x_wconf 86' lang='lat' dir='ltr'><strong>vel</strong></span> <span class='ocrx_word' id='word_1_686' title='bbox 2341 5424 2388 5480; x_wconf 89' lang='lat' dir='ltr'><strong>si</strong></span> <span class='ocrx_word' id='word_1_687' title='bbox 2420 5425 2546 5497; x_wconf 91' lang='lat' dir='ltr'><strong>ipse</strong></span> <span class='ocrx_word' id='word_1_688' title='bbox 2566 5424 2875 5498; x_wconf 79' lang='lat' dir='ltr'><strong>epiSCOpus</strong></span> <span class='ocrx_word' id='word_1_689' title='bbox 2901 5425 3153 5498; x_wconf 88' lang='lat' dir='ltr'><strong>alicujus</strong></span> <span class='ocrx_word' id='word_1_690' title='bbox 3184 5427 3412 5482; x_wconf 72' lang='lat' dir='ltr'><strong>malitias</strong></span> <span class='ocrx_word' id='word_1_691' title='bbox 3432 5420 3594 5479; x_wconf 88' lang='lat' dir='ltr'><strong>studio</strong></span> <span class='ocrx_word' id='word_1_692' title='bbox 3614 5418 3741 5502; x_wconf 50' lang='lat' dir='ltr'><strong>eam}?</strong></span> 
     </span>
    </p>
   </div>
   <div class='ocr_carea' id='block_1_114' title="bbox 2222 5498 3737 5587">
    <p class='ocr_par' dir='ltr' id='par_1_114' title="bbox 2222 5498 3737 5587">
     <span class='ocr_line' id='line_1_114' title="bbox 2222 5498 3737 5587; baseline -0.014 -18"><span class='ocrx_word' id='word_1_693' title='bbox 2222 5514 2619 5569; x_wconf 89' lang='lat' dir='ltr'><strong>ordinationes</strong></span> <span class='ocrx_word' id='word_1_694' title='bbox 2648 5514 2803 5569; x_wconf 92' lang='lat' dir='ltr'><strong>ultra</strong></span> <span class='ocrx_word' id='word_1_695' title='bbox 2828 5517 3082 5587; x_wconf 89' lang='lat' dir='ltr'><strong>spatium</strong></span> <span class='ocrx_word' id='word_1_696' title='bbox 3108 5516 3277 5571; x_wconf 89' lang='lat' dir='ltr'><strong>unius</strong></span> <span class='ocrx_word' id='word_1_697' title='bbox 3301 5512 3501 5570; x_wconf 89' lang='lat' dir='ltr'><strong>mensis</strong></span> <span class='ocrx_word' id='word_1_698' title='bbox 3521 5498 3737 5562; x_wconf 71' lang='lat' dir='ltr'><strong>distulerit,</strong></span> 
     </span>
    </p>
   </div>
   <div class='ocr_carea' id='block_1_115' title="bbox 2219 5603 3735 5687">
    <p class='ocr_par' dir='ltr' id='par_1_115' title="bbox 2219 5603 3735 5687">
     <span class='ocr_line' id='line_1_115' title="bbox 2219 5603 3735 5687; baseline -0.007 -22"><span class='ocrx_word' id='word_1_699' title='bbox 2219 5618 2359 5667; x_wconf 76' lang='lat' dir='ltr'><strong>tunc</strong></span> <span class='ocrx_word' id='word_1_700' title='bbox 2375 5612 2613 5667; x_wconf 90' lang='lat' dir='ltr'><strong>liberam</strong></span> <span class='ocrx_word' id='word_1_701' title='bbox 2635 5612 2887 5669; x_wconf 85' lang='lat' dir='ltr'><strong>habeant</strong></span> <span class='ocrx_word' id='word_1_702' title='bbox 2904 5619 3245 5687; x_wconf 88' lang='lat' dir='ltr'><strong>potestatem</strong></span> <span class='ocrx_word' id='word_1_703' title='bbox 3262 5610 3491 5670; x_wconf 88' lang='lat' dir='ltr'><strong>adeundi</strong></span> <span class='ocrx_word' id='word_1_704' title='bbox 3509 5603 3735 5663; x_wconf 67' lang='lat' dir='ltr'><strong>Romanum</strong></span> 
     </span>
    </p>
   </div>
   <div class='ocr_carea' id='block_1_116' title="bbox 2220 5690 3733 5777">
    <p class='ocr_par' dir='ltr' id='par_1_116' title="bbox 2220 5690 3733 5777">
     <span class='ocr_line' id='line_1_116' title="bbox 2220 5690 3733 5777; baseline 0.001 -20"><span class='ocrx_word' id='word_1_705' title='bbox 2220 5702 2577 5774; x_wconf 79' lang='lat' dir='ltr'><strong>pontificem,</strong></span> <span class='ocrx_word' id='word_1_706' title='bbox 2610 5701 2695 5760; x_wconf 89' lang='lat' dir='ltr'><strong>vel</strong></span> <span class='ocrx_word' id='word_1_707' title='bbox 2728 5719 3131 5777; x_wconf 88' lang='lat' dir='ltr'><strong>quemcunque</strong></span> <span class='ocrx_word' id='word_1_708' title='bbox 3163 5705 3477 5777; x_wconf 87' lang='lat' dir='ltr'><strong>religiosum</strong></span> <span class='ocrx_word' id='word_1_709' title='bbox 3498 5690 3733 5769; x_wconf 66' lang='lat' dir='ltr'><strong>epiﬁCOl’um</strong></span> 
     </span>
    </p>
   </div>
  </div>
