3996 6158
121 397 272 460 1341

1295 407 1703 468 EPISTOLE
1745 408 1846 470 ET
1887 407 2370 472 DIPLOMATA.

3373 408 3528 472 1342

117 531 416 606 elegerint.
449 531 504 589 Si
538 533 670 607 quis
701 534 881 608 igitur
910 539 1216 595 temerario
1248 556 1430 595 ausus
1453 540 1636 611 hujus
1668 558 1763 596 no-
1793 542 1844 607 Α
1878 541 1972 613 pio
2000 541 2215 598 intuitu
2243 547 2442 600 custos
2473 546 2528 599 et
2557 543 2894 601 observator
2932 538 3202 612 extiterit,
3233 541 3526 617 repleatur

118 627 246 687 stre:
278 624 602 679 sanctionis
625 625 907 698 scriptum
941 627 1152 683 violare
1179 629 1636 700 praesumpserit,
1670 647 1766 685 au—

118 711 384 766 ctoritate
406 712 709 768 beatorum
743 717 1138 786 apostolorum
1170 717 1317 773 Petri
1349 724 1404 774 et
1426 717 1588 773 Pauli
1620 718 1767 773 sciat

117 817 181 855 se
231 799 580 857 innodatum
630 802 858 859 vinculo
909 807 1493 876 excommunationis,
1548 824 1763 878 quous-

117 907 245 962 quaa
277 891 487 962 dignos
519 893 870 962 pmnitentiaa
918 895 1142 952 fructus
1185 901 1398 951 sanctas
1430 895 1762 968 apostolicae

112 978 235 1035 sedi
267 981 771 1052 representaverit.

807 1145 949 1200 LVII
991 1147 1071 1201 bis

110 1231 451 1306 Rescripta»:
484 1232 793 1290 Alexandri
837 1251 1002 1306 papa?
1029 1238 1081 1292 Il
1137 1236 1206 1290 ad
1238 1242 1462 1292 Petrum
1512 1237 1763 1292 abbatem

180 1301 576 1380 G_ellonis,__quo
632 1301 1028 1380 monasterium
1059 1308 1392 1364 Gcllonicum
1443 1309 1542 1363 sub
1573 1308 1760 1380 defen-

177 1376 336 1430 sione
360 1375 503 1430 sedis
531 1378 837 1447 apostolica
865 1379 1112 1450 suscipit.
1637 1375 1664 1408 ’-

735 1484 927 1554 (Anno
961 1486 1146 1554 1068.)

438 1588 601 1661 [σαιι.
647 1589 842 1646 Christ.
877 1593 1017 1647 tom.
1051 1591 1147 1657 VI,
1182 1590 1235 1647 b.
1269 1594 1393 1648 274.
1424 1597 1445 1665 ]

177 1732 518 1787 Anmsnsa
546 1733 877 1805 episcopus,
902 1750 1105 1790 servus
1127 1751 1426 1790 servorum
1449 1735 1573 1803 Dei,
1594 1751 1763 1790 vene-

109 1819 286 1875 rabili
309 1820 504 1876 abbati
526 1821 867 1877 monasterii
885 1823 1082 1878 Sancti
1106 1823 1446 1889 Salvatoris,
1467 1824 1524 1878 in
1546 1823 1763 1895 episco-

111 1912 250 1979 patu
285 1909 613 1976 Luterensi,
640 1911 942 1966 constituti
961 1910 1022 1967 in
1052 1911 1176 1967 loco
1200 1914 1298 1984 qui
1331 1912 1546 1967 dicitur
1569 1912 1763 1968 Gello-
1795 1913 1840 1975 B

107 1997 223 2065 nis,
258 1998 502 2070 suisque
536 1999 976 2056 successoribus
1007 2000 1282 2057 canonice
1312 2001 1762 2068 substituendis,

110 2092 460 2158 perpetuam
489 2087 550 2142 in
582 2088 822 2144 Domino
849 2089 1120 2146 salutem.

184 2174 349 2230 Licet
383 2176 639 2247 generali
664 2177 1057 2234 sollicitudine
1078 2178 1230 2235 circa
1249 2184 1466 2235 statum
1499 2179 1763 2234 omnium

109 2263 506 2320 Ecclesiarum
530 2266 832 2338 invigilare
859 2268 1200 2335 debeamus,
1235 2267 1546 2340 specialius
1567 2272 1764 2323 tamen

106 2369 314 2409 eorum
349 2353 701 2411 utilitatibus
732 2373 839 2412 nos
869 2357 1138 2412 convenit
1185 2358 1483 2428 providere
1514 2373 1763 2428 quorum

105 2443 290 2498 vitam
305 2447 365 2498 et
377 2445 873 2500 conversationem
893 2446 1088 2500 studio
1107 2445 1443 2501 monasticae
1466 2445 1765 2517 religionis

103 2531 290 2586 claret
321 2531 730 2604 resplendere;
762 2539 924 2589 tanto
973 2535 1131 2590 enim
1179 2539 1396 2590 sanctae
1436 2535 1764 2606 apostolicae

102 2621 295 2687 sedis,
331 2621 449 2686 cui,
480 2620 617 2676 licet
643 2621 892 2694 indigni,
926 2623 1312 2690 deservimus,
1345 2623 1763 2695 protectionem

101 2714 437 2772 merentur,
481 2715 702 2780 quanto
737 2710 976 2766 internae
1017 2711 1528 2783 contemplationis
1561 2713 1764 2767 ardore

101 2797 359 2854 Domino
389 2804 587 2854 nostro
614 2800 756 2854 Jesu
780 2800 1008 2855 Christo
1042 2801 1287 2856 vicinius
1313 2800 1607 2856 adharere
1641 2817 1767 2870 pro-

102 2887 346 2942 bantur.
385 2887 628 2943 Proinde
681 2888 820 2959 quia
866 2889 1092 2944 devotio
1142 2894 1335 2944 vestra
1381 2888 1700 2961 postulavit
1730 2907 1763 2944 a

103 2977 284 3032 nobis
315 2981 382 3031 ut
412 2976 835 3032 monasterium
879 2983 1138 3032 vestrum
1185 2978 1521 3033 defensione
1552 2983 1762 3032 nostrae

103 3063 387 3118 Romana
421 3062 686 3119 Ecclesia:
735 3065 1123 3131 muniremus,
1175 3064 1439 3120 inclinati
1493 3066 1763 3136 precibus

98 3152 323 3208 vestris
347 3152 567 3207 ibidem
583 3169 716 3207 cum
735 3154 1184 3222 omnibusjuste
1202 3154 1311 3209 sibi
1335 3153 1762 3224 pertinentibus

98 3241 215 3296 sub
250 3239 436 3295 tutela
457 3246 513 3296 et
534 3241 870 3340 defensione
893 3242 1224 3313 apostolicis
1246 3243 1404 3298 sedis
1425 3243 1758 3314 recipimus,
1793 3274 1836 3340 Ο

94 3336 158 3385 et
189 3330 268 3384 ab
301 3330 466 3384 omni
495 3330 826 3386 conditione
855 3329 1108 3387 liberum
1133 3337 1190 3386 et
1220 3332 1486 3402 quietum
1519 3347 1649 3387 esse
1671 3331 1765 3386 de-

95 3418 429 3484 cernimus,
444 3418 527 3473 ita
538 3423 730 3474 tamen
749 3424 837 3484 ut,
853 3421 1069 3491 proprii
1083 3425 1310 3474 tantum
1323 3421 1494 3475 modo
1508 3419 1766 3490 episcopi
1818 3484 1830 3506 Ι

95 3506 434 3563 reverentia
466 3513 712 3570 servata,
748 3506 892 3561 nulli
931 3507 1055 3562 loco
1106 3509 1428 3578 subjaceat,
1462 3507 1576 3562 nisi
1627 3508 1765 3563 huic

93 3603 322 3653 sanctae
355 3597 630 3652 Romanas
656 3597 920 3653 Ecclesiae
946 3616 958 3664 ;
985 3597 1107 3670 qui,
1131 3598 1399 3653 videlicet
1428 3598 1762 3669 episcopus,

95 3686 339 3741 nullum
371 3687 432 3741 in
464 3687 737 3758 praedicto
767 3687 1107 3742 monasterii
1144 3687 1416 3742 abbatem
1449 3691 1768 3759 praesumat

92 3773 400 3840 ordinare,
433 3775 545 3828 nisi
579 3791 749 3846 quem
794 3775 1064 3830 monachi
1099 3776 1366 3844 ejusdem
1402 3774 1764 3839 monasterii,

91 3864 292 3918 Deum
324 3863 620 3929 timentes,
642 3864 810 3935 juxta
841 3863 1052 3935 regulae
1089 3864 1240 3918 beati
1271 3862 1567 3919 Benedicti
1600 3867 1766 3917 teno-

91 3969 252 4016 rem,
287 3951 589 4024 elegerint,
615 3953 809 4024 ipsum
833 3970 967 4008 vero
989 3953 1118 4008 sine
1142 3953 1298 4008 omni
1327 3953 1527 4007 fraude
1554 3956 1612 4008 et
1635 3967 1769 4006 con-

89 4040 455 4095 tradictione
502 4041 844 4108 benedicat;
900 4058 932 4096 a
981 4058 1096 4113 quo
1148 4041 1430 4096 nimirum
1471 4040 1764 4114 episcopo,

90 4128 148 4183 si
185 4128 373 4184 abbas
404 4129 489 4184 vel
525 4129 798 4184 monachi
831 4128 1021 4201 ipsius
1075 4129 1411 4184 monasterii
1460 4145 1520 4185 se
1551 4129 1767 4199 injuste

86 4217 454 4288 pragravari
479 4218 872 4289 cognoverint,
907 4219 976 4272 ad
1010 4219 1434 4272 defendendam
1469 4218 1765 4289 propriam

87 4306 507 4360 innocentiam
529 4312 586 4360 et
615 4306 873 4378 episcopi
896 4306 1331 4362 infestationem
1361 4305 1765 4376 corrigendam

82 4393 288 4449 libere
321 4393 474 4449 hanc
501 4395 701 4450 sedem
735 4394 1050 4466 appellent.

177 4481 616 4538 Conﬁrmamus
641 4483 818 4538 etiam
843 4488 1080 4555 praefato
1103 4482 1456 4538 monasterio
1479 4480 1766 4553 quidquid

81 4587 266 4626 nunc
289 4570 456 4640 juste
487 4576 664 4636 tenet,
697 4571 784 4626 vel
807 4570 1081 4644 deinceps
1111 4577 1305 4627 tenere
1335 4571 1524 4639 debet,
1557 4573 1676 4624 tam
1708 4568 1765 4624 in

1877 631 2196 689 abundatia
2225 632 2556 704 apostolicae
2590 633 3034 689 benedictionis.

1946 721 2159 776 Datum
2193 722 2456 777 Laterani
2486 740 2580 776 xxv
2610 722 2733 778 Kal.
2765 721 2980 793 Aprilis
3002 738 3103 794 per
3125 739 3336 778 manus
3365 722 3520 778 Petri

1875 815 2085 865 sanctae
2119 811 2390 865 Romanae
2423 811 2691 866 Ecclesiae
2725 811 3067 866 subdiaconi
3111 827 3175 865 ac
3204 810 3517 867 bibliothe-

1873 899 2035 966 carii,
2053 915 2203 954 anno
2216 917 2289 954 v11
2308 899 2680 970 pontiﬁcatus
2697 899 2918 956 domini
2939 898 3248 955 Alexandri
3261 916 3420 972 papae
3445 901 3514 955 ΙΙ.

2598 1059 2791 1115 LVIII.

1871 1148 2174 1204 Alexandri
2202 1151 2253 1206 11
2284 1164 2446 1220 papae
2491 1150 2717 1220 epistola
2760 1149 2834 1204 ad
2884 1147 3129 1206 Udonem
3172 1148 3518 1203 Trevircnsis

2320 1221 2571 1276 Ecclesiae
2599 1221 3065 1292 archiepiscopum

2486 1329 2673 1394 (Anno
2717 1327 2900 1394 1068.)

1893 1433 2148 1503 [Eamne
2177 1433 2354 1490 Zcidts
2383 1434 2566 1488 Christ
2592 1433 3188 1577 fugigaferlandische,
3225 1437 3367 1488 tom.
3421 1433 3487 1502 X,

2571 1521 2628 1576 p.
2775 1547 2786 1558 .

2571 1521 2628 1576 p.
2660 1521 2786 1559 JIU.

1941 1653 2281 1704 ALEXANDER
2311 1648 2639 1720 episcopus,
2697 1665 2899 1703 servus
2947 1664 3246 1703 servorum
3278 1647 3396 1714 Dei,
3427 1647 3514 1701 di-

1870 1736 2017 1792 lecto
2045 1736 2177 1792 frati
2210 1741 2408 1791 nostro
2440 1737 2623 1792 Unom
2664 1741 2878 1792 sanctae
2909 1735 3177 1791 Ecclesiae
3209 1736 3519 1790 Treviren-

1871 1824 1952 1880 sis
1981 1825 2308 1880 venerando
2342 1824 2798 1896 archiepiscopo.

1942 1915 2155 1970 Diebus
2185 1915 2316 1969 vitae
2345 1919 2478 1969 tuaa.
2514 1915 2580 1969 Et
2609 1913 2659 1969 si
2691 1919 2950 1985 pastores
2982 1913 3175 1968 ovium
3209 1913 3390 1968 solem
3421 1929 3518 1983 ge-

1873 2003 2052 2074 luque
2082 2019 2185 2074 pro
2217 2003 2408 2075 gregis
2430 2002 2524 2058 sui
2552 2003 2819 2058 custodia
2839 2003 2933 2057 die
2955 2006 3247 2074 noctuque
3269 2003 3414 2057 ferre
3435 2003 3522 2056 in-

1872 2092 2017 2147 tenti
2047 2097 2206 2159 sunt,
2242 2098 2307 2147 ut
2328 2109 2516 2162 neque
2545 2108 2613 2147 ex
2635 2092 2719 2148 eis
2744 2096 2848 2146 aut
2875 2091 3122 2147 errando
3144 2094 3341 2162 pereat
3370 2094 3426 2145 et
3447 2089 3522 2144 fe-

1875 2180 2020 2236 rinis
2035 2181 2252 2236 laniata
2265 2181 2558 2235 morsibus
2573 2181 2823 2248 deficiat,
2838 2184 2895 2236 et
2912 2179 3098 2235 oculis
3109 2177 3521 2250 sempervirgi-

1873 2269 2132 2325 lantibus
2189 2269 2712 2342 circumspiciunt;
2772 2273 2990 2341 quanto
3034 2269 3266 2338 sudore,
3300 2271 3522 2338 quanta

1874 2373 2016 2412 cura
2037 2358 2320 2412 debemus
2342 2374 2469 2413 esse
2499 2357 2818 2429 pervileges
2842 2374 2969 2424 nos,
2995 2357 3094 2429 qui
3118 2361 3379 2427 pastores
3397 2355 3522 2410 ani-

1875 2462 2105 2500 marum
2137 2463 2264 2501 esse
2293 2446 2563 2502 dicimur.
2611 2448 3000 2502 Attendamus
3048 2447 3230 2518 igitur
3257 2449 3321 2500 ut
3345 2446 3393 2500 si
3427 2462 3521 2500 sa-

1875 2552 2037 2589 crum
2070 2535 2329 2590 ofﬁcium
2361 2535 2632 2591 exhibere
2663 2553 2800 2608 erga
2827 2535 3154 2590 custodiam
3187 2534 3524 2589 commissa-

1874 2640 2005 2678 rum
2039 2623 2234 2677 ovium
2268 2640 2381 2678 non
2405 2640 2701 2690 assumus,
2736 2641 2807 2678 ne
2828 2622 2888 2678 in
2921 2623 3014 2678 die
3035 2622 3213 2677 divini
3237 2621 3521 2677 examinis

1875 2728 1976 2782 pro
2007 2711 2230 2767 desidia
2263 2717 2462 2767 nostra
2493 2717 2626 2768 ante
2658 2729 2960 2768 summum
3006 2712 3302 2767 Pastorem
3339 2709 3519 2782 negli-

1872 2801 2082 2872 gentiae
2113 2817 2222 2856 nos
2251 2807 2447 2857 reatus
2470 2802 2778 2868 excruciet,
2802 2802 2958 2857 unde
2979 2801 3148 2856 modo
3171 2799 3408 2855 honoris
3440 2817 3522 2855 re-

1872 2889 2130 2944 verentia
2159 2889 2312 2944 inter
2341 2895 2577 2945 caeteros
2610 2889 2982 2946 sublimiores
3004 2889 3363 2960 judicamur.
3388 2887 3518 2943 Pal-

1873 2975 2018 3031 lium
2051 2983 2246 3033 autem
2278 2979 2626 3034 fraternitati
2660 2984 2772 3033 tuae
2802 2995 2870 3034 ex
2901 2995 3060 3034 more
3103 2979 3172 3033 ad
3201 2977 3517 3032 missarum

1873 3063 2158 3120 solemnia
2189 3066 2537 3122 celebranda
2566 3068 2718 3122 sicut
2761 3083 3104 3123 concessum
3137 3069 3226 3122 est
3255 3070 3520 3121 antecesv

1872 3154 2104 3209 scribus
2132 3156 2250 3209 tuis
2283 3156 2679 3223 concedimus,
2703 3155 2970 3211 videlicet
2999 3159 3063 3210 ut
3089 3156 3145 3210 in
3179 3153 3381 3210 Natale
3407 3154 3518 3209 Do-

1875 3242 2041 3310 mini,
2059 3242 2116 3298 in
2132 3243 2453 3314 Epiphania
2472 3244 2718 3308 Domini,
2741 3244 2799 3298 in
2821 3234 3364 3312 purificatione’etin
3390 3241 3521 3297 aliis

1876 3331 2290 3386 festintatibus
2313 3337 2525 3387 sancite
2549 3331 2763 3398 Mariaa,
2789 3332 2848 3385 in
2873 3331 3111 3396 Palmis,
3134 3331 3194 3385 in
3217 3331 3388 3384 Ccsna
3414 3334 3519 3384 Do-

1877 3420 2043 3488 mini,
2076 3420 2133 3474 in
2169 3421 2422 3476 Sabbato
2454 3425 2679 3490 sancto,
2712 3421 2770 3475 in
2797 3420 2890 3474 die
2920 3419 3223 3474 Dominica
3245 3419 3520 3473 Resurre-

1876 3508 2104 3574 ctionis,
2129 3509 2187 3564 in
2208 3514 2409 3564 octava
2431 3510 2682 3578 Paschae,
2717 3508 2778 3562 in
2809 3508 3164 3564 Ascensione
3191 3506 3438 3577 Domini,
3462 3507 3522 3560 in

1876 3597 2230 3667 Pentecoste,
2267 3597 2323 3651 in
2373 3597 2551 3652 natali
2605 3597 2791 3653 sancti
2841 3595 3083 3652 Joannis
3131 3595 3422 3667 Baptistae,
3463 3595 3522 3650 in

1877 3685 2055 3740 natali
2089 3685 2352 3740 omnium
2386 3686 2808 3758 apostolorum,
2862 3686 2921 3740 in
2956 3686 3099 3740 festo
3138 3685 3196 3740 S.
3230 3683 3524 3738 Laurentii

1875 3778 1932 3830 et
1957 3775 2016 3829 S.
2045 3774 2318 3839 Mauritii,
2342 3774 2401 3828 in
2427 3775 2572 3829 festo
2597 3776 2656 3830 S.
2686 3773 2990 3830 Michaelis
3007 3777 3065 3829 et
3090 3773 3364 3829 Omnium
3386 3772 3527 3827 San-

1876 3867 2124 3931 ctorum,
2157 3867 2213 3916 et
2242 3863 2297 3918 S.
2335 3862 2570 3917 Martini
2613 3868 2668 3918 et
2700 3868 3037 3918 sanctorum
3065 3863 3345 3925 virorum,
3377 3876 3526 3931 quo-

1877 3967 2004 4006 rum
2037 3967 2278 4022 corpora
2305 3951 2457 4022 apud
2482 3967 2583 4006 vos
2614 3951 2927 4016 habentur,
2953 3951 3011 4004 in
3035 3949 3407 4005 Dedicatione
3428 3948 3527 4003 Ec-

1876 4038 2086 4104 clesiae,
2120 4047 2173 4094 et
2202 4039 2262 4094 in
2295 4039 2690 4096 anniversario
2715 4044 2815 4094 tuo
2850 4043 2906 4094 et
2927 4040 3160 4110 quando
3181 4038 3415 4094 ordines
3446 4042 3528 4091 ta-

1877 4128 1981 4183 cis.
2016 4132 2331 4183 Hortamur
2380 4128 2577 4200 itaque
2626 4128 2974 4184 charitatem
3026 4133 3188 4183 tuam
3241 4130 3306 4182 ut
3334 4142 3527 4181 mores

1876 4217 2002 4270 vita:
2029 4221 2141 4270 tua;
2172 4220 2331 4271 tanto
2363 4215 2603 4272 honoris
2634 4224 2976 4272 ornamento
3009 4215 3377 4282 conveniant,
3404 4214 3528 4286 qui-

1877 4305 1986 4358 bus
2017 4309 2250 4357 auctore
2284 4309 2395 4359 Deo
2428 4304 2677 4376 exempli
2707 4306 2884 4360 verbo
2916 4305 3110 4375 possis
3140 4320 3267 4359 esse
3292 4302 3527 4374 conspi-

1877 4407 2042 4446 cuus.
2071 4391 2202 4446 Vita
2233 4392 2410 4463 igitur
2440 4398 2541 4447 tua
2571 4393 2647 4447 sit
2676 4393 2815 4448 filiis
2845 4392 2964 4447 tuis
2996 4392 3215 4464 regula,
3242 4398 3304 4446 ut
3327 4391 3374 4447 si
3407 4408 3528 4462 qua

1889 4479 2184 4534 corritudo
2207 4481 2296 4550 (su
2318 4479 2474 4534 steht
2501 4479 2807 4552 deutlicht)
2833 4481 2889 4535 in
2913 4480 3029 4536 illis
3050 4480 3526 4552 deprehenditur,

1879 4569 1934 4622 in
1966 4584 2033 4623 ea
2063 4568 2368 4640 dirigatur.
2398 4567 2506 4623 Cor
2534 4585 2669 4640 ergo
2692 4573 2859 4623 tuum
2885 4585 3074 4640 neque
3099 4585 3377 4639 prospera
3395 4585 3522 4638 quae

77 4657 293 4729 cellis,
326 4659 610 4727 ecclesiis,
645 4659 902 4715 castellis
925 4641 1098 4729 villis,
1124 4660 1356 4732 praediis
1381 4675 1558 4730 quam
1591 4658 1766 4712 etiam
1795 4641 1844 4706 D
1873 4656 2274 4728 temporaliter
2304 4655 2714 4724 blandiuntur,
2749 4657 3029 4712 extollant
3060 4673 3248 4727 neque
3285 4657 3527 4711 adversa

74 4749 152 4804 in
185 4747 420 4804 ceteris
441 4748 619 4804 rebus
637 4749 956 4804 mobilibus
976 4749 1244 4805 videlicet
1259 4754 1316 4804 et
1339 4747 1764 4817 immobilibus,

75 4835 551 4904 constituentes,
586 4853 690 4910 per
719 4836 900 4908 hujus
932 4837 1116 4893 nostri
1144 4835 1430 4909 privilegii
1457 4835 1764 4890 auctorita-

73 4931 249 4992 tem,
272 4929 340 4978 ut
360 4923 522 4980 nulla
544 4925 895 4997 spiritualis,
917 4943 1020 4982 seu
1045 4925 1343 4982 saecularis
1362 4941 1767 4997 personaprae-

69 5018 307 5071 sumat
334 5013 514 5086 hujus
545 5019 758 5070 nostra:
790 5016 1114 5072 sanctionis
1143 5015 1427 5088 scriptum
1460 5014 1518 5068 in
1551 5018 1759 5084 totum,

64 5101 759 5175 partemveinfringere.
775 5107 1066 5174 quatenus
1091 5104 1163 5158 ab
1184 5102 1348 5158 omni
1368 5102 1629 5160 humana
1645 5119 1764 5175 per-

63 5188 444 5247 turbatione
471 5191 661 5246 securi
693 5195 869 5263 atque
899 5192 1079 5264 quieti
1110 5191 1500 5263 omnipotenti
1523 5191 1642 5246 Deo
1664 5208 1762 5244 va-

57 5280 262 5335 leant
294 5277 566 5334 militare.
598 5279 658 5335 Si
691 5280 826 5350 quis
878 5280 1060 5352 igitur
1088 5297 1236 5336 ausu
1269 5279 1580 5336 temerario
1608 5279 1759 5334 hanc

56 5371 374 5425 nostram
406 5368 880 5424 constitutionem
914 5368 1128 5424 violare
1150 5368 1606 5440 praesumpserit,
1630 5368 1757 5422 bea-

55 5465 297 5514 torum
329 5455 725 5526 apostolorum
751 5457 900 5512 Petri
928 5461 985 5511 et
1017 5457 1175 5513 Pauli
1210 5456 1356 5511 sciat
1382 5472 1443 5511 se
1473 5472 1659 5527 usque
1689 5455 1760 5510 ad

55 5547 344 5617 dignam
363 5545 835 5601 emendationem
852 5546 1200 5601 auctoritate
1216 5543 1762 5600 excommunicatio-

54 5637 196 5694 nis
225 5635 462 5690 vinculo
495 5636 865 5701 innodatum,
899 5640 957 5691 et
987 5652 1120 5690 cum
1149 5634 1348 5706 impiis
1379 5638 1435 5689 et
1465 5632 1762 5706 sacrilegis

47 5723 336 5782 aeternis
366 5724 640 5780 Jehennae
669 5724 958 5780 incendiis
991 5725 1357 5796 deputatum.
1401 5724 1469 5778 At
1495 5738 1626 5778 vero
1657 5723 1760 5794 qui

1873 4745 2168 4816 dejiciant,
2195 4745 2294 4800 sed
2317 4743 2602 4816 quidquid
2623 4743 2766 4799 illud
2795 4744 2987 4809 fuerit,
3006 4744 3219 4799 virtute
3234 4745 3524 4816 patientia:

1872 4834 2254 4891 devinciatur.
2287 4833 2527 4888 Nullum
2577 4834 2731 4904 apud
2777 4839 2831 4888 te
2880 4834 3071 4889 locum
3106 4833 3258 4904 odia,
3293 4831 3523 4889 nullum

1872 4924 2033 4980 favor
2059 4922 2411 4979 indiscretus
2431 4922 2707 4978 inveniat.
2743 4923 2898 4995 (Hier
2921 4922 3050 4978 eine
3071 4923 3246 4978 Lﬁcte
3266 4921 3345 4977 im
3371 4922 3524 4995 Lert)

1874 5011 2291 5068 benedictionis
2323 5016 2434 5066 tuae
2449 5010 2718 5083 justique
2733 5011 2944 5083 judicii
2966 5029 3114 5084 opus
3136 5011 3378 5080 (wieder
3397 5011 3525 5066 eine

1872 5101 2070 5173 Liicte)
2100 5101 2236 5156 vitio
2291 5099 2699 5156 commaculet.
2735 5101 2822 5156 Sit
2873 5100 2932 5156 in
2982 5107 3038 5156 te
3068 5107 3124 5157 et
3177 5099 3313 5156 boni
3341 5098 3524 5172 patris

1870 5189 2113 5245 dulcedo
2139 5194 2197 5244 et
2219 5189 2438 5260 judicis
2473 5205 2618 5260 pura
2641 5189 2932 5256 discretio,
2962 5205 3146 5244 unum
3175 5187 3327 5260 quod
3361 5187 3524 5242 inno-

1868 5284 2067 5335 center
2093 5279 2351 5333 viventes
2384 5278 2588 5346 foveat,
2645 5277 2801 5333 aliud
2838 5278 3129 5351 inquietos
3175 5295 3203 5332 a
3237 5277 3522 5348 pravitate

1868 5371 2217 5439 compescat.
2268 5364 2702 5420 Misericordem
2749 5369 2804 5420 te
2856 5370 3024 5435 prout
3071 5365 3254 5422 virtus
3299 5365 3520 5438 patitur

1869 5455 2236 5529 pauperibus
2274 5453 2498 5510 exhibe.
2552 5453 2786 5526 Opressi
2841 5453 3097 5510 defensio
3150 5459 3252 5510 tua
3308 5455 3517 5510 subve-

1869 5545 2014 5612 niat,
2036 5543 2503 5616 opprimentibus
2527 5543 2790 5597 modesta
2813 5544 2958 5599 ratio
2983 5543 3362 5600 contradicat.
3380 5543 3520 5599 Nul-

1870 5633 1984 5688 lius
2017 5633 2217 5687 taciem
2247 5635 2447 5687 contra
2468 5629 2760 5702 justitiam
2792 5631 3062 5704 accipias,
3093 5631 3319 5688 nullum
3362 5649 3517 5704 qum-

1869 5727 2090 5778 rentem
2115 5722 2276 5795 justa
2303 5718 2610 5793 despicias.
2646 5719 2917 5776 Custodia
2947 5721 3072 5778 vitae
3103 5722 3161 5778 in
3193 5727 3247 5778 te
3277 5721 3514 5792 aequita-
