4036 6184
580 305 736 367 1343

1868 305 2317 367 ALEXANDRI
2360 304 2411 366 ll
2457 305 2686 368 PAPJE

3734 313 3833 378 ΒΗ

579 437 657 495 tis
679 437 936 505 excellat,
960 443 1022 493 ut
1044 454 1147 495 nec
1169 434 1405 494 divitem
1429 439 1685 511 potentia
1707 457 1813 496 sua
1831 440 2051 513 aliquid
2066 439 2217 512 apud
2249 444 2303 506 Α
2332 441 2686 506 Pentecoste,
2711 441 2771 495 in
2794 439 3094 496 nativitate
3116 440 3175 497 S.
3205 439 3433 498 Joannis
3453 442 3695 516 Baptista,
3712 445 3754 503 in
3769 465 3831 504 ηι-

580 544 681 582 vos
710 532 871 582 extra
898 526 1049 583 viam
1084 530 1327 584 suadeat
1357 530 1600 586 rationis
1631 532 1829 586 audire
1874 549 1979 587 nec
2007 548 2223 605 paupe-

583 634 703 672 rem
736 618 873 673 dare
905 636 1011 673 sua
1043 620 1215 675 faciat
1243 620 1548 677 humilitas
1569 623 1895 693 desperare.
1926 624 2226 686 Quatenus

581 706 695 761 Deo
729 707 1042 764 miserante
1096 710 1229 765 talis
1263 711 1452 782 possis
1502 712 1763 777 existere,
1798 712 2029 783 qualem
2064 729 2225 767 sacra

581 796 805 851 sanctio
848 798 1128 870 praecipit,
1181 800 1417 855 dicens:
1471 802 1685 872 Oportet
1724 804 2032 873 episcopum
2081 801 2225 855 irre-

579 886 1007 955 prehensibilcm
1037 904 1168 943 esse.
1202 890 1311 943 Sed
1346 890 1438 944 his
1489 890 1762 944 omnibus
1803 890 1884 944 uti
1917 887 2227 945 salubriter

583 973 821 1043 poteris,
855 975 901 1031 si
938 977 1279 1048 magistram
1330 978 1671 1033 charitatem
1722 978 2017 1043 habueris,
2051 993 2226 1047 quam

586 1062 685 1131 qui
718 1068 955 1119 secutus
986 1065 1112 1131 fuit,
1146 1083 1179 1120 a
1209 1070 1361 1120 recto
1394 1066 1706 1138 aliquando
1735 1067 1963 1121 tramite
1992 1082 2104 1120 non
2141 1081 2226 1118 re-

585 1150 757 1205 cedit.
791 1153 954 1221 Ecce,
991 1154 1165 1208 frater
1194 1153 1558 1221 charissime,
1579 1154 1737 1209 intus
1760 1152 1952 1208 multa
1974 1153 2087 1207 alia
2116 1152 2230 1205 ista

584 1242 727 1292 sunt
760 1241 1087 1304 sacerdotii,
1111 1241 1221 1295 ista
1242 1246 1380 1296 sunt
1403 1241 1582 1313 pallii,
1609 1260 1735 1313 quae
1760 1242 1806 1296 si
1836 1241 2092 1294 studiose
2116 1255 2229 1291 ser-

584 1326 919 1398 varis,quod
936 1330 1135 1383 feceris
1150 1330 1441 1401 accepisse
1454 1330 1780 1385 ostenderis
1796 1330 1950 1383 intus
1964 1327 2226 1382 habebis.

583 1414 733 1469 Crux
765 1421 960 1471 autem
1013 1421 1146 1472 ante
1196 1419 1348 1473 sicut
1395 1423 1529 1473 ante
1583 1420 1916 1473 decessores
1966 1422 2095 1471 tuos
2131 1415 2227 1471 ubi

581 1508 830 1575 geratur,
893 1506 1213 1576 primatum
1271 1524 1503 1578 quoque
1560 1506 1827 1562 Ecclesiae
1887 1511 2003 1559 tua:
2060 1507 2230 1575 juxta

582 1594 827 1648 formam
864 1600 1200 1649 sanctorum
1251 1597 1747 1665 praedecessorum
1791 1598 2162 1659 nostrorum;
2197 1610 2230 1647 a

581 1697 837 1751 quorum
867 1682 1215 1738 auctoritate
1248 1700 1359 1737 non
1394 1684 1674 1739 debemus
1724 1683 1994 1738 oberrare
2025 1697 2227 1736 conce-

580 1768 778 1823 dimus
810 1773 866 1823 et
905 1770 1341 1825 conﬁrmamus.
1395 1771 1607 1826 Sancta
1655 1770 1911 1825 Trinitas
1959 1768 2225 1823 fraterni-

579 1859 760 1910 tatem
783 1859 945 1910 tuam
968 1857 1163 1927 gratiae
1186 1875 1305 1912 suae
1334 1860 1685 1929 profectione
1705 1858 2028 1914 circumdet
2046 1862 2220 1927 atque

580 1942 661 1997 ita
682 1944 741 1997 in
772 1943 998 2000 timoris
1027 1946 1119 2000 sui
1148 1947 1241 2002 via
1261 1964 1367 2003 nos
1389 1947 1620 2019 dirigat,
1644 1952 1709 2002 ut
1729 1951 1859 2019 post
1887 1946 2015 2001 vitze
2042 1946 2220 2017 hujus

580 2033 1031 2089 amaritudinem
1062 2035 1134 2090 ad
1165 2041 1438 2092 aeternam
1469 2036 1646 2091 simul
1689 2035 2055 2091 dulcedinem
2088 2052 2221 2106 per-

579 2120 777 2175 venire
808 2138 1153 2178 mereamur.

653 2209 943 2281 Scriptum
969 2228 1071 2283 per
1093 2230 1329 2268 manum
1343 2214 1588 2268 Joannis
1612 2213 1819 2268 notarii
1841 2218 1897 2268 et
1910 2211 2221 2283 regionarii

582 2313 649 2352 ac
674 2298 963 2355 scriniarii
995 2306 1207 2357 sanctae
1239 2302 1397 2359 sedis
1430 2301 1782 2374 apostolicae,
1798 2301 2115 2355 indictione
2143 2317 2220 2369 vr,

582 2402 734 2442 anno
768 2390 924 2443 1065.

1340 2536 1475 2590 LIX.

582 2636 900 2693 Alexander
955 2640 1005 2695 II
1078 2640 1316 2697 Arnoldo
1389 2643 1789 2712 archiepiscopo
1846 2636 2223 2692 Acheruntono

1098 2712 1270 2785 pallii
1296 2730 1455 2767 usum
1484 2713 1697 2767 tribuit.

1196 2819 1387 2890 (Anno
1428 2820 1612 2887 1068.)

907 2923 1195 2994 [Ηαηειιμ
1236 2926 1399 2980 Italia
1434 2941 1614 2990 sacra,
1646 2924 1761 2991 Vll,
1789 2924 1905 2993 25.]

660 3048 1001 3102 Aaexmoan
1033 3046 1363 3119 episcopus,
1397 3064 1598 3104 servus
1629 3062 1926 3102 servorum
1958 3043 2082 3108 Dei,
2112 3045 2223 3097 An-

589 3150 772 3189 NOLDO
828 3134 1235 3190 Acheruntinae
1277 3134 1541 3191 Ecclesiaa
1589 3133 1905 3191 venerabili
1945 3129 2227 3202 archiepi-
2260 3163 2302 3230 α

587 3238 782 3295 scopo,
816 3227 1155 3294 perpetuam
1189 3224 1247 3278 in
1279 3224 1523 3279 Domino
1563 3224 1832 3279 salutem.

586 3312 867 3368 Convenit
897 3313 1212 3384 apostolico
1244 3313 1626 3368 moderamini
1660 3312 1755 3384 pia
1786 3310 2063 3382 religione
2104 3305 2226 3378 pol-

586 3399 845 3456 lentibus
877 3402 1081 3456 affectu
1113 3402 1320 3457 debita:
1352 3402 1651 3457 charitatis
1681 3402 1739 3455 in
1782 3395 2229 3455 necessitatibus

588 3490 897 3544 subvenire
928 3494 983 3544 et
1012 3506 1210 3545 eorum
1237 3491 1417 3562 justis
1468 3490 1850 3561 petitionibus
1886 3483 2229 3542 benevolum

589 3578 844 3648 prabere
875 3595 1205 3634 assensum.
1260 3581 1423 3634 Tunc
1456 3579 1611 3634 enim
1664 3577 1807 3633 lucri
1856 3574 2226 3649 potissimum

591 3666 902 3737 praemium
935 3669 1089 3739 apud
1122 3668 1477 3723 conditorem
1512 3666 1777 3723 omnium
1800 3666 1983 3721 Deum
2008 3681 2113 3719 nos
2134 3663 2232 3717 ha-

590 3753 817 3810 bituros
840 3771 1168 3828 speramus,
1193 3757 1239 3811 si
1256 3755 1743 3812 venerabilialoca
1764 3758 2095 3809 sanctorum
2110 3768 2233 3823 per-

593 3862 698 3899 nos
732 3845 947 3900 fuerint
978 3845 1048 3900 ad
1081 3844 1383 3901 meliorem
1436 3849 1654 3901 statum
1706 3843 2015 3915 prmducta.
2051 3841 2235 3913 Igitur

594 3933 693 4005 qui
726 3934 1067 4004 postulastis
1116 3952 1149 3989 a
1199 3934 1369 3990 nobis
1418 3939 1711 4005 quatenus
1759 3932 2230 3996 concederemus,

594 4023 1077 4078 conﬁrmaremus
1142 4023 1247 4077 tibi
1313 4022 1878 4094 archiepiscopatum
1947 4017 2233 4087 praedicta:

593 4111 1001 4166 Acheruntinze
1024 4111 1313 4182 Ecclesiae,
1338 4128 1471 4167 cum
1487 4111 1761 4165 omnibus
1784 4107 2075 4180 parochiis
2089 4106 2234 4173 suis,

593 4198 929 4254 civitatibus
944 4200 1226 4271 quinque,
1239 4198 1983 4265 videlicetVenusio,Monte
2000 4194 2236 4261 Milone,

594 4288 864 4359 Potenza,
898 4288 1104 4355 Tulba,
1137 4288 1413 4356 Tricario,
1468 4288 1684 4343 Monte‘
1711 4286 1930 4354 Peloso,
1963 4284 2236 4348 Gravina,

596 4376 833 4445 Matera,
868 4378 1112 4447 Oblano,
1163 4377 1333 4433 Turri
1380 4377 1609 4443 Tursio,
1674 4375 2004 4440 Lasiniano,
2038 4376 2238 4428 sancto

594 4466 882 4537 Quiriaco,
914 4468 1133 4533 Nirolo,
1158 4484 1291 4523 cum
1323 4465 1576 4523 castellis
1597 4470 1653 4520 et
1672 4463 1845 4529 villis,
1870 4460 2240 4518 monasteriis

2335 529 2437 584 tali
2470 530 2734 585 omnium
2769 529 3185 601 apostolorum,
3231 535 3285 586 et
3314 534 3484 587 sancti
3528 534 3755 591 Michaelis
3777 555 3833 591 ar-

2335 618 2620 690 changeli,
2645 629 2701 674 et
2721 618 2993 674 Omnium
3019 620 3379 685 Sanctorum,
3402 638 3460 675 ac
3478 626 3736 677 vestrorum
3754 642 3836 679 san-

2336 713 2583 774 ctorum,
2618 724 2867 779 quorum
2901 725 3142 780 corpora
3172 710 3322 780 apud
3350 726 3443 764 vos
3470 709 3690 779 habetis;
3716 712 3754 766 in
3775 716 3833 769 de-

2336 796 2620 852 dicatione
2642 796 3041 864 ecclesiarum,
3065 805 3121 851 et
3144 799 3371 867 quando
3388 798 3718 854 ordinationes
3735 802 3833 856 facis.

2338 885 2649 940 Hortamur
2680 885 2877 957 itaque
2925 885 3261 941 charitatem
3302 890 3475 953 tuam,
3506 892 3563 941 ut
3604 904 3743 943 mores
3760 890 3834 943 vita

2336 978 2446 1028 tuae
2479 974 2623 1028 tanti
2655 973 2893 1028 honoris
2926 979 3264 1029 ornamento
3298 974 3528 1046 exempli
3572 976 3735 1047 ubique
3758 995 3833 1047 pos—

2337 1062 2457 1117 sint
2486 1077 2614 1116 esse
2644 1062 2963 1133 conspicui.
2996 1062 3127 1117 Vita
3146 1062 3324 1134 igitur
3350 1067 3445 1118 tua
3467 1062 3586 1118 filiis
3610 1065 3703 1119 tuis
3719 1065 3770 1119 sit
3786 1084 3834 1120 re-

2338 1150 2495 1221 gula,
2529 1154 2594 1204 ut
2624 1150 2671 1204 si
2704 1167 2820 1221 qua
2846 1151 3121 1206 fortitudo
3153 1152 3649 1223 deprehenditurin
3674 1170 3735 1219 ea,
3757 1155 3837 1207 diri-

2339 1243 2510 1309 gatur
2540 1254 2637 1293 cor
2660 1256 2797 1310 erga
2821 1256 3017 1305 suum,
3043 1256 3229 1310 neque
3253 1256 3516 1311 prospera
3537 1256 3641 1311 qua
3660 1245 3840 1311 tempora-

2337 1327 2469 1381 liter
2492 1327 2872 1382 blandiuntur
2892 1328 3189 1396 extollant,
3216 1344 3399 1400 neque
3421 1329 3634 1383 adversa
3650 1330 3838 1398 dejicimt,

2341 1417 2439 1470 sed
2470 1416 2755 1487 quidquid
2775 1415 2916 1471 illud
2940 1416 3135 1483 fuerit,
3152 1417 3430 1472 virtutum
3450 1417 3665 1488 puritate
3681 1417 3842 1471 devinca~

2338 1509 2451 1558 tur.
2479 1503 2716 1558 Nullum
2744 1506 2897 1575 apud
2921 1511 2976 1559 te
3008 1505 3200 1560 locum
3225 1506 3377 1569 odia,
3401 1504 3579 1559 nullus
3600 1506 3841 1559 favorindis-

2339 1597 2531 1647 cretus
2564 1593 2838 1648 inveniat.
2874 1595 3059 1648 Sacrae
3114 1593 3525 1650 benedictionis
3568 1594 3841 1663 tuejustique

2330 1681 2539 1751 judicii
2572 1697 2720 1752 opus
2741 1680 2904 1737 nulla
2926 1681 3257 1737 venalitatis
3280 1682 3604 1737 interventio
3627 1697 3841 1735 commacu-

2338 1768 2451 1837 let;
2482 1770 2560 1825 sit
2585 1770 2642 1825 in
2675 1774 2730 1825 te
2762 1776 2819 1825 et
2848 1770 2983 1825 boni
3014 1771 3267 1842 pastoris
3299 1770 3530 1825 dulcedo
3558 1774 3607 1823 et
3625 1768 3841 1839 judicia»

2334 1874 2469 1913 vera
2499 1858 2806 1926 districtio,
2860 1875 3044 1913 unum
3093 1859 3313 1914 scilicet
3363 1860 3664 1914 innocenter
3683 1856 3842 1909 viventes

2330 1945 2535 2014 foveat,
2568 1947 2724 2001 aliud
2752 1946 3040 2017 inquietos
3062 1963 3096 2001 a
3118 1947 3400 2017 pravitate
3420 1950 3719 2017 compescat.
3740 1943 3840 1997 Nise

2330 2034 2616 2089 ricordem
2674 2040 2749 2098 te,
2809 2039 2983 2105 prout
3050 2035 3237 2089 virtus
3290 2035 3554 2106 patiatur,
3601 2032 3841 2104 pauperibus

2332 2123 2557 2187 exhibe,
2582 2122 2877 2193 oppressis
2896 2123 3154 2178 defensio
3171 2127 3274 2177 tua
3290 2122 3596 2178 subveniat.
3614 2120 3844 2191 Opprimat-

2332 2213 2492 2267 tihus
2514 2212 2781 2266 modesta
2802 2211 2948 2266 ratio
2964 2211 3347 2267 contradicat.
3366 2210 3582 2266 Nullius
3603 2209 3756 2264 faciem
3770 2222 3844 2259 con-

2332 2300 2450 2370 traj
2461 2298 2723 2354 ustitiam
2738 2299 3017 2371 accipere.
3043 2300 3322 2355 Custodia
3342 2300 3397 2353 in
3413 2305 3466 2355 te
3485 2297 3726 2369 aequitatis
3737 2292 3845 2348 excel-

2334 2388 2436 2453 lat,
2475 2392 2535 2442 ut
2566 2403 2671 2442 nec
2701 2388 2937 2443 divitem
2987 2387 3246 2459 potentia
3296 2405 3402 2444 sua
3428 2386 3629 2458 aliquid
3667 2382 3776 2454 apud
3792 2395 3849 2432 vos

2335 2480 2497 2532 extra
2519 2475 2671 2531 viam
2703 2476 2947 2531 rationis
2977 2477 3181 2531 audire
3210 2478 3475 2532 suadeat.
3505 2480 3609 2530 Nec
3644 2484 3849 2545 pauperem

2336 2566 2405 2620 de
2440 2579 2499 2618 re
2532 2569 2633 2619 tua
2663 2564 2837 2620 faciat
2866 2565 3171 2621 humilitas
3198 2566 3523 2637 desperare,
3546 2556 3849 2634 quatenusikr

2335 2653 2492 2707 mino
2517 2654 2831 2708 miserante
2860 2653 2996 2709 talis
3026 2655 3217 2725 possis
3242 2654 3507 2717 existere,
3540 2650 3731 2723 qualem
3755 2660 3851 2700 sacra

2334 2741 2506 2796 lectio
2539 2741 2799 2813 praecipit
2847 2742 3086 2797 dicens:
3139 2742 3361 2813 Oportet
3407 2743 3681 2812 episcopum
3704 2740 3849 2803 impre-

2337 2830 2665 2885 hensibilem
2693 2846 2825 2885 esse.
2851 2830 2960 2885 Sed
2995 2829 3064 2885 iis
3094 2830 3373 2886 omnibus
3394 2830 3475 2885 uti
3498 2827 3752 2885 salubriter
3766 2828 3852 2893 pole—

2338 2918 2439 2987 ris,
2460 2918 2509 2972 si
2528 2919 2874 2990 magistram
2897 2918 3245 2974 charitatem
3269 2919 3709 2988 habueris,quam
3729 2911 3793 2983 qui
3808 2923 3851 2960 se

2337 3011 2511 3063 cutus
2540 3006 2715 3061 fuerit
2746 3023 2779 3061 a
2803 3012 2958 3062 recto
2987 3006 3222 3063 tramite
3255 3025 3374 3064 non
3420 3007 3637 3063 recedit.
3664 3002 3853 3069 Scriptum

2338 3111 2442 3165 per
2466 3112 2677 3150 manus
2695 3094 2941 3151 Joannis
2966 3095 3281 3165 scriniarii,
3304 3102 3362 3152 et
3382 3093 3599 3159 notarii,
3622 3107 3675 3147 ac
3691 3088 3857 3159 regiona-

2342 3183 2411 3237 rii
2445 3183 2595 3239 sacri
2626 3182 2846 3253 palatii.

2409 3264 2620 3327 Datum
2670 3273 2882 3337 Later.,
2924 3273 3123 3328 Idibus
3153 3272 3396 3345 Aprilis,
3432 3289 3531 3344 per
3571 3283 3741 3325 manus
3772 3257 3860 3317 Petri

2339 3367 2554 3417 sanctis
2584 3362 2855 3417 Romanae
2879 3361 3147 3417 Ecclesia;
3196 3362 3535 3419 subdiaconi
3574 3376 3632 3415 ac
3657 3350 3861 3412 bibliothe-

2341 3447 2502 3518 carii,
2537 3466 2688 3503 anno
2721 3449 2794 3504 ab
2853 3450 3253 3505 Incarnatione
3304 3450 3528 3505 Domini
3560 3448 3691 3512 1068,
3715 3441 3862 3497 indm.

2343 3536 2718 3608 pontiﬁcatus
2748 3554 2880 3592 vero
2916 3539 3078 3593 Dom.
3112 3538 3424 3594 Alexandri
3468 3553 3612 3609 papa!
3640 3533 3695 3599 Il,
3720 3538 3861 3583 nam.

3108 3699 3220 3753 LX.

2341 3787 2656 3846 Alexander
2702 3788 2750 3841 Il
2780 3787 3022 3844 ecclesiae
3068 3791 3127 3842 S.
3177 3786 3368 3843 Mariae
3417 3784 3713 3856 Magdalenaz
3743 3771 3864 3856 Ρὶζῖέυ·

2426 3861 2611 3915 nensis
2635 3860 3029 3930 protectionem
3058 3860 3288 3930 suscipit
3322 3849 3562 3929 bonaque
3585 3849 3816 3920 canﬁrmal-

2965 3966 3155 4035 (Anno
3188 3966 3376 4037 1068.)

2345 4072 2513 4144 [Dom
2542 4074 2791 4144 Camer,
2853 4072 3090 4127 Histoire
3131 4072 3195 4127 de
3241 4074 3525 4137 Lorrame,
3554 4070 3592 4131 Ι.
3636 4068 3865 4122 Pratum?-

3093 4144 3243 4213 462.]

2418 4272 2755 4324 ALEXANDER
2784 4268 3114 4340 episcopus,
3149 4283 3355 4323 servus
3396 4277 3670 4322 servorum
3696 4254 3780 4315 Dei,
3803 4250 3867 4303 Es-

2350 4376 2642 4414 MENTRIDO
2655 4357 2967 4413 venerabili
2988 4357 3354 4429 presbytero,
3391 4351 3661 4411 fundatori
3674 4363 3723 4402 aC
3736 4351 3869 4429 PF???

2350 4450 2460 4504 sito
2492 4446 2746 4502 ecclesias
2770 4426 3207 4502 Sanctae‘Mariaa
3236 4444 3601 4517 Magdalenae,
3622 4439 3719 4493 sitae
3743 4433 3781 4485 in
3796 4426 3865 4475 Vix"

594 4526 659 4617 ac
691 4526 979 4633 plebibus,
1012 4526 1132 4613 tam
1163 4556 1375 4612 Grzncis
1398 4572 1573 4627 quam
1598 4526 1842 4616 Latinis,
1869 4550 2121 4622 exceptis
2144 4548 2237 4611 iis,
2270 4531 2317 4595 D
2347 4537 2599 4592 dunenSi
2630 4536 2881 4601 οἱνίῐοιῐθν
2924 4535 3166 4606 suisque
3214 4531 3639 4590 successoribus
3678 4526 3721 4579 ίυ
3744 4527 3867 4591 ΡθτΨ

594 4669 721 4723 quae
755 4651 826 4705 ad
859 4648 1224 4705 dominatum
1258 4645 1672 4715 nostrumjure
1695 4641 1863 4697 nobis
1893 4639 2233 4702 retinemus,

594 4739 855 4815 petitioni
888 4743 1003 4793 tua:
1049 4736 1297 4791 libenter
1344 4733 1686 4801 annuimus,
1743 4730 1996 4784 Montem
2029 4724 2238 4782 Urrani

596 4844 827 4902 quoque
856 4832 913 4883 et
952 4830 1308 4888 armentum,
1357 4839 1484 4893 quae
1534 4818 1835 4889 largitione
1884 4816 2144 4871 ﬁdelium
2178 4816 2237 4869 in

596 4917 923 4974 dominium
982 4918 1197 4969 sanctae
1228 4909 1636 4966 Acheruntinae
1688 4904 1949 4960 Ecclesia)
1980 4905 2240 4957 recenter

596 5007 974 5073 transierunt,
1008 5002 1114 5057 tibi
1143 5001 1377 5071 tuisque
1399 4993 1838 5053 successoribus
1866 4990 2241 5046 concedimus

597 5106 651 5153 et
682 5096 1120 5151 confirmamus.
1157 5089 1401 5145 Pallium
1436 5090 1631 5141 autem
1655 5079 2002 5138 fraternitati
2032 5085 2143 5135 tua:
2174 5095 2242 5133 ex

598 5202 758 5241 more
790 5184 857 5238 ad
892 5181 1206 5237 missarum
1231 5176 1514 5233 solemnia
1545 5172 1911 5236 celebranda,
1938 5170 2089 5225 sicut
2111 5185 2245 5223 con-

600 5290 830 5329 cessum
858 5278 915 5327 et
946 5267 1412 5326 antecessoribus
1462 5263 1599 5328 tuis,
1652 5258 2045 5324 concedimus,
2087 5256 2241 5311 vide-

600 5362 736 5416 licet
765 5362 822 5416 in
855 5359 1043 5415 Natali
1088 5354 1340 5412 Domini.
1393 5354 1452 5407 in
1501 5356 1701 5405 octava
1749 5348 2000 5416 Domini,
2033 5346 2092 5400 in
2123 5345 2241 5417 epi-

604 5450 838 5521 phania,
862 5449 921 5503 in
944 5445 1351 5502 Purificatione
1370 5448 1427 5496 et
1448 5440 1581 5494 aliis
1602 5436 2013 5492 festivitatibus
2032 5441 2243 5490 sancta:

607 5538 821 5606 Maria},
856 5538 912 5591 in
944 5538 1113 5591 Coena
1136 5531 1363 5588 Domini
1398 5531 1455 5584 in
1502 5528 1752 5583 Sabbato
1784 5528 2005 5589 sancto,
2048 5522 2107 5577 in
2154 5522 2246 5577 die

606 5625 907 5687 Dominico
937 5619 1482 5687 Rcsurrectionis,in
1515 5614 1868 5674 Ascensione
1898 5612 2149 5680 Domini,
2185 5612 2242 5667 in

2348 4632 2537 4681 tuum.

2418 4716 2501 4769 Ex
2529 4714 2992 4770 consideratione
3034 4712 3367 4784 apostolica;
3417 4710 3582 4778 sedis,
3608 4703 3683 4761 cui
3710 4698 3868 4754 licet“?

2350 4804 2510 4875 digni
2544 4802 2927 4868 deservimus,
2970 4802 3146 4857 saluti
3196 4801 3461 4857 omnium
3502 4803 3557 4853 et
3597 4787 3866 4869 Ecclesium

2348 4892 2587 4950 utilitati
2624 4890 3030 4963 compellimur
3057 4890 3362 4962 invigilare
3393 4893 3449 4945 et
3467 4879 3773 4959 propositum
3794 4879 3867 4957 unl'

2350 4984 2560 5055 cuique
2589 4997 2789 5037 earum
2809 4982 2913 5051 jus
2942 4979 3303 5035 defendendo
3364 4971 3625 5033 servare?
3649 4964 3773 5055 Unde
3793 4964 3868 5055 qia!

2351 5043 2554 5144 religio
2584 5076 2686 5125 tua
2718 5071 2774 5125 in
2809 5043 3050 5125 vChristo
3100 5072 3314 5124 sancta:
3370 5057 3696 5138 operationis
3735 5043 3867 5144 studit-

2353 5132 2566 5232 quibus
2599 5177 2700 5232 per
2726 5158 3048 5215 Galliarum
3072 5132 3867 5232 pmvincias-pradicatur,g¢fli'

2353 5219 2503 5307 siam
2528 5219 2749 5305 Sanctae
2773 5248 2966 5303 Mariae
3000 5219 3376 5319 Magdalenae,
3408 5219 3575 5299 sitam
3597 5234 3724 5291 infra

2355 5357 2597 5397 nensem
2628 5338 2942 5403 civitatem,
2994 5316 3365 5407 possessione
3403 5328 3571 5388 simul
3610 5340 3667 5380 ac
3693 5316 3864 5407 religiént

2354 5430 2539 5502 praeit,
2573 5427 2951 5493 haereditavit,
2995 5403 3158 5479 tanto
3207 5421 3469 5479 convenit
3513 5431 3610 5472 nos
3637 5413 3688 5505 in
3715 5403 3861 5505 Domit?”

2355 5501 2607 5591 gaudere
2639 5522 2855 5589 quanto
2877 5514 3169 5587 gloriosus
3190 5513 3449 5569 eamdem
3480 5501 3743 5563 ecclesiam

2355 5584 2487 5664 nica
2517 5584 2794 5678 religione
2822 5584 2986 5662 decet
3014 5617 3358 5662 excrescere.
3393 5597 3564 5665 Unde,
3592 5591 3727 5664 iam
3749 5584 3865 5653 P05m'
