4036 6184
177 299 202 356 1
215 299 333 357 349

174 519 450 574 dietatem
483 519 748 573 omnium
801 519 1216 590 primitiarum,
1249 518 1598 588 tertiamque
1646 516 1826 571 totius

175 607 489 663 oblationis
519 611 864 662 cunctarum
915 607 1290 662 ecclesiarum
1341 606 1714 677 episcopatus
1743 603 1825 657 vi-

174 714 378 752 vorum
412 713 478 751 ac
523 700 908 765 mortuorum,
942 701 1058 750 tam
1111 697 1167 749 in
1220 696 1392 750 terris
1422 711 1601 766 quam
1647 694 1702 746 in
1739 693 1823 746 vi-

178 786 326 850 neis,
378 785 698 840 mobilibus
745 785 831 840 vel
879 784 1306 851 immobilibus,
1359 800 1459 838 seu
1510 782 1826 853 cujuslibet

177 876 407 947 generis
438 874 912 946 possessionibus
947 873 1157 928 habere
1186 872 1545 938 censuimus,
1579 871 1821 926 oblatio-

177 965 352 1019 nibus
385 965 761 1034 antiquorum
787 963 1208 1018 monasterium
1239 962 1511 1032 exceptis,
1538 960 1821 1024 videlicet,

178 1055 236 1108 S.
270 1051 574 1124 Anthymi,
607 1053 664 1106 S.
698 1051 1035 1120 Salvatoris,
1067 1068 1289 1106 necnon
1331 1052 1388 1106 S.
1423 1049 1740 1113 Benedicti,
1772 1055 1828 1102 et

175 1146 232 1196 S.
270 1142 420 1196 Petri
463 1145 519 1195 in
565 1147 802 1211 Campo.
835 1141 1188 1196 Addidimus
1215 1141 1389 1196 etiam
1422 1139 1576 1211 quod
1628 1138 1825 1192 nullus

175 1231 462 1286 Iaicorum
507 1230 785 1286 ecclesias
831 1235 1027 1285 tenere
1058 1229 1144 1285 vel
1192 1229 1518 1286 oblationes
1565 1229 1823 1282 vivorum

174 1325 234 1376 et
263 1324 629 1376 mortuorum
659 1317 718 1372 in
753 1319 1020 1390 proprios
1053 1335 1198 1374 usus
1236 1323 1569 1389 retorquere
1602 1333 1826 1387 praesu-

175 1415 330 1474 mat;
385 1412 526 1464 sunt
572 1408 727 1463 enim
787 1407 1050 1479 plurimi,
1095 1409 1195 1481 qui
1247 1406 1674 1464 ecclesiasticas
1712 1423 1824 1471 res,

177 1499 348 1572 quasi
370 1499 506 1569 jure
545 1497 911 1552 basreditario
960 1515 995 1552 a
1039 1497 1382 1570 parentibus
1430 1497 1682 1566 relictas,
1715 1496 1824 1550 im-

176 1588 466 1658 pudenter
495 1586 604 1642 sibi
654 1592 968 1657 usurpant;
1022 1588 1178 1658 quod
1230 1587 1370 1658 quia
1417 1584 1827 1642 ecclesiasticis

175 1676 604 1731 statutionibus
663 1676 840 1731 nimis
896 1681 1233 1748 oppugnet,
1293 1677 1482 1730 modis
1553 1675 1828 1729 omnibus

175 1765 537 1821 inbibemus.
572 1766 917 1837 Quicunque
957 1782 1092 1835 ergo
1143 1766 1449 1820 temerario
1493 1781 1640 1819 ausu
1691 1762 1829 1816 huic
1861 1797 1908 1860 Β

175 1860 394 1910 nostra}
424 1855 714 1910 sanctioni
762 1853 1119 1920 contraieri‘t,
1151 1859 1206 1908 et
1239 1855 1346 1910 hoc
1394 1860 1660 1908 nostrum
1693 1867 1829 1921 apo-

175 1943 454 1998 stolicum
486 1945 786 2000 decretum
819 1944 877 1997 in
932 1948 1121 1998 totum
1170 1950 1462 2014 partemve
1513 1941 1835 2011 infregerit:

175 2033 227 2088 si
263 2049 333 2088 ex
364 2033 549 2087 sacris
580 2032 884 2088 ordinibus
912 2033 1106 2102 fuerit,
1131 2033 1222 2088 sui
1254 2033 1476 2088 ordinis
1508 2029 1832 2104 periculum

174 2121 464 2188 incurrat,
498 2123 547 2176 si
579 2139 709 2177 vero
758 2121 966 2188 laicus,
1002 2127 1212 2177 nostra)
1244 2121 1572 2193 apostolica:
1602 2136 1831 2176 excom-

174 2211 567 2266 municationi
619 2211 940 2281 subjaceat.
983 2212 1050 2265 Et
1099 2212 1341 2282 insuper
1387 2212 1647 2266 bannum
1695 2226 1832 2264 nos-

175 2304 342 2354 trum
388 2304 719 2370 componat,
752 2301 1119 2372 septuaginta
1149 2299 1416 2355 videlicet
1459 2299 1666 2371 optimi
1705 2299 1833 2353 auri

173 2388 386 2453 libras,
431 2389 802 2444 medietatem
857 2388 1225 2444 Lateranensi
1276 2387 1510 2460 palatio,
1557 2389 1832 2443 medieta-

174 2482 302 2533 tem
335 2483 533 2532 autein
566 2479 714 2549 parti
749 2483 1013 2533 nostrum
1043 2477 1427 2550 apostolicum
1461 2477 1712 2532 servanti
1741 2477 1834 2532 de-

179 2572 410 2622 cretum
425 2609 437 2620 .

258 2655 470 2710 Datum
522 2655 792 2720 Perusiae,
825 2657 993 2710 tertio
1043 2655 1168 2710 Kal.
1220 2656 1508 2724 Januarii,
1561 2672 1662 2726 per
1711 2671 1831 2709 ma-

181 2762 304 2800 nus
337 2745 483 2800 Petri
529 2744 721 2800 clerici
775 2745 1074 2816 fungentis
1114 2745 1235 2800 vice
1279 2746 1426 2799 Petri
1479 2749 1689 2800 sanctae
1724 2744 1833 2798 Ro-

179 2851 374 2889 mana:
401 2833 666 2890 Ecclesiae
697 2834 1042 2890 subdiaconi
1088 2851 1154 2889 ac
1203 2833 1648 2904 bibliothecarii,
1682 2848 1834 2887 anno

181 2923 259 2976 ab
315 2923 722 2978 Incarnatione
783 2923 1009 2978 Domini
1069 2924 1226 2984 1068,
1273 2923 1646 2994 pontiﬁcatus
1702 2937 1835 2976 vero

181 3011 389 3066 domni
421 3010 730 3067 Alexandri
760 3012 807 3068 ΙΙ
837 3029 991 3066 anno
1022 3029 1147 3082 VIII,
1179 3011 1382 3066 indict.
1415 3028 1489 3066 vr.

919 3173 1105 3228 LXIV.

173 3280 494 3334 Alexandri
523 3281 580 3334 Il
617 3283 840 3352 epistola
891 3281 960 3334 ad
1009 3281 1332 3336 Ilumoldum
1378 3283 1838 3336 Conslantiensem

255 3353 682 3422 episcopum.—
713 3353 786 3406 De
832 3355 1024 3407 abbate
1068 3354 1223 3423 cujus
1278 3369 1464 3408 servus
1511 3355 1681 3419 furtis
1730 3368 1837 3407 uno

251 3425 368 3476 ictu
405 3425 473 3476 ab
519 3425 636 3494 ipso
679 3439 988 3494 percussus,
1019 3430 1141 3496 post
1190 3441 1287 3478 sea:
1334 3441 1542 3479 menses
1591 3429 1839 3479 mortuus

254 3502 360 3548 est.

761 3584 949 3654 (Anno
992 3584 1272 3654 1061-69.)

605 3709 838 3776 [MANSI,
874 3709 1076 3763 Concil.
1111 3709 1252 3776 XIX,
1285 3708 1436 3780 963.]

261 3853 631 3921 ALEXANDER,
666 3852 952 3906 RUMOLDO
979 3851 1407 3906 Constantiensi
1440 3851 1732 3923 episc0po.

265 3939 672 3994 Intelleximus
721 3941 779 3995 in
815 3940 1024 3996 litteris
1055 3941 1171 3995 tuis
1202 3942 1355 4011 quod
1405 3957 1604 3995 earum
1650 3939 1841 4005 latior,

173 4029 468 4083 sacerdos
499 4028 768 4084 videlicet
811 4035 866 4084 et
915 4031 1117 4099 abbas,
1152 4031 1232 4084 ita
1263 4029 1542 4085 acerrime
1575 4027 1843 4084 stimula-

175 4124 286 4172 tus
323 4117 671 4172 servientem
705 4135 820 4173 uno
853 4119 1026 4174 fustis
1055 4119 1172 4174 ictu
1222 4120 1281 4173 in
1333 4120 1506 4174 dorso
1540 4134 1845 4190 percusse-

171 4206 287 4275 rit,
327 4210 383 4260 et
415 4206 499 4260 sic
530 4223 844 4276 percussus
896 4214 958 4261 ut
1010 4225 1109 4278 per
1156 4209 1553 4277 conjecturam
1586 4206 1844 4261 admitti-

172 4301 314 4360 tur,
352 4311 453 4348 sex
498 4299 694 4351 tamen
743 4297 1047 4352 mensibus
1085 4296 1396 4351 transactis
1426 4296 1651 4352 obierit.
1685 4295 1846 4350 Unde

171 4385 377 4451 hunc,
404 4385 570 4453 quasi
622 4384 922 4440 homicidii
971 4386 1142 4457 culpa
1173 4390 1460 4451 notatum,
1494 4389 1551 4439 et
1580 4384 1668 4438 sui
1717 4400 1846 4455 gra-

168 4474 306 4528 dus
370 4473 616 4528 horrens
674 4474 993 4529 incurrisse
1051 4473 1377 4546 periculum
1436 4479 1493 4528 et
1544 4472 1848 4545 dignitatis

167 4563 620 4634 perpendimus
679 4562 989 4635 pertulisse
1047 4563 1443 4635 naufragium.
1493 4562 1553 4618 In
1606 4580 1720 4634 qua
1769 4579 1850 4618 re:

168 4651 358 4708 salvo
407 4653 490 4706 tui
541 4652 764 4708 ordinis
806 4653 1129 4724 privilegio,
1164 4653 1597 4724 quodammodo
1646 4669 1851 4723 repen-

170 4742 330 4796 tina
378 4743 658 4797 severitas
688 4748 744 4797 et
775 4743 1052 4798 statuisse
1082 4743 1311 4797 videtur
1356 4741 1760 4814 prtejudicium
1793 4745 1850 4796 et

1342 294 1747 355 EPISTOLE
1795 293 1889 352 ΕΤ
1935 291 2411 353 DlPLOMATA.

172 429 334 486 tione
362 428 619 500 episcOpi
660 428 1133 499 praesidentibus,
1167 429 1508 500 episcopum
1543 442 1674 482 vero
1704 441 1823 480 me-
1855 427 1910 490 Α

3430 291 3586 352 1350

2733 422 2846 476 XV.

2733 423 2846 476 XV.

1969 512 2272 567 Alexandri
2299 514 2350 567 ΙΙ
2376 513 2602 584 epistola
2625 423 3048 594 adLRomaldum
3081 510 3551 565 Constantiensem

2593 599 2922 653 episcopum.

2503 671 2684 741 (Anno
2729 669 3016 738 1061-69.)

2365 759 2573 829 [MANSI
2607 758 2810 812 Concil.
2843 757 2983 823 XIX,
3008 759 3158 827 983.]

2056 847 2136 902 Ad
2162 859 2474 917 sequentem
2501 849 2783 918 epistolam
2812 847 3110 901 collectoris
3140 847 3460 903 admonitio.

2005 953 2346 1023 Quicunque
2383 955 2610 1008 Ivonem
2635 957 2916 1028 accusant
2939 953 3007 1005 de
3030 960 3304 1025 corrupto
3335 955 3584 1028 interpo-

1935 1023 2172 1095 latoque
2195 1030 2353 1080 textu
2379 1041 2665 1079 canonum
2699 1031 2755 1096 et
2775 1025 3140 1096 decretorum
3165 1023 3296 1096 quis
3325 1028 3382 1080 in
3408 1023 3582 1082 col—1e-

1933 1096 2184 1150 ctionem
2245 1113 2412 1150 suam
2481 1095 2814 1164 transtulit,
2873 1095 2990 1150 illis
3049 1095 3300 1167 profecto
3361 1099 3583 1154 accidet

1934 1175 2328 1242 opportunum
2363 1169 2754 1242 fragmentum
2787 1168 3086 1242 sequentis
3116 1168 3428 1242 Alexandri
3459 1171 3582 1242 epi-

1935 1239 2119 1305 stolae,
2153 1239 2305 1309 quod
2339 1238 2684 1309 ego'ott‘endi
2720 1238 2775 1291 in
2812 1255 2954 1293 mss.
2990 1239 3364 1296 Pistoriensis
3394 1238 3583 1296 cathe-

1935 1309 2116 1364 dralis
2148 1311 2366 1374 codice,
2401 1310 2456 1363 in
2504 1325 2618 1380 quo
2675 1309 2860 1362 Ivonis
2909 1310 3208 1365 decretum
3259 1329 3391 1366 cum
3452 1312 3590 1379 aliis,

1937 1381 2236 1455 nonnullis
2259 1381 2648 1455 decretalibus
2671 1382 3073 1455 sanctionibus
3101 1383 3156 1455 in
3180 1384 3455 1438 extremis
3488 1402 3585 1455 pa-

1935 1452 2218 1525 gellarum
2253 1469 2353 1506 ora
2377 1452 2620 1522 adjectis
2646 1451 2994 1525 continetur.
3027 1454 3106 1506 Ex
3127 1453 3245 1525 bac
3267 1455 3395 1525 ipsa
3424 1451 3580 1511 enim

1935 1524 2180 1604 epistola
2211 1525 2496 1604 excerpsit
2514 1529 2620 1604 _Iv_o
2651 1539 2777 1604 cap.
2805 1524 2926 1584 409.
2951 1528 3007 1577 et
3032 1524 3220 1604 exilio
3243 1524 3581 1593 Gratianus,

1935 1593 2072 1668 dist.
2101 1597 2193 1659 52,
2226 1612 2352 1668 cap.
2384 1593 2731 1668 Sollicitudo,
2773 1610 3051 1668 canonem
3100 1595 3287 1664 illum,
3321 1615 3495 1668 quem
3527 1605 3584 1653 et

1937 1666 2202 1721 Labbeus
2234 1667 2384 1721 inter
2414 1666 2722 1721 Alexandri
2754 1665 3030 1736 epistolas
3061 1683 3223 1721 num.
3254 1665 3578 1724 32'recitat.

1938 1742 2006 1812 In_
2035 1738 2243 1812 eodem
2274 1737 2475 1812 _Ivonis
2506 1738 2736 1812 decreto
2766 1739 2903 1790 data
2932 1736 3049 1812 haec
3080 1740 3326 1812 epistola
3372 1741 3584 1812 legitur

1940 1809 2010 1862 ad
2047 1809 2394 1862 Romaldum
2428 1808 2960 1872 Constantiensem;
2989 1809 3045 1861 in
3077 1810 3272 1864 codice
3303 1808 3584 1870 verovl’is-

1945 1879 2184 1934 toriensi
2207 1882 2354 1950 ejus,
2369 1879 2441 1933 ad
2465 1895 2635 1948 quem
2654 1878 2947 1949 dirigitur,
2968 1895 3177 1934 nomen
3199 1882 3596 1942 desideratur.-

1943 1951 2031 2004 Ad
2075 1950 2356 2005 lectorum
2402 1952 2774 2021 commodum
2826 1953 3137 2021 utramque
3185 1955 3488 2012 lectionem
3523 1976 3591 2014 ex

1943 2023 2184 2077 adverso
2216 2023 2467 2092 positam
2499 2020 2804 2076 exhibebo.

1942 2110 2020 2164 Ex
2062 2128 2224 2165 EDITO
2263 2112 2452 2166 Ivoms
2490 2127 2555 2164 ετ
2583 2110 2731 2164 GRA-

2254 2199 2427 2236 ΤΙΑΝῙ.

1945 2251 2023 2306 Ad
2090 2254 2404 2307 Romaldum
2476 2253 2736 2307 Constan-

2016 2324 2246 2378 tiensem
2288 2326 2615 2396 episc0pum.
2669 2323 2740 2376 De

2016 2411 2078 2449 eo
2143 2397 2257 2465 qui,
2319 2397 2739 2450 subdiaconatus

2010 2465 2204 2520 ordine
2256 2470 2569 2538 postposito,
2614 2465 2736 2520 dia-

2013 2553 2177 2610 conus
2227 2546 2275 2591 et
2329 2539 2607 2610 presbyter
2661 2541 2739 2592 est

2010 2608 2323 2662 ordinatus.

2013 2679 2356 2735 Sollicitudo
2409 2680 2778 2734 dilectionis

1943 2753 2055 2804 tua:
2133 2752 2362 2806 studuit
2433 2751 2738 2807 consulere

1942 2827 2140 2893 utrum
2197 2825 2444 2893 portitor
2488 2823 2737 2877 istarum

1944 2892 2274 2949 litterarum
2308 2895 2654 2950 diaconatus
2685 2900 2739 2948 et

1943 2966 2376 3037 presbyteratus
2391 2967 2647 3020 ofﬁcium
2665 2966 2740 3020 sit

1942 3035 2190 3091 idoneus
2220 3054 2514 3109 peragere,
2538 3055 2736 3107 necne,

1945 3123 2080 3161 cum
2133 3109 2207 3181 ad,
2239 3110 2327 3181 Aid
2377 3126 2739 3181 praepropero

1864 3163 1906 3230 C
1946 3195 2144 3244 cursu,
2161 3163 2429 3234 videlicet
2453 3163 2583 3234 sine
2603 3163 2735 3236 sub;

1945 3250 2290 3305 diaconatus
2356 3251 2585 3317 ordine,
2646 3268 2740 3305 ne-

1946 3321 2225 3391 gligentia
2292 3323 2486 3392 potius
2563 3338 2739 3392 quam

1948 3393 2223 3465 superbia
2243 3399 2630 3465 cognoscatur
2654 3409 2742 3447 as-

1948 3464 2236 3519 cendisse.
2266 3464 2425 3520 Unde
2468 3482 2571 3518 nos
2600 3481 2740 3519 con-

1949 3535 2196 3589 sulendo
2282 3536 2549 3590 charitati
2629 3541 2740 3590 tuae

1951 3607 2358 3663 mandavimus
2378 3614 2440 3661 ut
2463 3608 2534 3662 ab
2553 3607 2742 3662 ofﬁcio

1950 3679 2295 3750 sacerdotali
2354 3697 2484 3734 eum
2549 3678 2740 3750 prohi-

1951 3749 2308 3818 beas,donec
2327 3749 2586 3821 proximo
2607 3767 2745 3821 qua-

1950 3824 2084 3873 tuor
2137 3827 2464 3891 temporum
2516 3821 2744 3892 jejunio

1953 3891 2412 3948 subdiaconatus
2483 3891 2744 3949 ministe-

1951 3962 2106 4036 rium
2142 3963 2260 4036 sibi
2296 3967 2404 4020 rite
2453 3966 2743 4036 imponas,

1953 4037 2010 4108 et
2041 4033 2124 4088 sic
2172 4035 2450 4108 deinceps
2498 4033 2568 4092 ad
2619 4053 2741 4090 ma-

1946 4105 2080 4174 jora
2121 4107 2312 4164 ofﬁcia
2368 4105 2502 4164 eum
2560 4109 2746 4164 redire

1956 4178 2262 4237 concedas.

2833 2107 2913 2162 Ex
2955 2126 3017 2163 M.
3060 2127 3108 2164 s.
3151 2128 3277 2166 con.
3321 2113 3550 2174 PIS’I‘OR.

2901 2251 3209 2308 Alexander
3240 2272 3380 2326 papa
3410 2261 3474 2314 11.

2793 2393 2868 2446 De
2886 2393 3120 2462 quodam
3147 2398 3422 2455 sacerdote
3443 2403 3587 2458 male

3055 2465 3324 2524 ordinato.

2868 2677 3114 2740 Quidam
3141 2679 3195 2734 in
3221 2681 3590 2743 clericalibus

2796 2748 3007 2803 ofliciis
3038 2751 3319 2810 educatus
3351 2759 3588 2813 subdia-

2797 2825 3040 2901 conatus
3063 2823 3310 2901 gradum
3335 2831 3593 2901 suscipe-

2798 2907 2856 2944 re
2880 2891 3148 2961 neglexit,
3166 2899 3222 2949 et
3245 2891 3590 2957 diaconatus

2797 2977 2862 3016 ac
2917 2964 3348 3036 presbyteratus
3409 2970 3590 3027 hono-

2799 3049 3085 3106 rem,non
3132 3038 3367 3106 quidem
3410 3044 3594 3099 ambi-

2799 3103 3239 3182 tiose,_s_ed_negli
3247 3126 3356 3182 gen
3367 3115 3452 3168 ter
3462 3131 3595 3169 con-

2799 3178 3045 3257 scendit.
3068 3178 3129 3232 In
3155 3178 3286 3257 quo
3337 3201 3592 3257 praecep-

2798 3251 2922 3300 tum
2960 3250 3306 3305 canoniCum
3337 3250 3454 3310 non
3489 3250 3594 3312 nos

2798 3317 3090 3397 invenisse
3171 3325 3591 3394 meminimus;

2799 3388 3109 3467 consilium
3134 3398 3328 3467 autem
3353 3412 3421 3450 ex
3443 3388 3591 3467 prae;

2801 3461 3596 3539 rogativa‘auctoritatis-apo-

2804 3531 3018 3585 stolica:
3037 3532 3362 3591 damus.Ab
3382 3531 3599 3595 utrius-

2802 3618 2912 3727 3ue
2944 3603 3159 3674 itaque,
3194 3605 3247 3658 id
3282 3614 3370 3663 est
3399 3627 3597 3666 sacer-

2843 3673 3012 3727 otalis
3057 3682 3112 3727 et
3162 3676 3421 3727 leviticm
3448 3700 3597 3727 nnnq

2843 3673 3012 3754 otalis
3043 3673 3112 3754 iet
3162 3676 3423 3754 leviticzn,
3448 3700 3599 3754 quos

2802 3746 3131 3822 inordinate
3161 3746 3440 3822 suscepit,
3464 3746 3596 3808 otii-

2802 3816 2888 3871 cio
2941 3819 3300 3887 suspendatu
3313 3816 3356 3892 πί
3411 3825 3596 3880 donec

2801 3903 3056 3962 congruo
3105 3896 3360 3962 tempore
3415 3895 3593 3950 inter-

2804 3959 2880 4033 sit
2908 3961 3036 4033 ejus
3068 3962 3166 4033 qui
3199 3959 3288 4018 est
3330 3965 3399 4019 ad
3453 3968 3592 4022 sub-

2803 4031 3031 4085 diaconi
3087 4031 3101 4033 ’
3130 4033 3595 4094 benedicendum

2805 4102 3123 4171 honorem;
3193 4111 3250 4160 et
3320 4123 3453 4163 cum
3514 4112 3599 4167 eis

2805 4174 3268 4252 subdiaconatus
3316 4181 3601 4252 suscipiat

2807 4246 3292 4304 benedictionem.
3318 4246 3592 4309 Prius-ta-

2809 4336 2940 4396 men
2957 4319 3451 4396 discutiendumsi
3472 4327 3600 4396 ejus

2805 4393 2925 4445 vita
2954 4391 3133 4463 digna
3162 4392 3352 4448 ofﬁcio
3386 4391 3600 4451 habea-

2807 4468 2930 4529 tur;
2966 4467 3022 4517 et
3055 4463 3159 4525 sic,
3191 4463 3240 4517 si
3269 4466 3399 4518 vitae
3429 4483 3603 4521 cano-

2810 4551 2913 4588 nes
2970 4550 3084 4588 non
3145 4534 3486 4602 obviaverit,
3540 4539 3598 4592 in

2809 4605 3000 4675 priore
3020 4603 3386 4660 ordinatione
3410 4607 3606 4661 diaco-

2809 4693 2921 4730 nus
2968 4680 3026 4730 et
3073 4677 3376 4747 presbyter
3404 4681 3599 4733 tenea-

2809 4752 2926 4801 tur.

160 4832 490 4904 praecipue
539 4831 906 4887 discretionis
954 4832 1272 4888 excessisse
1322 4832 1729 4902 modum,quze
1761 4831 1850 4884 ni-

160 4921 419 4976 mirum
444 4919 805 4976 clementiori
837 4921 1005 4976 nobis
1027 4922 1256 4976 videtur
1281 4920 1679 4976 moderamine
1709 4925 1850 4974 tem-

153 5009 478 5084 peranda.
512 5009 591 5064 De
640 5027 757 5082 qua
796 5009 1061 5066 videlicet
1104 5010 1372 5066 habenda
1420 5009 1769 5065 discretione
1800 5005 1851 5064 si

147 5105 297 5156 tua
363 5099 697 5154 fraternitas
756 5100 1004 5167 haesitat,
1059 5101 1422 5171 Gregorianze
1484 5099 1850 5154 auctoritatis

145 5186 606 5246 testimonium
654 5188 826 5260 legat.
861 5193 1014 5244 Item.
1053 5189 1420 5244 Fraternitati
1452 5195 1563 5244 tuae
1606 5189 1849 5244 manda-

147 5294 334 5337 mus
371 5282 432 5332 ut
466 5278 706 5332 fratrem
741 5279 919 5334 istum
951 5277 1197 5334 abbatize
1230 5280 1527 5347 restituat;
1562 5285 1618 5333 et
1650 5278 1697 5333 si
1723 5279 1846 5348 jam

140 5383 392 5427 annus
427 5366 779 5437 pcenitentia:
825 5371 1160 5423 transactus
1203 5367 1472 5433 habetur,
1503 5366 1848 5422 sacerdotali

133 5455 306 5517 sibi
341 5457 535 5512 officio
581 5457 872 5524 restituto,
908 5474 1040 5512 eum
1075 5457 1259 5513 sacris
1305 5455 1589 5512 altaribus
1638 5455 1847 5512 minis-

131 5555 354 5609 trare
386 5547 712 5620 permittat.

2689 4845 2875 4901 LXVI.

1957 4934 2262 4990 Alexandri
2303 4935 2350 4988 II
2395 4933 2626 5003 epistola
2682 4933 2750 4987 ad
2810 4935 3152 4990 Wilielmum
3205 4934 3599 4991 marehionem.

2029 5039 2097 5046 —
2127 5008 2636 5060 Excommum’catus
2663 5007 2840 5060 aliam
2878 5008 3357 5062 excommunicare
3383 5023 3453 5062 ne
3480 5023 3602 5079 pos-

2029 5081 2118 5132 sit.

2527 5148 2710 5218 (Anno
2744 5151 3026 5220 1061-69.)

2374 5236 2585 5307 [MANSI
2618 5239 2822 5294 Concil.
2856 5239 3003 5304 XIX,
3033 5239 3185 5310 977.]

2029 5324 2374 5380 Audivimus
2403 5326 2556 5395 quod
2603 5325 2906 5395 Henricus,
2941 5327 3245 5381 Ravennas
3283 5328 3476 5384 dictus
3509 5345 3605 5384 ar-

1958 5414 2390 5486 cbicpiscopus,
2424 5413 2588 5469 nisus
2638 5415 2713 5470 sit
2761 5423 2818 5470 te
2866 5415 3404 5485 excommunicare;
3451 5418 3608 5489 quod

1958 5504 2096 5576 quia
2125 5503 2668 5559 excommunicatus
2711 5505 3218 5560 excommunicare
3251 5522 3366 5561 non
3397 5507 3606 5578 potuit,

1955 5591 2274 5666 apostolica
2304 5592 2649 5649 auctoritate
2680 5597 2735 5649 te
2756 5599 3008 5668 tuosque
3028 5593 3420 5670 absolventes,
3446 5611 3608 5656 man-

1956 5683 2166 5744 damus
2197 5681 2404 5739 exinde
2435 5698 2549 5743 non
2581 5698 2806 5746 curare.
