4036 6184
224 265 358 325 1353

434 487 738 543 Alexandri
769 490 830 544 Il
856 491 1089 560 epistola
1117 490 1193 545 ad
1225 492 1616 562 Lan/rancum.

772 578 956 649 (Anno
1000 579 1283 651 1061-70.)

316 665 689 738 [Tnsmsaus,
720 667 1131 737 Disquisitiones
1160 670 1386 736 critica,
1428 685 1560 741 pag.
1593 669 1744 738 206.]

286 760 621 810 ALEXANDEB
679 755 1021 828 episcopus,
1079 773 1285 812 servus
1351 774 1649 813 servorum
1723 756 1848 825 Dei,

221 848 542 900 LANFBANCO
574 844 881 916 utriusque
913 844 1210 916 sapientia
1233 846 1420 915 gratia
1453 845 1669 918 repleto
1701 846 1852 901 salu-

220 937 326 989 tem
353 937 408 986 et
437 932 815 1004 apostolicam
847 933 1333 989 benedictionem.

286 1022 502 1078 Gratias
533 1022 915 1093 omnipotenti
938 1023 1052 1078 Deo
1084 1025 1408 1096 referimus,
1436 1024 1534 1096 qui
1567 1028 1699 1096 post
1722 1042 1853 1080 eru-

219 1111 483 1167 ditionem
517 1111 829 1166 mundana
855 1110 1154 1183 sapientia
1176 1114 1247 1168 ad
1279 1112 1441 1168 illius
1471 1119 1527 1169 te
1549 1111 1853 1168 transtulit

218 1199 501 1272 sapientia
524 1199 811 1268 studium,
838 1218 963 1272 qua
985 1217 1119 1256 vera
1139 1207 1226 1257 est
1252 1206 1310 1257 et
1335 1204 1405 1258 de
1427 1220 1545 1274 qua
1567 1202 1851 1273 scriptum

216 1293 340 1345 est:
386 1290 586 1344 Beatus
631 1289 807 1357 homo,
840 1291 936 1360 qui
975 1292 1185 1346 invenit
1211 1293 1550 1359 sapientiam
1579 1293 1632 1347 et
1662 1292 1853 1362 afﬂuit

216 1378 519 1451 prudentia,
545 1378 750 1434 Merito
772 1377 927 1433 enim
961 1378 1045 1433 illi
1070 1379 1428 1453 multiplices
1453 1380 1657 1452 gratia
1681 1396 1853 1452 agen-

214 1469 294 1524 da
323 1470 457 1522 sunt
484 1468 656 1538 cujus
684 1467 934 1539 Spiritus
965 1467 1042 1521 sic
1084 1473 1140 1522 te
1187 1468 1498 1541 utriusque
1527 1468 1850 1541 disciplina

213 1557 361 1612 fonte
379 1555 619 1627 replevit
638 1558 703 1611 ut
728 1555 787 1611 in
820 1572 938 1611 uno
958 1556 1075 1613 fere
1099 1557 1374 1614 omnibus
1406 1558 1489 1613 sis
1510 1557 1853 1614 excellentia

212 1644 529 1713 dissimilis,
563 1648 621 1700 et
658 1644 719 1699 in
751 1644 929 1699 altero
960 1644 1242 1701 virtutum
1275 1646 1483 1703 merito
1511 1646 1846 1702 laudabilis.

1363 270 1768 331 EPISTOLJE
1813 271 1910 331 ET
1955 270 2433 333 DIPLOMATA.

1842 402 1931 493 ,Α
1964 401 2249 473 quidquid
2281 402 2563 460 hactenus
2594 404 2819 471 habuit,
2843 411 2961 461 tam
2983 407 3290 482 largitione
3310 410 3603 483 piissimo-

3449 285 3601 341 1354

1964 508 2092 546 rum
2122 492 2476 563 principum,
2500 510 2677 565 quam
2708 495 2998 551 oblatione
3022 514 3508 570 quorumcunque
3539 502 3604 555 ﬁ-

1960 579 2200 645 delium,
2221 583 2391 650 juxta
2413 583 2765 638 nobilissimi
2797 590 3149 657 praceptum
3178 589 3330 659 regis
3359 589 3604 645 Franco-

1962 686 2091 723 rum
2126 669 2399 742 Philippi,
2433 677 2490 726 et
2521 678 2871 743 praceptum
2905 674 3172 729 Balduini
3203 677 3605 734 Noviomensis

1960 757 2238 830 episcopi,
2272 759 2358 814 vel
2389 760 2661 833 deinceps
2691 761 2965 817 habitura
3005 768 3112 831 est,
3146 769 3267 819 tam
3318 764 3376 820 iu
3433 768 3604 822 terris

1961 862 2136 916 quam
2158 848 2217 901 in
2248 848 2433 903 vineis
2456 849 2551 917 (lii,
2576 855 2633 904 et
2655 850 2829 917 villis,
2846 856 2901 905 et
2926 851 3185 907 ecclesiis
3208 855 3529 925 majoribus
3551 862 3607 911 et

1963 933 2289 990 minoribus
2312 937 2703 1008 omnibusque
2726 938 2900 993 rebus
2926 940 3240 995 mobilibus
3262 947 3319 996 et
3340 943 3606 999 immobi-

1962 1021 2139 1087 libus,
2155 1023 2236 1077 ita
2265 1030 2463 1091 utnon
2486 1024 2952 1097 liceatcuiquam
2972 1028 3494 1086 ecclesiasticorum
3517 1033 3603 1089 vel

1962 1111 2327 1167 sacularium
2353 1129 2576 1185 magna
2608 1131 2912 1187 parvaque
2933 1132 3192 1185 persona
3219 1122 3602 1189 pranomina-

1962 1206 2084 1255 tam
2136 1201 2474 1257 canonicam
2525 1202 2598 1258 de
2645 1203 2770 1259 suis
2819 1204 3096 1260 omnibus
3146 1205 3489 1278 inquietare,
3520 1209 3607 1263 vel

1963 1290 2103 1362 quid
2125 1290 2196 1346 ab
2219 1290 2305 1346 eis
2313 1291 2448 1362 jure
2464 1291 2524 1346 in
2546 1291 2803 1348 alienum
2820 1294 3157 1361 transferre,
3173 1296 3333 1351 salva
3350 1296 3407 1351 in
3426 1297 3609 1353 omni-

1961 1381 2073 1435 bus
2104 1379 2323 1452 proprii
2356 1379 2614 1453 episcopi
2645 1382 2985 1438 reverentia.
3013 1387 3093 1439 De
3122 1384 3444 1441 ordinando
3476 1403 3609 1442 vero
3656 1433 3665 1445 ,

1961 1468 2272 1540 praposito
2297 1468 2357 1525 in
2384 1470 2587 1525 eodem
2614 1469 2761 1537 loco,
2786 1471 2894 1526 hoc
2926 1471 3245 1543 apostolica
3265 1475 3610 1530 auctoritate

1962 1557 2285 1625 sancimus,
2308 1562 2371 1613 ut
2393 1558 2593 1615 nullus
2622 1559 2701 1614 ibi
2733 1564 3051 1632 praesumat
3071 1578 3428 1636 quemquam
3458 1581 3608 1636 pra-

1960 1663 2173 1719 ponere
2221 1652 2424 1703 contra
2467 1648 2805 1704 canonicam
2856 1648 3140 1722 regulam,
3184 1653 3283 1707 sed
3334 1652 3607 1710 defuncto

210 1734 388 1804 Hujus
414 1733 618 1805 itaque
648 1733 850 1805 gratia
879 1734 1228 1790 venerabilis
1259 1736 1434 1802 fama,
1473 1735 1848 1807 circumqua-
1882 1772 1932 1837 Β
1960 1735 2273 1807 praposito
2296 1737 2809 1809 suo,congregatio
2830 1736 3024 1809 eligat,
3039 1738 3129 1794 vel
3150 1740 3221 1795 de
3241 1741 3443 1797 eadem
3468 1759 3603 1798 con-

212 1838 321 1895 que
345 1821 577 1889 diffusa,
611 1821 750 1893 quia
785 1822 857 1877 ab
887 1823 1164 1878 omnibus
1194 1824 1313 1879 fere
1344 1824 1550 1880 mundi
1582 1825 1850 1896 partibus

211 1913 278 1968 ad
301 1917 410 1967 tua
436 1911 654 1966 fluenta
679 1910 1025 1980 eloquentia
1051 1911 1271 1967 multos
1292 1912 1508 1978 allexit,
1532 1914 1849 1984 quemdam

1962 1823 2320 1897 gregatione,
2354 1824 2403 1879 si
2450 1823 2531 1877 ibi
2579 1824 2827 1880 idoneus
2872 1824 3142 1883 inventus
3193 1829 3385 1898 fuerit,
3417 1831 3503 1885 vel
3539 1832 3608 1886 de

1962 1909 2097 1981 alia,
2120 1927 2294 1982 quem
2322 1909 2606 1981 potiorem
2632 1911 2760 1965 vita
2794 1912 3068 1967 meritum
3096 1918 3605 1987 commendaverit,
3641 1932 3649 1939 '

210 2006 470 2057 nostrum
500 1999 853 2063 fratruelcm,
875 2017 1048 2071 quem
1082 2003 1340 2072 paternis
1371 2005 1434 2056 ut
1464 2003 1854 2075 nosmetipsos
1955 2002 2126 2072 juxta
2155 2000 2496 2056 canonicam
2538 1999 2823 2071 regulam.

207 2091 506 2164 diligimus
524 2088 848 2154 affectibus,
865 2090 935 2144 ad
952 2091 1218 2160 ejusdem
1241 2094 1352 2145 tua
1371 2090 1713 2163 eloquentia
1728 2093 1857 2148 dul-

206 2180 465 2236 cedinem
501 2178 748 2234 nimium
779 2177 1123 2250 gliscentem
1154 2179 1401 2251 dirigere
1424 2181 1716 2252 cupimus,
1751 2181 1854 2253 qui

200 2274 395 2325 tamen
428 2273 541 2323 Deo
571 2267 810 2339 gratias,
843 2267 1236 2339 grammatica
1269 2269 1411 2323 artis
1450 2269 1660 2341 peritia
1704 2271 1852 2326 bene

200 2359 549 2428 instructus,
582 2355 897 2411 dialectica
929 2356 1166 2412 omnino
1197 2374 1314 2411 non
1361 2361 1449 2413 est
1487 2356 1741 2414 alienus.
1773 2365 1852 2415 De

200 2463 318 2519 quo
353 2447 402 2502 si
423 2447 494 2501 ad
519 2449 718 2500 votum
750 2448 1021 2521 nostrum
1053 2462 1155 2516 pro
1188 2444 1336 2501 scire
1368 2450 1425 2501 et
1450 2446 1641 2503 valere
1671 2451 1770 2503 tuo
1793 2452 1851 2504 te

198 2535 499 2603 habueris,
524 2533 674 2590 scias
704 2533 922 2588 ibidem
946 2533 1148 2606 procul
1171 2533 1348 2590 dubio
1375 2552 1482 2591 nos
1507 2536 1614 2591 tibi
1637 2536 1851 2593 utrius-

196 2642 315 2698 que
339 2622 825 2680 remunerationis
848 2622 1056 2678 merito
1078 2622 1170 2694 pie
1193 2627 1248 2678 et
1276 2623 1597 2680 liberaliter
1626 2641 1848 2681 recom-

197 2718 570 2788 pensaturos.
594 2711 742 2777 Quid
767 2715 964 2766 autem
987 2728 1057 2767 ex
1086 2711 1196 2769 hoc
1217 2713 1507 2770 conﬁdere
1527 2714 1846 2786 possimus,

198 2803 505 2859 notiﬁcare
533 2800 771 2856 studeas
801 2799 1171 2872 quantocius.

932 2906 1119 2962 LXXI.

195 2995 512 3054 Alexander
557 2997 620 3052 II
666 3011 817 3069 papa
872 2996 1161 3066 conﬁrmat
1217 2996 1583 3052 Harlebecani
1636 2997 1851 3069 collegii

603 3068 992 3123 canonieorum
1024 3069 1441 3123 institutionem.

817 3156 1008 3227 (Anno
1045 3155 1229 3227 1070.)

412 3244 701 3317 [Μιειιειυελθ
735 3243 872 3316 Opp.
905 3244 1155 3314 diplom.,
1187 3247 1231 3300 t.
1274 3243 1319 3310 Ι,
1354 3260 1484 3317 pag.
1518 3243 1633 3315 61.]

262 3336 601 3391 ALEXANDER
647 3331 976 3405 episcopus,
1010 3348 1216 3388 servus
1246 3348 1548 3388 servorum
1582 3330 1704 3401 Dei,
1740 3332 1849 3387 En-

176 3440 450 3481 LEBOLDO
479 3423 787 3495 praeposito
818 3420 1257 3477 Harlebecensis
1288 3421 1579 3477 canonica
1622 3422 1681 3477 S.
1724 3420 1852 3478 Sal-

169 3513 430 3581 vatoris,
456 3512 579 3567 sita
612 3510 671 3565 in
705 3509 1043 3582 episcopatu
1076 3509 1471 3579 Noviomensi,
1502 3511 1850 3583 cunctisque

177 3603 321 3659 suis
357 3599 797 3658 successoribus
820 3598 1165 3671 regulariter
1193 3601 1606 3672 promovendis
1637 3600 1696 3655 in
1726 3617 1854 3671 per-

176 3696 464 3766 petuum.

258 3777 751 3850 Quandoquidem
772 3776 991 3833 divina,
1013 3777 1388 3849 providentia
1413 3776 1853 3849 dispensatione

168 3867 545 3927 universalis
576 3866 1101 3923 administrationis
1124 3882 1323 3921 curam
1363 3864 1753 3937 suscepimus,
1786 3881 1854 3920 ex

2035 2089 2093 2144 Si
2128 2089 2260 2159 quis
2292 2105 2423 2143 vero
2455 2087 2633 2159 hujus
2655 2094 2868 2144 nostra
2890 2091 3208 2147 sanctionis
3239 2092 3609 2167 privilegium

1964 2176 2174 2249 spiritu
2196 2176 2483 2248 superbia
2499 2177 2710 2232 ductus
2728 2178 3084 2245 contraierit,
3099 2185 3156 2235 et
3178 2180 3319 2237 illud
3338 2182 3398 2236 in
3421 2187 3608 2239 totum

1962 2270 2260 2338 partemve
2310 2264 2568 2338 infregit,
2600 2266 2713 2321 nisi
2763 2268 3099 2323 admonitus
3151 2270 3328 2342 digna
3378 2272 3609 2327 satisfa-

1961 2355 2336 2428 ctione,quod
2358 2354 2418 2409 in
2438 2354 2830 2411 venerabilem
2851 2356 3043 2413 locum
3066 2357 3610 2431 deliquerat,emen-

1961 2446 2201 2512 daverit,
2240 2442 2462 2500 noverit
2509 2461 2571 2499 se
2620 2443 2923 2515 apostolici
2957 2446 3344 2504 anathematis
3374 2450 3607 2506 vinculo

1961 2533 2388 2589 innodandum.
2402 2536 2474 2587 At
2492 2549 2625 2588 vero
2644 2532 2744 2604 qui
2766 2534 2861 2605 pio
2881 2533 3098 2590 iutuitu
3119 2540 3316 2592 custos
3337 2542 3394 2593 et
3414 2539 3609 2594 obser-

1957 2630 2122 2680 vator
2140 2622 2445 2688 exstiterit,
2470 2625 2760 2694 perpetua
2789 2622 3213 2680 benedictionis
3244 2628 3608 2684 abundantia

1956 2711 2273 2783 repleatur.

2031 2804 2243 2875 Datum
2269 2796 2537 2853 Laterani
2563 2798 2769 2870 quinto
2791 2799 2915 2854 Kal.
2939 2798 3079 2865 Fel.,
3096 2816 3199 2873 per
3217 2818 3431 2859 manus
3455 2804 3608 2860 Petri

1963 2887 2178 2955 clerici,
2209 2885 2509 2958 fungentis
2536 2885 2659 2942 vice
2689 2886 2841 2943 Petri
2871 2892 3082 2944 sancta
3114 2890 3386 2947 Romana
3414 2893 3607 2948 Eccle-

1957 2978 2056 3034 sia
2080 2974 2395 3033 cardinalis
2425 2992 2491 3031 ac
2521 2973 2976 3032 bibliothecarii:
3000 2994 3153 3034 anno
3172 2996 3306 3035 vero
3328 2981 3400 3036 ab
3423 2982 3609 3037 Incar—

1957 3067 2196 3122 natione
2245 3064 2479 3120 Domini
2529 3063 2842 3121 millesimo
2881 3068 3339 3141 septuagesimo,
3372 3069 3609 3141 pontiﬁ-

1875 3135 1920 3202 Ε
1957 3159 2125 3211 catus
2155 3157 2354 3210 autem
2382 3152 2584 3208 domui
2605 3151 2916 3210 Alexandri
2941 3135 3186 3228 papale
3214 3135 3435 3230 octavo,
3457 3159 3610 3213 indi-

1957 3243 2151 3300 ctione
2178 3259 2299 3298 VIII.

1956 3402 2261 3461 Alexandri
2309 3401 2367 3457 Il
2412 3402 2641 3470 epistola
2668 3329 3187 3457 'laﬁXIGIebehardum
3235 3404 3604 3473 Salzburgen-

2027 3491 2141 3531 sem
2187 3472 2676 3550 archiepiscopum.
2712 3504 2780 3514 —
2825 3473 3082 3550 Concedit
3125 3480 3184 3528 ut
3235 3472 3605 3550 episcopatum

2028 3562 2207 3602 unum
2236 3548 2295 3600 in
2323 3562 2423 3601 sua
2450 3544 2711 3616 parochia
2739 3547 3049 3600 constituat.

2581 3633 2770 3704 (Anno
2799 3633 2981 3704 1070.)

1961 3706 2190 3778 [MANSI,
2224 3705 2429 3761 Concit.
2461 3703 2605 3772 XIX,
2636 3706 2761 3830 9t75,
2798 3705 3215 3846 efJMetropoli
3256 3706 3601 3782 Salisburg.,

2686 3792 2802 3830 om.
2863 3818 2874 3830 .

2686 3792 2802 3830 om.
2832 3792 2874 3830 1.

2031 3868 2376 3921 ALEXANDER
2404 3863 2735 3936 episcopus,
2769 3881 2970 3920 servus
3008 3881 3309 3923 servorum
3340 3869 3463 3935 Dei,
3495 3868 3607 3924 Gs-

1965 3972 2228 4011 BEHARBO
2258 3953 2669 4024 Salzburgensi
2713 3953 3171 4027 archiepiscopo,
3203 3956 3446 4029 suisque
3476 3974 3608 4013 suc-

169 3959 393 4016 debito
417 3957 600 4015 nostri
624 3956 796 4014 ofﬁcii
823 3955 1089 4027 cogimur
1109 3954 1337 4010 cunctis
1354 3953 1617 4010 ecclesiis
1641 3971 1742 4026 per
1765 3972 1856 4009 or-

166 4050 328 4105 bem
344 4052 639 4104 terrarum
658 4045 770 4100 late
789 4043 1019 4100 diffusis
1041 4044 1341 4115 providere
1359 4048 1415 4098 et
1433 4042 1746 4099 utilitatem
1767 4060 1856 4099 ea-

162 4154 327 4195 rum
341 4153 411 4193 ac
424 4135 597 4192 saluti
614 4132 1171 4205 animarum,quain
1184 4133 1268 4188 eis
1282 4131 1643 4198 sunt,solerti
1660 4132 1856 4188 studio

155 4223 862 4299 invigilare,prasertim
886 4221 979 4277 his
1002 4221 1166 4289 locis,
1184 4238 1313 4291 qua
1333 4220 1427 4293 pia
1446 4220 1724 4294 religione
1741 4220 1861 4293 pol-

154 4317 308 4373 lere
328 4318 681 4377 noscuntur,
708 4317 766 4367 et
788 4316 985 4367 nostro
1011 4309 1345 4366 munimine
1367 4310 1699 4381 specialiter
1720 4328 1858 4381 quo-
1966 4310 2180 4367 favoris
2202 4309 2386 4366 nostri
2402 4313 2702 4382 gratanter
2720 4311 2975 4383 prabere
2990 4329 3319 4379 assensum,
3335 4314 3612 4385 quoniam

150 4403 512 4463 dammodo
529 4419 591 4458 se
616 4407 714 4457 tue
729 4401 777 4456 ri
802 4398 1011 4457 humili
1034 4416 1200 4472 prece
1217 4400 1559 4470 deposcunt,
1577 4398 1676 4471 qui
1698 4398 1755 4453 in
1775 4398 1860 4453 eis
1966 4417 2034 4454 ex
2058 4398 2522 4454 consideratione
2544 4399 2729 4454 nostri
2753 4400 2929 4455 officii
2950 4401 3216 4473 cogimur
3234 4402 3613 4457 ecclesiarum

170 4490 704 4551 habitatDomino
727 4489 1104 4546 servientium
1128 4489 1361 4554 chorus,
1377 4492 1667 4559 quatenus
1691 4505 1725 4543 a
1745 4492 1861 4542 tur-
1888 4504 1936 4570 Ι)
1967 4486 2345 4552 utilitatibus,
2367 4486 2544 4540 etiam
2567 4487 2619 4540 si
2642 4486 2883 4543 minime
2906 4488 3235 4559 exigantur,
3259 4488 3503 4543 sollicite
3526 4489 3614 4541 in-

148 4586 330 4642 bine
364 4581 745 4639 sacularium
786 4579 1207 4636 adversitatum
1252 4583 1454 4635 nostra
1500 4577 1858 4649 protectione
1965 4575 2208 4649 vigilare
2228 4580 2284 4630 et
2306 4573 2642 4630 animarum
2664 4573 2839 4629 saluti
2862 4575 3059 4630 solerti
3084 4576 3277 4631 studio
3295 4576 3614 4647 providere.

146 4672 446 4740 defensi,
490 4671 730 4727 liberius
762 4674 893 4725 vota
931 4686 1038 4724 sua
1068 4667 1413 4723 continuata
1442 4667 1689 4722 Domino
1720 4666 1855 4722 red-
1968 4666 2351 4736 Quapropter,
2383 4662 2763 4718 dilectissime
2814 4663 3009 4729 frater,
3043 4664 3182 4735 quia
3229 4663 3534 4734 postulasti
3587 4681 3620 4717 a

151 4765 356 4828 dere,
372 4765 431 4817 et
451 4761 656 4817 eodem
676 4776 792 4832 quo
814 4761 1113 4831 coeperunt
1134 4761 1332 4811 sancto
1355 4755 1648 4827 proposito
1670 4770 1860 4826 usque
1970 4752 2139 4809 nobis
2161 4757 2452 4822 quatenus
2474 4749 2792 4822 apostolica
2810 4751 3149 4807 auctoritate
3168 4753 3617 4808 concederemus

149 4855 247 4909 in
287 4850 477 4906 ﬁnem
511 4847 703 4905 securi
731 4863 1097 4920 perseverare
1131 4844 1496 4916 pravaleant.
1969 4842 2077 4897 tibi
2105 4857 2289 4896 unum
2313 4840 2713 4912 episcopatum
2740 4840 2797 4894 in
2824 4843 2925 4895 tua
2951 4841 3226 4911 parochia
3247 4840 3616 4904 constituere,

262 4941 469 5005 Quare
491 4955 625 4994 cum
649 4937 981 4992 interventu
1008 4928 1296 5007 praeclara
1319 4932 1630 4989 comitissa
1647 4932 1859 5001 Adela,
1972 4930 2111 5003 quia
2133 4928 2388 4985 Ecclesia
2412 4933 2512 4983 tua
2534 4933 2651 4982 tam
2674 4927 2866 4999 ample
2888 4928 3102 4984 diffusa
3123 4933 3230 4996 est,
3254 4928 3408 5000 quod
3431 4945 3534 5000 per
3563 4933 3618 4983 te

142 5036 328 5087 tum
370 5028 494 5083 tuis
535 5026 759 5083 devotis
810 5026 1080 5098 precibus
1112 5024 1262 5093 flexi,
1297 5022 1501 5078 dilecte
1554 5022 1657 5090 fili,
1690 5027 1746 5078 te
1795 5039 1863 5078 ac
1974 5018 2166 5076 solum
2198 5034 2313 5073 non
2348 5016 2539 5089 possis
2571 5033 2697 5071 eam
2730 5016 2789 5070 in
2820 5017 3136 5072 chrismate
3158 5016 3406 5089 aliisque
3436 5015 3618 5089 pluri-

144 5117 695 5194 pranominatam
718 5115 1060 5171 canonicam
1088 5130 1225 5167 cum
1252 5113 1527 5168 omnibus
1549 5111 1661 5167 sibi
1688 5110 1862 5179 perti-
1974 5108 2106 5173 bus,
2140 5107 2355 5179 quibus
2386 5104 2699 5177 episcopali
2731 5105 2921 5160 ofﬁcio
2963 5104 3204 5176 indiget,
3238 5106 3509 5194 decenter
3554 5121 3620 5194 ac

138 5192 489 5266 ﬂentibus
520 5206 631 5262 sub
663 5206 844 5260 tutela
872 5201 1199 5275 apostolica
1232 5200 1586 5257 defensionis
1614 5200 1864 5272 suscipi-
1975 5194 2401 5252 rationabiliter
2426 5210 2642 5265 regere,
2669 5192 2780 5263 piis
2812 5193 3083 5265 precibus
3104 5193 3221 5248 tuis
3241 5192 3527 5261 inclinati,
3552 5193 3620 5248 li-

148 5311 371 5363 mus,
396 5299 453 5350 et
475 5295 892 5351 confirmamus
907 5296 1032 5364 jam
1055 5291 1221 5346 dicta
1244 5288 1556 5345 venerabili
1577 5289 1865 5344 canonica
1975 5286 2178 5341 benter
2203 5284 2543 5354 annuimus,
2567 5286 2624 5337 et
2647 5288 2713 5337 ut
2731 5282 2907 5338 etiam
2940 5282 3253 5354 impleatur
3272 5282 3618 5356 satagimus.

1964 4043 2293 4101 cessoribus
2324 4042 2384 4097 in
2420 4046 2786 4114 perpetuum.

2035 4133 2271 4198 Quoties
2295 4148 2363 4187 ea
2393 4148 2427 4186 a
2456 4131 2627 4186 nobis
2656 4136 2938 4203 petuntur
2959 4150 3085 4202 qua
3112 4132 3381 4207 religioni
3407 4152 3611 4191 conve-

1965 4222 2155 4292 niunt,
2188 4224 2459 4293 prompta
2508 4220 2791 4275 debemus
2841 4223 3216 4279 concessione
3260 4240 3518 4280 annuere
3557 4228 3614 4279 et

274 5418 363 5545 $4)
404 5420 606 5475 Vincis.
641 5419 697 5474 Si
732 5416 1048 5474 Lovanium
1081 5414 1356 5486 excipias,
1388 5412 1480 5467 vix
1527 5411 1663 5467 alibi
1711 5411 1866 5484 apud
1979 5408 2109 5466 aliis
2131 5426 2310 5480 supra
2330 5406 2813 5479 recitatisliquet,
2833 5408 2968 5489 olim
2984 5409 3622 5490 Ilarlebeaaj,Muricolis,

274 5514 278 5541 τ
317 5507 428 5545 nas
452 5497 685 5545 nostros
705 5491 903 5545 vinea.
929 5488 1135 5543 saltem
1164 5488 1233 5540 ad
1256 5485 1374 5539 vini
1398 5484 1620 5545 copiam
1647 5483 1866 5537 haben-
1979 5487 2035 5535 et
2065 5482 2200 5536 alibi
2247 5499 2280 5536 a
2312 5481 2635 5545 majoribus
2669 5487 2884 5535 nostris
2915 5497 3110 5535 Vincas
3146 5484 3404 5538 studiose
3438 5482 3622 5538 cultas

140 5481 428 5563 Belgas
452 5497 685 5545 nostros
705 5491 903 5553 vinea,
929 5488 1135 5543 saltem
1164 5481 1233 5540 ad
1256 5485 1374 5539 vini
1398 5484 1620 5564 copiam
1647 5481 1866 5564 habent
1979 5487 2035 5564 et
2051 5482 2200 5563 alibi
2247 5499 2280 5536 a
2312 5481 2635 5552 majoribus
2669 5482 2884 5535 nostris
2915 5481 3110 5535 vineas
3146 5483 3404 5538 studiose
3438 5482 3624 5538 cultas

144 5565 215 5622 d
235 5554 378 5631 acii,
414 5561 589 5618 hodie
617 5561 977 5618 excoluntur.
1003 5560 1083 5615 Ex
1114 5560 1224 5613 isto
1250 5561 1448 5613 tamen
1468 5554 1790 5628 diplomate
1814 5559 1872 5611 et
1980 5554 2181 5610 fuisse.

537 5690 796 5752 ΡΑταοι.
848 5686 1103 5751 CXLVI.

3214 5680 3303 5742 43
