4036 6184
432 268 584 328 1355

427 395 764 471 Apostolica
793 391 972 464 igitur
1002 381 1364 442 auctoritate,
1395 371 1720 430 venerande
1753 371 1945 436 frater,
1981 381 2072 420 re-
2102 366 2156 430 Α

427 487 632 561 ligioni
662 490 773 539 tuae
796 475 1190 539 concedimus,
1217 467 1508 530 volumus,
1537 468 1594 516 et
1626 461 1950 522 ﬁrmamus,
1986 459 2068 509 at-

430 544 541 652 que
559 572 895 631 auctoritate
916 564 1070 620 beati
1084 559 1233 614 Petri
1254 553 1648 627 apostolorum
1676 544 1984 619 principis:
2011 544 2070 597 in

433 635 782 741 quocunque
810 657 934 711 loco
961 652 1066 706 tibi
1101 647 1310 704 melius
1330 644 1532 697 visum
1561 637 1753 706 fuerit,
1782 635 2075 706 episcopa-

1489 735 1497 741 ‘
1591 728 1604 741 ‘
1947 722 2000 741 Δ-
2019 737 2066 741 _-

432 722 557 813 {um
591 754 648 806 in
687 758 788 803 tua
819 741 1093 818 parochia
1125 741 1415 798 construe,
1451 735 1507 784 et
1540 728 1609 782 ad
1645 722 2073 798 procurandam

432 845 683 902 salutem
715 836 1047 893 animarum
1080 828 1403 897 adjutorem
1446 817 1550 872 tibi
1594 823 1695 870 tua
1743 811 2072 867 considera-

431 899 588 990 tione
608 930 689 984 ibi
723 938 1012 998 prmpone,
1038 919 1118 971 ita
1146 921 1340 968 tamen
1375 915 1438 963 ut
1463 907 1830 977 episcopatus
1859 899 1954 953 ille
1977 899 2073 952 Ec-

430 1023 616 1081 clesiae
646 1024 782 1080 tua),
803 993 1027 1082 tibique
1047 1005 1133 1061 vel
1158 1003 1274 1057 tuis
1301 993 1737 1054 successoribus
1770 1002 2073 1057 nunquam

429 1074 831 1170 subtrahatur,
847 1106 903 1155 et
923 1074 1121 1152 nullus
1139 1091 1219 1146 ibi
1240 1089 1550 1160 episcopus
1567 1079 1937 1152 quandoque,
1956 1074 2075 1129 sive

429 1219 532 1274 per
573 1169 1001 1253 investituram,
1035 1189 1100 1238 ut
1150 1178 1262 1234 dici
1315 1173 1550 1239 assolet,
1583 1169 1670 1224 vel
1721 1179 2074 1238 quocunque

1294 1266 1303 1274 .
1350 1265 1358 1274 .
1604 1262 1613 1274 ,
1740 1255 1776 1274 ί,
1940 1268 2038 1274 ,Μ

429 1253 596 1363 pacto
628 1275 1216 1352 inibiiconstituatur,
1248 1265 1363 1320 nisi
1395 1277 1570 1333 quem
1599 1262 1663 1312 tu
1695 1255 1781 1312 vel
1815 1253 1894 1307 tui
1938 1268 2074 1306 suc-

1100 1361 1108 1363 .
1210 1361 1214 1363 .
1271 1360 1278 1363 .
1385 1351 1398 1363 ,
1547 1348 1558 1359 .
1613 1351 1621 1363 ,
1718 1340 2074 1363 ημηῄ-,η

431 1340 692 1438 cessores
724 1340 994 1443 prompta
1021 1360 1320 1416 voluntate
1353 1348 1650 1422 elegerint,
1680 1340 2079 1399 ordinaverint

431 1472 488 1525 et
517 1426 1001 1522 consecraverint.
1027 1448 1342 1519 Indignum
1364 1440 1520 1497 enim
1543 1441 1716 1506 atque
1737 1426 2076 1488 detestabile

429 1518 1432 1619 estvuthochuodktudiopietatis
1482 1545 1516 1581 a
1543 1524 1707 1580 vobis
1740 1518 2074 1590 qumsitum,

431 1610 1139 1718 apostolicawauctoritate
1177 1623 1499 1682 ﬁrmatum,
1534 1614 1605 1668 ad
1655 1610 2076 1666 detrimentum

429 1697 694 1791 Ecclesiae
721 1733 834 1781 tua:
859 1719 1115 1793 quolibet
1141 1712 1312 1768 modo
1336 1708 1611 1796 vertatur.
1637 1701 1696 1796 Si
1724 1697 2076 1796 quis‘autem
2112 1732 2159 1796 Β

430 1817 740 1880 temerario
763 1829 910 1870 ausu
931 1808 1110 1876 hujus
1132 1806 1341 1856 nostrae
1366 1789 1687 1850 sanctionis
1711 1783 2079 1858 privilegium

432 1907 753 1981 infregerit,
779 1897 1000 1956 noverit
1021 1911 1083 1949 se
1109 1887 1436 1962 apostolicae
1459 1871 2081 1937 excommunicationis

436 1958 1021 2071 atquganatheniatis
1053 1978 1282 2037 vinculo
1309 1973 1674 2028 innodatum.
1702 1969 1774 2017 At
1798 1979 1953 2028 vero,
1979 1958 2083 2030 qui

436 2053 778 2163 intuitu
821 2081 1016 2133 custos
1068 2075 1122 2126 et
1171 2067 1506 2123 observator
1535 2053 1840 2118 exstiterit,
1876 2066 2080 2122 perpe-

437 2147 550 2234 tuae
581 2165 1005 2232 benedictionis
1036 2153 1398 2215 abundantia
1431 2147 1739 2220 repleatur.

511 2227 1002 2323 Davtaibateranis,
1025 2266 1106 2305 x11
1136 2244 1260 2301 Kal.
1294 2239 1530 2312 Aprilis,
1560 2253 1659 2308 per
1690 2247 1901 2287 manus
1930 2227 2080 2282 Petri

437 2354 654 2420 clerici,
687 2343 985 2419 fungentis
1015 2338 1135 2394 vice
1167 2331 1313 2390 Petri
1348 2331 1561 2384 sanctae
1593 2325 1864 2378 Romanm
1895 2318 2085 2373 Eccle-

437 2448 536 2503 sia:
567 2409 878 2498 cardinalis
927 2447 992 2486 ac
1032 2417 1483 2482 bibliothecarii,
1516 2430 1668 2471 anno
1701 2412 1772 2466 ab
1804 2409 2083 2464 Incarna-

437 2496 838 2591 tidneDomini
862 2522 1020 2586 1070,
1047 2512 1418 2588 pontiﬁcatus
1441 2521 1572 2561 vero
1597 2499 1819 2556 domini
1844 2496 2085 2550 Alexan-

442 2623 532 2680 dri
564 2635 724 2694 papze
755 2614 804 2671 II
835 2625 1008 2674 nono,
1039 2603 1243 2659 indict.
1275 2616 1375 2654 v11.

1147 2713 1385 2774 LXXIII.

442 2827 686 2887 Ecclesia
716 2819 1004 2890 collegiate
1033 2813 1088 2868 S.
1129 2807 1316 2890 Maria
1353 2801 1416 2890 de

1032 2861 1420 2955 proleclimtem
1449 2867 1756 2955 apostolicae
1785 2863 1923 2948 sedis
1955 2861 2094 2955 regi-

949 2931 1114 3010 vbogza
1180 2931 1369 3004 omnia
1434 2931 1496 2996 εί
1548 2935 1845 3011 privilegia
1901 2931 2098 3000 confir-

531 3047 772 3095 mantur.

1075 3113 1264 3184 (Anno
1297 3103 1479 3172 1070.)

609 3219 1038 3290 [COCQUELINES,
1070 3181 1217 3256 Ball.
1253 3197 1426 3257 Rom,
1458 3195 1599 3245 tom.
1635 3186 1705 3251 Il,
1739 3202 1794 3256 p.
1831 3181 1942 3252 13.]

521 3339 864 3392 ALEXANDER
894 3320 1224 3393 episcopus,
1259 3324 1459 3364 servus
1509 3316 1806 3359 servorum
1839 3296 1962 3363 Dei,
1997 3311 2092 3349 ca-

449 3421 677 3483 nonicis
706 3411 959 3474 ecclesiae
990 3408 1209 3461 Sancta:
1237 3397 1452 3465 Mariae,
1488 3393 1609 3447 sitae
1658 3391 1714 3443 in
1754 3386 2092 3458 episcopatu

451 3504 883 3573 Matisconensi,
917 3499 1039 3553 loco
1072 3489 1370 3554 Belliloco,
1400 3484 1752 3550 illorumque
1792 3489 2090 3530 successo-

449 3605 617 3660 ribus
648 3599 706 3652 in
738 3593 1106 3666 perpetuum.

524 3654 758 3756 Quoties
790 3654 863 3736 ea
887 3695 919 3732 a
940 3675 1108 3730 nobis
1140 3670 1435 3742 petuntur,
1463 3677 1587 3732 qua:
1610 3676 1643 3712 a
1675 3654 1952 3726 religione
1979 3666 2092 3704 non

456 3777 809 3848 discrepant,
839 3768 1088 3823 libenter
1135 3758 1416 3813 debemus
1473 3761 1747 3813 annuere,
1782 3747 1836 3797 ct
1887 3739 2095 3795 favoris

453 3834 952 3937 nostrigratanter
973 3851 1226 3926 praebere
1244 3856 1572 3905 assensum,
1590 3834 1865 3907 quoniam
1886 3847 1950 3884 ex
1971 3846 2098 3884 con-

1286 3933 1323 3937 __
1496 3929 1505 3937 ,
1540 3927 1578 3937 ﬁ
1802 3925 1810 3937 ι
1904 3936 1908 3937 ί
1967 3917 2001 3937 η
2019 3935 2034 3937 _
2053 3920 2096 3937 Α

456 3917 808 4016 εἱάθνειῧοηθ
840 3940 1173 4018 apostolica:
1205 3933 1381 3998 sedis,
1415 3929 1508 3983 cui
1540 3927 1654 3980 Deo
1688 3925 1940 3985 auctore,
1967 3917 2099 3972 licet

458 4042 684 4115 indigni
718 4035 960 4098 meritis,
992 4026 1394 4101 prmsidemus,
1428 4014 1712 4087 cogimur,
1746 4010 1922 4064 etiam
1963 4006 2011 4060 si
2067 4024 2100 4060 a

460 4096 627 4190 nobis
658 4096 1112 4198 exigantur,_his
1140 4111 1358 4166 talibus
1398 4118 1629 4173 semper
1677 4096 2000 4167 invigilare,
2034 4111 2099 4147 ac

461 4219 641 4277 saluti
671 4186 1001 4270 animarum
1035 4199 1229 4258 solerti
1262 4194 1456 4251 studio
1489 4189 1808 4262 providere.
1842 4186 2099 4255 Quapro-

461 4273 610 4382 pter,
635 4295 1000 4360 dilectissimi
1025 4291 1148 4356 ﬁlii,
1177 4287 1315 4358 quia
1345 4277 1650 4355 postulasti
1686 4293 1718 4331 a
1739 4273 1928 4339 nobis,
1958 4289 2099 4343 qua-

457 4360 630 4454 tenus
663 4397 719 4448 et
746 4384 1070 4447 ecclesiam,
1104 4377 1258 4433 circa
1288 4389 1464 4445 quam
1497 4366 1729 4439 degitis,
1763 4364 1871 4419 sub
1920 4360 2103 4416 tutela

458 4483 790 4560 apostolicae
822 4466 1177 4531 defensionis
1210 4462 1666 4532 susciperemus,
1699 4470 1828 4508 cum
1864 4467 1964 4522 per
2013 4451 2099 4504 in-
2135 4465 2177 4527 D

453 4545 779 4633 terventum
811 4559 1067 4637 episcopi
1107 4555 1276 4611 vestri
1313 4568 1412 4622 per
1441 4549 1667 4602 litteras
1699 4546 1942 4609 vestras,
1975 4545 2100 4593 tum

455 4664 679 4722 devotis
729 4655 999 4730 precibus
1049 4644 1254 4702 vestris
1302 4639 1454 4708 flexi,
1488 4632 1749 4708 petitioni
1797 4627 1996 4684 vestrm
2029 4626 2101 4680 1i-

455 4757 660 4810 benter
678 4745 1014 4804 annuimus.
1035 4732 1298 4791 Inclinati
1317 4745 1448 4800 ergo
1471 4724 1678 4780 vestris
1701 4717 2102 4791 rogationibus

457 4860 581 4906 vos,
605 4843 910 4906 vestraque
932 4833 1084 4884 bona
1106 4830 1280 4894 atque
1305 4816 1634 4890 prcedictam
1659 4808 1960 4865 ecclesiam
1993 4805 2100 4859 sub

459 4928 787 4988 munimine
833 4916 1161 4992 apostolicae
1207 4904 1581 4982 protectionis
1621 4896 2016 4968 suscipimus;
2049 4896 2104 4947 et

458 4983 1193 5079 conﬁrmamus-quidquid
1224 4998 1378 5052 dicta
1417 4990 1661 5048 ecclesia
1700 4988 1858 5057 juste
1909 4983 2101 5044 habet,

456 5107 544 5164 vel
576 5105 851 5172 deinceps
891 5098 1050 5166 juste
1099 5085 1459 5158 acquisitura
1508 5083 1613 5143 est,
1649 5083 1767 5130 tam
1824 5073 1882 5126 in
1932 5069 2104 5125 terris

459 5212 636 5266 quam
668 5193 726 5246 in
759 5186 962 5248 vineis,
989 5198 1088 5237 seu
1122 5173 1436 5246 cujuslibet
1460 5166 1687 5241 generis
1721 5157 2102 5235 possessioni-

459 5252 569 5338 bus
601 5300 614 5335 :
665 5281 747 5335 ita
799 5282 861 5332 ut
908 5289 1022 5329 non
1060 5269 1232 5323 liceat
1261 5261 1539 5331 cuiquam
1572 5252 2102 5310 ecclesiasticorum

456 5371 544 5427 vel
575 5367 944 5425 saecularium
976 5372 1203 5429 magna:
1234 5363 1536 5423 parvzsquc
1570 5359 1823 5417 personm
1865 5356 1967 5394 vos
2012 5337 2102 5391 in-

458 5459 740 5532 quietare,
755 5454 841 5510 vel
860 5446 1144 5526 quidquid
1167 5440 1383 5514 injuria
1399 5433 1830 5512 praenominatce
1849 5425 2104 5485 ecclesiae

457 5518 515 5610 iii
566 5544 822 5602 alienum
871 5518 1186 5596 transferre
1220 5549 1232 5591 :
1288 5527 1448 5588 salva
1486 5522 1696 5583 matris
1725 5518 2016 5586 Ecclesiae,
2049 5519 2106 5573 et

1725 232 2172 296 ALEXANDHI
2217 228 2268 288 II
2311 225 2539 286 PAPIE

3619 219 3738 276 1356

2185 359 2402 433 prOprii
2434 355 2690 429 episcopi
2721 350 3060 409 reverentia.
3087 348 3333 418 Quisque
3353 351 3527 403 autem
3553 351 3742 405 temera-

2181 452 2264 506 rio
2288 466 2433 504 ausu
2456 447 2634 516 hujus
2661 447 2868 498 nostrae
2893 439 3214 495 sanctionis
3247 437 3578 508 privilegium
3605 439 3743 494 infre-

2181 539 2348 612 gerit,
2374 537 2486 591 nisi
2519 532 2847 604 resipuerit,
2873 528 3095 584 noverit
3117 543 3178 582 se
3207 526 3742 582 excommunicationis

2183 635 2358 699 atque
2410 624 2798 680 anathematis
2850 617 3081 672 vinculo
3122 616 3518 670 innodandum.
3547 618 3607 670 At
3644 633 3743 670 vero

2184 716 2283 788 qui
2316 715 2408 787 pio
2440 713 2653 768 intuitu
2687 715 2881 764 custos
2913 712 2968 762 et
2998 707 3327 761 observator
3354 705 3625 769 exstiterit,
3650 721 3744 776 per-

2185 811 2371 878 petuae
2403 799 2824 858 benedictionis
2855 795 3216 852 abundantia
3245 792 3538 864 repleatur.

2229 897 2465 949 Datum
2504 889 2763 945 Laterani
2812 905 2852 940 II
2903 885 3026 940 Kal.
3068 883 3270 954 April.,
3303 898 3399 953 per
3429 898 3614 936 manus
3641 881 3748 936 Petri

2185 983 2395 1049 clerici,
2450 979 2746 1051 fungentis
2797 991 3034 1030 munere
3085 971 3230 1027 Petri
3293 975 3490 1026 sanctae
3536 971 3746 1025 Romane

2183 1071 2446 1125 Ecclesiae
2492 1065 2826 1129 cardinalis,
2859 1080 2924 1118 ac
2977 1059 3415 1124 bibliothecarii,
3445 1076 3582 1113 anno
3608 1059 3751 1113 lucar-

2186 1159 2441 1214 nationis
2472 1157 2702 1212 Domini
2735 1155 2892 1221 1070,
2928 1151 3299 1224 pontiﬁcatus
3341 1149 3405 1203 D.
3435 1148 3697 1203 Alexandri
3719 1151 3753 1200 ΙΙ

2188 1266 2345 1321 papae
2376 1265 2452 1317 1x,
2488 1247 2694 1301 indict.
2728 1261 2846 1297 vm.

2890 1456 3133 1512 LXXIV.

2187 1553 2512 1610 Alexander
2561 1553 2616 1606 Il
2669 1549 2955 1617 conﬁrmat
3006 1547 3307 1617 privilegia
3357 1543 3578 1599 abbatis?
3619 1541 3759 1595 Sancti

2641 1622 2877 1690 Bem’gm‘
2913 1617 3379 1675 Fructua-rz'cnsis.

2731 1745 2736 1748 '
2806 1727 2997 1798 (Anno
3029 1725 3212 1794 1070.)

2192 1841 2625 1918 [roousLiNss,
2659 1837 2803 1891 Bull.
2853 1836 3000 1890 Rom.
3047 1837 3231 1898 Ponl.,
3266 1836 3408 1887 tom.
3450 1829 3515 1899 ΙΙ,
3545 1841 3657 1899 pag.
3685 1822 3762 1895 13.]

2265 2039 2601 2090 ALEXANDER
2632 2033 2964 2104 episcopus,
3000 2046 3200 2085 servus
3251 2039 3539 2083 servorum
3578 2021 3678 2086 Dei,
3701 2035 3766 2074 ve-

2194 2124 2438 2180 nerabili
2474 2130 2734 2177 ALBERTO
2767 2119 2962 2175 abbati
2995 2117 3335 2173 monasterii
3369 2117 3576 2170 Sancta;
3604 2109 3766 2171 Maria,

2195 2214 2292 2268 siti
2343 2214 2400 2266 in
2455 2209 2846 2284 Ipporegiensi
2903 2208 3047 2274 loco,
3083 2207 3183 2278 qui
3231 2204 3445 2260 dicitur
3474 2196 3764 2259 Fructuaria,

2195 2305 2436 2374 suisque
2479 2299 2914 2357 successoribus
2946 2296 3296 2369 regulariter
3327 2289 3694 2365 promovendis
3730 2286 3769 2339 in

2197 2398 2543 2466 perpetuum
2576 2391 2846 2447 salutem.

2277 2489 2354 2542 Ex
2375 2481 2838 2538 consideratione
2860 2479 3038 2547 hujus
3069 2478 3286 2530 sanctae
3310 2469 3616 2544 apostolicae
3642 2463 3772 2525 sedis,

2199 2579 2293 2634 cui
2326 2578 2439 2632 Deo
2472 2576 2726 2638 auctore,
2757 2568 2892 2623 licet
2925 2565 3148 2636 indigni
3180 2562 3432 2626 meritis,
3466 2555 3774 2630 prasidemus

2201 2667 2465 2739 cogimur
2512 2660 2798 2716 universis
2850 2653 3120 2711 Ecclesiis
3168 2651 3490 2724 providere,
3523 2640 3777 2718 pressi-tim

2202 2728 2460 2813 iisvlocis
2505 2751 2604 2822 qui
2643 2748 2739 2819 pia
2769 2744 3047 2816 religione
3079 2741 3297 2814 pollere
3329 2739 3647 2795 noscuntur.
3673 2728 3778 2786 Mul-

2205 2851 2330 2901 tum
2353 2842 2507 2898 enim
2532 2837 2778 2894 Domino
2811 2841 3008 2890 nostro
3031 2838 3164 2888 Jesu
3187 2831 3420 2886 Christo
3443 2818 3781 2882 sollicitudinis

2208 2939 2419 2991 nostrae
2443 2945 2644 2986 curam
2671 2926 2896 2999 placere
2919 2921 3294 2989 conﬁdimus,
3319 2919 3369 2973 si
3393 2931 3576 2973 servos
3599 2913 3716 2982 ejus,
3739 2910 3784 2959 ut

2211 3023 2320 3079 sibi
2343 3019 2605 3077 securius
2626 3015 2875 3070 militare
2899 3011 3149 3078 valeant,
3175 3026 3208 3063 a
3227 3007 3465 3063 turbine
3485 2997 3782 3059 saecularium

2127 3100 2168 3165 C
2205 3109 2708 3186 perturbationum
2732 3106 2894 3159 scuto
2946 3104 3156 3154 nostrae
3180 3092 3549 3168 protectionis
3585 3083 3783 3144 defendi-

2205 3219 2357 3256 mus.
2391 3198 2768 3268 Quapropter,
2803 3191 2886 3245 ﬁli
2943 3188 3314 3252 charissime,
3347 3199 3480 3238 cum
3526 3176 3782 3233 interventu

2202 3267 2596 3345 dilectissime:
2619 3281 2748 3336 ﬁliae
2768 3284 2976 3335 nostra:
3010 3274 3248 3347 Agnetis
3279 3267 3663 3345 imperatricis,
3690 3267 3780 3316 tum

2202 3378 2394 3434 dilecti
2427 3393 2490 3431 ac
2515 3369 2863 3429 venerabilis
2885 3365 3147 3421 Annonis
3169 3360 3530 3420 Coloniensis
3557 3347 3782 3420 archiepi-

2203 3467 2360 3538 scopi
2384 3463 2700 3536 rogatione,
2717 3458 2833 3513 tuis
2850 3457 3022 3511 etiam
3047 3453 3322 3526 precibus
3343 3468 3441 3521 per
3462 3445 3671 3504 nuntios
3687 3448 3782 3493 tuos

2203 3555 2486 3619 inclinati,
2512 3555 2636 3623 jam
2669 3549 2890 3603 dictum
2923 3543 3374 3607 monasterium,
3409 3536 3554 3610 quod
3584 3549 3670 3605 per
3693 3531 3782 3582 stu-

2205 3647 2367 3701 dium
2402 3657 2700 3698 servorum
2724 3638 2822 3692 Dei
2846 3637 3246 3690 constructum
3273 3632 3494 3699 absque
3515 3624 3686 3693 aliqua
3709 3631 3782 3671 se-

2206 3735 2386 3791 culari
2423 3730 2680 3804 potentia
2709 3727 2779 3782 ad
2826 3726 2955 3789 hoc,
2990 3723 3142 3794 quod
3174 3737 3306 3775 esse
3336 3719 3560 3772 videtur
3588 3703 3788 3783 pervenit

2208 3825 2478 3897 quodque
2511 3821 2793 3874 hactenus
2825 3829 3061 3869 summa
3089 3808 3400 3864 devotione
3442 3805 3511 3860 ad
3540 3803 3667 3857 hanc
3693 3810 3789 3851 san-

2208 3884 2359 3969 ctam
2383 3884 2577 3966 sedem
2603 3905 2872 3978 respexit,
2890 3903 2998 3957 sub
3021 3898 3206 3954 tutela
3227 3895 3556 3970 apostolicae
3572 3884 3791 3978 defensio-

2209 4003 2300 4059 nis
2331 3999 2710 4069 suscipimus,
2734 3999 2790 4049 et
2811 3992 3231 4048 conﬁrmamus
3258 3982 3546 4058 quidquid
3574 3980 3700 4034 recte
3718 3970 3790 4025 ha-

2209 4094 2324 4157 bet,
2358 4089 2444 4144 vel
2478 4086 2751 4156 deinceps
2792 4087 2880 4137 est
2929 4077 3363 4150 acquisiturum
3414 4074 3471 4128 in
3519 4064 3788 4126 mobilibus.

2210 4183 2326 4236 imo
2342 4183 2398 4234 et
2417 4170 2926 4237 immobilibus,ita
2945 4173 3006 4224 ut
3023 4184 3138 4222 non
3158 4165 3334 4220 liceat
3347 4162 3609 4233 cuiquam
3621 4161 3788 4221 magn8

2209 4270 2298 4326 vel
2331 4284 2517 4340 parvae
2549 4279 2808 4336 personae
2841 4275 3036 4315 servos
3068 4255 3190 4320 Dei,
3221 4253 3306 4308 ibi
3339 4251 3425 4307 vel
3459 4252 3511 4303 in
3541 4243 3680 4302 cellis
3701 4233 3791 4292 suis

2210 4361 2506 4430 degentes,
2538 4352 2881 4423 inquietare,
2916 4345 3001 4401 vel
3033 4345 3103 4399 de
3135 4340 3474 4398 substantia
3508 4352 3605 4393 sua
3641 4322 3789 4386 immi-

2212 4461 2517 4514 nuere,nec
2533 4441 2853 4514 quidquam
2870 4437 2938 4490 de
2954 4434 3226 4504 ejusjure
3245 4431 3307 4486 in
3323 4430 3502 4485 alium
3521 4417 3790 4479 transferre,

2210 4537 2295 4593 vel
2319 4506 2590 4591 saeculare
2614 4506 2889 4602 placitum
2911 4519 3471 4592 facere.Specialiter
3489 4506 3794 4602 autemlRPO'

2215 4624 2460 4697 regiensi
2487 4622 2778 4692 episcopo,
2797 4631 2864 4669 ne
2886 4614 2962 4668 ibi
2990 4610 3310 4682 hospitium
3341 4591 3794 4672 faciat,apost01ica

2215 4713 2559 4771 auctoritate
2591 4705 3015 4767 interdicimus,
3035 4701 3192 4756 salvo
3216 4700 3274 4752 in
3302 4695 3569 4752 omnibus
3589 4677 3792 4743 Ecclesiae

2214 4809 2483 4858 Romanae
2520 4795 2841 4869 privilegio.
2876 4792 2934 4846 Si
2984 4789 3116 4860 quis
3148 4794 3345 4842 autem
3377 4775 3661 4840 temerario
3686 4779 3794 4862 ausu

2214 4893 2390 4962 hujus
2418 4894 2622 4943 nostrae
2648 4879 2966 4939 sanctionis
2990 4877 3360 4950 privilegium
3387 4874 3444 4927 in
3475 4875 3643 4926 totum
3661 4855 3728 4912 vel
3751 4852 3793 4904 in

3735 4943 3769 4962 ._

2215 4943 2312 4962 ---υ
2992 4943 3006 4950 _
3199 4943 3223 4948 ν

2215 4987 2435 5054 partem
2469 4973 2788 5045 infregerit,
2814 4969 2925 5024 nisi
2952 4969 3128 5039 digna
3160 4962 3559 5020 satisfactione
3579 4943 3793 5009 emenda-

2213 5070 2374 5131 verit,
2394 5066 2546 5121 norit
2570 5081 2629 5120 se
2652 5059 2981 5133 apostolica:
3003 5044 3614 5111 excommunicationis
3633 5042 3680 5094 et
3697 5045 3795 5088 θῦε·

2214 5154 2489 5212 thematis
2519 5150 2748 5207 vinculo
2779 5145 3206 5202 innodandum.
3237 5144 3310 5196 At
3338 5155 3471 5194 vero
3502 5134 3591 5207 qui
3622 5128 3700 5200 pio
3732 5120 3794 5174 ίυ·

2215 5246 2366 5300 tuitu
2389 5249 2587 5299 custos
2609 5245 2664 5295 et
2685 5239 3019 5294 observator
3043 5230 3351 5293 exstiterit,
3376 5227 3647 5301 perpetua
3667 5214 3796 5267 bene-

2215 5333 2484 5389 dictionis
2517 5326 2877 5385 abundantia
2909 5321 3219 5394 repleatur.

2285 5424 2496 5480 Datum
2528 5416 2815 5488 Laterani,
2849 5429 2999 5470 anno
3036 5407 3262 5467 Domini
3293 5406 3455 5462 1070.
