4036 6184
249 407 406 470 4361

1429 408 1836 471 EPISTOLE
1878 410 1980 471 ET
2024 410 2366 472 DIPLOMA
2378 412 2506 472 TA.

3513 415 3667 477 1362

250 538 582 614 gregationi
612 539 684 596 de
714 539 1069 597 monasterio
1093 527 1296 597 Sancti
1330 540 1556 613 Rigaldi
1591 543 1660 598 de
1691 543 1907 598 Aneisa
1936 546 1989 610 Α
2022 561 2174 598 anno
2195 545 2624 616 xpontificatus
2645 545 2844 600 domni
2865 545 3175 602 Alexandri
3200 546 3248 601 II
3273 564 3455 618 papae,
3481 549 3668 603 Domi-

254 631 314 687 in
360 634 734 702 perpetuum.

326 717 634 790 Religiosis
665 718 971 773 desideriis
1025 733 1092 772 ea
1142 717 1353 790 pietate
1403 723 1460 774 et
1504 720 1908 776 benevolentia

250 807 685 865 consulendum
706 812 881 878 atque
898 808 1333 862 concedendum
1354 813 1441 863 est
1459 813 1522 863 ut
1541 811 1904 880 propositum

249 896 360 971 pias
393 895 714 952 devotionis
747 897 816 950 de
859 897 1052 951 fructu
1086 914 1203 951 sua:
1236 898 1621 969 provectionis
1655 901 1906 972 gaudeat

253 991 314 1042 et
331 987 603 1042 meritum
623 985 1010 1058 benegnitatis
1029 987 1312 1057 acquirat,
1328 990 1478 1056 quod
1504 988 1637 1042 huic
1658 989 1782 1043 sine
1799 990 1904 1044 dif-

251 1075 513 1130 ﬁcultate
545 1073 816 1146 praesidia
847 1079 1100 1145 praestat.
1128 1076 1310 1146 Igitur
1338 1077 1695 1132 venerabiles
1727 1078 1905 1133 frater

251 1163 620 1236 Eustorgius,
657 1163 994 1219 monasterii
1029 1165 1085 1218 S.
1119 1165 1514 1220 Austremonii
1555 1168 1625 1220 de
1659 1167 1902 1222 Alverno

247 1253 602 1317 monachus,
628 1253 685 1307 in
713 1251 858 1307 silva
880 1253 1133 1324 quadam
1157 1255 1523 1325 quasdicitur
1545 1256 1819 1328 Adversa,
1843 1257 1900 1310 in

248 1343 591 1415 episcopatu
615 1341 1049 1406 Matisconensi,
1092 1359 1353 1398 eremum
1386 1344 1903 1411 inhabitaverat,et

248 1432 552 1488 desertum
585 1431 693 1487 loci
724 1432 796 1486 ad
829 1446 1017 1502 usque
1049 1431 1389 1488 monasterii
1421 1438 1477 1488 et
1523 1433 1900 1505 aliquantulm

245 1520 721 1593 congregationis
741 1520 1018 1587 fructum,
1035 1521 1326 1591 adjutorio
1348 1520 1551 1577 divinae
1573 1523 1899 1579 miseratio-

243 1611 341 1666 nis
364 1614 421 1666 et
448 1610 546 1682 pia
567 1609 872 1665 collatione
897 1608 1158 1664 ﬁdelium
1182 1611 1512 1666 animarum
1534 1611 1897 1681 excoluerat;

233 1696 611 1771 apostolatus
639 1698 824 1756 nostri
844 1699 1216 1770 praesentiam
1233 1699 1456 1765 adiens,
1472 1700 1901 1756 intervenienti-

237 1787 359 1842 bus
396 1786 594 1842 fratris
641 1785 828 1842 nostri
857 1786 1155 1858 Aganonis
1184 1789 1738 1859 Augustodunensis
1773 1789 1898 1862 epi-

239 1875 408 1948 scopi
440 1875 731 1948 precibus,
764 1875 1110 1947 suppliciter
1138 1876 1458 1948 postulavit
1489 1882 1553 1932 ut
1581 1878 1737 1934 idem
1770 1895 1894 1935 mo-
1928 1912 1976 1977 B

237 1966 570 2022 nasterium
594 1965 653 2020 in
677 1964 995 2037 apostolica
1008 1966 1147 2036 jura
1169 1966 1560 2038 reciperemus
1583 1972 1640 2023 et
1669 1968 1896 2039 privile-

236 2059 339 2128 gio
370 2054 698 2126 apostolicae
731 2054 996 2110 tuitionis
1028 2054 1420 2122 muniremus,
1454 2062 1747 2128 quatenus
1800 2057 1894 2113 ille

238 2143 595 2200 venerabilis
625 2143 788 2198 locus
817 2143 1098 2213 singulari
1131 2145 1456 2216 patrocinio
1482 2151 1538 2201 et
1558 2147 1896 2203 defensione

239 2233 455 2288 matris
477 2234 742 2288 omnium
767 2233 1150 2289 Ecclesiarum
1177 2234 1454 2290 suffultus
1477 2240 1534 2291 et
1562 2237 1894 2304 roboratus,

241 2326 301 2377 et
330 2320 551 2378 felicior
579 2321 640 2377 in
680 2323 840 2377 omni
871 2323 1022 2378 bono
1055 2329 1297 2388 crescat,
1331 2328 1387 2380 et
1439 2325 1698 2381 securior
1745 2326 1897 2381 inter

241 2410 508 2466 humana
537 2415 888 2466 testamenta
921 2411 1219 2468 consistat.
1255 2414 1436 2484 Cujus
1466 2415 1737 2486 precibus
1769 2415 1895 2470 sine

244 2504 587 2572 contemptu
607 2500 840 2573 pietatis
855 2506 912 2556 et
921 2501 1164 2572 justitiae
1177 2503 1447 2580 effectum
1467 2520 1581 2558 non
1600 2505 1897 2574 potuimus

252 2589 563 2662 denegare.
587 2591 801 2646 Notum
821 2607 956 2663 ergo
980 2591 1057 2646 sit
1087 2592 1362 2648 omnibus
1384 2592 1656 2650 fidelibus
1684 2594 1744 2649 in
1778 2611 1900 2666 per-

252 2684 500 2750 petuum
524 2679 804 2751 quoniam
827 2678 1014 2735 eidem
1033 2679 1197 2734 fratri
1219 2685 1277 2736 et
1297 2681 1642 2738 charissimo
1661 2682 1779 2738 ﬁlio
1802 2700 1902 2738 no-

253 2773 376 2824 stro
405 2769 710 2841 Eustorgio
740 2769 983 2840 suisque
1011 2768 1311 2836 fratribus,
1334 2771 1677 2842 cunctisque
1699 2788 1900 2826 eorum

252 2858 698 2913 successoribus
725 2855 1094 2930 privilegium
1116 2862 1328 2914 nostra:
1349 2859 1680 2930 apostolicae
1703 2861 1901 2916 tuitio-

250 2947 346 3002 nis
369 2947 788 3014 concessimus,
814 2951 1138 3003 statuentes
1159 2951 1216 3003 et
1236 2964 1505 3020 expresse
1527 2950 1901 3005 decernentes

251 3041 319 3091 ut
350 3035 543 3108 ipsum
572 3036 995 3092 monasterium
1021 3036 1216 3090 Sancti
1238 3036 1462 3108 Rigaldi
1496 3038 1567 3092 de
1593 3039 1824 3108 Ancisa,
1848 3042 1905 3093 et

249 3124 454 3181 omnia
479 3141 842 3197 quaecunque
873 3126 1009 3196 jure
1040 3125 1233 3194 habet,
1266 3131 1370 3180 aut
1399 3125 1594 3181 divina
1624 3126 1899 3197 pietas...

252 3213 316 3269 in
349 3214 607 3269 futurum
637 3213 750 3270 sibi
789 3215 1060 3270 habenda
1091 3215 1464 3282 concesserit,
1493 3215 1575 3270 ita
1621 3217 1730 3270 sub
1769 3217 1904 3286 jure

254 3307 315 3359 et
358 3302 688 3374 apostolicae
719 3305 1047 3375 majestatis
1077 3303 1434 3375 protectione
1465 3282 1789 3360 consistant
1840 3309 1905 3360 ut
1934 3282 1976 3349 (ἶ

251 3391 457 3449 nullus
479 3393 815 3466 imperator,
842 3410 961 3460 rex,
985 3394 1122 3460 dux,
1147 3391 1423 3464 marchio,
1448 3393 1779 3465 episcopus,
1811 3410 1904 3450 co-

253 3497 386 3537 mes
407 3499 510 3537 seu
534 3483 736 3549 abbas,
765 3481 851 3537 vel
877 3481 1076 3553 aliqua
1096 3499 1346 3553 persona
1373 3482 1668 3538 saecularis
1689 3488 1791 3538 aut
1815 3500 1903 3539 ec-

253 3569 604 3640 clesiastica,
629 3587 844 3643 magna
872 3571 961 3626 vel
992 3588 1186 3643 parva,
1215 3576 1316 3626 aut
1347 3571 1618 3627 invadere
1649 3576 1750 3626 aut
1781 3589 1903 3627 mo—

251 3659 490 3727 lestare,
521 3659 611 3715 vel
639 3660 698 3714 in
731 3659 926 3732 aliquo
955 3659 1282 3730 inquietare
1313 3664 1370 3715 et
1399 3678 1432 3716 a
1467 3665 1621 3716 statu
1662 3677 1767 3716 suo
1798 3660 1908 3716 ali-

254 3748 404 3821 quid
437 3748 904 3805 conditionaliter
944 3749 1080 3804 inde
1113 3749 1393 3822 exigendo
1424 3751 1658 3805 turbare
1689 3767 1908 3821 praesu-

251 3841 404 3894 mat.
425 3837 530 3892 His
553 3838 728 3894 etiam
753 3838 1027 3894 addimus
1060 3841 1125 3892 ut
1154 3836 1355 3893 nullus
1385 3837 1443 3892 in
1467 3838 1670 3894 eodem
1703 3855 1907 3893 mona-

254 3926 461 3996 sterio,
498 3926 614 3981 nisi
644 3943 744 3999 per
773 3926 1118 3982 electionem
1148 3927 1418 3996 fratrum,
1445 3929 1616 3998 juxta
1647 3927 1906 3999 regulam

251 4015 449 4073 sancti
482 4015 800 4081 Benedicti,
833 4016 1014 4070 abbas
1053 4016 1481 4083 constituatur;
1514 4022 1571 4071 et
1602 4016 1908 4088 episcopus

248 4104 724 4170 Matisconensis,
757 4104 816 4158 in
848 4105 1018 4174 cujus
1049 4103 1320 4175 parochia
1352 4109 1460 4172 est,
1490 4106 1539 4160 si
1571 4106 1772 4176 gratis,
1802 4105 1910 4176 hoc

249 4199 349 4250 est
372 4193 498 4249 sine
523 4193 728 4264 pretio,
751 4193 886 4248 licet
906 4192 1045 4248 velit
1064 4195 1270 4264 facere,
1296 4193 1543 4250 electum
1578 4211 1611 4249 a
1632 4195 1910 4251 fratribus

248 4283 467 4338 debeat
495 4298 857 4353 consecrare,
890 4285 947 4337 et
985 4298 1092 4337 suo
1121 4281 1392 4354 regimini
1423 4287 1572 4337 ccetu
1607 4284 1717 4338 sibi
1752 4301 1909 4339 com-

250 4372 572 4439 mendare;
603 4371 693 4426 sin
715 4387 849 4427 vero
872 4370 1122 4442 pretium
1143 4370 1328 4440 exigat
1349 4387 1452 4442 pro
1476 4371 1910 4427 consecratione

250 4464 362 4516 aut
381 4459 580 4531 aliquo
603 4461 776 4515 modo
800 4459 1141 4514 canonicam
1160 4458 1502 4514 electionem
1521 4458 1768 4514 fratrum
1791 4464 1912 4515 ten-

250 4553 342 4606 tet
370 4548 676 4621 impedire,
702 4549 774 4604 ad
805 4547 1187 4620 apostolicam
1222 4548 1421 4603 sedem
1454 4564 1557 4619 pro
1587 4547 1911 4603 ordinando

2018 632 2158 688 nicas
2188 650 2320 689 vero
2353 633 2776 690 incarnationis
2818 636 2972 703 1071,
3009 635 3328 690 indictione
3361 649 3419 691 1x

2722 725 2957 780 LXXIX.

2015 813 2170 868 Clero
2200 813 2634 869 Mediolanensis.
2668 847 2736 869 ——.
2765 817 2839 868 De
2884 814 3284 885 archiepiscopo
3325 817 3660 874 Simoniaco.

2454 904 2706 974 (Fragm.
2740 934 2808 943 -—
2842 910 3006 957 Anno
3047 904 3219 975 1071.)

2423 993 2657 1063 [ΜΑΝ81,
2692 992 2896 1047 Concil.
2931 993 3070 1060 XIX,
3100 995 3249 1063 979.]

2086 1080 2597 1153 Archiepiscopum
2622 1087 2876 1136 vestrum
2901 1081 3294 1137 Simoniacum
3321 1084 3504 1139 fuisse
3537 1084 3660 1139 nul-

2011 1165 2104 1221 lus
2136 1175 2395 1222 vestrum
2430 1169 2676 1239 ignorat,
2703 1169 2860 1240 quia,
2885 1170 3023 1224 dum
3049 1170 3315 1224 abbatias
3346 1177 3402 1226 et
3423 1172 3656 1227 ordines

2011 1257 2227 1326 vendit,
2263 1257 2370 1312 hoc
2402 1258 2576 1312 etiam
2609 1257 2734 1329 ipse
2766 1258 3047 1330 propalat.

2734 1363 2941 1418 LXXX.

2009 1453 2322 1508 Alexander
2367 1454 2393 1508 ι
2405 1454 2429 1507 Ι
2462 1455 2787 1526 monasterii
2817 1454 2870 1508 S.
2901 1455 3131 1509 Joannis
3160 1455 3474 1521 Pinnensis,
3507 1471 3653 1526 pra?-

2079 1530 2229 1580 sente
2255 1526 2474 1595 Ilugone
2505 1525 2743 1580 Candida
2767 1526 3084 1597 presbytero
3113 1525 3396 1581 cardinali
3443 1543 3475 1580 α
3513 1528 3653 1582 San-

2079 1599 2164 1651 cio
2195 1598 2481 1666 Hispania:
2510 1613 2636 1667 rege
2671 1613 2791 1650 cum
2833 1599 3046 1654 exteris
3077 1597 3426 1653 monasteriis
3455 1600 3517 1652 B.
3550 1600 3651 1653 Pe-

2081 1670 2162 1741 tro
2207 1669 2425 1741 abbati,
2482 1670 2879 1737 protectionem
2946 1671 3178 1739 suscipit
3244 1678 3293 1724 et
3355 1671 3656 1741 privilegia

2081 1740 2346 1793 instituit.

2629 1809 2814 1880 (Anno
2849 1811 3028 1879 1071.)

2319 1881 2602 1951 [ΜΑΒιιι.,
2636 1882 2834 1935 Annal.
2867 1881 3100 1946 Bened.,
3126 1881 3194 1945 V,
3228 1882 3339 1950 42.]

2078 1968 2436 2024 Charissimo
2465 1969 2579 2023 ﬁlio
2601 1973 2907 2036 AQUILINO,
2931 1969 3199 2040 religioso
3230 1970 3424 2024 abbati
3457 1986 3652 2025 mona-

2005 2057 2168 2112 sterii
2199 2057 2393 2112 Sancti
2415 2057 2658 2113 Joannis
2687 2058 2952 2130 Baptista:
2985 2058 3055 2114 de
3079 2057 3242 2128 Pina,
3268 2060 3326 2113 in
3359 2059 3652 2130 Aragonia

2005 2145 2322 2217 provincia.

2075 2234 2417 2306 Apostolicze
2449 2235 2571 2290 sedi
2602 2253 2718 2291 non
2750 2236 2964 2292 nostris
2996 2236 3240 2304 meritis,
3265 2237 3366 2291 sed
3397 2236 3519 2292 sola
3555 2237 3649 2292 Dei

2006 2324 2408 2381 misericordia
2458 2325 2854 2396 praesidentes,
2888 2327 3240 2397 accepimus,
3273 2325 3333 2379 in
3382 2326 3648 2397 partibus

2006 2412 2316 2484 Hispaniae,
2332 2414 2623 2469 catholica}
2643 2415 2774 2470 ﬁdei
2799 2414 3080 2470 unitatem
3104 2433 3137 2470 a
3159 2433 3266 2472 sua
3287 2416 3650 2487 plenitudine

2009 2503 2416 2568 declinasse,et
2439 2521 2584 2576 pene
2609 2521 2813 2559 omnes
2836 2506 2906 2558 ab
2930 2504 3324 2560 ecclesiastica
3341 2505 3654 2576 disciplina

2008 2597 2065 2647 et
2113 2591 2443 2647 divinorum
2496 2592 2658 2647 cultu
2699 2593 3041 2648 interiorum
3074 2594 3394 2651 aberrasse.
3430 2598 3650 2666 Itaque,

2009 2681 2327 2752 instigante
2353 2698 2459 2736 nos
2490 2682 2816 2737 commissae
2848 2687 3060 2738 sanctae
3086 2688 3141 2738 et
3174 2684 3520 2739 universalis
3551 2685 3655 2738 Ec-

2011 2769 2200 2825 clesize
2253 2769 2634 2841 providentia,
2667 2771 2739 2825 ad
2795 2772 3212 2827 correctionem
3264 2772 3657 2829 Ecclesiarum

2013 2859 2133 2926 Dei,
2159 2859 2346 2914 ﬁlium
2378 2863 2642 2914 nostrum
2674 2864 2978 2931 Hugonem
3008 2862 3356 2932 Candidum,
3380 2867 3437 2918 et
3466 2862 3657 2918 cardi-

2013 2947 2206 3003 nalem
2231 2948 2656 3020 presbyterum,
2681 2948 2741 3002 in
2768 2952 2962 3020 partes
2989 2949 3122 3006 illas
3144 2951 3436 3017 misimus,
3453 2951 3554 3022 qui
3576 2952 3660 3005 di-

2011 3036 2147 3091 vina
2169 3037 2527 3107 suﬁ‘ragante
2549 3035 2858 3094 clementia
2877 3037 3217 3094 Christianas
3239 3040 3374 3096 fidei
3409 3041 3588 3096 robur
3605 3044 3662 3095 et

2013 3125 2406 3196 integritatem
2427 3125 2507 3180 ibi
2529 3127 2898 3193 restauravit,
2927 3127 3268 3184 Simoniacaa
3298 3129 3537 3186 haeresis
3567 3130 3661 3185 in-

2017 3212 2398 3284 quinamenta
2428 3214 2733 3269 mundavit
2761 3221 2817 3270 et
2843 3217 3116 3272 confusos
3146 3217 3295 3272 ritus
3325 3218 3659 3273 divinorum

2016 3301 2433 3372 obsequiorum
2483 3302 2555 3356 ad
2603 3302 2866 3373 regulam
2905 3303 3244 3359 canonicam
3293 3310 3349 3359 et
3394 3306 3658 3360 ordinem

2014 3391 2366 3446 reformavit.
2404 3389 2656 3445 Dilectus
2687 3407 2824 3462 ergo
2857 3391 3013 3446 ﬁlius
3044 3397 3241 3448 noster
3269 3392 3514 3448 Sancius
3561 3410 3660 3448 rex

2014 3479 2327 3551 Hispaniis,
2342 3479 2538 3534 divina
2557 3481 2746 3549 gratia
2765 3485 3093 3551 praventus
3113 3486 3170 3536 et
3193 3497 3476 3537 accensus
3498 3499 3660 3537 amo—

2016 3585 2098 3636 re,
2133 3585 2265 3624 cum
2298 3568 2571 3624 omnibus
2603 3569 2819 3640 quibus
2866 3571 3073 3641 potuit,
3106 3571 3178 3625 ad
3230 3587 3422 3626 veram
3473 3571 3660 3643 perfe-

2017 3663 2286 3729 ctamque
2313 3659 2486 3713 ﬁdem
2517 3658 2840 3714 nobilitatis
2872 3677 2992 3715 suae
3022 3660 3269 3733 gloriam
3296 3661 3578 3716 convertit
3606 3664 3665 3715 et

2017 3750 2285 3821 protinus
2317 3749 2700 3821 semetipsum
2725 3749 3049 3820 apostolicae
3070 3748 3341 3821 dignitati
3368 3749 3666 3805 commisit

2017 3854 2084 3894 ac
2106 3838 2388 3906 subdidit,
2413 3842 2469 3893 et
2493 3839 2848 3894 monasteria
2877 3855 2994 3894 sua:
3016 3837 3255 3893 ditionis
3286 3839 3386 3892 diu
3417 3837 3666 3894 alienata

2019 3929 2290 3983 Romanas
2303 3927 2568 3983 Ecclesia
2591 3927 2822 3999 proprio
2837 3929 2971 3997 jure
2993 3928 3242 3982 tenenda
3259 3926 3666 3983 reddidit.Haec

2017 4022 2213 4073 autem
2245 4033 2344 4071 rex
2374 4017 2680 4088 piissimus
2710 4033 2814 4087 per
2839 4021 2914 4083 te,
2948 4015 3326 4072 dilectissime
3358 4016 3458 4082 ﬁli,
3521 4033 3665 4087 pras-

2019 4105 2156 4161 dicti
2190 4104 2528 4162 monasterii
2559 4105 2756 4160 Sancti
2785 4105 3029 4160 Joannis
3073 4105 3346 4176 Baptistae
3379 4106 3449 4160 de
3479 4105 3665 4160 Pinna

2019 4196 2287 4250 abbatem
2313 4200 2370 4250 et
2397 4211 2572 4249 suum
2595 4195 2960 4266 spiritualem
2986 4194 3669 4265 patrem,medianteHu-

2019 4286 2168 4356 g‘one
2189 4283 2479 4339 cardinale
2511 4288 2730 4350 nostro,
2753 4284 2813 4338 in
2842 4288 3104 4339 nostram
3137 4283 3508 4353 praesentiam
3531 4300 3665 4338 cum

2019 4370 2354 4426 chartarum
2389 4377 2768 4426 monumento
2800 4371 3011 4427 deferri
3063 4372 3396 4439 destinavit,
3427 4376 3485 4427 et
3533 4387 3664 4442 pro-

2019 4458 2215 4528 prium
2246 4462 2456 4514 testem
2505 4475 2622 4514 suae
2655 4459 2980 4513 devotionis
3013 4459 3303 4525 adhibuit,
3337 4459 3670 4530 specialiter

2021 4546 2260 4617 quidem
2288 4546 2398 4601 hoc
2419 4564 2453 4601 a
2483 4545 2652 4600 nobis
2675 4545 2987 4616 impetrare
3009 4546 3352 4600 desiderans
3374 4551 3440 4600 ut
3471 4547 3672 4616 prafa-

251 4643 315 4694 et
366 4638 764 4694 consecrando
818 4637 1026 4693 abbate
1075 4653 1180 4693 suo
1233 4636 1488 4691 veniant.
1523 4636 1582 4690 Si
1615 4636 1750 4707 quis
1780 4653 1911 4692 vero
1940 4651 1988 4716 Ι)
2020 4639 2148 4690 tum
2179 4633 2625 4701 monasterium,
2651 4633 2742 4689 cui
2774 4650 2840 4688 eo
2863 4635 3109 4703 juvante
3139 4634 3440 4689 serviendo
3471 4636 3671 4705 praesi-

254 4727 409 4783 citra
437 4727 619 4797 hujus
652 4731 861 4781 nostra:
895 4724 1331 4781 constitutionis
1360 4729 1418 4781 et
1447 4725 1912 4782 conﬁrmationis

252 4815 540 4890 paginam
560 4813 780 4870 nefario
803 4831 952 4870 ausu
971 4830 1140 4885 agere
1160 4817 1216 4868 et
1235 4813 1432 4870 venire
1452 4815 1781 4883 tentaverit,
1800 4814 1910 4869 nisi

255 4903 590 4975 resipiscat,
615 4903 961 4958 auctoritate
982 4901 1375 4973 apostolorum
1402 4902 1550 4958 Petri
1577 4907 1634 4958 et
1654 4903 1817 4957 Pauli
1846 4920 1912 4959 ac

253 4998 464 5050 nostra
494 4991 1125 5048 excommunicandum
1159 4996 1216 5046 et
1247 4992 1318 5046 ab
1341 4992 1500 5046 omni
1524 4993 1820 5048 consortio
1852 4993 1913 5047 {i-

253 5082 484 5138 delium
507 5080 908 5153 repellendum
932 5097 995 5135 se
1016 5096 1143 5135 esse
1164 5080 1557 5152 pertimescat.
1583 5082 1691 5145 Qui
1716 5087 1911 5137 autem

252 5170 368 5244 pize
395 5170 789 5227 venerationis
810 5169 1029 5224 intuitu
1052 5169 1463 5236 observaverit,
1485 5175 1543 5226 et
1567 5170 1663 5225 hic
1683 5175 1914 5242 aposto-

251 5260 382 5317 licae
412 5258 836 5316 benedictionis
857 5259 1105 5330 gratiam
1123 5262 1180 5314 et
1199 5257 1652 5314 consolationem
1677 5258 1909 5328 habeat,

257 5353 319 5405 et
365 5352 592 5405 eterna:
641 5346 1130 5404 remunerationis
1173 5347 1480 5418 prwmium
1511 5347 1626 5402 Deo
1660 5347 1913 5402 donante

258 5438 474 5508 capiat.

337 5615 550 5674 Datum
573 5613 866 5682 Laterani,
890 5630 982 5669 XVI
1015 5611 1139 5668 Kal.
1171 5611 1406 5684 Aprilis,
1439 5629 1542 5685 per
1573 5627 1786 5669 manus
1812 5612 1910 5670 Pe-

253 5707 590 5774 πηδῆσαι
618 5706 896 5766 Romana
925 5702 1189 5763 Ecclesiae
1219 5702 1543 5776 presbyteri
1575 5702 1908 5773 cardinalis,

2021 4725 2144 4794 des,
2170 4725 2340 4795 juxta
2369 4727 2570 4778 votum
2601 4726 2660 4776 et
2701 4721 3110 4794 postulationis
3139 4739 3257 4777 suae
3288 4722 3668 4792 desiderium,

2021 4814 2339 4869 constituto
2358 4810 2842 4877 censu,videlicet
2859 4811 3036 4866 unius
3059 4811 3244 4868 uncias
3265 4810 3412 4879 auri,
3429 4827 3530 4882 per
3551 4813 3668 4866 sin-

2022 4902 2186 4974 gulos
2219 4919 2404 4956 annos
2454 4900 2511 4955 in
2565 4900 2807 4956 tutelam
2854 4905 2910 4954 et
2950 4899 3246 4973 singulare
3280 4901 3670 4971 patrocinium

2021 4997 2237 5047 sanctas
2253 4992 2524 5046 Romanae
2540 4988 2806 5045 Ecclesiae
2825 4990 3279 5064 susciperemus,
3295 4995 3353 5045 et
3369 4989 3667 5061 privilegio

2021 5079 2350 5152 apostolicae
2373 5079 2646 5134 tuitionis
2671 5079 2825 5134 idem
2859 5079 3280 5134 monasterium
3314 5096 3446 5134 cum
3479 5079 3666 5134 omni-

2021 5171 2132 5225 bus
2147 5170 2260 5224 sibi
2280 5168 2704 5239 pertinentibus
2724 5169 3296 5239 muniremus.Cujus
3311 5167 3664 5224 oblationem

2019 5261 2077 5314 et
2106 5259 2345 5329 dignam
2377 5257 2717 5329 petitionem
2751 5274 2853 5329 per
2889 5259 3136 5313 teomni
3167 5257 3450 5312 charitate
3479 5261 3537 5312 et
3567 5257 3664 5313 be-

2022 5348 2349 5403 nevolentia
2385 5347 2793 5420 suscipientes,
2825 5347 3162 5418 pariterque
3192 5347 3482 5420 religiosis
3511 5347 3664 5402 desi-

2021 5436 2199 5491 deriis
2230 5435 2354 5491 suis
2387 5435 2634 5492 libenter
2663 5441 2990 5492 annuentes
3023 5435 3322 5506 (quoniam
3352 5441 3407 5491 te
3439 5441 3668 5508 aposto-

2021 5525 2141 5579 licae
2174 5525 2443 5596 dignitati
2475 5527 2677 5582 devote
2709 5526 3063 5595 subjectum,
3086 5530 3142 5580 et
3172 5527 3242 5581 ad
3273 5526 3531 5598 regimen
3564 5527 3664 5581 ab-

2020 5614 2188 5668 batize
2212 5614 2595 5671 reluctantem
2618 5619 2675 5670 et
2698 5613 2944 5669 invitum
2969 5616 3286 5670 adductum
3309 5633 3438 5671 esse
3459 5628 3669 5684 cogno-

2018 5703 2231 5776 vimus,
2251 5708 2328 5775 te,
2353 5707 2409 5760 et
2430 5705 2852 5762 monasterium
2873 5709 3064 5775 tuum,
3089 5721 3224 5762 cum
3249 5704 3524 5762 omnibus
3547 5699 3661 5758 sibi
