4036 6184
458 420 612 481 1363

1733 414 2187 477 ALEXANDRI
2233 413 2285 474 ΙΙ
2329 415 2578 475 ΡΑΡιΈ.

3646 423 3758 486 1364

462 553 909 615 Pertinentibus,
926 550 1097 621 injus
1112 554 1168 605 et
1184 549 1581 606 defensionem
1600 548 1756 605 sedis
1775 549 2097 620 apostolicm
2127 550 2181 615 Α
2209 547 2309 607 tia)
2334 548 2707 604 concedimus
2728 553 2783 605 et
2805 548 3222 605 confirmamus
3242 548 3343 605 tibi
3364 551 3572 624 tuisque
3590 571 3762 614 succes-

465 642 867 712 suscipientes,
899 640 1179 712 privilegii
1208 639 1507 710 apostolici
1532 644 1941 693 ornamentum
1966 655 2107 709 prae-

467 732 800 799 sidiumque
814 729 919 784 tibi
944 728 1340 784 concedimus.
1359 729 1443 782 Ad
1465 729 1582 781 haec
1605 727 1807 783 statuit
1832 728 2105 797 pontifex,

466 824 531 873 ut
563 820 743 873 abbas
776 818 835 871 in
866 818 1067 873 eodem
1100 817 1473 885 monasterio,
1507 817 1658 870 sicut
1690 814 1890 886 regula
1922 815 2105 869 sancti

466 908 759 962 Benedicti
794 907 1073 978 praecipit,
1099 906 1331 960 nonnisi
1364 904 1661 960 communi
1695 906 1939 958 fratrum
1973 921 2108 958 con-

466 1013 641 1052 sensu
675 996 946 1068 eligatur,
970 1000 1026 1050 et
1056 996 1126 1049 ab
1159 995 1430 1065 epis00po
1452 994 1611 1048 illius
1632 994 1919 1057 dimcesis,
1945 994 1991 1048 si
2015 1009 2107 1047 ca-

462 1085 717 1141 tholicus
749 1085 946 1152 fuerit,
977 1084 1121 1139 alias
1152 1101 1185 1137 a
1217 1082 1477 1155 quolibet
1508 1082 1618 1136 alio
1650 1082 1922 1153 episcopo
1953 1081 2105 1135 ordi-

463 1179 654 1242 netur,
690 1174 789 1243 qui
839 1173 1175 1227 nullatenus
1227 1172 1352 1227 sine
1396 1172 1618 1241 judicio
1670 1170 1824 1225 sedis
1874 1174 2107 1241 aposto-

464 1262 585 1317 licae
630 1263 973 1331 deponatur.

532 1352 745 1405 Datum
781 1349 1046 1404 Laterani
1093 1368 1164 1404 xv
1213 1348 1336 1403 Kal.
1370 1350 1713 1404 Novembris
1754 1365 1856 1419 per
1898 1364 2109 1402 manus

462 1440 616 1495 Petri
642 1441 697 1493 S.
719 1440 861 1493 ΒΕ.
892 1439 1213 1511 presbyteri
1236 1438 1548 1493 cardinalis
1576 1455 1639 1492 ac
1662 1436 2107 1504 bibliothecarii,

464 1545 615 1582 anno
641 1545 697 1581 x1
730 1528 1106 1599 pontificatus
1128 1527 1329 1582 domni
1346 1527 1653 1582 Alexandri
1683 1527 1729 1580 ΙΙ
1759 1542 2109 1597 papee,anno

461 1616 684 1672 scilicet
708 1616 1018 1672 Dominicae
1049 1617 1472 1671 Incarnationis
1497 1618 1654 1684 1071,
1678 1615 1996 1670 indictione
2030 1632 2105 1668 1x.

1173 1706 1407 1761 LXXXI.

462 1777 848 1833 Monasterium
878 1778 932 1831 S.
965 1777 1243 1831 Edmundi
1286 1777 1386 1831 sub
1430 1776 1759 1846 proiectione
1804 1775 1945 1829 sedis
1976 1791 2109 1845 apo-

534 1848 741 1904 stolz’cw
790 1849 1071 1918 recipitur,
1104 1850 1326 1920 ejusque
1375 1848 1514 1902 bona
1557 1848 1743 1901 omnia
1770 1846 2108 1915 conﬁrman-

536 1927 644 1974 tur.

1084 1990 1270 2059 (Anno
1304 1990 1487 2058 1071.)

587 2060 1010 2129 [COCQUILINES,
1040 2061 1186 2115 Bull.
1222 2062 1397 2126 Rom.,
1428 2065 1571 2115 tom.
1606 2060 1676 2126 ΙΙ,
1710 2075 1841 2131 pag.
1879 2060 1988 2129 15.]

533 2156 878 2203 ALEXANDER
908 2149 1239 2220 episcopus,
1266 2164 1466 2204 servus
1496 2165 1796 2203 servorum
1818 2148 1943 2215 Dei,
1965 2146 2109 2202 dile-

461 2240 551 2291 cto
602 2238 659 2291 in
708 2236 936 2292 Christo
991 2237 1110 2292 ﬁlio
1158 2237 1471 2307 BALDUINO,
1524 2237 1719 2292 abbati
1770 2236 2109 2291 monasterii

460 2326 519 2379 S.
552 2326 846 2381 Edmundi
902 2327 1053 2396 quod
1108 2326 1572 2382 Badriceshurde
1621 2330 2020 2396 nuncupatur,
2051 2324 2111 2379 in

458 2415 674 2487 Anglia
704 2414 1030 2485 constituti,
1054 2416 1298 2486 ejusque
1329 2414 1791 2483 successoribus,
1820 2414 1879 2468 in
1911 2429 2112 2487 perpe-

460 2508 652 2558 tuum.

532 2593 880 2664 Quanquam
912 2593 1081 2647 sedes
1105 2591 1441 2663 apostolica,
1466 2592 1815 2648 universalis
1845 2595 2033 2647 mater
2059 2594 2115 2645 et

465 2681 731 2736 omnium
761 2681 1141 2737 ecclesiarum
1176 2681 1468 2753 princeps,
1502 2681 1804 2736 universas
1826 2679 2115 2735 Ecclesiae

469 2770 767 2824 communi
808 2771 942 2840 jure
981 2774 1037 2824 et
1064 2770 1447 2841 dispositione
1477 2770 1806 2837 contineat;
1841 2768 2117 2839 pleraque

471 2862 668 2913 tamen
698 2858 1099 2927 inveniuntur,
1134 2875 1259 2929 quae
1291 2857 1349 2912 in
1395 2858 1694 2928 singulare
1726 2857 2117 2928 patrocinium

473 2951 697 3002 Sanctae
730 2951 1002 3000 Romanae
1034 2946 1299 3000 Ecclesia
1330 2946 1748 3013 commendari,
1783 2963 1849 3000 ac
1890 2945 2119 3017 proprie

475 3036 605 3104 ejus
646 3033 769 3102 juri
813 3032 1091 3104 applicari
1122 3050 1188 3088 ac
1219 3033 1487 3089 submitti
1517 3034 1795 3105 cupiunt;
1831 3038 2120 3105 quatenus

476 3121 759 3193 singulari
795 3121 1154 3192 providentia
1183 3127 1238 3177 et
1269 3122 1554 3177 cbaritate
1584 3140 1701 3177 suae
1745 3124 1952 3177 matris
1996 3138 2119 3176 am-

472 3208 675 3280 plexae,
719 3225 1141 3281 usquequaque
1192 3210 1494 3266 liberiores
1542 3217 1598 3266 et
1624 3212 1971 3266 munitiores
1998 3210 2122 3265 exi-

2138 1920 2187 1985 B

2220 637 2450 692 soribus
2484 638 2786 709 prazfatum
2830 636 3251 692 monasterium
3299 638 3352 691 in
3402 638 3627 696 futurum
3666 660 3760 699 cum

2220 727 2624 797 omnibusque:
2642 744 2795 782 nunc
2808 727 3059 797 sibijure
3073 728 3531 798 pertinent,autin
3546 730 3761 803 futurum,

2218 816 2333 871 Deo
2365 822 2677 884 annuente,
2711 817 2793 870 ibi
2826 817 3176 871 conferenda
3214 821 3347 871 sunt
3378 834 3389 870 :
3439 822 3498 872 ut
3523 818 3627 872 sine
3650 824 3760 875 omni

2220 890 2486 958 molestia
2502 908 2559 958 et
2577 903 2980 975 inquietudine
2998 903 3139 958 illud
3159 904 3214 958 in
3236 910 3415 959 vestra
3430 906 3763 976 gubernatione

2218 992 2495 1061 teneatis;
2526 998 2941 1054 statuentes,et
2964 993 3280 1064 apostolica
3304 995 3614 1049 auctoritate
3632 1013 3763 1053 corro-

2218 1081 2512 1148 borantes,
2538 1088 2601 1137 ut
2622 1083 2775 1136 idem
2802 1083 3222 1137 monasterium
3254 1082 3311 1136 in
3338 1082 3439 1137 hoc
3463 1088 3596 1138 statu
3616 1089 3660 1139 et
3682 1102 3763 1139 mn-

2217 1172 2440 1225 nastico
2473 1172 2675 1225 ordine
2702 1171 3107 1241 persaecularis
3140 1176 3240 1226 aut
3269 1171 3627 1226 ecclesiastica
3649 1190 3766 1228 eum-

2219 1260 2351 1313 dem
2372 1259 2762 1315 venerabilem
2784 1260 2975 1314 locum
3005 1261 3075 1314 ad
3102 1260 3479 1332 episcopalem
3505 1262 3665 1315 sedem
3685 1280 3770 1317 mu-

2217 1353 2341 1403 tare
2385 1348 2586 1419 possit,
2622 1354 2722 1403 aut
2772 1350 2998 1404 debeat.
3033 1350 3099 1403 Et
3130 1366 3482 1420 quaecunque
3508 1350 3769 1406 donationes

2219 1453 2438 1505 rerum,
2463 1441 2565 1491 aut
2595 1438 2904 1500 libertatis.
2933 1438 3120 1493 eidem
3156 1438 3496 1493 monasterio
3526 1439 3669 1509 regiis
3691 1444 3769 1494 sta-

2219 1526 2361 1579 tutis
2414 1530 2473 1580 et
2521 1527 2756 1581 nomine
2800 1528 3183 1594 conferendae,
3216 1544 3286 1582 ex
3316 1532 3506 1582 nostra
3534 1527 3773 1596 apostolica

2220 1614 2659 1669 confirmatione
2702 1620 2835 1669 rata:
2886 1615 3240 1687 illibataque
3272 1620 3637 1687 permaneant,
3662 1615 3772 1669 salve

2218 1702 2488 1773 primatis
2510 1703 2764 1775 episcopi
2793 1704 3074 1759 canonica
3104 1704 3434 1761 reverentia.
3456 1704 3615 1775 Igitur
3631 1704 3687 1758 ad
3705 1704 3771 1759 ho-

2218 1808 2420 1846 norem
2476 1792 2595 1859 Dei,
2629 1797 2686 1847 et
2733 1792 2992 1864 praedicti
3044 1793 3382 1848 monasterii
3424 1793 3771 1848 utilitatemcu-

2220 1880 2443 1951 pientes
2491 1880 2641 1936 hanc
2693 1886 2953 1937 nostram
3005 1882 3475 1938 constitutionem
3504 1882 3773 1953 sempiterna

2219 1968 2535 2025 stabilitate
2551 1970 2754 2036 teneri,
2771 1971 3092 2038 sancimus,
3108 1976 3165 2026 et
3188 1970 3499 2042 apostolica
3513 1969 3773 2025 auctoritate

2218 2058 2547 2127 firmamus,
2580 2062 2645 2113 ut
2689 2058 2892 2114 nullus
2940 2075 3058 2127 rex,
3110 2059 3251 2128 dux,
3284 2076 3493 2128 comes,
3521 2058 3774 2131 episcopus,

2221 2147 2427 2213 abbas,
2458 2162 2561 2202 seu
2603 2147 2796 2218 aliqua
2828 2164 3100 2219 persona,
3133 2147 3428 2203 secularis
3458 2153 3549 2203 aut
3574 2144 3777 2201 ecclesia-

2221 2236 2387 2300 stica,
2405 2236 2531 2306 jam
2563 2250 2714 2307 saepe
2745 2236 2929 2291 fatum
2965 2237 3408 2307 monasterium,
3431 2234 3511 2292 vel
3542 2236 3707 2290 fratres
3726 2233 3780 2287 ibi

2221 2324 2336 2379 Deo
2364 2325 2683 2380 servientes
2704 2325 3028 2396 inquietare
3052 2332 3389 2397 praesumat,
3413 2342 3511 2381 nec
3530 2324 3709 2395 aliquid
3724 2338 3783 2377 eo-

2222 2430 2353 2468 rum
2403 2429 2530 2484 qum
2582 2430 2737 2469 nunc
2778 2414 2913 2483 jure
2959 2414 3154 2481 habet,
3189 2420 3293 2469 aut
3344 2416 3401 2469 in
3442 2416 3781 2477 futurum,Deo

2223 2502 2573 2558 concedente
2604 2503 2961 2578 ac‘quisierit,
2994 2504 3402 2576 cujuscunque
3432 2503 3574 2558 modi
3611 2503 3715 2563 sint,
3736 2500 3782 2553 ab

2224 2606 2290 2645 eo
2322 2591 2596 2659 alienare,
2621 2597 2723 2647 aut
2753 2592 3079 2648 invadendo
3110 2593 3385 2666 diripere,
3415 2610 3513 2648 nec
3537 2591 3699 2663 aliqua
3720 2604 3783 2642 oc-

2225 2681 2457 2735 casione
2514 2698 2739 2748 vexare,
2765 2686 2865 2736 aut
2896 2682 3022 2737 sine
3046 2682 3285 2738 licentia
3305 2683 3526 2738 abbatis
3543 2686 3702 2735 tenere
3717 2695 3783 2731 au-

2226 2770 2377 2823 deat.
2402 2769 2460 2823 Si
2485 2770 2617 2840 quis
2644 2775 2842 2825 autem
2873 2772 3183 2827 temerario
3205 2789 3351 2827 ausu
3381 2772 3495 2827 haec
3516 2774 3683 2825 nostra
3707 2771 3784 2820 sta-

2229 2862 2355 2911 tuta
2376 2858 2774 2913 contaminare
2798 2860 3367 2931 praesumpserit,aut
3387 2861 3784 2930 infringere,ana-

2226 2946 2502 3001 thematis
2532 2946 2739 3018 laqueo
2780 2965 2841 3003 se
2888 2948 3235 3005 innodatum
3289 2954 3347 3005 et
3388 2949 3591 3020 judicio
3618 2943 3786 3017 superni

2226 3035 2451 3091 Judicis
2482 3034 2854 3107 plectendum
2887 3053 3013 3093 esse
3061 3043 3399 3109 cognoscat.
3434 3038 3533 3103 Qui
3572 3052 3683 3091 vero
3720 3032 3787 3104 pie

2228 3124 2549 3179 devotionis
2573 3125 2790 3179 intuitu
2816 3126 2993 3196 hujus
3020 3131 3234 3182 nostrae
3261 3127 3567 3183 sanctionis
3587 3128 3739 3179 custos
3753 3125 3789 3173 et

2229 3212 2565 3268 observator
2594 3214 2895 3284 exstiterit,
2928 3220 2983 3270 et
3031 3216 3184 3271 bona
3226 3234 3339 3272 sua
3367 3216 3435 3271 ad
3466 3208 3788 3286 amplificatio.

472 3302 665 3371 stant;
719 3303 774 3352 et
812 3300 879 3353 ad
915 3301 1235 3354 exercenda
1264 3300 1469 3354 divina;
1509 3302 1805 3356 servitutis
1836 3300 2118 3371 obsequia
2148 3288 2190 3353 C
2228 3318 2362 3356 nem
2397 3303 2736 3358 monasterii
2767 3304 3096 3369 contulerit,
3130 3309 3233 3359 aut
3268 3306 3520 3361 conferre
3555 3297 3789 3358 studuerit.

472 3370 607 3441 inde
628 3387 1075 3458 tranquillitatis
1098 3393 1150 3443 et
1166 3389 1422 3459 praesidii
1439 3389 1785 3445 munitiores
1808 3370 2115 3460 accipiant,

469 3476 623 3530 unde
654 3476 1060 3547 magisterium
1093 3494 1271 3533 sacrae
1300 3478 1634 3533 traditionis
1664 3482 2023 3549 exspectant.
2058 3477 2117 3533 Si

464 3564 645 3635 igitur
676 3565 733 3618 in
756 3566 957 3620 eadem
985 3566 1305 3635 apostolica
1327 3568 1464 3622 sede
1491 3567 1826 3638 praesidenti
1858 3567 1977 3621 haec
2000 3566 2113 3621 sol-

464 3651 703 3707 licitudo
726 3657 782 3707 et
802 3670 943 3708 cura
964 3654 1283 3725 singularis
1312 3655 1621 3726 incumbit,
1647 3660 1712 3710 ut
1732 3672 1800 3710 ex
1830 3656 1957 3727 ipsa
1979 3671 2115 3710 con-

470 3739 821 3796 sideratione
843 3743 1169 3813 regiminis,
1189 3743 1461 3800 omnibus
1483 3749 1604 3799 tam
1627 3745 1685 3798 in
1710 3745 2043 3799 defensione
2061 3747 2118 3798 et

470 3831 935 3886 corroboratione
967 3832 1353 3903 diligentiam,
1388 3850 1566 3903 quam
1610 3834 1670 3887 in
1704 3833 1954 3903 spiritali
1986 3849 2119 3904 spe-

471 3918 760 3974 culatione
810 3926 868 3975 et
920 3922 1184 3975 doctrina
1232 3922 1617 3993 vigilantiam,
1661 3927 1948 3993 quantum
2004 3927 2117 3977 Deo

472 4008 792 4063 auxiliante
812 4009 1101 4079 praevalet,
1126 4010 1499 4065 circumferre
1520 4012 1727 4066 debeat
1751 4030 1764 4078 ;
1793 4012 1958 4066 valde
1980 4027 2116 4065 con-

471 4098 647 4167 gruit,
683 4101 746 4151 ut
778 4097 828 4151 si
860 4098 1093 4167 quando
1126 4114 1215 4162 ea,
1239 4115 1365 4167 quae
1396 4100 1467 4153 ad
1499 4099 1779 4154 honorem
1811 4105 1867 4153 et
1900 4099 2117 4154 utilita-

470 4188 588 4236 tem
622 4184 1013 4237 Ecclesiarum
1050 4185 1147 4238 Dei
1179 4186 1488 4255 pertinent,
1522 4188 1593 4241 ab
1624 4203 1689 4241 eo
1721 4186 2115 4258 postulantur,

470 4270 748 4325 benevola
778 4272 1093 4326 donatione
1122 4274 1422 4339 concedat,
1452 4279 1512 4328 et
1556 4275 1627 4328 ad
1661 4275 1857 4330 sinum
1891 4266 2118 4342 matris,

469 4358 529 4412 id
560 4364 649 4412 est
678 4359 735 4413 S.
756 4359 823 4413 Β.
844 4360 905 4413 Ε.
926 4359 1292 4415 domicilium
1325 4362 1570 4432 propriae
1593 4364 2119 4419 commendationis

470 4447 772 4502 devotione
824 4449 1073 4504 ﬂuentes
1118 4448 1349 4521 egregia
1380 4450 1761 4522 benignitate,
1794 4452 2121 4524 ati‘ectuque

470 4536 839 4591 custodiendi
873 4537 1176 4607 suscipiat.
1205 4538 1317 4595 Nos
1351 4539 1569 4610 itaque,
1605 4539 1983 4596 dilectissime
2014 4541 2117 4609 ﬁli,

2227 3390 2556 3461 apostolicae
2616 3392 3006 3464 benegnitatis
3064 3394 3317 3465 gratiam
3378 3396 3714 3464 consquatur,
3756 3388 3792 3438 et

2227 3482 2449 3533 aeternae
2481 3479 2882 3536 retributionis
2914 3481 3099 3553 gloria
3128 3482 3444 3553 repleatur.
3478 3483 3613 3536 Bene
3644 3474 3791 3531 valete.

2299 3566 2513 3621 Datum
2546 3568 2813 3623 Laterani
2844 3587 2902 3625 v1
2934 3570 3171 3624 Kalend.
3196 3571 3502 3626 Novembr.
3526 3585 3616 3641 per
3640 3576 3791 3619 manus

2226 3655 2379 3711 Petri
2412 3656 2470 3711 S.
2510 3657 2575 3711 Β.
2619 3658 2679 3712 Ε.
2722 3658 3040 3730 presbyteri
3096 3659 3433 3724 cardinalis,
3464 3664 3517 3713 et
3560 3650 3792 3710 bibliothe-

2227 3744 2391 3810 carii,
2426 3762 2577 3799 anno
2626 3764 2684 3800 x1
2731 3747 3106 3817 pontificatus
3137 3748 3341 3802 domni
3375 3743 3655 3802 Alexandri
3681 3752 3791 3811 papa?

2228 3848 2381 3886 anno
2431 3832 2698 3889 videlicet
2729 3835 3037 3890 Dominicae
3089 3837 3512 3892 Incarnationis
3555 3828 3791 3888 millesimo

2227 3921 2661 3992 septuagesimo
2692 3922 2900 3993 primo,
2933 3923 3249 3979 indictione
3287 3942 3345 3979 x.

2924 4067 3179 4122 LXXXII.

2227 4152 2391 4206 Bulla
2442 4152 2754 4226 Alexandri,
2788 4170 2952 4225 papa
2996 4159 3076 4220 11,
3122 4155 3375 4226 pallium
3420 4150 3706 4213 Eboracensi
3732 4160 3793 4200 ar-

2706 4225 3047 4297 chiepiscopo
3080 4225 3396 4283 concedens.

2854 4316 3037 4381 (Anno
3070 4316 3253 4387 1071.)

2335 4401 2687 4469 [Monasticon
2713 4401 3100 4470 Anglicanam,
3134 4408 3279 4459 tom.
3316 4403 3412 4471 III,
3452 4417 3575 4474 pag.
3610 4395 3723 4465 133.]

2299 4546 2644 4597 ALEXANDER
2660 4543 3200 4615 episcOpus,servus
3218 4560 3516 4599 servorum
3530 4534 3795 4605 Dei,dilect0

468 4625 837 4691 Balduine,in
860 4626 1884 4697 apostolatusadministratione,non
1905 4631 2119 4685 nostris
2150 4651 2196 4715 Β
2228 4630 2287 4684 in
2336 4630 2564 4685 Christo
2619 4631 2783 4686 fratri
2832 4633 3076 4697 THOM/E,
3111 4632 3365 4688 Eborum
3404 4628 3795 4699 archiepiscoan

472 4715 720 4779 meritis,
746 4715 847 4769 sed
869 4714 1065 4770 divina
1095 4714 1269 4770 locati
1291 4716 1499 4787 gratia,
1526 4717 1857 4788 aequitatem
1878 4722 1990 4772 tuae
2020 4735 2118 4789 po-

475 4802 893 4869 stulationis,et
909 4804 1237 4858 commissae
1255 4810 1367 4859 tuae
1386 4806 1853 4876 congregationis
1870 4824 1883 4875 ;
1898 4823 2122 4862 necnon

476 4890 809 4946 cbarissimi
833 4891 936 4945 filii
961 4892 1144 4947 nostri
1170 4892 1450 4948 Willelmi
1474 4895 1629 4965 regis
1655 4895 1914 4962 benignae
1947 4895 2122 4951 inter-

478 4978 810 5050 pellationis
830 4985 960 5035 vota
987 4982 1374 5046 attendentes,
1396 4982 1664 5037 videlicet
1689 4988 1753 5037 ut
1782 4983 2124 5053 praedictum

481 5067 902 5123 monasterium
934 5069 991 5123 S.
1028 5069 1337 5139 Edmundi,
1371 5070 1462 5123 cui
1507 5070 1700 5125 divina
1743 5071 2124 5142 dispositione

481 5172 728 5224 praeesse
750 5157 1092 5221 dinosceris,
1116 5157 1175 5211 in
1202 5158 1444 5211 tutelam
1468 5163 1524 5212 et
1545 5158 1941 5213 defensionem
1966 5162 2022 5215 S.
2054 5161 2119 5215 R.

482 5248 542 5295 E.
568 5246 1021 5316 susciperemus,
1045 5247 1292 5317 ejusque
1314 5251 1533 5300 statum
1561 5251 1619 5301 et
1638 5248 1943 5302 attinentia
1975 5251 2125 5304 bona

483 5333 781 5397 apostolici
833 5335 1115 5406 privilegii
1162 5336 1527 5390 ﬁrmamento
1568 5336 1951 5407 muniremus,
1988 5355 2121 5392 cum

482 5420 636 5471 omni
662 5422 1057 5478 benevolentia
1069 5423 1349 5479 charitate
1367 5424 1526 5479 vobis
1544 5426 1979 5480 concedendum
1995 5444 2123 5481 esse

479 5508 857 5577 pervidimus.

550 5594 910 5663 Quaprr‘ptcr
937 5598 995 5652 in
1027 5599 1135 5654 hac
1155 5602 1423 5670 prasenti
1451 5602 1773 5657 sanctionis
1796 5607 2002 5658 nostra
2026 5620 2122 5674 pa-

482 5684 618 5755 gina
644 5682 825 5752 (salva
848 5686 1081 5755 quidem
1110 5688 1167 5741 in
1191 5689 1465 5743 omnibus
1488 5690 1661 5759 hujus
1684 5693 1840 5746 sedis
1862 5708 2121 5747 reveren-

2226 4726 2570 4790 perpetuam
2602 4720 2660 4775 in
2692 4720 2921 4775 Christo
2964 4721 3236 4777 salutem.

2303 4811 2445 4861 Cum
2478 4812 2739 4879 pastores
2769 4809 2986 4875 ovium,
3014 4809 3134 4865 sole
3157 4809 3409 4881 geluque
3435 4824 3532 4880 pro
3559 4802 3718 4877 gregis
3733 4794 3795 4851 sui

2234 4896 2522 4960 custodia,
2546 4895 2856 4968 pervigiles
2886 4897 3163 4964 existunt,
3190 4897 3374 4952 multo
3404 4892 3702 4968 vigilantius
3726 4897 3796 4956 pro

2234 4999 2373 5038 cura
2403 5002 2533 5054 quae
2580 4984 2748 5040 nobis
2784 4986 3187 5055 committitur,
3222 4985 3487 5041 convenit
3516 4999 3610 5037 nos
3636 4986 3795 5049 gerere-

2237 5078 2300 5126 ut
2329 5072 2387 5127 in
2413 5074 2504 5128 die
2527 5074 2754 5143 judicii,
2781 5091 2913 5129 cum
2940 5080 3137 5145 pastor
3160 5079 3478 5146 pastorum,
3501 5067 3724 5126 omnium
3740 5060 3795 5152 fa:

2233 5166 2325 5215 cta
2355 5161 2719 5231 discusserit,
2752 5179 2865 5218 non
2902 5164 2970 5216 de
3016 5163 3371 5234 negligentia
3418 5166 3479 5216 ut
3527 5146 3794 5213 mercenarii

2223 5250 2581 5319 judicemur,
2606 5252 2707 5306 sed
2741 5253 2811 5306 de
2843 5252 3089 5322 injuncti
3121 5252 3293 5306 ofﬁcii
3318 5246 3712 5321 dispensatione
3734 5251 3795 5290 re-

2233 5355 2629 5393 muneremur.
2664 5342 3027 5410 Quapropter
3074 5339 3421 5394 fraternitati
3469 5343 3569 5391 tua:
3613 5328 3794 5403 pallium

2232 5443 2300 5481 ex
2331 5443 2489 5481 more
2521 5428 2920 5493 concedimus,
2953 5433 3246 5498 quatenus
3279 5426 3459 5481 utaris
3488 5441 3566 5487 eo,
3594 5418 3714 5491 ipsis
3737 5414 3792 5507 ἐς·

2232 5515 2607 5580 stivitatibus,
2624 5516 2838 5587 quibus
2861 5516 3188 5587 apostolica
3217 5516 3371 5570 sedis
3391 5510 3697 5569 auctoritate
3713 5506 3791 5555 tum

2231 5605 2582 5659 concesserit
2609 5605 3101 5672 antecessoribus,
3132 5603 3408 5672 videlicet,
3442 5602 3496 5655 in
3536 5593 3788 5683 nataleBO'

2231 5693 2396 5760 mini,
2430 5691 2751 5765 Epiphania
2795 5693 3048 5763 Domini,-
3084 5693 3142 5748 in
3190 5689 3584 5748 festivitatibus
3626 5683 3674 5740 S.
3700 5674 3790 5729 Vit"
