4036 6184
264 445 293 505 1
305 447 418 510 365

1433 449 1842 512 EPISTOLIE
1885 449 1986 512 ET
2030 450 2512 521 DlPLOMATA.

3520 458 3674 525 1366

260 581 442 656 ginis,
470 581 531 636 in
575 597 740 638 cana
788 581 1037 652 Domini,
1087 583 1144 637 in
1188 583 1580 652 Pentecostes,
1631 589 1687 639 et
1715 585 1774 638 in
1805 588 1909 639 tua

2097 589 2378 649 Praeterea
2408 597 2737 652 eminentia
2766 601 2970 652 vestra
2998 600 3202 653 notum
3242 612 3370 653 esse
3401 596 3672 655 volumus

263 671 654 740 ordinatione,
685 677 741 726 et
783 673 840 726 in
890 673 1134 728 Joannis
1183 674 1481 744 Baptista,
1532 675 1915 746 omniumque

263 759 666 832 apostolorum
730 761 1160 829 festivitatibus,
1211 779 1435 816 necnon
1493 763 1550 816 in
1611 780 1910 817 consecra-

262 849 423 904 tione
453 848 852 917 ecclesiarum,
910 854 964 903 et
1022 850 1421 905 benedictione
1481 852 1909 922 episcOporum,

267 955 334 992 ac
366 938 858 1009 presbyterorum,
893 943 948 992 et
976 938 1035 991 in
1077 938 1470 993 anniversario
1501 941 1910 1006 Dedicationis,

259 1032 318 1082 et
344 1026 768 1098 principalibus
792 1026 953 1081 festis
978 1027 1242 1082 Ecclesia
1257 1034 1386 1083 tua.
1408 1029 1684 1083 Hortamu
1697 1047 1722 1083 r
1736 1030 1914 1099 igitur

258 1115 604 1170 charitatem
637 1120 820 1182 tuam,
857 1121 920 1170 ut
953 1133 1239 1171 memores
1285 1117 1744 1172 conversationis
1760 1123 1907 1185 ‘tua,

256 1208 422 1258 tanto
459 1208 798 1258 ornamento
831 1204 1194 1270 conveniant,
1231 1205 1430 1276 sicque
1461 1207 1707 1260 exterior
1736 1205 1910 1260 homo

254 1291 392 1347 inde
433 1292 733 1363 glorietur,
767 1297 832 1346 ut
862 1293 1103 1348 interior
1130 1294 1362 1349 conscia
1399 1295 1681 1349 virtutum
1723 1296 1908 1365 perfe-

253 1382 448 1435 ctione
480 1379 782 1434 solidetur.
816 1380 1037 1452 Siquid
1072 1381 1228 1436 istud
1263 1388 1352 1437 est
1383 1384 1713 1446 sacerdotii,
1749 1384 1906 1437 istud

258 1476 350 1525 est
381 1468 566 1540 pallii,
597 1469 691 1523 vix
737 1469 948 1524 habere
998 1472 1152 1540 quod
1204 1471 1342 1526 foris
1393 1473 1716 1527 ostenderis
1749 1489 1906 1527 acce-

252 1559 435 1630 pisse,
469 1562 526 1612 et
553 1562 617 1612 ut
647 1557 977 1629 apostolum
1008 1558 1519 1631 irreprehensibile
1549 1566 1782 1615 maneat
1807 1577 1819 1626 ;
1854 1564 1909 1614 et

252 1648 420 1702 bona
453 1647 911 1702 conversationis
955 1648 1288 1719 exemplum
1334 1649 1704 1704 subditorum
1740 1665 1904 1704 mon-

246 1735 413 1792 tibus
443 1736 722 1808 prabeas.

940 1847 1227 1908 LXXXIII.

2026 680 2177 750 quod
2211 697 2386 737 causa
2415 684 2631 753 Alricii,
2667 687 2764 757 qui
2815 687 2951 741 olim
3004 685 3378 742 Cicestrensis
3407 687 3671 743 Ecclesia

2025 769 2233 839 prasul
2268 772 2478 843 dictus,
2507 791 2540 827 a
2584 775 2905 846 suppositis
2952 775 3277 847 legatorum
3332 781 3664 831 nostrorum

2023 856 2324 927 depositus
2348 865 2451 926 est,
2479 879 2592 917 non
2617 865 2686 918 ad
2712 864 2950 935 plenum
2967 864 3135 919 nobis
3152 868 3400 919 tractata
3413 865 3663 931 videtur,

2022 947 2289 1018 ideoque,
2316 950 2468 1005 sicut
2489 952 2544 1005 in
2562 953 2885 1008 canonibus
2903 958 3140 1008 cautum
3154 959 3260 1021 est,
3277 954 3336 1008 in
3350 955 3666 1025 pristinum

2020 1033 2213 1091 locum
2238 1039 2443 1093 debere
2466 1041 2693 1094 restitui
2722 1042 3140 1111 judicavimus.
3175 1043 3393 1097 Deinde
3424 1061 3662 1099 causam

2021 1125 2170 1195 ejus,
2190 1127 2360 1196 juxta
2391 1144 2698 1184 censuram
2733 1129 3025 1184 canonica
3045 1129 3398 1198 traditionis,
3423 1131 3665 1203 diligen-

2021 1219 2108 1268 ter
2149 1217 2579 1272 retractandam
2637 1223 2693 1272 et
2750 1218 3161 1273 deliniendam“
3202 1219 3474 1289 pradicto
3501 1221 3663 1275 fratri

2020 1308 2220 1357 nostro
2253 1305 2687 1377 archiepiscopo
2722 1307 3040 1362 Lanfranco
3063 1305 3491 1362 commisimus.
3519 1309 3663 1362 Item

2019 1391 2130 1445 sibi
2164 1394 2463 1464 negotium
2497 1396 2568 1450 de
2599 1395 2987 1450 discernenda
3013 1395 3113 1450 lite
3145 1411 3271 1466 qua
3303 1395 3456 1449 inter
3475 1395 3665 1450 archi-

2017 1480 2357 1551 episcopum
2414 1483 2837 1538 Eboracenscm
2886 1488 2943 1538 et
2992 1484 3329 1554 episcopum
3381 1484 3665 1538 Dorcace-

2018 1570 2304 1623 strensem
2338 1571 2408 1624 de
2433 1572 2784 1642 pertinentia
2799 1572 3064 1626 dimcesis
3085 1589 3289 1626 eorum
3309 1574 3398 1626 est
3418 1572 3667 1627 ﬁrmiter

2018 1657 2375 1728 injungendo
2407 1661 2968 1729 commendavimus,
3001 1664 3066 1715 ut
3094 1660 3243 1715 hanc
3274 1675 3511 1715 causam
3543 1659 3670 1715 dili-

2015 1745 2361 1816 gentissima
2416 1749 2837 1820 perquisitione
2895 1751 3227 1819 pertractat,
3277 1753 3333 1804 et
3353 1750 3516 1819 justo
3548 1749 3663 1803 ﬁne

2016 1833 2380 1889 determinet.
2410 1837 2475 1889 In
2508 1837 2702 1891 causis
2735 1840 2930 1891 autem
2964 1837 3407 1908 pertractandis,
3439 1841 3495 1892 et
3519 1837 3660 1892 deﬁ-

246 1939 565 1995 Alexandri
687 2012 700 2019 _
719 1941 951 2019 epistola
995 1942 1088 2019 ad_
1131 1942 1464 2019 Wilielmum
1494 1958 1672 2019 regem
1700 1943 1902 2012 Anglo-

2027 1921 2247 1977 niendis
2269 1922 2351 1977 ita
2373 1922 2484 1978 sibi
2506 1928 2715 1978 nostra
2740 1925 2862 1994 [ms.
2886 1925 3073 1993 Angl.,
3103 1926 3329 1994 vestra]
3353 1928 3410 1978 et
3429 1929 3662 1996 aposto-

326 2028 470 2066 rum.
502 2041 572 2053 —
602 2012 790 2066 Fidem
821 2013 1006 2067 laudat
1035 2015 1192 2085 eique
1235 2013 1749 2069 ecclesiasticarum
1773 2030 1909 2084 per-

321 2099 585 2210 sonazz‘iltm
632 2085 1004 2144 defensionem
1031 2087 1082 2139 et
1153 2087 1456 2157 Lan/ranci
1509 2102 1733 2141 causam
1761 2101 1908 2140 com-

326 2170 452 2209 men-
558 2197 571 2210 .

326 2170 571 2210 men-dat.

884 2245 1070 2316 (Anno
1105 2246 1287 2317 1071.)

668 2333 892 2404 [ΜΑΝει.,
928 2333 1132 2389 Concil.
1173 2334 1317 2404 XIX,
1347 2335 1498 2405 950.]

334 2449 677 2502 ALEXANDER
706 2448 1039 2520 episcopus,
1062 2466 1266 2505 servus
1305 2453 1603 2504 servorum
1630 2449 1752 2516 Dei,
1776 2448 1910 2503 cha-

255 2535 495 2592 rissimo
515 2537 632 2592 ﬁlio
652 2537 973 2593 WILLELMO
1013 2538 1267 2609 glorioso
1293 2539 1412 2609 regi
1443 2537 1788 2610 Anglorum,
1822 2554 1912 2592 sa-

263 2624 449 2680 lutem
481 2630 538 2680 et
567 2626 948 2698 apostolicam
973 2627 1458 2682 benedictionem.

340 2714 736 2787 Omnipotenti
791 2717 905 2771 Deo
961 2717 1166 2772 laudes
1221 2717 1555 2788 gratiasque
1609 2715 1916 2770 referimus

265 2805 446 2874 quod,
480 2804 538 2859 in
562 2805 670 2859 hoc
701 2811 980 2876 tempore,
1012 2805 1146 2860 licet
1173 2806 1428 2860 mundus
1449 2806 1508 2858 in
1535 2804 1789 2876 maligno
1811 2820 1912 2874 po-

263 2893 420 2949 situs
453 2893 583 2965 plus
614 2893 784 2949 solito
843 2895 1036 2966 pravis
1094 2895 1396 2949 incumbat
1454 2894 1688 2963 studiis,
1719 2898 1914 2947 tamen

260 2983 420 3037 inter
450 2983 654 3038 mundi
685 2982 977 3055 principes
1007 2988 1063 3037 et
1110 2982 1358 3039 reclores
1388 2983 1681 3054 egregiam
1713 2985 1916 3038 vestra

260 3071 566 3143 religionis
599 3073 816 3127 famam
837 3070 1222 3143 intelligimus
1249 3076 1323 3140 et,
1357 3077 1644 3142 quantum
1677 3069 1916 3126 honoris

261 3165 481 3216 sancta
513 3159 778 3216 Ecclesia
808 3164 937 3214 tum
974 3159 1315 3214 Simoniaca
1363 3159 1600 3214 haresis
1630 3159 1782 3213 vires
1814 3175 1914 3227 op-

259 3249 592 3321 primendo,
618 3253 745 3303 tum
779 3247 1075 3303 catholica
1123 3247 1410 3302 libertatis
1461 3265 1607 3302 usus
1637 3252 1695 3301 et
1727 3247 1918 3302 ofﬁcia

261 3338 670 3392 conﬁrmando
701 3342 897 3393 vestra
925 3337 1111 3392 virtus
1141 3338 1464 3408 impendat,
1489 3353 1603 3391 non
1628 3337 1806 3390 dubia
1827 3352 1915 3390 re-
1950 3315 1990 3381 C

257 3425 481 3481 latione
536 3426 964 3498 cognoscimus.
1022 3426 1131 3481 Sed
1164 3427 1305 3497 quia
1362 3442 1477 3480 non
1534 3425 1606 3480 iis
1641 3424 1740 3496 qui
1766 3425 1924 3480 bona

268 3515 699 3578 demonstrant,
732 3515 964 3586 justitia
993 3514 1222 3585 [initia],
1275 3514 1376 3569 sed
1429 3515 1487 3567 in
1520 3515 1634 3568 ﬁne
1660 3513 1921 3583 probatis

263 3606 578 3675 praemium
611 3609 667 3659 et
709 3621 922 3660 corona
965 3603 1346 3674 promittitur,
1393 3601 1794 3657 excellentiam
1825 3617 1919 3656 ve-

268 3696 455 3748 stram
480 3691 650 3763 plena
671 3692 979 3747 dilectione
1001 3708 1309 3746 monemus
1357 3694 1421 3744 ut
1461 3690 1517 3744 in
1542 3689 1736 3744 studio
1758 3689 1918 3744 Chri-

265 3781 645 3837 stianissima
669 3780 994 3836 devotionis
1029 3784 1231 3834 vestra
1272 3778 1615 3850 persistatis,
1649 3782 1704 3832 et
1729 3777 1918 3848 primo

266 3871 508 3941 quidem
539 3869 813 3925 ecclesias
839 3868 1052 3924 Christi
1075 3885 1201 3938 qua
1226 3867 1284 3922 in
1307 3883 1485 3937 regno
1531 3870 1724 3921 vestro
1757 3870 1915 3933 sunt,

262 3957 540 4030 religioso
573 3958 733 4013 cultu
765 3962 822 4012 et
852 3958 1037 4028 jussit
1082 3956 1572 4028 dispositionibus
1601 3954 1914 4023 exornetis,

261 4047 588 4104 commissa
615 4048 778 4103 vobis
816 4047 980 4118 regni
1033 4045 1432 4118 gubernacula
1461 4045 1542 4098 ita
1564 4043 1801 4114 justitia
1832 4047 1914 4096 te-

261 4137 461 4192 nendo
490 4136 750 4192 tractetis
798 4140 880 4197 ut,
941 4153 1009 4191 ex
1065 4152 1307 4207 operum
1359 4133 1728 4199 rectitudine,
1761 4131 1914 4202 quod

261 4225 552 4296 scriptum
587 4231 713 4280 est:
753 4225 854 4280 Cor
881 4228 1022 4295 regis
1053 4227 1112 4278 in
1150 4240 1322 4278 manu
1349 4224 1449 4277 Dei
1479 4223 1666 4290 (Prov.
1698 4237 1815 4285 xxu,
1845 4220 1913 4290 1),

259 4313 432 4368 vobis
465 4313 773 4368 manifeste
799 4315 1102 4384 congruat.

338 4401 637 4473 Rogamus
695 4401 870 4456 etiam
929 4398 1299 4454 dilectionem
1357 4401 1608 4450 vestram
1641 4398 1705 4449 ut
1733 4393 1913 4448 cccle-

260 4491 537 4546 siasticas
569 4506 849 4561 personas
879 4490 950 4543 ab
981 4487 1197 4557 injuria
1225 4485 1567 4550 defendatis,
1598 4483 1824 4549 viduas,
1860 4487 1917 4537 et

260 4579 584 4652 orphanos,
618 4584 674 4634 et
737 4594 1047 4650 oppressos
1106 4574 1559 4631 misericorditer
1611 4573 1915 4626 relevando

2017 2010 2140 2065 lica
2163 2011 2523 2066 auctoritatis
2540 2011 2724 2067 vicem
2748 2012 3040 2077 dedimus,
3065 2015 3132 2066 ut
3165 2012 3450 2083 quidquid
3474 2014 3534 2066 in
3553 2013 3660 2077 eis,

2013 2100 2246 2172 justitia
2275 2100 2553 2167 dictante,
2605 2099 3096 2164 determinaverit,
3155 2101 3325 2171 quasi
3371 2100 3429 2154 in
3463 2089 3702 2156 nostra.

2020 2187 2328 2260 prasentia
2349 2189 2676 2259 deﬁnitum,
2712 2189 2988 2260 deinceps
3009 2190 3246 2244 ﬁrmum
3271 2192 3326 2243 et
3345 2188 3668 2244 indissolu-

2020 2276 2134 2330 bile
2166 2281 2452 2332 teneatur.
2485 2277 2670 2332 Multa
2716 2276 2881 2332 vobis
2930 2281 3136 2347 prater
3172 2277 3293 2331 hac
3340 2277 3671 2348 signiﬁcata

2023 2364 2414 2432 dedissemus,
2449 2365 2560 2418 nisi
2593 2366 2747 2436 quod
2779 2382 2846 2420 ea
2877 2365 2935 2419 in
2960 2365 3139 2435 hujus
3161 2364 3530 2420 dilectissimi
3555 2366 3669 2420 tra-

2027 2452 2133 2507 tris
2166 2453 2372 2508 nostri.
2398 2454 2706 2508 Lanfranci
2758 2458 2816 2509 et
2855 2454 3118 2524 ejusdem
3153 2452 3478 2508 ﬁdelissimi
3508 2452 3672 2508 vobis

2025 2557 2122 2595 ore
2155 2541 2483 2612 posuimus,
2519 2547 2582 2597 ut
2611 2543 2739 2613 ejus
2769 2542 2895 2597 viva
2926 2558 3064 2596 voce
3094 2546 3149 2596 et
3181 2545 3390 2597 nostra
3412 2539 3672 2596 dilectio-

2027 2629 2118 2684 nis
2143 2631 2413 2685 aﬁ'ectum
2452 2630 2683 2702 plenius
2715 2631 3082 2702 cognoscatis
3122 2638 3174 2685 et
3203 2630 3431 2702 reliqua
3458 2635 3671 2685 nostra

2022 2718 2330 2790 legationis
2386 2720 2562 2774 verba
2618 2719 2898 2774 attentius
2956 2719 3230 2775 audiatis.
3290 2720 3442 2775 Deus
3472 2723 3672 2774 autem

2025 2808 2394 2880 omnipotens
2423 2809 2521 2864 det
2549 2809 2712 2864 vobis
2744 2826 3104 2880 quacunque
3147 2809 3258 2864 sibi
3292 2813 3430 2864 sunt
3461 2808 3672 2880 placita

2023 2896 2167 2952 velle
2189 2903 2244 2952 et
2264 2914 2455 2968 posse,
2479 2901 2544 2951 ut
2564 2901 2621 2952 et
2651 2897 2746 2952 hic
2776 2903 2981 2953 auctor
3017 2897 3095 2952 sit
3117 2896 3290 2952 vestri
3333 2897 3454 2966 [ηις.
3480 2897 3666 2967 Angl.,

2026 2986 2234 3056 nostri]
2271 2984 2649 3056 gubernaculi
2697 2989 2755 3040 et
2783 2985 3100 3040 retributor
3137 2985 3196 3039 in
3238 2984 3421 3056 gloria
3451 2982 3668 3054 sempi-

2022 3074 2171 3130 terni
2202 3075 2422 3146 gaudii.

2710 3188 2991 3243 LXXXIV.

2027 3279 2334 3334 Alexandri
2391 3279 2441 3332 ΙΙ
2489 3294 2648 3348 papa
2704 3277 2931 3348 epistola
2986 3276 3055 3330 ad
3109 3277 3468 3330 Wratizlaum
3499 3275 3674 3330 Bohe-

2099 3351 2226 3404 mia
2256 3349 2468 3402 ducem.
2490 3347 2573 3388 7—4
2604 3349 2667 3404 Ut
2692 3347 3047 3403 cencerdiam
3075 3350 3129 3400 et
3147 3362 3333 3415 pacem
3353 3362 3476 3399 eum
3500 3347 3675 3415 fratre

2102 3421 2510 3492 quamprimum
2543 3421 2707 3489 ineat,
2740 3420 2893 3489 cujus
2939 3433 3106 3472 causa
3133 3433 3190 3472 se
3238 3417 3439 3485 legatos
3467 3417 3671 3471 missu-

2098 3491 2229 3547 rum
2253 3491 2498 3562 spondet.

2651 3579 2836 3649 (Anno
2870 3576 3051 3648 1071.)

2315 3669 2465 3738 [ΡΕΖ.
2500 3667 2796 3722 Thesaurus
2826 3666 3078 3722 Anecdol.
3111 3665 3206 3732 VI,
3238 3665 3388 3732 246.]

2098 3785 2444 3838 ALEXANDER
2514 3780 2844 3852 episcopus,
2918 3797 3120 3836 servus
3193 3794 3491 3835 servorum
3548 3777 3671 3846 Dei,

2027 3871 2372 3927 charissimo
2421 3871 2480 3923 in
2532 3870 2760 3924 Christo
2805 3869 2921 3924 ﬁlio
2961 3870 3074 3935 W.,
3126 3867 3537 3922 Bohemiorum
3584 3865 3672 3920 in-

2027 3959 2178 4031 clyto
2207 3958 2362 4028 duci,
2397 3957 2650 4013 salutem
2683 3961 2739 4011 et
2770 3955 3151 4029 apostolicam
3181 3953 3668 4009 benedictionem.

2038 4117 2042 4120 η
2096 4046 2434 4103 Nobilitatis
2465 4050 2576 4100 tua
2609 4062 2708 4102 cor
2737 4051 2794 4100 et
2825 4045 3091 4100 animum
3125 4061 3192 4100 ea
3211 4043 3512 4099 devotione
3535 4059 3673 4115 erga

2026 4137 2404 4194 reverentiam
2438 4139 2651 4191 sancta
2702 4140 2972 4190 Romana
3021 4133 3288 4188 Ecclesia
3334 4133 3673 4187 institutum

2025 4244 2152 4283 esse
2183 4227 2563 4298 cognovimus
2596 4229 2678 4290 ut,
2712 4224 2913 4278 habita
2943 4223 3002 4277 in
3040 4229 3095 4277 te
3141 4221 3313 4292 plena
3341 4221 3669 4291 dilectione,

2025 4315 2220 4370 causis
2263 4314 2398 4380 tuis,
2446 4315 2673 4385 quoties
2719 4313 2791 4368 ad
2844 4329 2950 4368 nos
2997 4311 3347 4376 referuntur,
3383 4315 3672 4382 quantum

2016 4403 2252 4472 justitia
2281 4403 2597 4457 comitante
2640 4400 2923 4467 valemus,
2957 4405 3170 4454 nostra
3208 4399 3537 4469 apostolica
3567 4416 3674 4453 au-

2025 4490 2308 4544 ctoritatis
2331 4506 2532 4543 curam
2561 4488 2822 4558 undique
2846 4488 3181 4557 impendere
3203 4486 3532 4556 cupiamus.
3557 4486 3668 4539 Ita-

2024 4594 2136 4649 que
2165 4578 2235 4631 de
2267 4577 2386 4646 lite,
2417 4593 2544 4647 qua
2577 4577 2728 4629 inter
2764 4579 2819 4628 te
2864 4579 2920 4629 et
2969 4575 3205 4626 fratrem
3252 4577 3422 4625 tuum
3454 4572 3672 4642 episco-

261 4667 609 4741 protegatis.
642 4667 926 4730 Quoniam
956 4666 1091 4720 licet
1118 4665 1215 4719 ille
1249 4664 1365 4718 Rex
1394 4678 1598 4733 regum
1630 4667 1686 4716 et
1711 4677 1912 4732 super-
1943 4677 1990 4740 D
2021 4683 2161 4738 pum
2194 4669 2485 4737 protracta
2515 4668 2622 4728 est,
2655 4668 2711 4717 et
2740 4679 2842 4732 pro
2908 4678 3024 4731 qua
3071 4660 3494 4730 compescenda
3542 4660 3668 4728 jam

261 4775 384 4812 nus
411 4757 628 4812 arbiter
656 4757 836 4811 totius
870 4755 1030 4827 regni
1081 4753 1237 4825 quod
1275 4752 1440 4806 vobis
1469 4749 1709 4805 tradidit
1739 4748 1915 4804 ratio-

261 4862 404 4902 nem
425 4864 457 4901 a
476 4846 639 4900 vobis
661 4845 854 4916 exigat
877 4861 980 4915 pro
1016 4843 1107 4898 his
1131 4847 1325 4897 tamen
1368 4839 1693 4894 districtius
1716 4836 1911 4910 appel-

260 4936 416 4990 labit
445 4935 661 5006 quibus
694 4951 807 4988 non
840 4934 1076 4987 fuerunt
1103 4931 1253 4985 vires
1302 4932 1425 4998 [ms.
1459 4929 1640 4998 Angl.,
1673 4928 1764 4982 hic
1796 4943 1910 4980 non

263 5029 412 5079 sunt
440 5023 614 5093 vires]
645 5027 701 5077 et
735 5039 899 5076 arma
929 5020 1041 5075 nisi
1088 5024 1280 5074 vestra
1334 5019 1612 5090 potentia.
1671 5017 1753 5071 Ad
1794 5015 1912 5069 hac

263 5113 452 5185 igitur
480 5111 834 5183 perﬁcienda
863 5115 919 5165 et
950 5109 1197 5164 aliarum
1247 5108 1528 5163 virtutum
1556 5107 1914 5161 incrementa

260 5201 661 5275 percipienda,
696 5199 891 5254 fratris
920 5198 1104 5254 nostri
1148 5197 1447 5252 Lanfranci
1478 5195 1914 5252 Cantuariensis

263 5290 691 5361 archiepiscopi
723 5288 960 5343 monitis
991 5292 1047 5341 et
1077 5286 1336 5342 consiliis
1385 5286 1628 5357 gloriam
1658 5290 1911 5340 vestram

263 5381 577 5436 hortamur
615 5378 1006 5449 acquiescere,
1057 5393 1230 5446 quem
1280 5374 1694 5430 charissimum
1729 5390 1915 5427 mem-

263 5470 445 5524 brum
475 5473 533 5524 et
562 5484 748 5522 unum
780 5483 848 5520 ex
887 5463 1091 5535 primis
1150 5465 1420 5518 Romana
1479 5461 1744 5517 Ecclesia
1779 5461 1913 5516 ﬁliis

257 5557 439 5625 lateri
471 5560 669 5612 nostro
700 5554 936 5611 assidue
966 5570 1080 5608 non
1114 5553 1455 5622 adjunctum
1489 5568 1617 5606 esse
1648 5550 1913 5605 dolemus

271 5647 378 5701 sed
402 5663 468 5701 ex
491 5649 680 5700 fructu
718 5661 890 5716 quem
913 5642 1179 5697 Ecclesia
1203 5641 1259 5694 in
1285 5657 1460 5712 regno
1484 5645 1676 5694 vestro
1712 5639 1916 5693 tribuit

269 5735 734 5796 consolationem
764 5735 894 5805 ejus
925 5730 1200 5789 absentia
1227 5731 1547 5787 sumimus.

2026 4755 2334 4826 aliquoties
2356 4755 2590 4824 utrique
2605 4750 2974 4821 scripsimus,
2994 4749 3160 4804 valde
3182 4747 3413 4804 solliciti
3437 4764 3666 4803 sumus.

2023 4846 2092 4898 Et
2149 4859 2486 4914 quanquam
2548 4840 2724 4895 ofﬁcii
2785 4839 2970 4893 nostri
3046 4838 3124 4892 sit
3179 4855 3281 4910 per
3331 4837 3664 4893 universam

2023 4933 2337 4988 Ecclesium
2362 4946 2564 5002 pacem
2588 4934 2643 4983 et
2664 4928 3035 4983 concordiam
3076 4943 3207 4981 cum
3248 4927 3347 4981 Dei
3375 4926 3663 4998 adjutorio

2013 5023 2334 5090 seminare,
2368 5026 2564 5074 tamen
2598 5018 2748 5072 inter
2803 5033 2904 5071 vos
2964 5017 3150 5071 foedus
3204 5015 3472 5069 amicitia
3502 5019 3664 5070 tanto

2023 5111 2325 5166 ardentius
2380 5108 2689 5163 convenire
2744 5105 3016 5176 cupimus
3072 5108 3290 5174 quanto
3321 5119 3668 5175 germanum

2023 5200 2223 5253 odium
2257 5215 2369 5253 non
2403 5197 2576 5251 modo
2619 5195 2829 5250 vestris
2875 5193 3217 5260 honoribus,
3266 5207 3468 5246 verum
3499 5191 3668 5246 etiam

2023 5287 2232 5342 salutis
2255 5285 2642 5357 periculosius
2664 5285 2868 5338 obesse
2885 5282 3324 5356 perpendimus,
3344 5280 3668 5353 prasertim

2023 5393 2158 5430 cum
2217 5376 2527 5446 utriusque
2585 5371 3001 5445 querimonias,
3059 5378 3112 5426 et
3144 5371 3214 5425 de
3245 5371 3672 5442 exstinguenda

2022 5464 2124 5519 lite
2171 5469 2359 5519 vestra
2412 5461 2839 5534 deprccatorias
2888 5460 3331 5516 meminerimus
3379 5476 3530 5532 sape
3563 5476 3670 5515 nos

2023 5553 2316 5624 accepisse
2346 5553 2591 5606 litteras.
2628 5550 2812 5617 Unde,
2846 5550 2998 5604 sicut
3028 5567 3130 5621 per
3177 5551 3416 5606 nuntios
3450 5555 3583 5605 tuos
3614 5551 3670 5601 te

2025 5638 2792 5709 desiderareintelleximus,
2821 5639 2877 5692 in
2920 5645 3112 5711 partes
3164 5645 3292 5702 illas
3339 5647 3409 5700 ad
3461 5643 3581 5695 hac
3612 5643 3672 5692 et

2026 5735 2228 5787 catera
2249 5730 2478 5802 negotia
2499 5730 2908 5801 pertractanda
2929 5732 3168 5789 idoneos
3194 5735 3422 5788 mittere
3439 5731 3661 5801 legatos
