4036 6184
469 376 620 435 1367

1757 372 2207 433 ALEXANDRI
2252 372 2303 433 Il
2350 375 2578 437 PAP/E

3659 384 3772 445 i368

470 506 911 571 destinavimus,
946 521 1093 575 quos
1121 504 1169 559 si
1222 505 1543 575 opitulante
1591 506 1705 560 Deo
1754 504 1893 559 illuc
1926 521 2113 576 usque
2142 507 2195 572 Α
2229 506 2298 560 ad
2332 524 2459 562 eam
2488 508 2935 580 pertinentibus.
2987 510 3176 565 Castri
3223 510 3291 565 de
3337 510 3571 582 Tignano
3600 515 3773 572 tertiam

471 598 667 651 venire
699 594 1024 665 contigerit,
1049 596 1175 665 jam
1234 612 1387 648 nunc
1448 600 1502 649 te
1540 595 1963 649 commonitum
1996 611 2125 649 esse

472 686 745 739 volumus
778 683 1012 737 illorum
1059 683 1321 737 consiliis
1354 702 1419 739 ac
1476 685 1724 739 decretis
1779 684 1862 738 sic
1894 684 2123 753 acquie-

476 790 657 837 scere,
682 772 767 826 sic
789 773 977 826 favere
998 777 1169 842 prout
1191 778 1399 827 nostrae
1450 790 1587 843 erga
1636 778 1690 827 te
1713 772 2126 827 benevolentia

477 861 669 915 debito
731 865 789 915 et
842 861 1227 929 exsequendis
1298 862 1560 915 Ecclesim
1622 862 1717 915 Dei
1779 860 2130 915 utilitatibus

478 950 765 1017 congruit.
810 953 1115 1017 Praeterea,
1176 950 1327 1003 sicut
1384 950 1794 1004 cbarissimum
1855 950 2040 1003 ﬁlium
2075 955 2132 1004 te

482 1041 888 1107 admonemus,
915 1044 980 1092 ut
998 1038 1264 1093 humanm
1294 1039 1650 1093 conditionis
1673 1056 1895 1093 memor
1917 1039 2133 1109 cogites

482 1145 658 1198 quam
695 1128 816 1180 haec
848 1128 966 1179 vita
1028 1128 1248 1197 fragilis
1309 1134 1395 1182 est
1450 1133 1506 1182 et
1562 1129 1800 1195 incerta,
1836 1128 2046 1197 quidve
2076 1127 2135 1180 in

488 1218 681 1269 futuro
714 1206 977 1269 examine
1022 1216 1285 1269 districto
1335 1216 1548 1285 Judici,
1604 1233 1807 1270 omnes
1838 1216 2136 1270 conscien-

484 1306 599 1358 tias
660 1310 791 1358 tuas
852 1306 1263 1375 perscrutanti,
1329 1322 1721 1375 responsurus
1777 1306 1878 1371 sis,
1935 1304 2138 1359 ethos

488 1394 738 1447 honores
762 1393 1012 1447 caducos
1036 1398 1091 1447 et
1116 1394 1489 1448 transitorios
1521 1394 1600 1447 ita
1630 1410 1828 1465 gerere
1869 1410 1933 1447 ac
1948 1399 2138 1447 trans-

492 1483 576 1535 ire
608 1482 846 1535 studeas
878 1486 940 1535 ut
971 1498 1073 1552 pro
1132 1482 1223 1537 his
1281 1482 1767 1553 incomparabiles
1825 1483 2055 1537 divitias
2086 1486 2143 1536 et

490 1570 920 1624 indeﬁcientem
954 1572 1117 1641 regni
1150 1571 1250 1625 Dei
1283 1570 1529 1642 gloriam
1565 1589 1678 1627 non
1711 1572 1965 1627 amittas.
1990 1574 2145 1626 Inter

492 1659 691 1714 omnia
724 1675 853 1714 vero
896 1664 953 1713 et
1008 1677 1123 1730 prae
1182 1662 1457 1715 omnibus
1512 1661 1621 1716 hoc
1679 1662 2001 1729 hortamur,
2036 1662 2143 1715 hoc

491 1764 788 1819 rogamus,
824 1752 889 1802 ut
919 1748 1195 1804 ecclesias
1254 1755 1310 1803 et
1365 1750 1741 1817 monasteria,
1794 1767 1919 1821 qum
1953 1752 2011 1804 in
2045 1755 2146 1805 tua

491 1840 775 1907 potestate
798 1840 936 1891 sunt
961 1838 1174 1907 posita,
1198 1839 1269 1892 ab
1297 1838 1531 1907 injuriis
1555 1844 1845 1910 protegas,
1890 1844 1965 1905 et,
2007 1844 2072 1893 ut
2100 1838 2138 1892 ii

492 1925 595 1995 qui
628 1927 698 1979 ad
746 1930 1116 1980 sacrosancta
1172 1928 1451 1997 mysteria
1508 1927 1669 1981 electi
1733 1932 1869 1982 sunt
1899 1934 2056 1983 caste
2088 1932 2145 1983 et

496 2013 766 2083 religiose
791 2019 903 2068 Deo
928 2015 1181 2069 serviant
1208 2032 1220 2082 ;
1246 2021 1530 2085 quantum
1556 2016 1767 2087 possis,
1792 2017 2053 2071 studium
2079 2033 2144 2071 ao

498 2102 864 2173 diligentiam
884 2103 1120 2159 habeas.
1144 2104 1315 2159 Plura
1332 2106 1436 2159 tibi
1456 2106 1513 2159 in
1530 2106 1765 2177 scriptis
1785 2106 2143 2173 miserimus,

500 2191 614 2245 nisi
648 2192 802 2261 quod
836 2192 1065 2246 futuros
1096 2192 1319 2263 legatos
1366 2210 1433 2248 ea
1478 2194 1690 2253 melius
1739 2194 1869 2249 viva
1898 2212 2033 2250 voce
2064 2196 2149 2249 in-

500 2278 799 2335 dicaturos
828 2296 956 2336 esse
986 2281 1341 2352 putavimus.

1198 2407 1449 2462 LXXXV.

498 2495 807 2550 Alexandri
838 2497 889 2550 II
912 2511 1078 2567 papa:
1104 2498 1465 2567 privilegium
1522 2513 1623 2567 pro
1678 2498 1904 2553 ecclesia
1934 2498 2149 2555 Sanctae

1028 2568 1220 2623 Maria:
1258 2568 1611 2626 Florentinze.

1119 2656 1306 2727 (Anno
1341 2657 1524 2728 1072.)
1980 2714 1985 2717 ἠ

500 2745 695 2815 [LAMI,
730 2745 787 2799 S.
836 2745 1096 2801 Ecclesia:
1144 2746 1475 2799 Florentius:
1521 2747 1891 2817 Monumenla,
1924 2752 2067 2802 tom.
2103 2749 2145 2814 Ι,

1162 2818 1474 2887 pag.107J

567 2907 905 2959 ALEXANDER
929 2904 1261 2975 episcopus,
1285 2921 1483 2959 servus
1503 2922 1797 2959 servorum
1821 2906 1943 2969 Dei,
1962 2906 2149 2962 Pramo

500 2992 695 3045 abbati
750 2992 989 3061 suisque
1048 2993 1485 3047 successoribus
1544 2993 1887 3064 regulariter
1918 3012 2150 3066 promo-

500 3080 704 3133 vendis
736 3079 792 3132 in
821 3084 1165 3150 perpetuum
1201 3079 1449 3135 salutem
1478 3086 1534 3136 et
1567 3083 1942 3153 apostolicam
1977 3084 2147 3139 bene-

501 3167 838 3220 dictionem.

574 3256 717 3309 Cum
765 3254 920 3309 sedis
977 3256 1305 3327 apostolicae
1363 3258 1454 3311 cui
1516 3258 1895 3329 prmsidemus
1926 3261 2152 3332 indigni

504 3342 835 3399 sollicitudo
859 3345 1153 3415 deposcat,
1184 3349 1247 3399 ut
1270 3348 1341 3400 ad
1378 3347 1594 3402 bonum
1618 3348 1995 3405 ecclesiarum
2020 3369 2151 3422 pro-

500 3433 757 3487 videntia
777 3449 927 3487 curae
953 3439 1161 3488 nostrae
1212 3436 1525 3504 discurrat,
1576 3438 1961 3510 incongruum
1985 3441 2154 3497 nobis

502 3521 697 3575 visum
724 3526 831 3591 est,
865 3524 1097 3592 parcius
1122 3540 1228 3577 nos
1251 3522 1366 3578 illis
1392 3525 1745 3595 impendere,
1775 3545 1900 3599 quae
1924 3534 2150 3585 tantum

505 3610 575 3663 ad
612 3610 947 3664 monasticae
979 3609 1277 3681 religionis
1308 3613 1505 3667 studia
1532 3614 1805 3669 videntur
1834 3618 2150 3673 attendere.

502 3701 618 3750 Huc
671 3713 805 3767 ergo
838 3714 1033 3767 causa,
1078 3705 1201 3753 tum
1262 3702 1434 3755 etiam
1497 3704 1949 3759 reverentissimi
1982 3713 2155 3777 atque

502 3784 865 3838 sanctissimi
899 3787 1153 3858 episcopi
1211 3789 1361 3842 Petri
1410 3790 1671 3845 Damiani
1720 3792 2066 3863 Hostiensis,
2098 3800 2155 3849 et

500 3872 815 3927 cardinalis
848 3876 1033 3927 nostri
1068 3875 1396 3931 interventu
1430 3896 1495 3932 ac
1545 3879 1851 3935 dilectione
1900 3882 2155 3952 plurima

502 3961 773 4031 precibus
826 3980 1185 4033 suorumque
1244 3968 1622 4033 confratrum,
1686 3969 1772 4023 sic
1830 3988 1999 4025 aures
2030 3972 2154 4025 ani-

501 4067 786 4118 mumque
843 4052 1234 4117 deflectimus,
1296 4060 1359 4107 ut
1416 4057 1684 4126 praecepti
1744 4059 1929 4112 nostri
1960 4059 2153 4129 vigore

501 4138 766 4191 omnium
800 4141 1243 4207 possessionum
1270 4144 1407 4211 jura
1460 4144 1644 4213 ipsius
1676 4147 2011 4199 monasterii
2045 4149 2152 4202 do-

503 4225 683 4278 minio
716 4227 1218 4281 conﬁrmaremus.
1256 4228 1611 4285 Auctoritate
1636 4231 1813 4301 igitur
1835 4235 2153 4303 apostolica

502 4317 699 4366 nostra
714 4314 921 4367 statuit
938 4314 1273 4382 inﬁrmitas,
1294 4322 1357 4370 ut
1375 4318 1714 4387 prmdictum
1731 4324 2152 4379 monasterium

500 4404 555 4453 S.
618 4401 811 4455 Maria:
874 4403 1220 4458 Florentinze
1284 4405 1532 4461 civitatis
1591 4425 1793 4464 secure
1850 4416 1906 4464 et
1961 4414 2153 4482 quiete

500 4488 731 4557 habeat,
786 4491 1147 4563 ﬁrmiterque
1201 4499 1412 4562 teneat,
1476 4497 1763 4567 quidquid
1824 4499 2152 4571 antiquitus

502 4577 711 4633 habuit
739 4581 1065 4651 tenuitque,
1100 4583 1185 4638 vel
1234 4584 1391 4653 juste
1446 4584 1527 4638 illi
1585 4591 1945 4657 competunt,
1976 4591 2063 4645 vel
2095 4592 2152 4645 in

504 4672 805 4737 posterum
837 4675 926 4725 est
957 4670 1319 4728 habiturum.
1354 4673 1622 4728 Castrum
1656 4674 1870 4731 scilicet
1903 4679 1973 4733 de
1991 4679 2153 4736 Viclo

504 4772 638 4809 cum
675 4762 859 4822 curte,
892 4763 947 4812 et
976 4759 1242 4826 ecclesia,
1276 4766 1332 4814 et
1363 4762 1636 4817 omnibus
1682 4766 2152 4833 possessionibus

502 4844 575 4896 ad
613 4859 745 4898 eum
772 4846 1231 4915 pertinentibus;
1256 4854 1513 4904 castrum
1538 4851 1607 4905 de
1626 4852 1823 4922 Signa,
1848 4857 1903 4908 et
1923 4858 2155 4913 tertiam

499 4936 729 5002 partem
766 4934 941 4988 castri
978 4936 1047 4989 de
1104 4936 1378 4991 Crumulo
1440 4955 1572 4991 cum
1615 4941 1857 4995 ecclesia
1888 4947 1943 4996 et
1972 4946 2154 5014 perti-

499 5021 717 5076 nentiis
750 5038 978 5077 eorum.
1016 5024 1251 5079 Curtem
1302 5028 1371 5080 de
1426 5028 1604 5081 Greve
1658 5044 1791 5082 cum
1824 5030 2067 5086 ecclesia
2096 5037 2151 5089 S.

496 5109 755 5177 Martini,
781 5111 1119 5183 ceterisque
1142 5116 1613 5183 possessionibus
1645 5118 1789 5172 suis.
1837 5119 2153 5179 Ecclesiam

495 5200 695 5253 Sancti
722 5200 1128 5257 Bartholomzei
1153 5220 1285 5257 cum
1329 5209 1505 5269 curte,
1548 5210 1603 5259 et
1630 5211 1841 5260 terram
1869 5207 2150 5266 Bcnzonis

497 5289 551 5335 et
581 5288 738 5341 Azzre
778 5292 974 5345 uxoris
1007 5292 1155 5361 ejus,
1185 5293 1255 5347 de
1286 5293 1502 5347 Radda.
1548 5295 1792 5364 Insuper
1822 5301 1877 5349 et
1908 5303 2146 5369 terram,

493 5376 547 5423 et
578 5382 799 5430 curtem
830 5380 1098 5447 ejusdem
1145 5382 1213 5435 de
1259 5382 1459 5435 ΡΘιόἰο
1510 5384 1595 5451 [f.,
1650 5383 1915 5456 Pctroio],
1951 5403 2051 5441 seu
2086 5389 2143 5443 in

494 5460 943 5536 quiliuscunque
995 5468 1135 5523 locis
1192 5486 1324 5523 cum
1385 5471 1659 5524 omnibus
1718 5473 2143 5541 pertinentibus

494 5551 991 5624 posscssiunil'ius,
1012 5572 1077 5609 ac
1102 5558 1465 5626 pertinentiis
1489 5558 1630 5611 suis.
1656 5560 1919 5614 Castrum
1943 5562 2143 5619 Radda

490 5653 621 5690 cum
656 5650 818 5691 curte
869 5647 923 5695 et
984 5644 1226 5698 ecclesia
1274 5648 1609 5718 cmtcrisque
1666 5650 2137 5718 possessionibus

2236 600 2455 665 partem
2492 614 2622 651 cum
2658 598 2915 651 ccclesiis
2960 602 3015 652 et
3062 599 3496 669 pertinentibus,
3539 618 3621 656 seu
3650 607 3775 674 perti-

2242 686 2455 739 nentiis
2488 686 2820 742 suis.........
2850 687 3187 741 monasterii
3235 687 3605 759 pertinentem.
3638 691 3777 747 Eccle-

2239 773 2387 827 siam
2423 774 2615 828 Sancti
2647 775 2863 829 Nicolai
2900 775 2957 829 in
2990 793 3193 846 campo
3243 776 3480 830 Clarenti
3515 794 3624 832 cum
3651 786 3776 845 curte,

2242 868 2635 935 dominicatis,
2662 873 3140 944 proprietatibus,
3164 879 3219 928 et
3249 874 3506 929 omnibus
3526 876 3781 945 adjacentiis

2241 960 2427 1014 eidem
2462 963 2911 1032 pertinentibus.
2944 964 3213 1017 Castrum
3247 964 3315 1017 de
3345 963 3672 1020 Collemontis
3694 984 3781 1021 cum

2244 1055 2406 1103 curte
2437 1051 2506 1103 de
2540 1051 2719 1117 Fosci,
2756 1056 2811 1106 et
2841 1052 3115 1106 omnibus
3144 1052 3571 1124 pertinentibus.
3600 1060 3643 1108 et
3668 1056 3782 1125 perti-

2246 1139 2460 1193 nentiis
2511 1140 2621 1193 sibi
2678 1142 3177 1211 competentibus:
3240 1146 3453 1196 curtem
3506 1143 3675 1196 Azzexi
3698 1160 3783 1197 cum

2247 1228 2725 1298 proprietatibus,
2762 1231 3103 1301 cmterisque
3136 1231 3583 1300 possessionibus
3601 1232 3790 1286 suis.Ca-

2248 1320 2434 1370 strum
2494 1316 2800 1371 Bibianum
2863 1335 2996 1371 cum
3053 1326 3213 1372 curte
3270 1323 3326 1372 et
3378 1318 3613 1382 ecclesia,
3640 1325 3682 1373 et
3705 1336 3789 1389 pro-

2249 1405 2595 1476 prietatibus
2619 1407 2685 1460 ad
2706 1423 2831 1461 eam
2857 1407 3309 1477 pertinentibus.
3333 1408 3618 1462 Ecclesiam
3634 1408 3678 1462 S.
3694 1412 3789 1462 Mar-

2250 1492 2354 1547 tini
2390 1493 2446 1547 in
2507 1493 2629 1549 loco
2686 1495 3011 1550 Conlluenti
3071 1512 3205 1551 cum
3262 1496 3673 1567 proprietatibus
3697 1496 3789 1550 suis.

2254 1590 2567 1648 Ecclesiam
2625 1594 2681 1647 S.
2744 1592 2980 1647 Martini
3034 1593 3186 1648 infra
3266 1594 3559 1659 civitatem,
3624 1598 3793 1663 quaeest

2244 1681 2416 1750 juxta
2442 1681 2811 1751 prmlibatum
2846 1683 3293 1749 monasterium,
3328 1699 3459 1737 cum
3479 1682 3709 1738 omnibus
3728 1688 3794 1737 ter-

2254 1769 2357 1835 ris,
2377 1769 2544 1833 casis,
2560 1769 2953 1836 dominicatis,
2970 1771 3442 1841 proprietatibus,
3460 1775 3510 1825 et
3526 1769 3796 1841 pertinentiis

2172 1876 2219 1940 B
2255 1858 2396 1912 suis.
2430 1857 2746 1913 Ecclesiam
2778 1858 2835 1912 S.
2895 1859 3126 1912 Martini
3187 1860 3245 1913 in
3278 1858 3548 1928 Mensula,
3594 1876 3698 1913 cum
3719 1874 3798 1913 om-

2252 1946 2423 2000 nibus
2454 1946 2624 2000 terris
2670 1951 2726 2001 et
2766 1946 3129 2017 pertinentiis
3179 1948 3367 2002 eidem
3416 1948 3798 2019 competentibus.

2252 2047 2483 2097 Curtem
2509 2044 2729 2099 montis
2749 2043 2980 2098 Domini
3002 2061 3135 2099 cum
3154 2046 3430 2100 omnibus
3450 2043 3802 2116 proprietatibus

2254 2139 2309 2187 et
2341 2132 2811 2203 possessionibus
2838 2134 2908 2187 ad
2940 2148 3067 2188 eam
3102 2134 3539 2204 pertinentibus.
3560 2135 3741 2188 Curtem
3760 2132 3803 2184 de

2256 2221 2522 2275 Mandria
2549 2238 2681 2276 cum
2711 2220 3188 2293 proprietatibus,
3232 2222 3605 2294 omnibusque
3623 2220 3803 2276 adventi-

2254 2309 2353 2363 tiis
2387 2310 2533 2364 suis.
2565 2316 2800 2365 Terram
2829 2311 3095 2379 Joannis,
3130 2310 3238 2365 ﬁlii
3269 2311 3468 2381 Teudi,
3499 2328 3617 2365 cum
3642 2310 3807 2364 casiset

2258 2399 2653 2466 dominicatis,
2729 2400 3070 2471 caztcrisque
3137 2400 3595 2472 possessionibus
3639 2406 3681 2453 et
3720 2413 3805 2468 pro-

2258 2488 2627 2558 prietatibus,
2688 2489 2853 2559 prius
2912 2505 3015 2560 per
3069 2490 3401 2545 chartulam
3456 2486 3745 2553 oﬂersionis,
3776 2490 3809 2538 et

2257 2585 2589 2640 donationis
2620 2586 2886 2657 ejusdem
2915 2586 3162 2640 Joannis
3195 2586 3378 2651 ﬁlius,
3411 2591 3467 2641 et
3494 2587 3661 2641 Maria:
3684 2586 3809 2639 mater

2256 2673 2405 2743 ejus,
2467 2674 2820 2729 monasterio
2874 2674 3231 2729 obtulerunt.
3293 2673 3595 2729 Ecclesiam
3644 2672 3808 2726 S.Lau-

2257 2762 2427 2815 rentii
2449 2761 2507 2815 in
2534 2763 2731 2833 Signa,
2757 2779 2886 2833 qua:
2906 2761 3195 2817 libellario
3216 2763 3455 2817 nomine
3475 2764 3541 2817 ab
3561 2761 3809 2832 episcopatu

2256 2854 2346 2905 est
2368 2851 2673 2921 acquisita.
2709 2850 3028 2906 Ecclesiam
3070 2851 3126 2905 S.
3154 2851 3386 2906 Proculi
3410 2868 3537 2907 cum
3567 2848 3707 2904 terris
3734 2845 3813 2901 suis

2257 2944 2314 2994 et
2334 2940 2607 2995 domibus
2624 2940 2776 2994 circa
2801 2957 2881 2995 se.
2907 2941 3149 2995 Terram
3194 2956 3452 3011 quoque,
3494 2944 3545 2995 et
3580 2940 3813 3007 stet-petum

2258 3036 2314 3090 in
2350 3036 2523 3107 podio
2555 3037 2906 3108 Rivifrigidi,
2943 3054 3069 3107 quae
3129 3042 3184 3092 et
3243 3038 3448 3093 Carcia
3483 3036 3686 3091 dicitur.
3710 3030 3816 3087 Deci-

2259 3141 2416 3179 mam
2439 3127 2511 3180 de
2531 3131 2693 3181 curte
2720 3126 2903 3191 Viclo,
2929 3144 3102 3197 quam
3139 3128 3211 3181 ab
3240 3128 3570 3198 episcopatu
3614 3140 3695 3195 per
3716 3118 3819 3175 libel-

2182 3241 2223 3306 ρ
2263 3213 2387 3269 lum
2419 3218 2597 3270 tenet.
2635 3216 2929 3269 Decimum
2971 3232 3148 3284 quam
3199 3216 3392 3270 Guido
3440 3207 3820 3305 Vulterannensis

2262 3304 2573 3375 episcopus
2636 3320 2737 3374 per
2793 3303 3123 3359 chartulam
3177 3304 3508 3360 offersionis
3559 3296 3819 3357 monasterio

2264 3390 2494 3446 obtulit.
2526 3391 2988 3447 Decimationem
3020 3394 3207 3459 terras,
3264 3410 3395 3463 quas
3438 3390 3634 3447 Micina
3657 3387 3818 3445 dicitur,

2264 3492 2322 3543 et
2352 3488 2795 3544 decimationem
2830 3489 3011 3543 curtis
3033 3489 3307 3543 Citerani.
3335 3494 3540 3543 Praeter
3565 3487 3667 3541 hac
3688 3479 3821 3536 omnia

2264 3577 2681 3633 interveniente
2701 3578 2868 3633 Petro
2890 3578 3180 3650 episcopo,
3206 3584 3268 3633 et
3310 3576 3579 3633 cardinali
3598 3578 3767 3634 nostro,
3787 3572 3823 3620 et

2264 3666 2431 3721 Petro
2455 3668 2672 3738 prmfati
2702 3668 3042 3722 monasterii
3066 3667 3385 3722 venerabili
3408 3667 3601 3721 abbate
3618 3677 3723 3717 cum
3746 3673 3822 3711 om-

2265 3755 2439 3810 nibus
2471 3757 2861 3810 confratribus
2894 3757 3042 3825 suis,
3075 3757 3489 3826 adjudicamus
3518 3759 3569 3809 et
3594 3750 3820 3807 conﬁrma-

2266 3861 2400 3899 mus
2418 3861 2779 3916 quaacunque
2800 3846 3072 3916 hospitati
3094 3846 3384 3916 praelibati
3407 3839 3823 3899 monasteriiextra

2264 3936 2511 4003 etjuxta
2544 3940 2772 4006 portam
2807 3936 3018 4006 posito,
3070 3936 3223 4003 quod
3285 3936 3411 4006 ipse
3449 3935 3635 3988 Petrus
3657 3938 3821 3983 venera-

2264 4023 2400 4078 bilis
2432 4024 2636 4088 abbas,
2667 4023 2753 4077 vel
2798 4024 2927 4092 ejus
2975 4023 3436 4094 praedecessores
3469 4024 3535 4076 ad
3565 4034 3707 4074 usum
3732 4026 3823 4083 psu-

2263 4128 2491 4182 perum,
2526 4117 2582 4166 et
2615 4112 3055 4183 peregrinorum
3089 4128 3191 4182 per
3223 4111 3550 4167 chartulam
3581 4098 3821 4163 donationis

2262 4226 2393 4264 cum
2428 4209 2551 4264 suis
2611 4210 2894 4264 fratribus
2953 4210 3331 4275 contulerint,
3388 4209 3612 4273 scilicet,
3653 4200 3825 4257 decima-

2262 4299 2481 4353 tionem
2514 4300 2582 4353 de
2612 4298 2795 4365 Viclo,
2822 4304 2876 4352 et
2898 4300 2967 4353 de
2991 4300 3191 4367 Greve,
3216 4304 3275 4353 et
3296 4300 3368 4352 de
3391 4298 3579 4368 Signa,
3601 4294 3657 4347 de
3676 4284 3822 4343 Palude

2262 4404 2409 4441 nova
2439 4392 2495 4441 et
2524 4392 2733 4451 vetere,
2767 4390 3090 4458 caeteraque
3120 4387 3340 4451 omnia,
3396 4404 3520 4457 quas
3556 4384 3609 4437 in
3636 4370 3822 4434 chartula

2262 4475 2593 4529 donationis
2625 4474 2841 4545 scripta
2873 4481 3047 4542 sunt;
3098 4480 3153 4528 et
3208 4488 3569 4545 quaecunque
3596 4462 3821 4537 largitione

2264 4572 2520 4626 fidelium
2555 4572 2613 4626 in
2672 4576 3020 4643 perpetuum
3081 4576 3170 4626 est
3224 4571 3519 4626 habitura.
3552 4562 3820 4651 Potestath

2264 4659 2438 4714 etiam
2472 4677 2853 4731 quoscunque
2898 4663 3157 4715 mortuos
3206 4658 3521 4731 recipiendi
3552 4653 3821 4710 monasterio

2263 4750 2447 4805 eidem
2485 4750 2951 4818 concedimus,ac
2983 4748 3322 4820 sepeliendi.
3350 4748 3405 4802 Si
3430 4744 3646 4819 quidem
3663 4738 3821 4810 episco-

2265 4856 2405 4910 pum
2440 4840 2777 4893 Florentinaz
2811 4837 3057 4892 civitatis
3107 4838 3371 4892 Romana
3413 4831 3647 4890 Ecclesia
3683 4822 3819 4880 catho-

2265 4927 2441 4982 licum
2478 4927 2766 4994 habuerit,
2831 4925 3155 4996 quamlibet
3211 4922 3679 4979 consecrationem
3707 4911 3821 4965 abeo

2264 5017 2540 5087 recipiat;
2602 5017 2755 5087 quod
2816 5016 2863 5070 si
2926 5018 3236 5085 suspectus
3312 5012 3569 5067 Ecclesiae
3622 5007 3820 5087 Romam

2261 5085 2456 5167 fuerit,
2482 5085 2773 5159 licentiam
2797 5102 3027 5175 petendi
3051 5117 3459 5172 quemcunque
3484 5095 3738 5153 meliorem
3754 5085 3821 5139 h3-

2259 5194 2413 5250 beat.
2446 5198 2577 5247 llmc
2609 5192 2805 5247 omnia
2852 5192 2931 5245 ita
2984 5191 3425 5257 confirmamus,
3456 5188 3532 5241 ita
3558 5180 3818 5241 statuimus,

2257 5292 2337 5346 ita
2359 5290 2647 5345 observari
2670 5287 3063 5360 praecipimus,
3088 5292 3151 5340 ut
3177 5285 3374 5340 nullus
3414 5302 3527 5349 rex,
3572 5282 3688 5343 dux,
3715 5284 3817 5329 mar‘

2255 5381 2404 5445 chio,
2432 5396 2647 5445 comes,
2670 5378 3009 5444 vicccomcs,
3034 5374 3331 5443 castaldio,
3354 5370 3810 5441 nullusepiscopus.

2252 5478 2451 5532 nullus
2484 5476 2781 5542 dominus,
2815 5474 2983 5529 nulla
3034 5473 3267 5527 omnino
3318 5487 3543 5542 magna,
3591 5466 3809 5546 paﬂ'aqu‘?

2250 5584 2515 5637 persona,
2551 5583 2683 5619 cum
2728 5564 3031 5635 dignitate,
3092 5561 3177 5615 vel
3232 5560 3469 5636 privata,
3502 5559 3659 5627 hujus
3682 5550 3808 5637 1195‘“

2245 5636 2526 5726 privilegii
2560 5660 2843 5726 praecepta
2868 5652 3082 5709 violare
3113 5655 3445 5723 prmsumat.
3479 5646 3580 5703 Sed
3602 5636 3808 5716 pratum!

2187 4602 2231 4664 D
