4036 6184
240 364 402 426 1369

1410 370 1820 434 ΕΡ13ΤΟΙΛΕ
1860 369 1962 432 ΕΤ
2003 370 2490 437 DlPLOMATA.

3496 377 3652 439 i370

241 497 594 556 venerabilis
624 499 828 572 abbas,
861 506 917 557 et
947 518 1150 560 omnes
1182 520 1549 561 successores
1581 506 1640 560 in
1681 522 1884 579 perpe-
1915 506 1970 574 Α
2001 522 2138 563 nam
2159 505 2613 564 sollicitudinem
2647 506 3062 566 salvandarum
3093 509 3648 579 animarum,Ecole-

243 587 708 655 tuum,omnium
736 607 915 661 supra
926 592 1390 664 nominatarumj
1403 611 1508 650 ura
1528 595 1720 666 quiete
1735 599 1791 650 et
1805 612 1895 650 se-

252 695 396 734 cure
427 678 791 749 possideant,
819 685 1052 735 teneant
1083 682 1528 749 rationabiliter,
1559 683 1902 755 regulariter

249 767 700 839 disponant,nec
725 785 985 839 unquam
1009 771 1079 825 ab
1103 787 1304 826 eorum
1324 772 1581 828 dominio
1602 775 1896 838 recedant,

250 858 354 914 sed
388 857 651 913 omnium
685 857 992 913 hominum
1027 859 1257 915 sublata
1274 863 1709 933 perturbatione
1732 864 1900 918 firma

248 963 486 1018 semper
517 951 916 1018 permaneant.
952 948 1081 1004 Haec
1115 954 1334 1005 statuta
1388 952 1573 1006 nostri
1615 951 1900 1024 privilegii

249 1035 577 1108 apostolica
605 1037 949 1093 auctoritate
981 1038 1225 1094 ﬁrmavi.
1260 1040 1317 1094 Si
1349 1040 1480 1111 quis
1537 1058 1682 1096 ausu
1720 1045 1900 1096 teme-

251 1125 408 1180 rario
439 1124 758 1193 violaverit,
819 1143 886 1182 ex
943 1140 1104 1198 parte
1163 1129 1396 1184 Domini
1461 1130 1898 1202 omnipotentis,

251 1214 463 1280 Patris,
497 1217 554 1268 et
583 1213 733 1279 Filii,
767 1220 823 1269 et
878 1215 1135 1287 Spiritus
1194 1218 1401 1283 sancti,
1430 1219 1901 1274 excommunica-

252 1303 436 1358 tionis
466 1307 521 1358 et
542 1303 803 1374 perpetui
825 1305 1225 1362 anathematis
1250 1324 1362 1362 non
1387 1308 1615 1363 dubitet
1635 1325 1695 1363 se
1718 1325 1904 1381 usque

253 1393 333 1447 ad
363 1392 829 1448 emendationem
859 1394 1106 1450 vinculis
1164 1396 1589 1452 innodandum.
1626 1397 1903 1470 Quisquis

254 1498 394 1537 vero
421 1481 634 1536 borum
657 1482 942 1553 omnium,
969 1501 1094 1556 quas
1126 1502 1306 1557 supra
1335 1487 1673 1553 statuimus,
1707 1487 1903 1542 obser-

256 1576 425 1626 vator
453 1571 758 1636 exstiterit,
819 1572 1142 1629 benedictio
1199 1574 1300 1628 Dei
1354 1576 1792 1647 omnipotentis,
1851 1579 1908 1631 et

256 1660 568 1716 beatorum
603 1660 748 1716 Petri
779 1665 836 1716 et
865 1661 1027 1716 Pauli
1083 1663 1504 1734 apostolorum,
1567 1681 1743 1736 super
1772 1681 1906 1720 eum

253 1747 419 1804 velut
448 1748 781 1805 uberrimus
810 1749 1002 1806 imber
1030 1751 1256 1806 ccslitus
1314 1751 1524 1807 inﬂuat
1579 1757 1636 1808 et
1665 1753 1906 1808 haeredi-

253 1841 442 1894 tatem
473 1837 724 1895 coelestis
755 1839 951 1913 gloria;
978 1844 1256 1912 perpetuo
1277 1841 1413 1912 jure
1443 1841 1762 1914 possideat.

936 1946 1215 2002 LXXXVI.

731 2037 1085 2118 privilegium
1150 2053 1250 2119 pro
1322 2037 1549 2094 ecclesia
1608 2038 1758 2094 Petri
1803 2039 1911 2094 Da-

993 2124 1190 2162 mzam.

835 2195 1021 2268 (Anno
1064 2196 1344 2268 1061-72.)

679 2284 910 2356 [MANSI,
941 2285 1146 2342 Concil.
1181 2287 1305 2351 XIX,
1337 2287 1489 2358 972.]

341 2375 682 2428 ALEXANDER
712 2374 1044 2446 episcopus,
1060 2391 1260 2430 servus
1307 2391 1609 2431 servorum
1641 2376 1762 2442 Dei,
1791 2393 1915 2432 om-

269 2461 448 2518 nibus
479 2463 823 2535 Eugubinis,
859 2462 1008 2520 clero
1039 2463 1275 2535 populo,
1337 2464 1611 2521 fidelibus
1652 2465 1921 2521 videlicet

269 2550 470 2609 Sancti
500 2551 677 2624 Petri,
729 2553 981 2608 salutem
1038 2557 1096 2607 et
1152 2551 1532 2624 apostolicam
1575 2554 1923 2611 benedictio-

271 2657 432 2697 nem.

348 2730 472 2786 Non
503 2730 734 2802 ignorat
763 2733 965 2786 sancta
992 2735 1185 2785 vestra
1245 2731 1490 2803 devotio,
1550 2731 1920 2788 dilectissimi

272 2819 486 2874 fratres
510 2825 566 2874 et
589 2817 858 2890 filii,quia
881 2819 1187 2875 ecclesiam
1237 2820 1572 2876 charissimi
1623 2822 1820 2878 fratris
1865 2826 1922 2878 et

267 2909 597 2981 coepiscopi
618 2908 802 2964 nostri
829 2908 975 2962 Petri
999 2908 1351 2979 Damiani,in
1379 2910 1532 2964 beati
1566 2910 1722 2964 Lucae
1745 2927 1916 2965 evan-

266 2997 496 3071 gelistze
528 2997 762 3053 nomine
794 3003 1328 3062 consecratam,nos
1361 2999 1416 3052 in
1439 2999 1590 3054 beati
1618 3000 1919 3071 Petriapo-

267 3087 557 3144 stolarum
608 3087 888 3158 principis
918 3091 1238 3157 nostraque
1273 3087 1451 3141 tutela
1483 3104 1549 3142 ac
1581 3089 1918 3143 defensione

267 3177 663 3248 suscepimus,
690 3175 847 3230 salva
870 3175 1191 3230 reverentia
1211 3180 1268 3230 et
1295 3175 1548 3231 utilitate
1565 3182 1780 3232 sancta
1806 3177 1917 3232 Ro-

256 2034 300 2089 A
311 2032 479 2090 lexan

2007 595 2155 650 siam
2187 600 2347 651 tuam
2372 599 2734 668 temporibus
2754 599 2930 654 etiam
2956 598 3124 655 bonis
3149 600 3421 655 decenter
3439 601 3653 671 germi-

2007 691 2230 754 nare,et
2249 686 2642 744 tbesaurizare
2665 690 3087 762 perpendimus
3116 707 3130 756 ;
3155 690 3479 745 secundum
3497 691 3653 762 quod

2008 793 2180 832 omne
2199 793 2346 849 opus
2367 777 2586 833 bonum
2604 795 2672 833 ex
2694 779 2807 834 ﬁne
2829 796 2934 834 suo
2958 779 3274 834 maximam
3300 779 3532 834 laudem
3558 797 3625 835 ca
3641 810 3660 822 -

2009 865 2096 938 pit
2117 869 2173 919 et
2221 865 2664 938 praemium...“
2711 884 2778 922 ea
2821 885 2936 938 qua
2965 869 3193 923 cunctis
3224 868 3516 944 debitores
3550 885 3649 924 su-

2011 971 2144 1009 mus
2175 959 2230 1008 et
2260 955 2540 1010 charitate
2569 961 2624 1010 et
2653 955 3049 1011 sollicitudine
3079 956 3450 1012 dilectionem
3487 962 3662 1012 tuam

2011 1043 2301 1098 exhortari
2324 1045 2762 1112 volumus,utin
2786 1045 3080 1115 proposito
3100 1047 3389 1100 bonorum
3413 1063 3656 1117 operum

2011 1133 2303 1188 indefesso
2337 1135 2550 1190 sudore
2571 1140 2627 1189 et
2657 1134 3006 1205 infatigabili
3039 1133 3249 1190 virtute
3283 1135 3583 1205 persistas,
3605 1141 3663 1191 et

2013 1223 2083 1277 de
2113 1223 2324 1277 virtute
2353 1222 2411 1277 in
2440 1223 2717 1278 virtutem
2777 1240 2880 1294 per
2936 1222 3399 1278 misericordiam
3434 1225 3665 1278 Domini

2012 1310 2397 1367 consolatoris
2428 1316 2484 1367 et
2512 1312 2920 1367 confortatoris
2952 1313 3296 1382 ascendens,
3347 1311 3662 1367 Ecclesiam

2013 1405 2126 1456 tuas
2158 1401 2564 1473 gubernationi
2596 1401 2899 1468 traditam,
2934 1401 3088 1456 sicut
3129 1402 3320 1456 bonus
3377 1405 3582 1472 pastor
3611 1403 3670 1455 et

2014 1494 2202 1546 rector
2230 1490 2424 1546 valeas
2455 1494 2864 1563 argumentare
2887 1495 2943 1545 et
2964 1489 3288 1555 sublevare,
3319 1494 3378 1545 et
3407 1489 3671 1561 specula-

2015 1583 2139 1634 tore
2153 1578 2383 1633 munire
2405 1584 2543 1634 etex
2555 1578 2870 1649 suisjustis
2886 1577 3259 1634 facultatibus
3274 1579 3356 1633 ita
3371 1582 3670 1634 exstruere

2016 1668 2253 1723 studeas
2267 1670 2523 1738 quantus
2544 1666 2769 1738 expleto
2788 1684 2963 1722 cursu
2987 1667 3167 1738 hujus
3187 1665 3470 1739 temporis
3492 1667 3551 1722 in
3567 1665 3663 1722 illo

2017 1755 2310 1812 consortio
2330 1754 2498 1811 laetus
2521 1755 2735 1810 ascribi
2765 1755 2980 1824 valeas,
3013 1755 3229 1827 quibus
3285 1772 3392 1810 vox
3423 1755 3665 1828 superni

1937 1877 1986 1942 Β
2015 1845 2240 1901 Judicis
2259 1845 2484 1899 dictura
2505 1849 2594 1899 est
2617 1860 2629 1899 :
2652 1843 2853 1899 Venite
2863 1844 2936 1899 ad
2959 1861 3061 1916 me,
3079 1861 3264 1899 omnes
3283 1847 3383 1916 qui
3399 1845 3660 1900 laborati:

2021 1938 2071 1990 et
2101 1935 2314 1989 onerati
2342 1935 2490 1998 estis,
2519 1941 2572 1988 et
2600 1948 2694 2004 ego
2749 1933 2995 2002 reﬁciam
3041 1949 3133 1988 vos
3175 1934 3385 2003 (Matth.
3444 1951 3523 2004 x1,
3555 1932 3669 2003 28).

2022 2022 2096 2079 Ut
2124 2026 2318 2076 autem
2350 2021 2654 2093 praesentis
2674 2020 2892 2077 laboris
2915 2021 3142 2078 fructus
3172 2026 3228 2078 et
3256 2021 3671 2088 studium,tam

2023 2111 2084 2166 in
2115 2111 2232 2166 vita
2262 2114 2365 2165 tua
2394 2127 2572 2181 quam
2606 2114 2736 2181 post
2764 2111 2990 2166 obitum
3022 2114 3215 2181 tuum,
3245 2110 3514 2182 prasidio
3537 2126 3673 2180 apo-

2025 2198 2239 2255 stolica
2269 2198 2626 2254 defensionis
2657 2201 2980 2270 roboretur,
3006 2205 3061 2255 et
3083 2200 3340 2255 obtineat
3362 2198 3676 2271 probabili-

2025 2292 2208 2343 tatem
2242 2289 2396 2359 quod
2428 2288 2488 2344 in
2521 2295 2822 2361 posterum
2856 2288 3129 2355 elevatur,
3154 2289 3326 2360 juxta
3381 2293 3582 2343 votum
3616 2293 3673 2342 et

2028 2375 2484 2450 postulationem
2515 2383 2699 2446 tuam,
2737 2377 3076 2447 Ecclesiam,
3111 2377 3202 2432 cui
3237 2382 3346 2432 Deo
3391 2377 3670 2449 dignante

2029 2483 2278 2539 praeesse
2309 2466 2688 2539 dignosceris,
2723 2467 2780 2521 in
2806 2469 2906 2537 jus
2936 2471 2992 2522 et
3048 2465 3292 2522 tutelam
3343 2465 3672 2538 apostolicis

2029 2556 2386 2612 defensionis
2418 2555 2828 2628 suscipientes,
2887 2556 3066 2626 hujus
3111 2559 3321 2612 nostra
3353 2554 3676 2611 sanctionis

2030 2645 2394 2716 privilegium
2428 2643 2708 2700 benevola
2736 2645 2840 2699 tibi
2900 2643 3274 2700 concessione
3333 2643 3674 2711 tribuimus,

2032 2739 2354 2790 statuentes
2385 2739 2442 2789 et
2470 2735 2884 2790 conﬁrmantes
2917 2739 2980 2788 ut
3011 2733 3228 2797 omnia,
3261 2737 3384 2790 tam
3443 2734 3502 2788 in
3535 2731 3676 2788 locis

2031 2840 2206 2895 quam
2240 2823 2298 2876 in
2332 2823 2596 2892 decimis,
2630 2840 2732 2879 seu
2765 2823 3181 2888 oblationibus,
3215 2821 3676 2895 campis,vineis,

2029 2912 2230 2984 pratis,
2266 2913 2521 2984 pascuis,
2547 2913 2740 2983 terris,
2764 2918 2820 2968 et
2839 2913 3070 2983 castris,
3094 2911 3180 2967 vel
3199 2911 3562 2984 quibuslibet
3593 2928 3684 2966 re-

2029 3002 2139 3056 bus
2161 3002 2324 3072 juste
2354 3001 2465 3056 sibi
2501 3001 2870 3073 pertinentia,
2905 3018 3126 3070 necnon
3185 3006 3242 3056 et
3299 3017 3367 3058 ea
3395 3018 3522 3072 quas
3556 3001 3672 3056 Deo

2029 3092 2203 3146 dante
2222 3096 2320 3145 tuo
2342 3090 2400 3146 in
2431 3099 2689 3162 tempore
2711 3091 3036 3162 acquisivit,
3060 3090 3148 3147 vel
3181 3091 3542 3163 acquisilura
3563 3094 3674 3158 est,

2028 3184 2086 3234 et
2105 3179 2305 3234 omnia
2325 3196 2450 3250 quae
2475 3180 2640 3250 justo
2673 3179 2839 3234 titulo
2868 3197 2969 3252 per
2998 3180 3370 3236 succedentia
3408 3183 3674 3250 tempora

269 3283 460 3321 mante
489 3265 779 3329 Ecclesiae,
812 3280 1080 3336 eamque,
1113 3269 1178 3319 ut
1206 3265 1279 3320 ad
1311 3264 1592 3320 orationis
1650 3270 1707 3320 et
1737 3266 1916 3321 sacri-
1948 3248 1990 3314 C
2030 3268 2243 3324 habere
2275 3248 2604 3339 contigerit,
2638 3272 2697 3324 et
2727 3248 2950 3340 pace—et
2980 3267 3405 3339 tranquillitate
3446 3248 3682 3339 semper

267 3353 390 3410 ﬁcii
419 3354 668 3426 gratiam
699 3355 890 3425 vigeat
919 3369 984 3408 ac
1015 3353 1239 3408 illibata
1277 3356 1637 3425 permaneat,
1692 3371 1759 3409 ex
1791 3371 1922 3427 apo-

271 3442 493 3500 stolicis
517 3443 675 3500 sedis
698 3441 1044 3498 auctoritate
1071 3442 1399 3498 firmamus.
1415 3443 1780 3515 Quapropter
1794 3444 1921 3515 qui-

270 3549 504 3605 cunque
527 3531 867 3604 praadictum
882 3531 1202 3586 oratorium
1217 3530 1480 3602 qualibet
1493 3532 1923 3589 machinatione

268 3621 362 3678 vel
384 3622 580 3677 studio
603 3621 922 3690 destruere,
945 3619 1034 3675 vel
1058 3619 1350 3676 hostiliter
1373 3621 1718 3693 impugnare
1743 3626 1924 3678 tenta-

268 3711 442 3778 verit,
476 3711 548 3764 ab
580 3709 966 3781 omnipotenti
999 3714 1112 3764 Deo
1144 3726 1210 3764 ac
1240 3710 1410 3766 beato
1440 3711 1607 3766 Petro
1660 3711 1922 3783 apostolo

270 3798 902 3855 excommunicaudum
927 3813 989 3852 se
1010 3814 1137 3853 esse
1161 3816 1276 3853 non
1296 3799 1836 3872 ambigat,etusque
1850 3803 1920 3857 ad

269 3886 731 3944 satisfactionem
764 3903 1083 3959 congruam
1118 3887 1608 3943 excludendumse
1639 3906 1672 3942 a
1701 3888 1920 3944 limini-

265 3978 382 4034 bus
396 3982 607 4032 sanctae
622 3975 1082 4047 ecclesize,prout
1098 3976 1340 4050 dignum
1358 3983 1463 4048 est,
1480 3977 1882 4048 perhorrescat
1904 3997 1917 4034 :

266 4067 423 4124 sicut
445 4065 586 4120 dicit
605 4065 916 4137 Apostolus
942 4083 954 4120 :
990 4065 1050 4120 Si
1070 4069 1193 4137 quis
1215 4069 1476 4138 templum
1498 4068 1598 4122 Dei
1612 4067 1920 4135 violaverit,

262 4155 543 4226 disperdet
574 4155 737 4210 illum
769 4154 983 4225 Deus(l
1013 4154 1135 4210 Cor.
1169 4157 1276 4226 ιιι).
1311 4156 1418 4220 Qui
1478 4157 1786 4228 praefatum
1835 4156 1918 4212 lo-

267 4261 406 4301 cum
441 4248 778 4298 sanctorum
811 4259 915 4314 pro
947 4242 1160 4297 Christi
1193 4260 1390 4298 amore
1450 4243 1714 4314 coluerit,
1747 4251 1803 4301 et
1830 4247 1918 4300 in-

260 4336 619 4390 temeratum
636 4335 812 4402 atque
843 4331 1194 4385 incolumem
1230 4348 1458 4387 servare
1480 4333 1774 4389 studuerit
1796 4333 1921 4405 ipse

264 4439 527 4496 quoque,
563 4437 664 4494 per
695 4420 1175 4476 intercessionem
1209 4419 1363 4475 beati
1417 4420 1590 4487 Petri,
1631 4421 1919 4492 templum

263 4511 487 4568 Christi
505 4510 624 4577 ﬁat,
649 4513 704 4564 et
735 4509 1200 4564 benedictionem
1231 4507 1322 4564 sui
1372 4509 1779 4582 Redemptoris
1810 4509 1921 4565 bae-

265 4601 518 4657 reditate
551 4597 869 4673 possideat.
1273 4587 1278 4594 ’

937 4702 1253 4760 LXXXVII.

262 4794 578 4854 Alexander
605 4797 669 4850 II
693 4794 980 4850 ecclesiam
1009 4793 1430 4848 Furconiensem
1461 4792 1727 4849 tuendam
1753 4795 1924 4850 susci-

332 4870 420 4952 pit
451 4869 669 4952 ejusque
695 4868 1068 4938 possessiones
1097 4865 1415 4935 conﬁrmat,
1444 4875 1662 4936 petente
1705 4867 1924 4937 Ragne-

333 4955 425 4996 rio
455 4954 721 5010 episcopo.

879 5025 1079 5097 (Anno
1110 5024 1296 5096 1072.)

551 5115 909 5189 [MURATORI,
938 5114 1143 5186 Amtiq.
1180 5115 1329 5182 Ital.,
1363 5113 1459 5182 VI,
1490 5115 1640 5188 492.]

339 5229 696 5280 ALEXANDER
729 5221 1041 5296 episcopus
1099 5238 1302 5277 servus
1361 5238 1660 5278 servorum
1708 5223 1831 5292 Dei,
1864 5224 1925 5279 in

262 5315 502 5372 Christo
537 5313 698 5368 fratri
718 5313 1018 5368 Rarus-mo
1051 5311 1401 5367 Furconensi
1445 5312 1734 5384 episcopo,
1769 5312 1926 5368 salu-

264 5408 391 5460 tem
424 5408 482 5460 et
511 5400 897 5476 apostolicam
923 5399 1410 5456 benedictionem.

345 5492 631 5560 Quoniam
657 5489 845 5546 multa
867 5494 924 5545 te
950 5491 1008 5544 in
1032 5491 1369 5561 episcopatu
1393 5488 1696 5544 commode
1720 5493 1776 5544 et
1795 5507 1930 5561 pru-

273 5583 503 5649 denter,
562 5582 875 5653 adjuvante
931 5579 1201 5643 Domino,
1259 5578 1446 5648 egisse
1507 5578 1923 5650 cognovimus;

271 5673 455 5746 quod,
483 5671 636 5728 inter
653 5670 912 5728 laborem
936 5667 1194 5741 suscepti
1225 5665 1528 5739 regiminis
1558 5671 1614 5724 et
1643 5668 1928 5743 quotidia-

2031 3357 2314 3422 obtineat,
2335 3362 2401 3413 ut
2429 3356 2626 3411 nullus
2658 3356 2998 3428 imperator,
3035 3372 3154 3424 rex,
3187 3357 3325 3419 dux,
3357 3359 3684 3424 comes,aut

2031 3446 2362 3518 episcopus,
2393 3462 2496 3501 seu
2524 3445 2728 3514 abbas,
2755 3445 2843 3500 vel
2863 3444 3060 3516 aliqua
3089 3461 3339 3516 persona
3383 3441 3680 3499 szscularis

2033 3540 2135 3590 aut
2155 3533 2550 3590 ecclesiastica
2569 3551 2638 3590 ea
2658 3534 2716 3589 in
2774 3533 3072 3604 aliquibus
3121 3531 3432 3589 molestare
3459 3537 3561 3587 aut
3591 3531 3682 3586 in-

2031 3623 2293 3695 quietare
2323 3623 2412 3678 vel
2444 3621 2686 3678 minime
2717 3622 2966 3689 audeat;
2998 3621 3086 3679 vel
3117 3621 3221 3676 tibi
3281 3621 3554 3694 praedicto
3585 3620 3678 3676 Fr.

2032 3711 2584 3785 Raynerio,tuisque
2611 3711 3052 3768 successoribus
3075 3712 3133 3766 in
3157 3709 3425 3782 regendis
3456 3714 3513 3766 et
3532 3709 3682 3766 obti-

2032 3801 2240 3858 nendis
2268 3802 2705 3873 praenominataa
2763 3799 3042 3868 ecclesiae,
3101 3799 3271 3856 bonis
3321 3797 3684 3865 violentiam,

2030 3891 2118 3946 vel
2150 3890 2386 3962 aliquod
2420 3889 2911 3961 impedimentum
2944 3905 3294 3960 quocunque
3315 3887 3490 3942 modo
3521 3886 3684 3958 inge-

2032 3981 2299 4051 rendum,
2334 3979 2545 4034 inferre
2577 3981 2912 4050 praesumat.
2949 3977 3008 4034 Si
3069 3978 3202 4050 quis
3253 3980 3446 4032 autem
3479 3979 3684 4031 contra

2031 4069 2183 4124 hanc
2214 4074 2478 4124 nostram
2512 4068 2814 4139 paginam,
2841 4071 2951 4122 etc.

2100 4158 2312 4214 Datum
2343 4158 2521 4213 Reate
2549 4174 2620 4211 xv
2654 4156 2892 4212 Kalend.
2953 4156 3252 4224 Februar.,
3311 4171 3414 4226 per
3462 4169 3676 4210 manus

2028 4247 2179 4303 Petri
2214 4247 2270 4302 S.
2307 4247 2370 4302 Β.
2400 4247 2462 4302 Ε.
2499 4248 2691 4319 presb.
2715 4247 2874 4302 card.
2895 4261 2960 4301 ac
3004 4244 3614 4313 bibliothecarii,anno
3647 4259 3684 4297 χ

2029 4336 2352 4408 pontiﬁcat.
2389 4336 2454 4390 D.
2491 4337 2800 4392 Alexandri
2834 4337 2882 4390 ΙΙ
2942 4351 3126 4408 papae,
3185 4332 3500 4390 Dominicte
3542 4348 3676 4388 vero

2029 4425 2314 4480 incarnat.
2351 4425 2509 4491 1072,
2536 4425 2736 4480 indict.
2771 4425 3023 4495 septima
3053 4423 3347 4492 [decima].

2688 4529 3020 4585 LXXXVIII.

1953 4612 2001 4677 D
2031 4617 2336 4675 Alexandri
2363 4633 2524 4689 papae
2551 4619 2599 4674 ΙΙ
2618 4619 2972 4689 privilegium
2995 4632 3097 4687 pro
3124 4617 3456 4689 monasterio
3492 4614 3680 4670 Sancti

2243 4688 2502 4761 Prosperi
2529 4688 3002 4760 Regiensis'mtmc
3030 4704 3152 4744 vero
3184 4688 3239 4743 S.
3274 4689 3467 4758 Petri).

2519 4780 2708 4850 (Anno
2743 4779 2900 4848 1072,
2926 4777 3056 4834 Maii
3092 4778 3203 4850 12.)

2143 4871 2516 4939 [MARGARINL
2556 4868 2771 4923 Bullar.
2808 4867 3023 4935 Casin.,
3054 4872 3196 4924 tom.
3233 4867 3301 4935 Il,
3335 4883 3390 4939 p.
3427 4866 3574 4936 104.]

2105 4963 2450 5013 ALEXANDER
2479 4956 2811 5030 episcopus,
2835 4975 3038 5014 servus
3059 4973 3358 5013 servorum
3391 4955 3511 5021 Dei,
3539 4955 3679 5011 dile-

2035 5048 2300 5104 ctissimo
2355 5052 2412 5103 et
2440 5047 2924 5104 reverendissimo
2958 5045 3077 5103 ﬁlio
3109 5043 3678 5116 Gissmsaro,abbati

2033 5136 2386 5194 venerabilis
2451 5136 2698 5193 ccsnobii
2758 5137 2953 5193 Sancti
3016 5135 3279 5209 Prosperi
3333 5135 3684 5192 confessoris

2036 5226 2274 5291 Christi,
2299 5226 2398 5281 ubi
2421 5226 2807 5282 sacratissimi
2834 5228 2964 5298 ejus
2985 5226 3209 5281 cineres
3231 5223 3536 5292 conditi,et
3549 5241 3686 5281 ossa

2036 5320 2432 5381 reservantur,
2460 5316 2662 5371 subter
2691 5314 2982 5371 civitatem
3017 5315 3265 5387 Regium
3297 5313 3687 5382 constituti,et

2037 5421 2140 5476 per
2163 5421 2295 5459 eum
2319 5405 2544 5460 cunctis
2567 5404 3008 5460 successoribus
3032 5404 3217 5475 ipsius
3240 5403 3383 5459 inibi
3407 5402 3686 5476 regulari-

2038 5497 2128 5550 ter
2158 5494 2570 5564 promovendis
2601 5495 2659 5549 in
2709 5499 3078 5566 perpetuum.

2107 5579 2614 5645 Quemadmddum
2639 5582 2780 5654 regi,
2803 5583 3124 5651 defendi,et
3143 5583 3456 5656 gubernari
3471 5584 3542 5638 ab
3557 5580 3678 5647 illo,

2036 5687 2070 5727 a
2098 5687 2215 5744 quo
2247 5687 2476 5742 sumus,
2510 5675 2802 5746 optamus,
2835 5673 2918 5731 ita
2945 5689 3049 5746 per
3107 5673 3445 5736 universum
3476 5672 3676 5729 orbem
