4036 6184
466 328 615 392 1371

1737 324 2189 389 ALEXANDRI
2234 324 2285 387 II
2331 326 2559 390 ΡΑΡᾸΞ

3659 340 3770 403 1372

470 466 887 532 Christianum,
912 464 1083 536 juxta
1115 466 1270 537 quod
1325 465 1495 522 nobis
1554 466 1937 522 commissum
1980 481 2109 521 esse
2138 463 2193 529 Α
2223 461 2505 535 capellam
2540 464 2759 519 Sanctae
2794 463 2985 520 Mariae
3018 465 3077 521 in
3108 464 3432 539 Pisignano,
3486 484 3599 526 cum
3619 472 3770 533 oliveto

468 561 716 619 constat,
750 573 781 609 a
814 554 1065 627 singulis
1124 555 1523 627 provisoribus
1572 556 1956 610 Ecclesiarum
1987 555 2111 621 Dei,

466 649 637 716 prout
662 644 989 715 cuicunque
1020 662 1219 699 eorum
1248 646 1495 717 expedit,
1526 663 1759 717 sperare
1790 663 1901 699 non
1952 646 2114 700 dubi-

464 733 942 805 tamus.ldeoque
967 735 1102 789 huic
1126 735 1459 805 operitanto
1481 734 1818 803 vigilantius
1842 734 2112 789 insistere

465 823 770 887 debemus,
804 829 1043 895 quanto,
1079 824 1449 895 permittente
1492 830 1621 893 Deo,
1672 824 2111 878 malefactorum

470 912 746 966 saevitiam
776 913 881 967 hoc
900 918 1158 983 tempore
1172 915 1452 967 adversus
1470 914 1663 967 ovium
1684 914 1907 967 Domini
1925 918 2114 983 pasto-

466 1017 559 1057 res
590 1000 749 1056 nullo
782 1002 1106 1069 resistente,
1132 1002 1450 1068 efferatam,
1486 1003 1863 1057 attendimus.

539 1090 1083 1161 QuaprOpterjusta
1106 1096 1161 1144 et
1191 1090 1408 1144 salubri
1443 1091 1820 1162 suggestione
1858 1095 1943 1154 tu,
1976 1090 2111 1144 cha-

470 1179 701 1233 rissime
732 1178 910 1233 frater
939 1179 1259 1234 Gislebertc
1287 1181 1455 1249 abba,
1490 1181 1561 1234 ad
1598 1180 1903 1234 utilitatem
1928 1185 2109 1246 tuam,

473 1284 997 1338 successorumque
1016 1274 1245 1322 tuorum
1270 1269 1629 1337 commoti,et
1649 1268 1991 1323 commoniti
2018 1285 2115 1339 per

471 1357 649 1425 hujus
681 1362 892 1410 nostrae
952 1357 1280 1427 apostolicae
1333 1357 1771 1412 constitutionis
1818 1358 2110 1429 paginam,

468 1446 887 1500 conﬁrmamus
918 1450 973 1499 et
1002 1446 1447 1501 corroboramus
1502 1446 1819 1501 venerabili
1852 1445 2113 1500 coenobio

468 1534 662 1590 Sancti
698 1535 964 1606 Prosperi
990 1534 1290 1606 Regiensis
1313 1536 1591 1606 epiSCOpi,
1627 1541 1691 1589 ut
1719 1535 1920 1590 electio
1952 1540 2007 1589 et
2029 1551 2115 1588 or-

468 1622 689 1678 dinatio
722 1624 949 1678 abbatis
981 1623 1168 1695 ipsius
1200 1626 1535 1679 monasterii
1572 1625 1716 1679 ﬁant
1746 1624 1984 1679 omnino
2025 1640 2113 1678 se-

469 1712 728 1766 cundum
762 1711 1023 1782 regulam
1052 1712 1239 1766 sancti
1257 1713 1571 1768 Benedicti.
1608 1715 1675 1767 Et
1692 1714 1829 1782 quia
1851 1730 1882 1767 a
1902 1717 2114 1767 sanctae

468 1801 889 1855 recordationis
922 1801 1181 1868 domino,
1200 1801 1466 1856 videlicet
1487 1802 1781 1872 Stephano
1800 1818 1959 1873 papae
1982 1818 2115 1855 san-
2147 1831 2194 1896 B

469 1889 750 1957 ctissimo,
784 1888 1175 1959 privilegium,
1208 1894 1263 1943 et
1323 1906 1355 1944 a
1413 1890 1768 1945 beatissimae
1822 1890 2115 1945 memoriae

471 1976 756 2044 Conrado,
790 1981 847 2031 et
876 1977 1120 2031 Henrico
1179 1979 1307 2048 ejus
1366 1977 1483 2033 ﬁlio
1542 1978 2014 2050 imperatoribus,
2050 1995 2115 2033 ac

473 2064 773 2120 nonnullis
808 2065 939 2120 aliis
966 2066 1223 2138 regibus,
1248 2071 1618 2139 prazcepta,et
1640 2085 1673 2121 a
1693 2067 2010 2122 venerabili
2032 2067 2117 2122 Si-

473 2154 715 2227 gefrido,
740 2158 797 2209 et
814 2154 1124 2210 Adelberto
1147 2156 1433 2226 prmdictze
1456 2161 1668 2211 sanctae
1689 2157 1993 2229 Regiensis
2012 2157 2109 2210 Ec-

473 2241 659 2298 clesia)
690 2243 979 2314 episcopis
1012 2244 1261 2309 decreta,
1297 2262 1412 2300 non
1452 2249 1645 2299 totum
1679 2247 1749 2300 de
1782 2247 1910 2316 ipsa
1940 2245 2117 2299 abba-

471 2337 597 2387 tum
631 2332 932 2400 electione,
964 2350 1165 2387 verum
1198 2339 1255 2388 et
1286 2335 1354 2388 de
1377 2334 1654 2389 omnibus
1677 2336 1851 2389 rebus
1872 2334 1979 2405 ipsi
2001 2350 2120 2388 mo-

473 2422 727 2476 nasterio
750 2423 910 2491 juste
942 2421 1269 2493 acquisitis,
1301 2422 1390 2477 vel
1423 2423 1794 2494 acquirendis
1826 2427 2117 2488 constant,

474 2512 797 2565 secundum
827 2514 1087 2564 tenorem
1147 2510 1402 2578 illorum,
1464 2516 1519 2565 et
1575 2513 1728 2581 quod
1787 2513 1980 2581 majus
2011 2516 2118 2581 est,

475 2599 798 2655 secundum
832 2599 1092 2655 veritatis
1124 2603 1180 2655 et
1202 2600 1448 2670 justitiae
1506 2601 1811 2655 rationem.
1874 2600 1978 2654 Per
2008 2601 2120 2654 hu-

467 2689 570 2759 jus
629 2692 839 2743 nostrre
897 2688 1262 2745 auctoritatis
1350 2689 1712 2761 privilegium
1774 2688 2121 2744 nominatim

477 2776 876 2844 concedimus,
912 2782 1085 2849 atque
1115 2778 1486 2833 decernimus
1516 2780 1629 2850 ipsi
1660 2777 1977 2835 venerabili
2012 2795 2124 2833 coe-

476 2866 650 2921 nobio
683 2867 879 2921 Sancti
913 2867 1199 2938 Prosperi,
1232 2868 1382 2937 quod
1415 2866 1475 2920 in
1524 2866 1708 2922 tutela
1763 2867 1917 2922 beati
1950 2867 2123 2937 Petri,

481 2957 537 3005 et
594 2956 814 3018 nostra,
875 2968 1401 3023 successorumque
1460 2958 1795 3009 nostrorum
1843 2960 2125 3026 perpetuo

480 3039 857 3109 suscipimus.
895 3040 1162 3095 Fundum
1222 3040 1411 3111 ipsius
1442 3043 1728 3098 eccclesiae
1760 3043 1957 3099 Sancti
1990 3047 2128 3098 Pro-

481 3127 635 3199 speri
668 3129 777 3182 sub
810 3129 951 3183 urbe
983 3128 1143 3200 Regii
1175 3130 1317 3201 sitae,
1352 3148 1484 3185 cum
1545 3133 1872 3188 cmmeterio
1914 3132 2120 3204 ipsius,

2223 553 2335 607 sibi
2365 554 2687 624 adjacente.
2723 556 2784 609 In
2816 555 3105 627 Vergnam
3135 558 3278 611 duos
3337 574 3571 623 mensos,
3598 568 3641 614 et
3678 572 3769 620 octo

2224 659 2484 710 mansos,
2509 660 2653 713 quos
2676 643 2836 698 dedit
2861 644 3088 699 Ardicio
3120 646 3275 699 ﬁlius
3301 647 3617 709 Attonis.lilii
3662 653 3768 707 Gan-

2224 730 2448 802 dulphi,
2472 736 2527 786 et
2544 732 2821 802 capellam
2849 733 3044 788 Sancti
3060 734 3320 788 Damiani
3340 736 3394 788 in
3418 736 3627 791 Medulm
3646 756 3769 809 quam

2224 821 2381 874 dedit
2405 820 2698 884 Ulbertus,
2726 822 2957 876 Vineam
2993 840 3125 877 cum
3160 829 3377 894 septem
3404 827 3683 881 mansibus.
3706 830 3772 885 Ca-

2224 908 2433 980 pellam
2459 910 2654 963 Sancti
2682 912 2831 964 Petri
2858 911 2914 965 in
2930 912 3432 977 Convanello,cum
3446 914 3772 973 omnibussuis

2224 997 2615 1068 pertinentiis.
2642 1000 2703 1052 In
2721 1000 3024 1069 Spretiano
3048 1017 3230 1054 unum
3252 1018 3529 1056 mansum.
3556 1004 3607 1057 In
3626 1007 3771 1061 Sancto

2225 1086 2490 1141 Floriano
2524 1104 2732 1153 unum,
2769 1106 2950 1143 unum
3009 1088 3068 1143 in
3127 1094 3322 1144 monte
3383 1090 3701 1159 Baranzonis,
3741 1101 3774 1148 et

2224 1176 2541 1245 quamdam
2568 1182 2790 1247 partem
2818 1178 2875 1230 in
2907 1178 3127 1249 capella
3186 1179 3379 1233 Sancti
3403 1180 3605 1234 Martini
3641 1198 3682 1236 :n
3704 1183 3774 1237 lle-

2223 1280 2354 1318 vere
2381 1281 2393 1331 ;
2420 1270 2475 1318 et
2498 1270 2751 1335 quatuor
2776 1270 2967 1336 partes
2992 1266 3046 1319 in
3071 1267 3345 1336 praedicta
3368 1269 3586 1335 Revera;
3610 1271 3720 1324 duas
3738 1273 3773 1325 in

2226 1351 2469 1406 ecclesia
2493 1355 2713 1407 Sanctae
2739 1354 2933 1408 Mariae
2958 1372 2978 1415 ;
3002 1372 3181 1410 unam
3200 1355 3257 1410 in
3281 1357 3485 1411 Sancto
3506 1358 3771 1423 Florentino,

2226 1457 2402 1494 unam
2426 1441 2483 1494 in
2499 1441 2555 1497 S.
2586 1442 2895 1497 Laurentio
2922 1461 2935 1510 ;
2961 1444 3107 1499 duos
3130 1461 3368 1500 mansos
3385 1445 3774 1516 in.Pulianello,et

2225 1529 2508 1600 quidquid
2532 1530 2683 1585 intra
2715 1531 2982 1587 Italicum
3007 1534 3229 1605 regium
3246 1536 3405 1604 juste
3427 1536 3774 1606 possidet,velsi

2227 1635 2340 1673 non
2367 1619 2625 1689 possidet
2629 1621 2651 1691 j
2662 1625 2791 1675 uste
2805 1621 3101 1692 possidere
3115 1623 3621 1695 debet.ltaquetum
3633 1641 3773 1694 eaque

2226 1708 2622 1780 praediximus,
2656 1726 2833 1780 quam
2868 1711 3170 1767 devotione
3202 1728 3652 1784 quorumcunque
3682 1714 3774 1768 ﬁde-

2225 1796 2371 1851 lium
2391 1799 2551 1868 juste
2575 1799 2863 1870 acquisita
2886 1800 3160 1872 deinceps
3184 1802 3477 1869 fuerint,in
3494 1808 3775 1873 perpetuum,

2225 1885 2351 1941 sine
2373 1885 2621 1957 alicujus
2636 1888 3037 1960 inquietudine
3052 1895 3115 1944 ut
3129 1890 3432 1961 prmfatum
3450 1890 3776 1946 monasterium

2225 1975 2335 2030 sub
2362 1975 2545 2031 tutela
2566 1976 2713 2031 beati
2734 1978 2887 2032 Petri
2914 1983 3153 2051 perpetu
3164 1979 3331 2035 aliter
3352 1980 3776 2051 suscipimus,pos-

2227 2064 2415 2119 sidere
2446 2065 2777 2135 apostolicae
2808 2067 3155 2123 auctoritate
3178 2068 3493 2123 sancimus.
3512 2067 3639 2122 Illud
3658 2068 3779 2121 etiam

2228 2152 2297 2206 ad
2332 2154 2714 2209 reverentiam
2743 2156 2893 2209 tanti
2924 2156 3281 2211 confessoris
3326 2156 3684 2227 praecipueque
3706 2155 3777 2210 Do-

2228 2240 2395 2308 mini,
2426 2242 2691 2311 praasenti
2723 2242 3085 2310 auctoritate,
3117 2245 3225 2299 tibi
3261 2244 3613 2299 dilectissime
3636 2243 3696 2297 ﬁli
3718 2242 3779 2296 Gi-

2230 2328 2477 2384 selberte
2508 2331 2677 2395 abba,
2710 2332 2947 2403 tuisque
2970 2334 3435 2399 successoribus,
3456 2337 3507 2387 et
3533 2333 3704 2403 quibus
3725 2336 3779 2399 tu,

2228 2416 2313 2472 vel
2349 2435 2521 2488 quem
2546 2419 2865 2490 supradicti
2885 2422 3223 2476 monasterii
3251 2422 3455 2476 fratres
3470 2421 3720 2490 jusserint,
3742 2416 3780 2471 in

2231 2508 2574 2563 sacerdotali
2602 2508 2791 2564 ofﬁcio
2826 2510 3048 2581 positis,
3074 2510 3394 2582 apostolico
3426 2508 3683 2582 privilegio
3697 2522 3783 2561 con-

2231 2597 2493 2653 cedimus
2525 2614 2592 2652 ex
2632 2597 2937 2665 charitate,
2972 2616 3096 2669 quas
3130 2599 3288 2655 Deus
3309 2603 3412 2665 est,
3441 2599 3495 2652 in
3512 2594 3781 2665 virtuteSpi-

2233 2687 2380 2741 ritus
2413 2685 2621 2749 sancti,
2656 2686 3002 2742 auctoritate
3031 2688 3187 2742 beati
3220 2688 3372 2742 Petri
3403 2686 3649 2742 caelorum
3665 2682 3783 2738 clavi-

2233 2774 2375 2847 geri,
2406 2774 2844 2844 conﬁrmamus,
2890 2780 2953 2829 ut
3010 2777 3245 2847 populis
3308 2793 3407 2848 per
3460 2775 3657 2843 saecula,
3682 2772 3784 2826 unde

2236 2879 2466 2935 quoque
2498 2864 2855 2918 sanctissimi
2877 2865 3231 2920 confessoris
3256 2864 3524 2935 suffragia
3551 2859 3787 2934 expetendo

2237 2952 2721 3007 concurrentibus
2747 2978 2761 3021 ;
2793 2953 2914 3008 sive
2945 2953 3132 3025 ipsius
3164 2958 3329 3023 terrae
3361 2953 3572 3022 incolis,
3600 2952 3656 3007 ad
3682 2964 3789 3004 eam-

2238 3042 2371 3096 dem
2404 3040 2719 3095 Ecclesiam
2752 3041 3231 3097 convenientibus
3262 3061 3274 3110 ;
3334 3042 3402 3098 ad
3458 3042 3693 3096 honorem
3724 3034 3789 3089 Dei

2240 3133 2296 3184 et
2325 3128 2649 3184 beatissimi
2683 3129 2980 3200 Prosperis
3047 3131 3403 3187 confessoris
3454 3132 3627 3185 devote
3669 3139 3790 3196 super

482 3222 538 3272 et
568 3233 773 3271 novem
798 3218 1009 3289 jugera
1037 3222 1225 3285 terrae,
1258 3236 1391 3273 cum
1415 3220 1635 3292 capella
1659 3222 1853 3276 Sancti
1875 3221 2120 3289 Nazarii,
2155 3194 2199 3263 (ἶ
2238 3218 2424 3291 ipsius
2456 3218 2637 3273 sacris
2668 3216 2930 3289 reliquiis
2950 3218 3331 3291 solemnes,et
3362 3218 3619 3292 plublicas
3644 3214 3790 3269 missas

483 3322 660 3377 quam
684 3306 1321 3377 apraaposito,ecclesia3
1342 3309 1606 3378 ejusdem
1624 3310 1819 3364 Sancti
1834 3309 2122 3381 Prosperi,

482 3395 636 3449 intra
666 3400 921 3449 castrum
946 3397 1210 3466 ejusdem
1239 3397 1488 3453 civitatis
1512 3399 1642 3468 sita,
1668 3416 1771 3469 per
1807 3404 2129 3453 commuta-

482 3483 697 3538 tionem
723 3484 885 3554 juste
909 3485 1140 3555 factam,
1168 3486 1370 3553 abbas,
1406 3488 1505 3557 qui
1525 3492 1661 3541 tunc
1686 3488 1964 3559 temporis
1985 3494 2125 3551 erat,

486 3572 742 3643 accepit;
770 3590 873 3628 nec
899 3590 1013 3628 non
1038 3578 1094 3627 et
1133 3591 1364 3630 omnem
1396 3574 1557 3630 illam
1591 3581 1800 3630 terram
1859 3577 1930 3631 de
1961 3576 2127 3630 corti-

485 3660 647 3728 cella,
670 3661 759 3717 vel
791 3661 849 3716 in
883 3664 1109 3717 circutu
1143 3663 1327 3735 ipsius
1356 3666 1717 3732 monasterii,
1750 3683 1876 3736 quae
1908 3666 1977 3719 ab
2011 3664 2129 3737 epi-

486 3750 699 3817 scopis,
723 3750 809 3805 vel
842 3752 1084 3807 canonis
1109 3752 1375 3823 ejusdem
1420 3753 1550 3819 loci,
1584 3753 1670 3808 vel
1704 3772 1735 3809 a
1767 3754 2128 3826 quibuscun-

486 3856 598 3910 que
624 3839 1039 3911 ﬁdelibus,jam
1063 3842 1216 3895 dicto
1242 3841 1597 3897 monasterio
1611 3843 1859 3898 dataest.
1887 3843 2132 3914 Insuper

486 3929 794 3984 duodecim
820 3946 1057 3984 mansos
1090 3930 1147 3984 in
1180 3930 1441 3996 Fossule,
1501 3936 1750 4003 quatuor
1797 3932 1854 3985 in
1888 3931 2128 3998 Palude,

486 4023 739 4089 quatuor
758 4018 815 4071 in
835 4018 1244 4090 Campagnola,
1270 4023 1387 4074 tres
1418 4020 1476 4073 in
1500 4021 1841 4092 Quingente,
1869 4036 2049 4074 unum
2071 4020 2131 4074 in

487 4110 825 4173 Curlenova,
861 4123 1045 4160 unum
1076 4106 1136 4160 in
1162 4106 1375 4178 Gurgc,
1413 4124 1594 4161 unum
1626 4108 1683 4162 in
1721 4109 2128 4179 Fossudunde;

489 4194 749 4263 quinque
770 4194 827 4246 in
854 4194 1181 4263 Bagnolo,et
1201 4195 1420 4265 capella
1440 4197 1662 4251 Sancta:
1686 4198 2130 4269 Mustiolre,cum

491 4283 617 4337 suis
648 4281 1034 4354 pertinentiis.
1071 4283 1261 4338 Unum
1296 4302 1569 4339 mansum
1621 4286 1677 4340 in
1738 4287 2007 4343 Crustulo
2036 4306 2128 4345 ve-

489 4371 618 4437 teri,
654 4387 836 4425 unum
871 4370 928 4425 in
960 4370 1083 4427 vico
1115 4372 1184 4427 de
1239 4372 1536 4445 Sbregato,
1597 4391 1781 4429 unum
1834 4375 1891 4429 in
1924 4377 2132 4449 Magno

491 4459 700 4527 casale,
725 4464 781 4514 et
811 4460 1031 4531 capella
1062 4461 1258 4517 Sancti
1293 4462 1574 4527 Silvestri,
1609 4481 1744 4519 cum
1776 4465 2134 4522 dominicatu

2235 3308 2546 3373 celebrare,
2569 3312 2625 3361 et
2645 3324 2792 3378 pane
2814 3308 2969 3362 verbi
2994 3308 3091 3363 Dei
3116 3326 3218 3363 eos
3242 3324 3487 3381 congrue
3506 3307 3712 3365 reﬁcere,
3736 3304 3790 3353 at-

2237 3414 2349 3468 que
2375 3396 2585 3467 saepius
2609 3395 3011 3467 przeuominati
3051 3398 3283 3451 Domini
3314 3403 3369 3453 et
3398 3395 3575 3464 magni
3604 3387 3783 3465 patroni,

2235 3485 2501 3541 videlicet
2522 3484 2846 3540 beatissimi
2868 3486 3133 3556 Prosperi
3159 3486 3407 3551 meritis,
3430 3490 3484 3541 et
3509 3487 3676 3538 nostra
3695 3492 3789 3545 pra:-

2238 3575 2387 3630 senti
2418 3573 2761 3628 auctoritate
2784 3574 3060 3640 roborati,
3081 3590 3288 3630 eorum
3317 3576 3537 3629 devotas
3560 3565 3789 3627 confessio-

2236 3680 2341 3719 nes
2354 3662 2739 3734 suscipientes
2750 3666 3073 3717 vestrarum
3088 3663 3695 3735 ipsarum,aliarumque
3706 3668 3789 3710 ora-

2237 3752 2487 3818 tionum,
2514 3768 2853 3807 sermonum
2880 3768 3133 3823 quoque,
3165 3746 3788 3825 vigiliarum,jejuniorum

2239 3841 2416 3897 etiam
2448 3845 2505 3895 et
2532 3840 3035 3913 eleemosynarum
3056 3841 3174 3897 illis
3196 3841 3674 3897 subministrantes
3692 3846 3788 3903 pra!-

2241 3930 2457 3985 sidium
2481 3950 2495 3998 ;
2521 3928 2867 3984 delictorum
2899 3946 3101 3985 eorum
3133 3930 3544 4003 expiandorum
3560 3917 3787 3982 contentis

2240 4019 2537 4076 solatium.
2570 4017 2951 4089 Praecipimus
2982 4035 3238 4090 quoque,
3273 4036 3343 4074 ne
3365 4019 3490 4090 quis
3519 4006 3788 4085 ejusdemci-

2238 4107 2435 4162 vitatis
2468 4106 2799 4178 episcopus,
2834 4109 2932 4161 sed
2966 4124 3071 4162 nec
3103 4107 3342 4178 quidem
3393 4104 3588 4176 aliquis
3614 4097 3784 4172 primas.

2243 4198 2327 4251 vel
2360 4194 2975 4266 metrOpolitanus,aut
3007 4196 3281 4266 quaelibet
3313 4212 3497 4267 parva,
3544 4195 3787 4260 magna‘l“8

2241 4284 2659 4353 ecclesiastica,
2707 4283 3071 4340 saecularisve
3128 4303 3375 4356 persona
3429 4281 3698 4354 quidquam
3721 4286 3785 4356 eaf

2243 4391 2395 4444 rum,
2430 4390 2555 4443 qua
2590 4389 2767 4443 supra
2799 4372 3472 4444 taxavimus,pervertere
3499 4368 3689 4429 audeat,
3719 4354 3784 4411 sed

2242 4479 2348 4519 nec
2378 4461 2633 4533 aliquam
2666 4465 3012 4532 potestatem
3047 4477 3329 4528 exercere,
3363 4463 3569 4515 'contra
3589 4448 3785 4533 eumdem

492 4549 562 4604 de
584 4550 784 4605 eadem
808 4549 943 4605 villa
960 4550 1170 4621 Magno
1193 4551 1402 4607 casale.
1426 4552 1566 4607 Tres
1590 4570 1827 4608 mansos
1851 4554 1907 4609 in
1934 4556 2132 4628 Regio,
2166 4561 2214 4626 Ι)
2243 4556 2503 4608 vestrum
2534 4550 2884 4616 cmnobium,
2920 4566 3108 4621 neque
3141 4552 3344 4621 quavis
3383 4546 3663 4608 occasione,
3686 4534 3785 4590 inibl

491 4642 547 4693 et
578 4638 998 4694 dominicatum
1033 4640 1214 4712 Regii.
1254 4641 1521 4696 Braidam
1581 4641 1777 4714 Regis,
1810 4646 1867 4697 et
1896 4661 2128 4700 omnem

489 4731 706 4781 terram
767 4728 1025 4797 praedicti
1085 4730 1423 4784 monasterii
1473 4731 1625 4785 circa
1682 4732 1947 4787 eamdem
1997 4724 2136 4787 eivi-

494 4819 673 4870 tatem
706 4816 901 4870 sitam.
934 4817 1073 4871 Tres
1105 4834 1344 4874 mansos
1373 4819 1431 4873 in
1463 4818 1720 4883 Rodano.
1753 4824 1870 4876 tres
1903 4821 1959 4875 in
1992 4826 2138 4877 Mar-

494 4904 724 4967 mirolo,
760 4922 944 4959 unum
977 4904 1036 4959 in
1070 4907 1282 4974 Miano,
1316 4925 1499 4961 unum
1534 4908 1592 4961 in
1645 4909 1925 4973 Bubiano,
1953 4928 2137 4967 unum

493 4994 553 5048 in
587 4994 783 5063 Piano,
817 5011 997 5049 unum
1062 4995 1119 5048 in
1182 4994 1503 5050 Mulazano.
1564 4996 1755 5052 Unum
1816 4998 1875 5053 in
1906 4999 2136 5057 Planzo.

492 5083 687 5138 Unum
716 5082 776 5137 in
803 5088 992 5139 castro
1018 5083 1290 5153 Oleriani,
1310 5088 1365 5140 et
1386 5088 1606 5141 curtem
1630 5087 1699 5141 de
1726 5087 2138 5156 Nasseco,cum

496 5171 675 5227 Lama
707 5172 1025 5228 Fraularia.
1060 5176 1116 5226 et
1148 5190 1374 5244 campo,
1432 5178 1488 5228 et
1543 5174 1729 5229 rivum
1762 5177 1831 5231 de
1872 5177 2135 5247 Vasseto,

497 5274 623 5329 quze
657 5277 689 5314 a
712 5260 915 5316 Carolo
947 5278 1079 5333 rege
1111 5262 1376 5333 piissimo
1408 5279 1509 5334 per
1558 5270 1933 5336 praeceptum,
1970 5268 2141 5338 juxta

498 5348 643 5401 ﬁnes
666 5348 741 5401 ibi
768 5350 1122 5421 designatos,
1158 5351 1424 5423 Regiensi
1452 5351 1719 5407 Ecclesiae
1736 5354 1867 5409 data
1886 5371 2014 5410 esse
2047 5356 2138 5409 di-

499 5436 829 5506 gnoscitur;
856 5444 912 5491 et
934 5444 1352 5511 terram,quam
1372 5441 1839 5497 deditRolandus
1853 5443 2009 5499 ﬁlius
2022 5443 2140 5498 Eri-

499 5521 666 5578 berti.
704 5524 761 5575 In
797 5524 1075 5581 Mutilena
1106 5536 1359 5598 quatuor
1389 5547 1624 5585 mansos
1654 5547 1786 5586 cum
1818 5532 2058 5604 capella,
2081 5537 2138 5587 et

502 5612 756 5687 quadam
781 5619 940 5685 parte
958 5617 1153 5671 castri.
1187 5619 1250 5672 In
1276 5618 1517 5676 Albinea
1547 5625 1799 5691 quatuor
1820 5625 2141 5692 mansos,et

2244 4641 2458 4696 missas
2478 4630 2898 4709 celebrare,aut
2918 4640 3343 4694 ordinationem
3365 4636 3621 4707 aliquam;
3642 4636 3785 4698 quam'

2242 4730 2330 4785 vis
2360 4728 2788 4799 parvissimam,
2826 4727 2952 4782 sine
2980 4727 3279 4783 voluntate
3301 4726 3512 4782 abbatis
3535 4726 3583 4776 et
3608 4718 3785 4772 fratrum

2248 4835 2437 4890 agere,
2473 4823 2574 4871 aut
2603 4816 3262 4872 excommunicationem
3321 4829 3507 4870 contra
3555 4823 3635 4863 eos
3670 4804 3785 4857 rem.

2248 4908 2333 4963 vel
2367 4905 2602 4977 aliquod
2635 4906 2914 4972 ofﬁcium,
2951 4910 3049 4960 aut
3107 4906 3458 4977 sepulturam
3505 4898 3785 4977 mortuorum

2248 4996 2495 5052 condere
2524 4995 2755 5061 audeat,
2789 4994 2887 5065 qui
2918 5011 3033 5049 non
3061 4993 3185 5048 vult
3220 4990 3545 5048 aeternaliter
3590 4983 3785 5036 damna“

2248 5089 2303 5140 et
2327 5088 2604 5156 perpetuo
2636 5082 3005 5138 anathemate
3038 5083 3216 5137 feriri.
3250 5080 3405 5145 Quod
3437 5077 3481 5133 si
3534 5072 3690 5141 aliquo
3704 5076 3785 5156 .un'

2249 5150 2719 5246 quam—tempore
2748 5171 3083 5243 apparuerit
3111 5171 3320 5241 aliquis
3373 5167 3465 5240 qui
3517 5162 3683 5218 contra
3704 5150 3784 5246 ᾖξε

2247 5263 2331 5317 ire
2352 5262 2511 5332 velit,
2538 5262 2883 5316 auctoritate
2907 5260 3056 5315 beati
3088 5259 3260 5327 Petri,
3289 5262 3349 5313 ut
3378 5248 3710 5329 praediximus.
3732 5251 3781 5289 ιτ·

2248 5352 2425 5407 ritum
2448 5351 2724 5419 habeaur,
2755 5350 2906 5421 quod
2931 5346 3363 5421 praesumpserit
3378 5334 3782 5414 appetereul‘i‘lue

2248 5458 2280 5495 a
2309 5445 2389 5505 te,
2420 5438 2504 5493 vel
2539 5456 2571 5493 a
2600 5438 2718 5493 tuis
2751 5437 3188 5494 successoribus
3218 5434 3514 5492 obediatur.
3548 5430 3691 5479 Porro
3714 5426 3776 5467 δυ·

2248 5546 2349 5602 per
2369 5528 2649 5583 electione
2667 5544 2767 5583 seu
2803 5526 3167 5582 ordinatione
3199 5524 3435 5588 abbatis,
3466 5519 3518 5571 in
3546 5507 3669 5602 quod
3695 5514 3776 5602 In?

2245 5597 2399 5675 irime
2426 5617 2585 5675 salus
2611 5616 3032 5674 coenobitarum
3064 5613 3354 5687 competit,
3385 5610 3484 5665 hoc
3529 5604 3580 5659 in
3605 5597 3693 5652 ﬁne
3716 5600 3775 5641 r6-
