  <div class='ocr_page' id='page_1' title='image "/cluster/home/n/w/nwhite01/storage/ocr_20150623/146/hvd.32044054760053/692.png"; bbox 0 0 4036 6184; ppageno 0'>
   <div class='ocr_carea' id='block_1_1' title="bbox 241 409 402 474">
    <p class='ocr_par' dir='ltr' id='par_1_1' title="bbox 241 409 402 474">
     <span class='ocr_line' id='line_1_1' title="bbox 241 409 402 474; baseline 0.012 -4"><span class='ocrx_word' id='word_1_1' title='bbox 241 409 402 474; x_wconf 79' lang='grc'>1373</span> 
     </span>
    </p>
   </div>
   <div class='ocr_carea' id='block_1_2' title="bbox 1412 412 2487 477">
    <p class='ocr_par' dir='ltr' id='par_1_2' title="bbox 1412 412 2487 477">
     <span class='ocr_line' id='line_1_2' title="bbox 1412 412 2487 477; baseline 0.001 -3"><span class='ocrx_word' id='word_1_2' title='bbox 1412 412 1819 475; x_wconf 66' lang='grc' dir='ltr'>ΕΡΙΞΤΟΕΕ</span> <span class='ocrx_word' id='word_1_3' title='bbox 1860 413 1963 477; x_wconf 84' lang='lat' dir='ltr'>ET</span> <span class='ocrx_word' id='word_1_4' title='bbox 2005 414 2487 477; x_wconf 86' lang='lat' dir='ltr'>DIPLOMATA.</span> 
     </span>
    </p>
   </div>
   <div class='ocr_carea' id='block_1_3' title="bbox 3499 414 3653 475">
    <p class='ocr_par' dir='ltr' id='par_1_3' title="bbox 3499 414 3653 475">
     <span class='ocr_line' id='line_1_3' title="bbox 3499 414 3653 475; baseline 0.006 -2"><span class='ocrx_word' id='word_1_5' title='bbox 3499 414 3653 475; x_wconf 74' lang='grc'>1374</span> 
     </span>
    </p>
   </div>
   <div class='ocr_carea' id='block_1_4' title="bbox 242 543 3653 619">
    <p class='ocr_par' dir='ltr' id='par_1_4' title="bbox 242 543 3653 619">
     <span class='ocr_line' id='line_1_4' title="bbox 242 543 3653 619; baseline 0 -20"><span class='ocrx_word' id='word_1_6' title='bbox 242 543 525 616; x_wconf 81' lang='lat' dir='ltr'>petimus,</span> <span class='ocrx_word' id='word_1_7' title='bbox 560 544 626 598; x_wconf 90' lang='lat' dir='ltr'>ut</span> <span class='ocrx_word' id='word_1_8' title='bbox 652 544 816 599; x_wconf 89' lang='lat' dir='ltr'>tanto</span> <span class='ocrx_word' id='word_1_9' title='bbox 848 543 1111 600; x_wconf 84' lang='lat' dir='ltr'>tenacius</span> <span class='ocrx_word' id='word_1_10' title='bbox 1156 543 1370 600; x_wconf 82' lang='lat' dir='ltr'>haereat</span> <span class='ocrx_word' id='word_1_11' title='bbox 1414 546 1787 617; x_wconf 74' lang='lat' dir='ltr'>praesentium</span> <span class='ocrx_word' id='word_1_12' title='bbox 1840 549 1897 602; x_wconf 94' lang='lat' dir='ltr'>et</span> <span class='ocrx_word' id='word_1_13' title='bbox 1924 553 1976 615; x_wconf 84' lang='grc' dir='ltr'>Α</span> <span class='ocrx_word' id='word_1_14' title='bbox 2007 547 2193 619; x_wconf 85' lang='lat' dir='ltr'>ipsius</span> <span class='ocrx_word' id='word_1_15' title='bbox 2211 546 2291 602; x_wconf 91' lang='lat' dir='ltr'>rei</span> <span class='ocrx_word' id='word_1_16' title='bbox 2315 551 2435 602; x_wconf 87' lang='lat' dir='ltr'>tam</span> <span class='ocrx_word' id='word_1_17' title='bbox 2457 547 2752 603; x_wconf 79' lang='lat' dir='ltr'>fructuosa</span> <span class='ocrx_word' id='word_1_18' title='bbox 2773 545 3145 619; x_wconf 89' lang='lat' dir='ltr'>gratia.Nam</span> <span class='ocrx_word' id='word_1_19' title='bbox 3167 561 3302 600; x_wconf 90' lang='lat' dir='ltr'>cum</span> <span class='ocrx_word' id='word_1_20' title='bbox 3321 545 3653 601; x_wconf 87' lang='lat' dir='ltr'>oratoriain</span> 
     </span>
    </p>
   </div>
   <div class='ocr_carea' id='block_1_5' title="bbox 243 633 1896 707">
    <p class='ocr_par' dir='ltr' id='par_1_5' title="bbox 243 633 1896 707">
     <span class='ocr_line' id='line_1_5' title="bbox 243 633 1896 707; baseline 0.001 -20"><span class='ocrx_word' id='word_1_21' title='bbox 243 633 580 688; x_wconf 87' lang='lat' dir='ltr'>futurorum</span> <span class='ocrx_word' id='word_1_22' title='bbox 604 633 1150 704; x_wconf 88' lang='lat' dir='ltr'>mentibus,quanto</span> <span class='ocrx_word' id='word_1_23' title='bbox 1169 651 1270 705; x_wconf 91' lang='lat' dir='ltr'>pro</span> <span class='ocrx_word' id='word_1_24' title='bbox 1295 635 1383 688; x_wconf 90' lang='lat' dir='ltr'>sui</span> <span class='ocrx_word' id='word_1_25' title='bbox 1411 634 1760 707; x_wconf 82' lang='lat' dir='ltr'>speciali,vel</span> <span class='ocrx_word' id='word_1_26' title='bbox 1780 635 1896 689; x_wconf 86' lang='lat' dir='ltr'>sin-</span> 
     </span>
    </p>
   </div>
   <div class='ocr_carea' id='block_1_6' title="bbox 241 720 1896 795">
    <p class='ocr_par' dir='ltr' id='par_1_6' title="bbox 241 720 1896 795">
     <span class='ocr_line' id='line_1_6' title="bbox 241 720 1896 795; baseline 0.002 -19"><span class='ocrx_word' id='word_1_27' title='bbox 241 721 436 794; x_wconf 89' lang='lat' dir='ltr'>gulari</span> <span class='ocrx_word' id='word_1_28' title='bbox 456 720 709 776; x_wconf 81' lang='lat' dir='ltr'>utilitate</span> <span class='ocrx_word' id='word_1_29' title='bbox 733 721 1060 776; x_wconf 80' lang='lat' dir='ltr'>inculcetur</span> <span class='ocrx_word' id='word_1_30' title='bbox 1077 723 1356 777; x_wconf 83' lang='lat' dir='ltr'>crebrius.</span> <span class='ocrx_word' id='word_1_31' title='bbox 1375 724 1433 778; x_wconf 90' lang='lat' dir='ltr'>Si</span> <span class='ocrx_word' id='word_1_32' title='bbox 1454 723 1586 794; x_wconf 87' lang='lat' dir='ltr'>quis</span> <span class='ocrx_word' id='word_1_33' title='bbox 1605 740 1738 794; x_wconf 88' lang='lat' dir='ltr'>ergo</span> <span class='ocrx_word' id='word_1_34' title='bbox 1759 741 1896 795; x_wconf 90' lang='lat' dir='ltr'>quo-</span> 
     </span>
    </p>
   </div>
   <div class='ocr_carea' id='block_1_7' title="bbox 243 809 1897 882">
    <p class='ocr_par' dir='ltr' id='par_1_7' title="bbox 243 809 1897 882">
     <span class='ocr_line' id='line_1_7' title="bbox 243 809 1897 882; baseline 0 -15"><span class='ocrx_word' id='word_1_35' title='bbox 243 827 482 882; x_wconf 85' lang='lat' dir='ltr'>cunque</span> <span class='ocrx_word' id='word_1_36' title='bbox 503 810 738 881; x_wconf 85' lang='lat' dir='ltr'>ingenio</span> <span class='ocrx_word' id='word_1_37' title='bbox 764 827 865 882; x_wconf 88' lang='lat' dir='ltr'>per</span> <span class='ocrx_word' id='word_1_38' title='bbox 889 809 1146 882; x_wconf 88' lang='lat' dir='ltr'>aliquam</span> <span class='ocrx_word' id='word_1_39' title='bbox 1169 811 1559 881; x_wconf 87' lang='lat' dir='ltr'>venalitatem,</span> <span class='ocrx_word' id='word_1_40' title='bbox 1579 811 1666 866; x_wconf 89' lang='lat' dir='ltr'>vel</span> <span class='ocrx_word' id='word_1_41' title='bbox 1694 812 1897 867; x_wconf 88' lang='lat' dir='ltr'>huma-</span> 
     </span>
    </p>
   </div>
   <div class='ocr_carea' id='block_1_8' title="bbox 243 899 1897 972">
    <p class='ocr_par' dir='ltr' id='par_1_8' title="bbox 243 899 1897 972">
     <span class='ocr_line' id='line_1_8' title="bbox 243 899 1897 972; baseline 0 -17"><span class='ocrx_word' id='word_1_42' title='bbox 243 917 385 955; x_wconf 88' lang='lat' dir='ltr'>nam</span> <span class='ocrx_word' id='word_1_43' title='bbox 407 899 681 972; x_wconf 82' lang='lat' dir='ltr'>gratiam,</span> <span class='ocrx_word' id='word_1_44' title='bbox 709 900 980 954; x_wconf 88' lang='lat' dir='ltr'>defuncto</span> <span class='ocrx_word' id='word_1_45' title='bbox 1004 901 1231 967; x_wconf 89' lang='lat' dir='ltr'>abbate,</span> <span class='ocrx_word' id='word_1_46' title='bbox 1257 917 1653 956; x_wconf 83' lang='lat' dir='ltr'>successorem</span> <span class='ocrx_word' id='word_1_47' title='bbox 1687 901 1738 955; x_wconf 89' lang='lat' dir='ltr'>ei</span> <span class='ocrx_word' id='word_1_48' title='bbox 1763 902 1897 955; x_wconf 91' lang='lat' dir='ltr'>sub-</span> 
     </span>
    </p>
   </div>
   <div class='ocr_carea' id='block_1_9' title="bbox 241 989 1895 1061">
    <p class='ocr_par' dir='ltr' id='par_1_9' title="bbox 241 989 1895 1061">
     <span class='ocr_line' id='line_1_9' title="bbox 241 989 1895 1061; baseline 0 -17"><span class='ocrx_word' id='word_1_49' title='bbox 241 1005 449 1061; x_wconf 84' lang='lat' dir='ltr'>rogare</span> <span class='ocrx_word' id='word_1_50' title='bbox 502 990 963 1060; x_wconf 62' lang='lat' dir='ltr'>presumpserit,</span> <span class='ocrx_word' id='word_1_51' title='bbox 1007 993 1108 1044; x_wconf 87' lang='lat' dir='ltr'>aut</span> <span class='ocrx_word' id='word_1_52' title='bbox 1155 989 1320 1044; x_wconf 88' lang='lat' dir='ltr'>aliter</span> <span class='ocrx_word' id='word_1_53' title='bbox 1374 1006 1550 1060; x_wconf 89' lang='lat' dir='ltr'>quam</span> <span class='ocrx_word' id='word_1_54' title='bbox 1601 1007 1634 1044; x_wconf 92' lang='lat' dir='ltr'>a</span> <span class='ocrx_word' id='word_1_55' title='bbox 1682 989 1895 1044; x_wconf 87' lang='lat' dir='ltr'>beatis-</span> 
     </span>
    </p>
   </div>
   <div class='ocr_carea' id='block_1_10' title="bbox 242 1078 1896 1146">
    <p class='ocr_par' dir='ltr' id='par_1_10' title="bbox 242 1078 1896 1146">
     <span class='ocr_line' id='line_1_10' title="bbox 242 1078 1896 1146; baseline -0.001 -12"><span class='ocrx_word' id='word_1_56' title='bbox 242 1078 400 1134; x_wconf 89' lang='lat' dir='ltr'>simo</span> <span class='ocrx_word' id='word_1_57' title='bbox 417 1078 583 1133; x_wconf 85' lang='lat' dir='ltr'>Patre</span> <span class='ocrx_word' id='word_1_58' title='bbox 605 1083 803 1132; x_wconf 92' lang='lat' dir='ltr'>nostro</span> <span class='ocrx_word' id='word_1_59' title='bbox 827 1078 1136 1134; x_wconf 90' lang='lat' dir='ltr'>Benedicto</span> <span class='ocrx_word' id='word_1_60' title='bbox 1165 1079 1551 1134; x_wconf 88' lang='lat' dir='ltr'>constitutum</span> <span class='ocrx_word' id='word_1_61' title='bbox 1574 1083 1681 1146; x_wconf 90' lang='lat' dir='ltr'>est,</span> <span class='ocrx_word' id='word_1_62' title='bbox 1705 1078 1764 1132; x_wconf 91' lang='lat' dir='ltr'>in</span> <span class='ocrx_word' id='word_1_63' title='bbox 1788 1078 1896 1133; x_wconf 93' lang='lat' dir='ltr'>ele-</span> 
     </span>
    </p>
   </div>
   <div class='ocr_carea' id='block_1_11' title="bbox 241 1165 1897 1238">
    <p class='ocr_par' dir='ltr' id='par_1_11' title="bbox 241 1165 1897 1238">
     <span class='ocr_line' id='line_1_11' title="bbox 241 1165 1897 1238; baseline 0 -16"><span class='ocrx_word' id='word_1_64' title='bbox 241 1166 434 1223; x_wconf 88' lang='lat' dir='ltr'>ctione</span> <span class='ocrx_word' id='word_1_65' title='bbox 480 1165 568 1222; x_wconf 90' lang='lat' dir='ltr'>vel</span> <span class='ocrx_word' id='word_1_66' title='bbox 618 1167 985 1222; x_wconf 85' lang='lat' dir='ltr'>ordinatione</span> <span class='ocrx_word' id='word_1_67' title='bbox 1018 1169 1250 1223; x_wconf 87' lang='lat' dir='ltr'>abbatis</span> <span class='ocrx_word' id='word_1_68' title='bbox 1281 1168 1499 1238; x_wconf 82' lang='lat' dir='ltr'>egerit;</span> <span class='ocrx_word' id='word_1_69' title='bbox 1547 1167 1748 1222; x_wconf 88' lang='lat' dir='ltr'>electio</span> <span class='ocrx_word' id='word_1_70' title='bbox 1795 1167 1897 1223; x_wconf 89' lang='lat' dir='ltr'>illa</span> 
     </span>
    </p>
   </div>
   <div class='ocr_carea' id='block_1_12' title="bbox 237 1255 1894 1327">
    <p class='ocr_par' dir='ltr' id='par_1_12' title="bbox 237 1255 1894 1327">
     <span class='ocr_line' id='line_1_12' title="bbox 237 1255 1894 1327; baseline 0.001 -16"><span class='ocrx_word' id='word_1_71' title='bbox 237 1255 332 1311; x_wconf 86' lang='lat' dir='ltr'>vel</span> <span class='ocrx_word' id='word_1_72' title='bbox 355 1255 1025 1322; x_wconf 88' lang='lat' dir='ltr'>ordinatio,auctoritate</span> <span class='ocrx_word' id='word_1_73' title='bbox 1048 1262 1262 1311; x_wconf 66' lang='lat' dir='ltr'>sanctae</span> <span class='ocrx_word' id='word_1_74' title='bbox 1291 1261 1560 1312; x_wconf 71' lang='lat' dir='ltr'>Romana:</span> <span class='ocrx_word' id='word_1_75' title='bbox 1583 1262 1640 1312; x_wconf 90' lang='lat' dir='ltr'>ct</span> <span class='ocrx_word' id='word_1_76' title='bbox 1662 1261 1894 1327; x_wconf 89' lang='lat' dir='ltr'>aposto-</span> 
     </span>
    </p>
   </div>
   <div class='ocr_carea' id='block_1_13' title="bbox 238 1343 1897 1413">
    <p class='ocr_par' dir='ltr' id='par_1_13' title="bbox 238 1343 1897 1413">
     <span class='ocr_line' id='line_1_13' title="bbox 238 1343 1897 1413; baseline 0.001 -15"><span class='ocrx_word' id='word_1_77' title='bbox 238 1343 370 1399; x_wconf 64' lang='lat' dir='ltr'>licae</span> <span class='ocrx_word' id='word_1_78' title='bbox 401 1345 579 1410; x_wconf 86' lang='lat' dir='ltr'>sedis,</span> <span class='ocrx_word' id='word_1_79' title='bbox 613 1345 949 1400; x_wconf 89' lang='lat' dir='ltr'>omnimode</span> <span class='ocrx_word' id='word_1_80' title='bbox 997 1346 1277 1400; x_wconf 88' lang='lat' dir='ltr'>habeatur</span> <span class='ocrx_word' id='word_1_81' title='bbox 1305 1345 1507 1413; x_wconf 74' lang='lat' dir='ltr'>irrita;</span> <span class='ocrx_word' id='word_1_82' title='bbox 1542 1351 1598 1400; x_wconf 89' lang='lat' dir='ltr'>et</span> <span class='ocrx_word' id='word_1_83' title='bbox 1632 1350 1897 1400; x_wconf 89' lang='lat' dir='ltr'>auctores</span> 
     </span>
    </p>
   </div>
   <div class='ocr_carea' id='block_1_14' title="bbox 239 1432 1896 1506">
    <p class='ocr_par' dir='ltr' id='par_1_14' title="bbox 239 1432 1896 1506">
     <span class='ocr_line' id='line_1_14' title="bbox 239 1432 1896 1506; baseline 0 -18"><span class='ocrx_word' id='word_1_84' title='bbox 239 1434 396 1504; x_wconf 87' lang='lat' dir='ltr'>ejus,</span> <span class='ocrx_word' id='word_1_85' title='bbox 445 1432 535 1488; x_wconf 86' lang='lat' dir='ltr'>vel</span> <span class='ocrx_word' id='word_1_86' title='bbox 585 1433 954 1503; x_wconf 89' lang='lat' dir='ltr'>mediatores,</span> <span class='ocrx_word' id='word_1_87' title='bbox 1007 1435 1123 1489; x_wconf 87' lang='lat' dir='ltr'>nisi</span> <span class='ocrx_word' id='word_1_88' title='bbox 1195 1435 1568 1506; x_wconf 88' lang='lat' dir='ltr'>resipuerint,</span> <span class='ocrx_word' id='word_1_89' title='bbox 1619 1439 1896 1506; x_wconf 91' lang='lat' dir='ltr'>perpetuo</span> 
     </span>
    </p>
   </div>
   <div class='ocr_carea' id='block_1_15' title="bbox 240 1521 1898 1594">
    <p class='ocr_par' dir='ltr' id='par_1_15' title="bbox 240 1521 1898 1594">
     <span class='ocr_line' id='line_1_15' title="bbox 240 1521 1898 1594; baseline 0 -18"><span class='ocrx_word' id='word_1_90' title='bbox 240 1521 509 1576; x_wconf 84' lang='lat' dir='ltr'>damnati</span> <span class='ocrx_word' id='word_1_91' title='bbox 537 1522 656 1576; x_wconf 89' lang='lat' dir='ltr'>sint</span> <span class='ocrx_word' id='word_1_92' title='bbox 675 1523 1047 1578; x_wconf 87' lang='lat' dir='ltr'>anathemate</span> <span class='ocrx_word' id='word_1_93' title='bbox 1071 1527 1395 1578; x_wconf 84' lang='lat' dir='ltr'>maranata.</span> <span class='ocrx_word' id='word_1_94' title='bbox 1423 1523 1567 1578; x_wconf 89' lang='lat' dir='ltr'>Hinc</span> <span class='ocrx_word' id='word_1_95' title='bbox 1586 1523 1763 1594; x_wconf 83' lang='lat' dir='ltr'>hujus</span> <span class='ocrx_word' id='word_1_96' title='bbox 1786 1523 1898 1594; x_wconf 87' lang='lat' dir='ltr'>pri-</span> 
     </span>
    </p>
   </div>
   <div class='ocr_carea' id='block_1_16' title="bbox 217 1609 1895 1684">
    <p class='ocr_par' dir='ltr' id='par_1_16' title="bbox 217 1609 1895 1684">
     <span class='ocr_line' id='line_1_16' title="bbox 217 1609 1895 1684; baseline -0.001 -18"><span class='ocrx_word' id='word_1_97' title='bbox 217 1609 439 1683; x_wconf 84' lang='lat' dir='ltr'>.vilegii</span> <span class='ocrx_word' id='word_1_98' title='bbox 460 1615 879 1683; x_wconf 88' lang='lat' dir='ltr'>transgressor,</span> <span class='ocrx_word' id='word_1_99' title='bbox 906 1611 1242 1684; x_wconf 87' lang='lat' dir='ltr'>quicunque</span> <span class='ocrx_word' id='word_1_100' title='bbox 1272 1616 1486 1668; x_wconf 89' lang='lat' dir='ltr'>temere</span> <span class='ocrx_word' id='word_1_101' title='bbox 1509 1616 1730 1667; x_wconf 86' lang='lat' dir='ltr'>tentare</span> <span class='ocrx_word' id='word_1_102' title='bbox 1753 1629 1895 1683; x_wconf 70' lang='lat' dir='ltr'>prai-</span> 
     </span>
    </p>
   </div>
   <div class='ocr_carea' id='block_1_17' title="bbox 238 1699 1897 1771">
    <p class='ocr_par' dir='ltr' id='par_1_17' title="bbox 238 1699 1897 1771">
     <span class='ocr_line' id='line_1_17' title="bbox 238 1699 1897 1771; baseline -0.001 -15"><span class='ocrx_word' id='word_1_103' title='bbox 238 1699 585 1771; x_wconf 88' lang='lat' dir='ltr'>sumpserit,</span> <span class='ocrx_word' id='word_1_104' title='bbox 619 1699 883 1755; x_wconf 90' lang='lat' dir='ltr'>districto</span> <span class='ocrx_word' id='word_1_105' title='bbox 913 1701 1284 1756; x_wconf 81' lang='lat' dir='ltr'>anathemate</span> <span class='ocrx_word' id='word_1_106' title='bbox 1333 1716 1396 1755; x_wconf 91' lang='lat' dir='ltr'>se</span> <span class='ocrx_word' id='word_1_107' title='bbox 1444 1700 1897 1755; x_wconf 89' lang='lat' dir='ltr'>condemnatum</span> 
     </span>
    </p>
   </div>
   <div class='ocr_carea' id='block_1_18' title="bbox 240 1787 1894 1861">
    <p class='ocr_par' dir='ltr' id='par_1_18' title="bbox 240 1787 1894 1861">
     <span class='ocr_line' id='line_1_18' title="bbox 240 1787 1894 1861; baseline -0.001 -17"><span class='ocrx_word' id='word_1_108' title='bbox 240 1788 510 1856; x_wconf 87' lang='lat' dir='ltr'>noverit;</span> <span class='ocrx_word' id='word_1_109' title='bbox 544 1788 658 1843; x_wconf 89' lang='lat' dir='ltr'>nisi</span> <span class='ocrx_word' id='word_1_110' title='bbox 700 1789 848 1845; x_wconf 89' lang='lat' dir='ltr'>forte</span> <span class='ocrx_word' id='word_1_111' title='bbox 896 1789 1268 1861; x_wconf 87' lang='lat' dir='ltr'>resipiscens,</span> <span class='ocrx_word' id='word_1_112' title='bbox 1303 1789 1476 1860; x_wconf 81' lang='lat' dir='ltr'>digne</span> <span class='ocrx_word' id='word_1_113' title='bbox 1530 1787 1894 1844; x_wconf 85' lang='lat' dir='ltr'>satisfecerit.</span> 
     </span>
    </p>
   </div>
   <div class='ocr_carea' id='block_1_19' title="bbox 241 1876 1978 1984">
    <p class='ocr_par' dir='ltr' id='par_1_19' title="bbox 241 1876 1978 1984">
     <span class='ocr_line' id='line_1_19' title="bbox 241 1876 1978 1984; baseline -0.001 -51"><span class='ocrx_word' id='word_1_114' title='bbox 241 1877 356 1945; x_wconf 88' lang='lat' dir='ltr'>Qui</span> <span class='ocrx_word' id='word_1_115' title='bbox 392 1894 524 1934; x_wconf 90' lang='lat' dir='ltr'>vero</span> <span class='ocrx_word' id='word_1_116' title='bbox 555 1878 798 1934; x_wconf 90' lang='lat' dir='ltr'>devotus</span> <span class='ocrx_word' id='word_1_117' title='bbox 830 1882 1200 1934; x_wconf 85' lang='lat' dir='ltr'>conservator</span> <span class='ocrx_word' id='word_1_118' title='bbox 1230 1877 1532 1945; x_wconf 86' lang='lat' dir='ltr'>exstiterit,</span> <span class='ocrx_word' id='word_1_119' title='bbox 1565 1876 1778 1932; x_wconf 90' lang='lat' dir='ltr'>divinis</span> <span class='ocrx_word' id='word_1_120' title='bbox 1809 1892 1898 1932; x_wconf 86' lang='lat' dir='ltr'>re-</span> <span class='ocrx_word' id='word_1_121' title='bbox 1929 1920 1978 1984; x_wconf 83' lang='lat' dir='ltr'><strong>B</strong></span> 
     </span>
    </p>
   </div>
   <div class='ocr_carea' id='block_1_20' title="bbox 241 1965 1902 2040">
    <p class='ocr_par' dir='ltr' id='par_1_20' title="bbox 241 1965 1902 2040">
     <span class='ocr_line' id='line_1_20' title="bbox 241 1965 1902 2040; baseline -0.001 -18"><span class='ocrx_word' id='word_1_122' title='bbox 241 1966 476 2040; x_wconf 89' lang='lat' dir='ltr'>pleatur</span> <span class='ocrx_word' id='word_1_123' title='bbox 503 1967 1032 2035; x_wconf 90' lang='lat' dir='ltr'>benedictionibus,</span> <span class='ocrx_word' id='word_1_124' title='bbox 1065 1974 1124 2022; x_wconf 91' lang='lat' dir='ltr'>et</span> <span class='ocrx_word' id='word_1_125' title='bbox 1172 1966 1454 2039; x_wconf 90' lang='lat' dir='ltr'>principis</span> <span class='ocrx_word' id='word_1_126' title='bbox 1500 1965 1902 2038; x_wconf 88' lang='lat' dir='ltr'>apostolorum</span> 
     </span>
    </p>
   </div>
   <div class='ocr_carea' id='block_1_21' title="bbox 245 2053 1904 2112">
    <p class='ocr_par' dir='ltr' id='par_1_21' title="bbox 245 2053 1904 2112">
     <span class='ocr_line' id='line_1_21' title="bbox 245 2053 1904 2112; baseline -0.002 0"><span class='ocrx_word' id='word_1_127' title='bbox 245 2057 598 2112; x_wconf 87' lang='lat' dir='ltr'>auctoritate</span> <span class='ocrx_word' id='word_1_128' title='bbox 638 2057 709 2112; x_wconf 89' lang='lat' dir='ltr'>ab</span> <span class='ocrx_word' id='word_1_129' title='bbox 750 2057 1025 2112; x_wconf 90' lang='lat' dir='ltr'>omnibus</span> <span class='ocrx_word' id='word_1_130' title='bbox 1055 2055 1402 2112; x_wconf 88' lang='lat' dir='ltr'>delictorum</span> <span class='ocrx_word' id='word_1_131' title='bbox 1435 2072 1678 2112; x_wconf 91' lang='lat' dir='ltr'>suorum</span> <span class='ocrx_word' id='word_1_132' title='bbox 1711 2053 1904 2111; x_wconf 85' lang='lat' dir='ltr'>absol-</span> 
     </span>
    </p>
   </div>
   <div class='ocr_carea' id='block_1_22' title="bbox 245 2146 956 2202">
    <p class='ocr_par' dir='ltr' id='par_1_22' title="bbox 245 2146 956 2202">
     <span class='ocr_line' id='line_1_22' title="bbox 245 2146 956 2202; baseline -0.001 -1"><span class='ocrx_word' id='word_1_133' title='bbox 245 2150 422 2201; x_wconf 88' lang='lat' dir='ltr'>vatur</span> <span class='ocrx_word' id='word_1_134' title='bbox 451 2146 720 2201; x_wconf 83' lang='lat' dir='ltr'>nexibus.</span> <span class='ocrx_word' id='word_1_135' title='bbox 754 2148 956 2202; x_wconf 85' lang='lat' dir='ltr'>Amen.</span> 
     </span>
    </p>
   </div>
   <div class='ocr_carea' id='block_1_23' title="bbox 322 2234 1906 2305">
    <p class='ocr_par' dir='ltr' id='par_1_23' title="bbox 322 2234 1906 2305">
     <span class='ocr_line' id='line_1_23' title="bbox 322 2234 1906 2305; baseline -0.003 -15"><span class='ocrx_word' id='word_1_136' title='bbox 322 2234 538 2290; x_wconf 80' lang='lat' dir='ltr'>Datum</span> <span class='ocrx_word' id='word_1_137' title='bbox 571 2235 739 2289; x_wconf 78' lang='lat' dir='ltr'>Lucaa</span> <span class='ocrx_word' id='word_1_138' title='bbox 769 2239 982 2305; x_wconf 90' lang='lat' dir='ltr'>quarto</span> <span class='ocrx_word' id='word_1_139' title='bbox 1012 2235 1150 2289; x_wconf 91' lang='lat' dir='ltr'>Idus</span> <span class='ocrx_word' id='word_1_140' title='bbox 1184 2234 1396 2304; x_wconf 89' lang='lat' dir='ltr'>Martii,</span> <span class='ocrx_word' id='word_1_141' title='bbox 1433 2250 1533 2305; x_wconf 80' lang='lat' dir='ltr'>per</span> <span class='ocrx_word' id='word_1_142' title='bbox 1562 2248 1775 2288; x_wconf 89' lang='lat' dir='ltr'>manus</span> <span class='ocrx_word' id='word_1_143' title='bbox 1807 2235 1906 2286; x_wconf 86' lang='lat' dir='ltr'>Pe-</span> 
     </span>
    </p>
   </div>
   <div class='ocr_carea' id='block_1_24' title="bbox 246 2320 1903 2395">
    <p class='ocr_par' dir='ltr' id='par_1_24' title="bbox 246 2320 1903 2395">
     <span class='ocr_line' id='line_1_24' title="bbox 246 2320 1903 2395; baseline -0.003 -17"><span class='ocrx_word' id='word_1_144' title='bbox 246 2323 348 2390; x_wconf 89' lang='lat' dir='ltr'>tri,</span> <span class='ocrx_word' id='word_1_145' title='bbox 379 2327 592 2378; x_wconf 62' lang='lat' dir='ltr'>sancta</span> <span class='ocrx_word' id='word_1_146' title='bbox 626 2324 899 2378; x_wconf 78' lang='lat' dir='ltr'>Romanae</span> <span class='ocrx_word' id='word_1_147' title='bbox 932 2322 1197 2379; x_wconf 67' lang='lat' dir='ltr'>Ecclesiae</span> <span class='ocrx_word' id='word_1_148' title='bbox 1231 2321 1552 2395; x_wconf 79' lang='lat' dir='ltr'>presbyteri</span> <span class='ocrx_word' id='word_1_149' title='bbox 1590 2320 1903 2377; x_wconf 89' lang='lat' dir='ltr'>cardinalis</span> 
     </span>
    </p>
   </div>
   <div class='ocr_carea' id='block_1_25' title="bbox 246 2409 1905 2484">
    <p class='ocr_par' dir='ltr' id='par_1_25' title="bbox 246 2409 1905 2484">
     <span class='ocr_line' id='line_1_25' title="bbox 246 2409 1905 2484; baseline -0.004 -16"><span class='ocrx_word' id='word_1_150' title='bbox 246 2417 306 2468; x_wconf 91' lang='lat' dir='ltr'>et</span> <span class='ocrx_word' id='word_1_151' title='bbox 328 2412 773 2484; x_wconf 89' lang='lat' dir='ltr'>bibliothecarii,</span> <span class='ocrx_word' id='word_1_152' title='bbox 789 2430 942 2468; x_wconf 89' lang='lat' dir='ltr'>anno</span> <span class='ocrx_word' id='word_1_153' title='bbox 967 2429 1022 2467; x_wconf 71' lang='grc' dir='ltr'><strong>ιι</strong></span> <span class='ocrx_word' id='word_1_154' title='bbox 1048 2412 1424 2484; x_wconf 82' lang='lat' dir='ltr'>pontiﬁcatus</span> <span class='ocrx_word' id='word_1_155' title='bbox 1445 2410 1644 2466; x_wconf 86' lang='lat' dir='ltr'>domui</span> <span class='ocrx_word' id='word_1_156' title='bbox 1661 2409 1905 2464; x_wconf 85' lang='lat' dir='ltr'>Alexan-</span> 
     </span>
    </p>
   </div>
   <div class='ocr_carea' id='block_1_26' title="bbox 249 2499 1902 2573">
    <p class='ocr_par' dir='ltr' id='par_1_26' title="bbox 249 2499 1902 2573">
     <span class='ocr_line' id='line_1_26' title="bbox 249 2499 1902 2573; baseline -0.001 -18"><span class='ocrx_word' id='word_1_157' title='bbox 249 2500 345 2556; x_wconf 91' lang='lat' dir='ltr'>dri</span> <span class='ocrx_word' id='word_1_158' title='bbox 377 2501 425 2556; x_wconf 92' lang='lat' dir='ltr'><strong>II</strong></span> <span class='ocrx_word' id='word_1_159' title='bbox 456 2518 638 2573; x_wconf 83' lang='lat' dir='ltr'>papae,</span> <span class='ocrx_word' id='word_1_160' title='bbox 663 2502 977 2558; x_wconf 75' lang='lat' dir='ltr'>Dominicse</span> <span class='ocrx_word' id='word_1_161' title='bbox 1006 2518 1141 2557; x_wconf 88' lang='lat' dir='ltr'>vero</span> <span class='ocrx_word' id='word_1_162' title='bbox 1169 2501 1591 2558; x_wconf 89' lang='lat' dir='ltr'>Incarnationis</span> <span class='ocrx_word' id='word_1_163' title='bbox 1623 2501 1780 2567; x_wconf 86' lang='grc'>1072,</span> <span class='ocrx_word' id='word_1_164' title='bbox 1812 2499 1902 2553; x_wconf 90' lang='lat' dir='ltr'>in-</span> 
     </span>
    </p>
   </div>
   <div class='ocr_carea' id='block_1_27' title="bbox 248 2589 724 2645">
    <p class='ocr_par' dir='ltr' id='par_1_27' title="bbox 248 2589 724 2645">
     <span class='ocr_line' id='line_1_27' title="bbox 248 2589 724 2645; baseline 0.004 -2"><span class='ocrx_word' id='word_1_165' title='bbox 248 2589 510 2645; x_wconf 76' lang='lat' dir='ltr'>dictione</span> <span class='ocrx_word' id='word_1_166' title='bbox 549 2606 724 2645; x_wconf 88' lang='lat' dir='ltr'>nona.</span> 
     </span>
    </p>
   </div>
   <div class='ocr_carea' id='block_1_28' title="bbox 938 2705 1218 2761">
    <p class='ocr_par' dir='ltr' id='par_1_28' title="bbox 938 2705 1218 2761">
     <span class='ocr_line' id='line_1_28' title="bbox 938 2705 1218 2761; baseline -0.007 0"><span class='ocrx_word' id='word_1_167' title='bbox 938 2705 1218 2761; x_wconf 85' lang='lat' dir='ltr'>LXXXIX.</span> 
     </span>
    </p>
   </div>
   <div class='ocr_carea' id='block_1_29' title="bbox 249 2793 1906 2920">
    <p class='ocr_par' dir='ltr' id='par_1_29' title="bbox 249 2793 1906 2920">
     <span class='ocr_line' id='line_1_29' title="bbox 249 2793 1906 2866; baseline -0.004 -15"><span class='ocrx_word' id='word_1_168' title='bbox 249 2793 583 2866; x_wconf 82' lang='lat' dir='ltr'>Approbatio</span> <span class='ocrx_word' id='word_1_169' title='bbox 630 2797 1064 2864; x_wconf 77' lang='lat' dir='ltr'>congregationis</span> <span class='ocrx_word' id='word_1_170' title='bbox 1110 2793 1501 2849; x_wconf 81' lang='lat' dir='ltr'>monachorum</span> <span class='ocrx_word' id='word_1_171' title='bbox 1549 2794 1906 2848; x_wconf 82' lang='lat' dir='ltr'>eremitarum</span> 
     </span>
     <span class='ocr_line' id='line_1_30' title="bbox 328 2865 1906 2920; baseline -0.001 0"><span class='ocrx_word' id='word_1_172' title='bbox 328 2865 859 2920; x_wconf 66' lang='lat' dir='ltr'>Camaldulensium.</span> <span class='ocrx_word' id='word_1_173' title='bbox 922 2869 1063 2920; x_wconf 76' lang='lat' dir='ltr'>alias</span> <span class='ocrx_word' id='word_1_174' title='bbox 1122 2868 1312 2920; x_wconf 80' lang='lat' dir='ltr'>Camni</span> <span class='ocrx_word' id='word_1_175' title='bbox 1367 2865 1636 2920; x_wconf 80' lang='lat' dir='ltr'>Amabilis</span> <span class='ocrx_word' id='word_1_176' title='bbox 1694 2865 1906 2920; x_wconf 80' lang='lat' dir='ltr'>ordinis</span> 
     </span>
    </p>
   </div>
   <div class='ocr_carea' id='block_1_30' title="bbox 324 2865 1906 2994">
    <p class='ocr_par' dir='ltr' id='par_1_30' title="bbox 324 2865 1906 2994">
     <span class='ocr_line' id='line_1_31' title="bbox 328 2865 1906 2937; baseline -0.001 -17"><span class='ocrx_word' id='word_1_177' title='bbox 328 2865 859 2933; x_wconf 66' lang='lat' dir='ltr'>Camaldnlensium,</span> <span class='ocrx_word' id='word_1_178' title='bbox 922 2869 1063 2921; x_wconf 76' lang='lat' dir='ltr'>alias</span> <span class='ocrx_word' id='word_1_179' title='bbox 1122 2868 1312 2937; x_wconf 84' lang='lat' dir='ltr'>Campi</span> <span class='ocrx_word' id='word_1_180' title='bbox 1367 2865 1636 2921; x_wconf 80' lang='lat' dir='ltr'>Amabilis</span> <span class='ocrx_word' id='word_1_181' title='bbox 1694 2865 1906 2920; x_wconf 80' lang='lat' dir='ltr'>ordinis</span> 
     </span>
     <span class='ocr_line' id='line_1_32' title="bbox 324 2937 1196 2994; baseline -0.003 -1"><span class='ocrx_word' id='word_1_182' title='bbox 324 2937 519 2993; x_wconf 83' lang='lat' dir='ltr'>Sancti</span> <span class='ocrx_word' id='word_1_183' title='bbox 547 2938 846 2994; x_wconf 66' lang='lat' dir='ltr'>Benedicti.</span> <span class='ocrx_word' id='word_1_184' title='bbox 1193 2941 1196 2944; x_wconf 79' lang='grc'><strong>’</strong></span> 
     </span>
    </p>
   </div>
   <div class='ocr_carea' id='block_1_31' title="bbox 873 3026 1286 3096">
    <p class='ocr_par' dir='ltr' id='par_1_31' title="bbox 873 3026 1286 3096">
     <span class='ocr_line' id='line_1_33' title="bbox 873 3026 1286 3096; baseline -0.002 -17"><span class='ocrx_word' id='word_1_185' title='bbox 873 3029 1064 3096; x_wconf 84' lang='lat' dir='ltr'>(Anno</span> <span class='ocrx_word' id='word_1_186' title='bbox 1106 3026 1286 3093; x_wconf 80' lang='lat'>1072.)</span> 
     </span>
    </p>
   </div>
   <div class='ocr_carea' id='block_1_32' title="bbox 419 3113 1742 3186">
    <p class='ocr_par' dir='ltr' id='par_1_32' title="bbox 419 3113 1742 3186">
     <span class='ocr_line' id='line_1_34' title="bbox 419 3113 1742 3186; baseline -0.003 -16"><span class='ocrx_word' id='word_1_187' title='bbox 419 3115 656 3186; x_wconf 83' lang='lat' dir='ltr'>[B-ullar.</span> <span class='ocrx_word' id='word_1_188' title='bbox 690 3117 843 3171; x_wconf 87' lang='lat' dir='ltr'>Rom.</span> <span class='ocrx_word' id='word_1_189' title='bbox 876 3114 1015 3170; x_wconf 88' lang='lat' dir='ltr'>edit.</span> <span class='ocrx_word' id='word_1_190' title='bbox 1052 3114 1322 3186; x_wconf 90' lang='lat' dir='ltr'>Lugdun.</span> <span class='ocrx_word' id='word_1_191' title='bbox 1359 3114 1516 3168; x_wconf 87' lang='grc'>1673.</span> <span class='ocrx_word' id='word_1_192' title='bbox 1552 3115 1595 3167; x_wconf 92' lang='grc' dir='ltr'><strong>Ι.</strong></span> <span class='ocrx_word' id='word_1_193' title='bbox 1627 3113 1742 3182; x_wconf 90' lang='grc'>51.]</span> 
     </span>
    </p>
   </div>
   <div class='ocr_carea' id='block_1_33' title="bbox 325 3227 1906 3302">
    <p class='ocr_par' dir='ltr' id='par_1_33' title="bbox 325 3227 1906 3302">
     <span class='ocr_line' id='line_1_35' title="bbox 325 3227 1906 3302; baseline -0.003 -16"><span class='ocrx_word' id='word_1_194' title='bbox 325 3233 676 3286; x_wconf 75' lang='lat' dir='ltr'>ALEXANDER</span> <span class='ocrx_word' id='word_1_195' title='bbox 704 3230 1034 3302; x_wconf 91' lang='lat' dir='ltr'>episcopus,</span> <span class='ocrx_word' id='word_1_196' title='bbox 1069 3245 1272 3284; x_wconf 90' lang='lat' dir='ltr'>servus</span> <span class='ocrx_word' id='word_1_197' title='bbox 1303 3244 1602 3283; x_wconf 90' lang='lat' dir='ltr'>servorum</span> <span class='ocrx_word' id='word_1_198' title='bbox 1637 3227 1758 3296; x_wconf 89' lang='lat' dir='ltr'>Dei,</span> <span class='ocrx_word' id='word_1_199' title='bbox 1793 3227 1906 3282; x_wconf 84' lang='lat' dir='ltr'>RU-</span> 
     </span>
    </p>
   </div>
   <div class='ocr_carea' id='block_1_34' title="bbox 253 3315 1904 3391">
    <p class='ocr_par' dir='ltr' id='par_1_34' title="bbox 253 3315 1904 3391">
     <span class='ocr_line' id='line_1_36' title="bbox 253 3315 1904 3391; baseline -0.002 -16"><span class='ocrx_word' id='word_1_200' title='bbox 253 3335 414 3376; x_wconf 80' lang='lat' dir='ltr'>s&#39;nco</span> <span class='ocrx_word' id='word_1_201' title='bbox 445 3319 646 3391; x_wconf 89' lang='lat' dir='ltr'>priori,</span> <span class='ocrx_word' id='word_1_202' title='bbox 680 3324 736 3374; x_wconf 89' lang='lat' dir='ltr'>et</span> <span class='ocrx_word' id='word_1_203' title='bbox 765 3323 983 3373; x_wconf 73' lang='lat' dir='ltr'>cunctae</span> <span class='ocrx_word' id='word_1_204' title='bbox 1015 3319 1144 3388; x_wconf 89' lang='lat' dir='ltr'>ejus</span> <span class='ocrx_word' id='word_1_205' title='bbox 1174 3316 1630 3389; x_wconf 85' lang='lat' dir='ltr'>congregationi,</span> <span class='ocrx_word' id='word_1_206' title='bbox 1664 3317 1735 3371; x_wconf 91' lang='lat' dir='ltr'>de</span> <span class='ocrx_word' id='word_1_207' title='bbox 1779 3315 1904 3372; x_wconf 90' lang='lat' dir='ltr'>loco</span> 
     </span>
    </p>
   </div>
   <div class='ocr_carea' id='block_1_35' title="bbox 251 3407 1725 3481">
    <p class='ocr_par' dir='ltr' id='par_1_35' title="bbox 251 3407 1725 3481">
     <span class='ocr_line' id='line_1_37' title="bbox 251 3407 1725 3481; baseline -0.003 -18"><span class='ocrx_word' id='word_1_208' title='bbox 251 3408 357 3481; x_wconf 89' lang='lat' dir='ltr'>qui</span> <span class='ocrx_word' id='word_1_209' title='bbox 390 3408 605 3463; x_wconf 90' lang='lat' dir='ltr'>dicitur</span> <span class='ocrx_word' id='word_1_210' title='bbox 631 3413 884 3479; x_wconf 83' lang='lat' dir='ltr'>Campus</span> <span class='ocrx_word' id='word_1_211' title='bbox 911 3407 1218 3472; x_wconf 89' lang='lat' dir='ltr'>Amabilis,</span> <span class='ocrx_word' id='word_1_212' title='bbox 1253 3407 1312 3460; x_wconf 91' lang='lat' dir='ltr'>in</span> <span class='ocrx_word' id='word_1_213' title='bbox 1358 3411 1725 3477; x_wconf 91' lang='lat' dir='ltr'>perpetuum.</span> 
     </span>
    </p>
   </div>
   <div class='ocr_carea' id='block_1_36' title="bbox 324 3494 1909 3565">
    <p class='ocr_par' dir='ltr' id='par_1_36' title="bbox 324 3494 1909 3565">
     <span class='ocr_line' id='line_1_38' title="bbox 324 3494 1909 3565; baseline -0.002 -13"><span class='ocrx_word' id='word_1_214' title='bbox 324 3495 479 3552; x_wconf 89' lang='lat' dir='ltr'>Nulli</span> <span class='ocrx_word' id='word_1_215' title='bbox 505 3495 764 3551; x_wconf 83' lang='lat' dir='ltr'>ﬁdelium</span> <span class='ocrx_word' id='word_1_216' title='bbox 789 3496 946 3552; x_wconf 91' lang='lat' dir='ltr'>venit</span> <span class='ocrx_word' id='word_1_217' title='bbox 971 3495 1030 3550; x_wconf 91' lang='lat' dir='ltr'>in</span> <span class='ocrx_word' id='word_1_218' title='bbox 1053 3495 1301 3550; x_wconf 91' lang='lat' dir='ltr'>dubium</span> <span class='ocrx_word' id='word_1_219' title='bbox 1325 3494 1466 3565; x_wconf 92' lang='lat' dir='ltr'>quin</span> <span class='ocrx_word' id='word_1_220' title='bbox 1493 3494 1661 3548; x_wconf 88' lang='lat' dir='ltr'>sedes</span> <span class='ocrx_word' id='word_1_221' title='bbox 1679 3498 1909 3565; x_wconf 91' lang='lat' dir='ltr'>aposto-</span> 
     </span>
    </p>
   </div>
   <div class='ocr_carea' id='block_1_37' title="bbox 250 3582 1906 3657">
    <p class='ocr_par' dir='ltr' id='par_1_37' title="bbox 250 3582 1906 3657">
     <span class='ocr_line' id='line_1_39' title="bbox 250 3582 1906 3657; baseline -0.002 -17"><span class='ocrx_word' id='word_1_222' title='bbox 250 3585 388 3655; x_wconf 86' lang='lat' dir='ltr'>lica,</span> <span class='ocrx_word' id='word_1_223' title='bbox 413 3601 479 3640; x_wconf 91' lang='lat' dir='ltr'>eo</span> <span class='ocrx_word' id='word_1_224' title='bbox 501 3586 656 3657; x_wconf 90' lang='lat' dir='ltr'>quod</span> <span class='ocrx_word' id='word_1_225' title='bbox 680 3585 951 3656; x_wconf 90' lang='lat' dir='ltr'>princeps</span> <span class='ocrx_word' id='word_1_226' title='bbox 974 3585 1185 3640; x_wconf 86' lang='lat' dir='ltr'>existat</span> <span class='ocrx_word' id='word_1_227' title='bbox 1205 3585 1469 3638; x_wconf 86' lang='lat' dir='ltr'>omnium</span> <span class='ocrx_word' id='word_1_228' title='bbox 1494 3582 1906 3651; x_wconf 88' lang='lat' dir='ltr'>Ecclesiarum,</span> 
     </span>
    </p>
   </div>
   <div class='ocr_carea' id='block_1_38' title="bbox 253 3670 1908 3743">
    <p class='ocr_par' dir='ltr' id='par_1_38' title="bbox 253 3670 1908 3743">
     <span class='ocr_line' id='line_1_40' title="bbox 253 3670 1908 3743; baseline -0.002 -15"><span class='ocrx_word' id='word_1_229' title='bbox 253 3673 534 3730; x_wconf 91' lang='lat' dir='ltr'>omnibus</span> <span class='ocrx_word' id='word_1_230' title='bbox 564 3673 674 3728; x_wconf 89' lang='lat' dir='ltr'>hoc</span> <span class='ocrx_word' id='word_1_231' title='bbox 711 3674 848 3743; x_wconf 86' lang='lat' dir='ltr'>jure</span> <span class='ocrx_word' id='word_1_232' title='bbox 885 3677 942 3728; x_wconf 93' lang='lat' dir='ltr'>et</span> <span class='ocrx_word' id='word_1_233' title='bbox 980 3673 1178 3728; x_wconf 90' lang='lat' dir='ltr'>debita</span> <span class='ocrx_word' id='word_1_234' title='bbox 1209 3671 1603 3727; x_wconf 88' lang='lat' dir='ltr'>sollicitudine</span> <span class='ocrx_word' id='word_1_235' title='bbox 1633 3670 1908 3725; x_wconf 89' lang='lat' dir='ltr'>Ecclesiis</span> 
     </span>
    </p>
   </div>
   <div class='ocr_carea' id='block_1_39' title="bbox 253 3759 1912 3834">
    <p class='ocr_par' dir='ltr' id='par_1_39' title="bbox 253 3759 1912 3834">
     <span class='ocr_line' id='line_1_41' title="bbox 253 3759 1912 3834; baseline -0.002 -17"><span class='ocrx_word' id='word_1_236' title='bbox 253 3777 506 3834; x_wconf 63' lang='lat' dir='ltr'>praeesse</span> <span class='ocrx_word' id='word_1_237' title='bbox 526 3762 757 3826; x_wconf 87' lang='lat' dir='ltr'>debeat,</span> <span class='ocrx_word' id='word_1_238' title='bbox 784 3766 848 3816; x_wconf 90' lang='lat' dir='ltr'>ut</span> <span class='ocrx_word' id='word_1_239' title='bbox 879 3777 992 3816; x_wconf 90' lang='lat' dir='ltr'>non</span> <span class='ocrx_word' id='word_1_240' title='bbox 1018 3761 1210 3816; x_wconf 89' lang='lat' dir='ltr'>solum</span> <span class='ocrx_word' id='word_1_241' title='bbox 1237 3777 1334 3815; x_wconf 90' lang='lat' dir='ltr'>eas</span> <span class='ocrx_word' id='word_1_242' title='bbox 1359 3759 1654 3815; x_wconf 86' lang='lat' dir='ltr'>catholicae</span> <span class='ocrx_word' id='word_1_243' title='bbox 1686 3759 1912 3830; x_wconf 86' lang='lat' dir='ltr'>religio-</span> 
     </span>
    </p>
   </div>
   <div class='ocr_carea' id='block_1_40' title="bbox 253 3847 1912 3921">
    <p class='ocr_par' dir='ltr' id='par_1_40' title="bbox 253 3847 1912 3921">
     <span class='ocr_line' id='line_1_42' title="bbox 253 3847 1912 3921; baseline -0.002 -16"><span class='ocrx_word' id='word_1_244' title='bbox 253 3850 349 3906; x_wconf 89' lang='lat' dir='ltr'>nis</span> <span class='ocrx_word' id='word_1_245' title='bbox 381 3851 604 3905; x_wconf 90' lang='lat' dir='ltr'>unitate</span> <span class='ocrx_word' id='word_1_246' title='bbox 633 3850 963 3916; x_wconf 90' lang='lat' dir='ltr'>concludat,</span> <span class='ocrx_word' id='word_1_247' title='bbox 998 3851 1097 3905; x_wconf 93' lang='lat' dir='ltr'>sed</span> <span class='ocrx_word' id='word_1_248' title='bbox 1130 3848 1478 3921; x_wconf 87' lang='lat' dir='ltr'>generaliter</span> <span class='ocrx_word' id='word_1_249' title='bbox 1522 3849 1594 3902; x_wconf 90' lang='lat' dir='ltr'>ab</span> <span class='ocrx_word' id='word_1_250' title='bbox 1641 3847 1732 3902; x_wconf 89' lang='lat' dir='ltr'>his</span> <span class='ocrx_word' id='word_1_251' title='bbox 1782 3864 1912 3918; x_wconf 68' lang='lat' dir='ltr'>qua)</span> 
     </span>
    </p>
   </div>
   <div class='ocr_carea' id='block_1_41' title="bbox 254 3935 1914 4010">
    <p class='ocr_par' dir='ltr' id='par_1_41' title="bbox 254 3935 1914 4010">
     <span class='ocr_line' id='line_1_43' title="bbox 254 3935 1914 4010; baseline -0.004 -16"><span class='ocrx_word' id='word_1_252' title='bbox 254 3939 619 3995; x_wconf 78' lang='lat' dir='ltr'>extrinsecus</span> <span class='ocrx_word' id='word_1_253' title='bbox 650 3942 1070 4010; x_wconf 86' lang='lat' dir='ltr'>promoventur</span> <span class='ocrx_word' id='word_1_254' title='bbox 1112 3955 1218 3992; x_wconf 90' lang='lat' dir='ltr'>sua</span> <span class='ocrx_word' id='word_1_255' title='bbox 1263 3935 1601 3992; x_wconf 85' lang='lat' dir='ltr'>auctoritate</span> <span class='ocrx_word' id='word_1_256' title='bbox 1646 3935 1828 3990; x_wconf 91' lang='lat' dir='ltr'>salvet</span> <span class='ocrx_word' id='word_1_257' title='bbox 1857 3938 1914 3989; x_wconf 91' lang='lat' dir='ltr'>et</span> 
     </span>
    </p>
   </div>
   <div class='ocr_carea' id='block_1_42' title="bbox 253 4023 1914 4098">
    <p class='ocr_par' dir='ltr' id='par_1_42' title="bbox 253 4023 1914 4098">
     <span class='ocr_line' id='line_1_44' title="bbox 253 4023 1914 4098; baseline -0.004 -14"><span class='ocrx_word' id='word_1_258' title='bbox 253 4027 507 4084; x_wconf 88' lang='lat' dir='ltr'>muniat.</span> <span class='ocrx_word' id='word_1_259' title='bbox 542 4029 696 4083; x_wconf 90' lang='lat' dir='ltr'>Inter</span> <span class='ocrx_word' id='word_1_260' title='bbox 744 4044 890 4098; x_wconf 89' lang='lat' dir='ltr'>quas</span> <span class='ocrx_word' id='word_1_261' title='bbox 932 4032 1128 4082; x_wconf 90' lang='lat' dir='ltr'>tamen</span> <span class='ocrx_word' id='word_1_262' title='bbox 1169 4025 1500 4097; x_wconf 88' lang='lat' dir='ltr'>complures</span> <span class='ocrx_word' id='word_1_263' title='bbox 1530 4023 1914 4079; x_wconf 90' lang='lat' dir='ltr'>inveniuntur</span> 
     </span>
    </p>
   </div>
   <div class='ocr_carea' id='block_1_43' title="bbox 255 4112 1912 4190">
    <p class='ocr_par' dir='ltr' id='par_1_43' title="bbox 255 4112 1912 4190">
     <span class='ocr_line' id='line_1_45' title="bbox 255 4112 1912 4190; baseline -0.004 -18"><span class='ocrx_word' id='word_1_264' title='bbox 255 4134 390 4190; x_wconf 68' lang='lat' dir='ltr'>quae</span> <span class='ocrx_word' id='word_1_265' title='bbox 420 4116 657 4187; x_wconf 90' lang='lat' dir='ltr'>speciali</span> <span class='ocrx_word' id='word_1_266' title='bbox 688 4121 746 4171; x_wconf 91' lang='lat' dir='ltr'>et</span> <span class='ocrx_word' id='word_1_267' title='bbox 772 4115 1011 4188; x_wconf 87' lang='lat' dir='ltr'>propria</span> <span class='ocrx_word' id='word_1_268' title='bbox 1040 4113 1546 4169; x_wconf 88' lang='lat' dir='ltr'>commendatione</span> <span class='ocrx_word' id='word_1_269' title='bbox 1577 4112 1636 4167; x_wconf 88' lang='lat' dir='ltr'>in</span> <span class='ocrx_word' id='word_1_270' title='bbox 1667 4112 1912 4166; x_wconf 90' lang='lat' dir='ltr'>tutelam</span> 
     </span>
    </p>
   </div>
   <div class='ocr_carea' id='block_1_44' title="bbox 253 4197 1914 4277">
    <p class='ocr_par' dir='ltr' id='par_1_44' title="bbox 253 4197 1914 4277">
     <span class='ocr_line' id='line_1_46' title="bbox 253 4197 1914 4277; baseline -0.005 -17"><span class='ocrx_word' id='word_1_271' title='bbox 253 4205 524 4277; x_wconf 83' lang='lat' dir='ltr'>ejusdem</span> <span class='ocrx_word' id='word_1_272' title='bbox 558 4204 716 4259; x_wconf 87' lang='lat' dir='ltr'>sedis</span> <span class='ocrx_word' id='word_1_273' title='bbox 747 4203 1077 4274; x_wconf 78' lang='lat' dir='ltr'>apostolicae</span> <span class='ocrx_word' id='word_1_274' title='bbox 1110 4218 1172 4256; x_wconf 92' lang='lat' dir='ltr'>se</span> <span class='ocrx_word' id='word_1_275' title='bbox 1211 4201 1531 4268; x_wconf 88' lang='lat' dir='ltr'>contulere,</span> <span class='ocrx_word' id='word_1_276' title='bbox 1566 4204 1629 4253; x_wconf 92' lang='lat' dir='ltr'>ut</span> <span class='ocrx_word' id='word_1_277' title='bbox 1675 4197 1914 4269; x_wconf 88' lang='lat' dir='ltr'>speciali</span> 
     </span>
    </p>
   </div>
   <div class='ocr_carea' id='block_1_45' title="bbox 252 4287 1914 4359">
    <p class='ocr_par' dir='ltr' id='par_1_45' title="bbox 252 4287 1914 4359">
     <span class='ocr_line' id='line_1_47' title="bbox 252 4287 1914 4359; baseline -0.005 -10"><span class='ocrx_word' id='word_1_278' title='bbox 252 4293 543 4349; x_wconf 85' lang='lat' dir='ltr'>charitate</span> <span class='ocrx_word' id='word_1_279' title='bbox 565 4297 622 4348; x_wconf 89' lang='lat' dir='ltr'>et</span> <span class='ocrx_word' id='word_1_280' title='bbox 651 4292 846 4347; x_wconf 88' lang='lat' dir='ltr'>studio</span> <span class='ocrx_word' id='word_1_281' title='bbox 879 4308 996 4346; x_wconf 67' lang='lat' dir='ltr'>suis</span> <span class='ocrx_word' id='word_1_282' title='bbox 1024 4290 1232 4345; x_wconf 90' lang='lat' dir='ltr'>matris</span> <span class='ocrx_word' id='word_1_283' title='bbox 1257 4289 1558 4359; x_wconf 79' lang='lat' dir='ltr'>amplexae,</span> <span class='ocrx_word' id='word_1_284' title='bbox 1587 4287 1914 4341; x_wconf 90' lang='lat' dir='ltr'>securiores</span> 
     </span>
    </p>
   </div>
   <div class='ocr_carea' id='block_1_46' title="bbox 253 4376 1915 4444">
    <p class='ocr_par' dir='ltr' id='par_1_46' title="bbox 253 4376 1915 4444">
     <span class='ocr_line' id='line_1_48' title="bbox 253 4376 1915 4444; baseline -0.005 -7"><span class='ocrx_word' id='word_1_285' title='bbox 253 4386 313 4438; x_wconf 87' lang='lat' dir='ltr'>et</span> <span class='ocrx_word' id='word_1_286' title='bbox 333 4381 638 4437; x_wconf 89' lang='lat' dir='ltr'>liberiores</span> <span class='ocrx_word' id='word_1_287' title='bbox 657 4381 728 4436; x_wconf 90' lang='lat' dir='ltr'>ab</span> <span class='ocrx_word' id='word_1_288' title='bbox 747 4380 905 4436; x_wconf 91' lang='lat' dir='ltr'>omni</span> <span class='ocrx_word' id='word_1_289' title='bbox 924 4379 1298 4434; x_wconf 86' lang='lat' dir='ltr'>infestatione</span> <span class='ocrx_word' id='word_1_290' title='bbox 1314 4376 1720 4432; x_wconf 90' lang='lat' dir='ltr'>consisterent.</span> <span class='ocrx_word' id='word_1_291' title='bbox 1737 4377 1915 4444; x_wconf 78' lang='lat' dir='ltr'>Quas,</span> 
     </span>
    </p>
   </div>
   <div class='ocr_carea' id='block_1_47' title="bbox 255 4463 1919 4542">
    <p class='ocr_par' dir='ltr' id='par_1_47' title="bbox 255 4463 1919 4542">
     <span class='ocr_line' id='line_1_49' title="bbox 255 4463 1919 4542; baseline -0.004 -17"><span class='ocrx_word' id='word_1_292' title='bbox 255 4475 324 4526; x_wconf 90' lang='lat' dir='ltr'>ut</span> <span class='ocrx_word' id='word_1_293' title='bbox 359 4471 606 4542; x_wconf 86' lang='lat' dir='ltr'>dignum</span> <span class='ocrx_word' id='word_1_294' title='bbox 639 4475 782 4541; x_wconf 90' lang='lat' dir='ltr'>erat,</span> <span class='ocrx_word' id='word_1_295' title='bbox 814 4469 896 4524; x_wconf 88' lang='lat' dir='ltr'>ita</span> <span class='ocrx_word' id='word_1_296' title='bbox 941 4469 1000 4523; x_wconf 91' lang='lat' dir='ltr'>in</span> <span class='ocrx_word' id='word_1_297' title='bbox 1057 4483 1162 4523; x_wconf 90' lang='lat' dir='ltr'>suo</span> <span class='ocrx_word' id='word_1_298' title='bbox 1203 4467 1335 4522; x_wconf 91' lang='lat' dir='ltr'>sinu</span> <span class='ocrx_word' id='word_1_299' title='bbox 1368 4466 1630 4520; x_wconf 82' lang='lat' dir='ltr'>Romana</span> <span class='ocrx_word' id='word_1_300' title='bbox 1659 4463 1919 4534; x_wconf 86' lang='lat' dir='ltr'>suscepit</span> 
     </span>
    </p>
   </div>
   <div class='ocr_carea' id='block_1_48' title="bbox 255 4553 1919 4630">
    <p class='ocr_par' dir='ltr' id='par_1_48' title="bbox 255 4553 1919 4630">
     <span class='ocr_line' id='line_1_50' title="bbox 255 4553 1919 4630; baseline -0.006 -14"><span class='ocrx_word' id='word_1_301' title='bbox 255 4558 543 4625; x_wconf 87' lang='lat' dir='ltr'>Ecclesia,</span> <span class='ocrx_word' id='word_1_302' title='bbox 575 4564 856 4629; x_wconf 89' lang='lat' dir='ltr'>tantaque</span> <span class='ocrx_word' id='word_1_303' title='bbox 905 4557 1153 4630; x_wconf 85' lang='lat' dir='ltr'>protexit</span> <span class='ocrx_word' id='word_1_304' title='bbox 1202 4555 1461 4626; x_wconf 91' lang='lat' dir='ltr'>undique</span> <span class='ocrx_word' id='word_1_305' title='bbox 1500 4553 1802 4624; x_wconf 84' lang='lat' dir='ltr'>diligentia</span> <span class='ocrx_word' id='word_1_306' title='bbox 1853 4556 1919 4606; x_wconf 90' lang='lat' dir='ltr'>ut</span> 
     </span>
    </p>
   </div>
   <div class='ocr_carea' id='block_1_49' title="bbox 2006 634 3654 708">
    <p class='ocr_par' dir='ltr' id='par_1_49' title="bbox 2006 634 3654 708">
     <span class='ocr_line' id='line_1_51' title="bbox 2006 634 3654 708; baseline -0.001 -17"><span class='ocrx_word' id='word_1_307' title='bbox 2006 653 2144 708; x_wconf 87' lang='lat' dir='ltr'>pace</span> <span class='ocrx_word' id='word_1_308' title='bbox 2167 641 2222 691; x_wconf 90' lang='lat' dir='ltr'>et</span> <span class='ocrx_word' id='word_1_309' title='bbox 2243 635 2663 708; x_wconf 88' lang='lat' dir='ltr'>tranquillitate</span> <span class='ocrx_word' id='word_1_310' title='bbox 2692 637 3040 706; x_wconf 90' lang='lat' dir='ltr'>consistunt,</span> <span class='ocrx_word' id='word_1_311' title='bbox 3064 634 3460 690; x_wconf 88' lang='lat' dir='ltr'>ecclesiastica</span> <span class='ocrx_word' id='word_1_312' title='bbox 3482 634 3654 690; x_wconf 91' lang='lat' dir='ltr'>bene-</span> 
     </span>
    </p>
   </div>
   <div class='ocr_carea' id='block_1_50' title="bbox 2005 724 3655 796">
    <p class='ocr_par' dir='ltr' id='par_1_50' title="bbox 2005 724 3655 796">
     <span class='ocr_line' id='line_1_52' title="bbox 2005 724 3655 796; baseline -0.002 -17"><span class='ocrx_word' id='word_1_313' title='bbox 2005 725 2135 779; x_wconf 86' lang='lat' dir='ltr'>ﬁcia</span> <span class='ocrx_word' id='word_1_314' title='bbox 2166 741 2447 796; x_wconf 89' lang='lat' dir='ltr'>pauperes</span> <span class='ocrx_word' id='word_1_315' title='bbox 2479 725 2691 780; x_wconf 88' lang='lat' dir='ltr'>Christi</span> <span class='ocrx_word' id='word_1_316' title='bbox 2727 726 3014 791; x_wconf 88' lang='lat' dir='ltr'>nutriunt,</span> <span class='ocrx_word' id='word_1_317' title='bbox 3048 724 3178 779; x_wconf 88' lang='lat' dir='ltr'>laus</span> <span class='ocrx_word' id='word_1_318' title='bbox 3209 725 3324 779; x_wconf 91' lang='lat' dir='ltr'>Deo</span> <span class='ocrx_word' id='word_1_319' title='bbox 3364 724 3655 795; x_wconf 87' lang='lat' dir='ltr'>condigna</span> 
     </span>
    </p>
   </div>
   <div class='ocr_carea' id='block_1_51' title="bbox 2005 813 3652 884">
    <p class='ocr_par' dir='ltr' id='par_1_51' title="bbox 2005 813 3652 884">
     <span class='ocr_line' id='line_1_53' title="bbox 2005 813 3652 884; baseline -0.001 -17"><span class='ocrx_word' id='word_1_320' title='bbox 2005 814 2367 883; x_wconf 89' lang='lat' dir='ltr'>depromitur</span> <span class='ocrx_word' id='word_1_321' title='bbox 2395 819 2451 868; x_wconf 90' lang='lat' dir='ltr'>et</span> <span class='ocrx_word' id='word_1_322' title='bbox 2473 815 2727 868; x_wconf 89' lang='lat' dir='ltr'>remedia</span> <span class='ocrx_word' id='word_1_323' title='bbox 2754 819 3144 884; x_wconf 88' lang='lat' dir='ltr'>peccatorum,</span> <span class='ocrx_word' id='word_1_324' title='bbox 3169 819 3287 868; x_wconf 88' lang='lat' dir='ltr'>tam</span> <span class='ocrx_word' id='word_1_325' title='bbox 3309 813 3452 867; x_wconf 88' lang='lat' dir='ltr'>vivis</span> <span class='ocrx_word' id='word_1_326' title='bbox 3474 829 3652 884; x_wconf 90' lang='lat' dir='ltr'>quam</span> 
     </span>
    </p>
   </div>
   <div class='ocr_carea' id='block_1_52' title="bbox 2005 902 2902 975">
    <p class='ocr_par' dir='ltr' id='par_1_52' title="bbox 2005 902 2902 975">
     <span class='ocr_line' id='line_1_54' title="bbox 2005 902 2902 975; baseline 0.001 -19"><span class='ocrx_word' id='word_1_327' title='bbox 2005 902 2295 958; x_wconf 82' lang='lat' dir='ltr'>defunctis</span> <span class='ocrx_word' id='word_1_328' title='bbox 2329 903 2419 975; x_wconf 92' lang='lat' dir='ltr'>pie</span> <span class='ocrx_word' id='word_1_329' title='bbox 2462 904 2902 974; x_wconf 88' lang='lat' dir='ltr'>impenduntur.</span> 
     </span>
    </p>
   </div>
   <div class='ocr_carea' id='block_1_53' title="bbox 2076 991 3652 1062">
    <p class='ocr_par' dir='ltr' id='par_1_53' title="bbox 2076 991 3652 1062">
     <span class='ocr_line' id='line_1_55' title="bbox 2076 991 3652 1062; baseline 0.001 -17"><span class='ocrx_word' id='word_1_330' title='bbox 2076 991 2238 1046; x_wconf 90' lang='lat' dir='ltr'>Unde</span> <span class='ocrx_word' id='word_1_331' title='bbox 2268 1009 2374 1047; x_wconf 90' lang='lat' dir='ltr'>nos</span> <span class='ocrx_word' id='word_1_332' title='bbox 2405 992 2461 1045; x_wconf 90' lang='lat' dir='ltr'>in</span> <span class='ocrx_word' id='word_1_333' title='bbox 2495 993 2695 1046; x_wconf 89' lang='lat' dir='ltr'>eadem</span> <span class='ocrx_word' id='word_1_334' title='bbox 2729 991 3046 1062; x_wconf 88' lang='lat' dir='ltr'>apostolica</span> <span class='ocrx_word' id='word_1_335' title='bbox 3076 991 3232 1060; x_wconf 90' lang='lat' dir='ltr'>sede,</span> <span class='ocrx_word' id='word_1_336' title='bbox 3267 1008 3381 1046; x_wconf 92' lang='lat' dir='ltr'>non</span> <span class='ocrx_word' id='word_1_337' title='bbox 3433 991 3652 1046; x_wconf 85' lang='lat' dir='ltr'>nostris</span> 
     </span>
    </p>
   </div>
   <div class='ocr_carea' id='block_1_54' title="bbox 2005 1079 3653 1152">
    <p class='ocr_par' dir='ltr' id='par_1_54' title="bbox 2005 1079 3653 1152">
     <span class='ocr_line' id='line_1_56' title="bbox 2005 1079 3653 1152; baseline -0.001 -17"><span class='ocrx_word' id='word_1_338' title='bbox 2005 1081 2248 1149; x_wconf 88' lang='lat' dir='ltr'>meritis,</span> <span class='ocrx_word' id='word_1_339' title='bbox 2284 1081 2381 1136; x_wconf 84' lang='lat' dir='ltr'>sed</span> <span class='ocrx_word' id='word_1_340' title='bbox 2433 1081 2629 1136; x_wconf 88' lang='lat' dir='ltr'>divina</span> <span class='ocrx_word' id='word_1_341' title='bbox 2658 1079 2830 1135; x_wconf 88' lang='lat' dir='ltr'>locati</span> <span class='ocrx_word' id='word_1_342' title='bbox 2861 1080 3067 1152; x_wconf 86' lang='lat' dir='ltr'>gratia,</span> <span class='ocrx_word' id='word_1_343' title='bbox 3102 1079 3421 1134; x_wconf 90' lang='lat' dir='ltr'>oratorium</span> <span class='ocrx_word' id='word_1_344' title='bbox 3455 1080 3653 1135; x_wconf 90' lang='lat' dir='ltr'>Sancti</span> 
     </span>
    </p>
   </div>
   <div class='ocr_carea' id='block_1_55' title="bbox 2003 1169 3655 1241">
    <p class='ocr_par' dir='ltr' id='par_1_55' title="bbox 2003 1169 3655 1241">
     <span class='ocr_line' id='line_1_57' title="bbox 2003 1169 3655 1241; baseline -0.001 -15"><span class='ocrx_word' id='word_1_345' title='bbox 2003 1170 2316 1226; x_wconf 90' lang='lat' dir='ltr'>Salvatoris</span> <span class='ocrx_word' id='word_1_346' title='bbox 2380 1170 2438 1225; x_wconf 92' lang='lat' dir='ltr'>in</span> <span class='ocrx_word' id='word_1_347' title='bbox 2505 1171 2722 1241; x_wconf 90' lang='lat' dir='ltr'>Campo</span> <span class='ocrx_word' id='word_1_348' title='bbox 2789 1169 3035 1224; x_wconf 86' lang='lat' dir='ltr'>Amabili</span> <span class='ocrx_word' id='word_1_349' title='bbox 3101 1173 3534 1233; x_wconf 81' lang='lat' dir='ltr'>constructum,</span> <span class='ocrx_word' id='word_1_350' title='bbox 3599 1175 3655 1224; x_wconf 91' lang='lat' dir='ltr'>et</span> 
     </span>
    </p>
   </div>
   <div class='ocr_carea' id='block_1_56' title="bbox 2005 1257 3655 1330">
    <p class='ocr_par' dir='ltr' id='par_1_56' title="bbox 2005 1257 3655 1330">
     <span class='ocr_line' id='line_1_58' title="bbox 2005 1257 3655 1330; baseline -0.001 -16"><span class='ocrx_word' id='word_1_351' title='bbox 2005 1277 2209 1315; x_wconf 89' lang='lat' dir='ltr'>omnes</span> <span class='ocrx_word' id='word_1_352' title='bbox 2238 1259 2414 1314; x_wconf 90' lang='lat' dir='ltr'>cellas</span> <span class='ocrx_word' id='word_1_353' title='bbox 2451 1260 2563 1330; x_wconf 89' lang='lat' dir='ltr'>ipsi</span> <span class='ocrx_word' id='word_1_354' title='bbox 2609 1260 2968 1315; x_wconf 65' lang='lat' dir='ltr'>adhaerentes</span> <span class='ocrx_word' id='word_1_355' title='bbox 2999 1263 3056 1312; x_wconf 90' lang='lat' dir='ltr'>et</span> <span class='ocrx_word' id='word_1_356' title='bbox 3086 1257 3466 1312; x_wconf 89' lang='lat' dir='ltr'>circumcirca</span> <span class='ocrx_word' id='word_1_357' title='bbox 3496 1258 3655 1328; x_wconf 89' lang='lat' dir='ltr'>adja-</span> 
     </span>
    </p>
   </div>
   <div class='ocr_carea' id='block_1_57' title="bbox 2006 1345 3654 1420">
    <p class='ocr_par' dir='ltr' id='par_1_57' title="bbox 2006 1345 3654 1420">
     <span class='ocr_line' id='line_1_59' title="bbox 2006 1345 3654 1420; baseline -0.002 -17"><span class='ocrx_word' id='word_1_358' title='bbox 2006 1354 2222 1417; x_wconf 90' lang='lat' dir='ltr'>centes,</span> <span class='ocrx_word' id='word_1_359' title='bbox 2255 1354 2313 1404; x_wconf 92' lang='lat' dir='ltr'>et</span> <span class='ocrx_word' id='word_1_360' title='bbox 2361 1349 2556 1404; x_wconf 87' lang='lat' dir='ltr'>omnia</span> <span class='ocrx_word' id='word_1_361' title='bbox 2604 1349 2674 1404; x_wconf 88' lang='lat' dir='ltr'>ad</span> <span class='ocrx_word' id='word_1_362' title='bbox 2728 1349 2922 1420; x_wconf 89' lang='lat' dir='ltr'>ipsum</span> <span class='ocrx_word' id='word_1_363' title='bbox 2973 1347 3325 1419; x_wconf 89' lang='lat' dir='ltr'>pertinentia</span> <span class='ocrx_word' id='word_1_364' title='bbox 3353 1345 3654 1401; x_wconf 89' lang='lat' dir='ltr'>communi</span> 
     </span>
    </p>
   </div>
   <div class='ocr_carea' id='block_1_58' title="bbox 2006 1435 3654 1510">
    <p class='ocr_par' dir='ltr' id='par_1_58' title="bbox 2006 1435 3654 1510">
     <span class='ocr_line' id='line_1_60' title="bbox 2006 1435 3654 1510; baseline -0.002 -18"><span class='ocrx_word' id='word_1_365' title='bbox 2006 1438 2303 1510; x_wconf 90' lang='lat' dir='ltr'>rogatione</span> <span class='ocrx_word' id='word_1_366' title='bbox 2320 1439 2565 1494; x_wconf 80' lang='lat' dir='ltr'>fratrum</span> <span class='ocrx_word' id='word_1_367' title='bbox 2589 1438 2646 1492; x_wconf 92' lang='lat' dir='ltr'>in</span> <span class='ocrx_word' id='word_1_368' title='bbox 2673 1437 2914 1493; x_wconf 89' lang='lat' dir='ltr'>tutelam</span> <span class='ocrx_word' id='word_1_369' title='bbox 2940 1435 3268 1508; x_wconf 70' lang='lat' dir='ltr'>apostolicae</span> <span class='ocrx_word' id='word_1_370' title='bbox 3292 1435 3654 1490; x_wconf 87' lang='lat' dir='ltr'>auctoritatis</span> 
     </span>
    </p>
   </div>
   <div class='ocr_carea' id='block_1_59' title="bbox 2006 1523 3655 1598">
    <p class='ocr_par' dir='ltr' id='par_1_59' title="bbox 2006 1523 3655 1598">
     <span class='ocr_line' id='line_1_61' title="bbox 2006 1523 3655 1598; baseline -0.002 -15"><span class='ocrx_word' id='word_1_371' title='bbox 2006 1532 2062 1584; x_wconf 90' lang='lat' dir='ltr'>et</span> <span class='ocrx_word' id='word_1_372' title='bbox 2084 1533 2901 1598; x_wconf 86' lang='lat' dir='ltr'>nostram,successorumque</span> <span class='ocrx_word' id='word_1_373' title='bbox 2924 1531 3279 1592; x_wconf 89' lang='lat' dir='ltr'>nostrorum,</span> <span class='ocrx_word' id='word_1_374' title='bbox 3295 1523 3655 1596; x_wconf 85' lang='lat' dir='ltr'>suscipimus</span> 
     </span>
    </p>
   </div>
   <div class='ocr_carea' id='block_1_60' title="bbox 2008 1613 3654 1689">
    <p class='ocr_par' dir='ltr' id='par_1_60' title="bbox 2008 1613 3654 1689">
     <span class='ocr_line' id='line_1_62' title="bbox 2008 1613 3654 1689; baseline -0.002 -19"><span class='ocrx_word' id='word_1_375' title='bbox 2008 1617 2404 1672; x_wconf 73' lang='lat' dir='ltr'>defensionem</span> <span class='ocrx_word' id='word_1_376' title='bbox 2434 1635 2445 1683; x_wconf 92' lang='lat'><strong>;</strong></span> <span class='ocrx_word' id='word_1_377' title='bbox 2481 1616 2640 1672; x_wconf 89' lang='lat' dir='ltr'>salva</span> <span class='ocrx_word' id='word_1_378' title='bbox 2669 1617 2906 1689; x_wconf 91' lang='lat' dir='ltr'>quidem</span> <span class='ocrx_word' id='word_1_379' title='bbox 2947 1632 3064 1670; x_wconf 85' lang='lat' dir='ltr'>suae</span> <span class='ocrx_word' id='word_1_380' title='bbox 3096 1613 3360 1670; x_wconf 87' lang='lat' dir='ltr'>matricis</span> <span class='ocrx_word' id='word_1_381' title='bbox 3390 1613 3654 1668; x_wconf 72' lang='lat' dir='ltr'>Ecclesia:</span> 
     </span>
    </p>
   </div>
   <div class='ocr_carea' id='block_1_61' title="bbox 2007 1701 3658 1774">
    <p class='ocr_par' dir='ltr' id='par_1_61' title="bbox 2007 1701 3658 1774">
     <span class='ocr_line' id='line_1_63' title="bbox 2007 1701 3658 1774; baseline -0.002 -14"><span class='ocrx_word' id='word_1_382' title='bbox 2007 1707 2204 1761; x_wconf 86' lang='lat' dir='ltr'>debita</span> <span class='ocrx_word' id='word_1_383' title='bbox 2245 1709 2302 1760; x_wconf 90' lang='lat' dir='ltr'>et</span> <span class='ocrx_word' id='word_1_384' title='bbox 2331 1706 2610 1761; x_wconf 88' lang='lat' dir='ltr'>canonica</span> <span class='ocrx_word' id='word_1_385' title='bbox 2642 1705 2978 1760; x_wconf 90' lang='lat' dir='ltr'>reverentia.</span> <span class='ocrx_word' id='word_1_386' title='bbox 3011 1703 3284 1759; x_wconf 89' lang='lat' dir='ltr'>Volentes</span> <span class='ocrx_word' id='word_1_387' title='bbox 3317 1706 3382 1757; x_wconf 89' lang='lat' dir='ltr'>ut</span> <span class='ocrx_word' id='word_1_388' title='bbox 3411 1707 3531 1758; x_wconf 88' lang='lat' dir='ltr'>tam</span> <span class='ocrx_word' id='word_1_389' title='bbox 3561 1701 3658 1774; x_wconf 88' lang='lat' dir='ltr'>pia</span> 
     </span>
    </p>
   </div>
   <div class='ocr_carea' id='block_1_62' title="bbox 2007 1790 3656 1864">
    <p class='ocr_par' dir='ltr' id='par_1_62' title="bbox 2007 1790 3656 1864">
     <span class='ocr_line' id='line_1_64' title="bbox 2007 1790 3656 1864; baseline -0.002 -16"><span class='ocrx_word' id='word_1_390' title='bbox 2007 1793 2270 1848; x_wconf 83' lang='lat' dir='ltr'>fidelium</span> <span class='ocrx_word' id='word_1_391' title='bbox 2285 1794 2614 1849; x_wconf 90' lang='lat' dir='ltr'>animarum</span> <span class='ocrx_word' id='word_1_392' title='bbox 2631 1794 2875 1863; x_wconf 86' lang='lat' dir='ltr'>devotio,</span> <span class='ocrx_word' id='word_1_393' title='bbox 2891 1810 2924 1846; x_wconf 88' lang='lat' dir='ltr'>a</span> <span class='ocrx_word' id='word_1_394' title='bbox 2941 1793 3156 1864; x_wconf 88' lang='lat' dir='ltr'>quibus</span> <span class='ocrx_word' id='word_1_395' title='bbox 3169 1792 3323 1847; x_wconf 86' lang='lat' dir='ltr'>idem</span> <span class='ocrx_word' id='word_1_396' title='bbox 3340 1790 3656 1846; x_wconf 88' lang='lat' dir='ltr'>oratorium</span> 
     </span>
    </p>
   </div>
   <div class='ocr_carea' id='block_1_63' title="bbox 2008 1879 3656 1954">
    <p class='ocr_par' dir='ltr' id='par_1_63' title="bbox 2008 1879 3656 1954">
     <span class='ocr_line' id='line_1_65' title="bbox 2008 1879 3656 1954; baseline -0.001 -18"><span class='ocrx_word' id='word_1_397' title='bbox 2008 1882 2117 1938; x_wconf 90' lang='lat' dir='ltr'>fuit</span> <span class='ocrx_word' id='word_1_398' title='bbox 2163 1881 2505 1954; x_wconf 87' lang='lat' dir='ltr'>incoeptum,</span> <span class='ocrx_word' id='word_1_399' title='bbox 2557 1887 2613 1938; x_wconf 91' lang='lat' dir='ltr'>et</span> <span class='ocrx_word' id='word_1_400' title='bbox 2657 1882 2847 1936; x_wconf 90' lang='lat' dir='ltr'>adhuc</span> <span class='ocrx_word' id='word_1_401' title='bbox 2895 1898 3083 1952; x_wconf 90' lang='lat' dir='ltr'>usque</span> <span class='ocrx_word' id='word_1_402' title='bbox 3135 1882 3508 1953; x_wconf 88' lang='lat' dir='ltr'>productum,</span> <span class='ocrx_word' id='word_1_403' title='bbox 3540 1879 3656 1934; x_wconf 93' lang='lat' dir='ltr'>Deo</span> 
     </span>
    </p>
   </div>
   <div class='ocr_carea' id='block_1_64' title="bbox 2013 1968 3655 2043">
    <p class='ocr_par' dir='ltr' id='par_1_64' title="bbox 2013 1968 3655 2043">
     <span class='ocr_line' id='line_1_66' title="bbox 2013 1968 3655 2043; baseline -0.003 -16"><span class='ocrx_word' id='word_1_404' title='bbox 2013 1976 2255 2043; x_wconf 87' lang='lat' dir='ltr'>crescat,</span> <span class='ocrx_word' id='word_1_405' title='bbox 2279 1976 2334 2027; x_wconf 90' lang='lat' dir='ltr'>et</span> <span class='ocrx_word' id='word_1_406' title='bbox 2360 1970 2475 2026; x_wconf 87' lang='lat' dir='ltr'>illis</span> <span class='ocrx_word' id='word_1_407' title='bbox 2506 1986 2826 2043; x_wconf 91' lang='lat' dir='ltr'>eorumque</span> <span class='ocrx_word' id='word_1_408' title='bbox 2848 1969 3094 2042; x_wconf 88' lang='lat' dir='ltr'>posteris</span> <span class='ocrx_word' id='word_1_409' title='bbox 3117 1974 3174 2024; x_wconf 90' lang='lat' dir='ltr'>et</span> <span class='ocrx_word' id='word_1_410' title='bbox 3195 1968 3655 2034; x_wconf 86' lang='lat' dir='ltr'>successoribus,</span> 
     </span>
    </p>
   </div>
   <div class='ocr_carea' id='block_1_65' title="bbox 2013 2056 3660 2131">
    <p class='ocr_par' dir='ltr' id='par_1_65' title="bbox 2013 2056 3660 2131">
     <span class='ocr_line' id='line_1_67' title="bbox 2013 2056 3660 2131; baseline -0.004 -14"><span class='ocrx_word' id='word_1_411' title='bbox 2013 2061 2084 2117; x_wconf 93' lang='lat' dir='ltr'>ad</span> <span class='ocrx_word' id='word_1_412' title='bbox 2107 2060 2356 2117; x_wconf 89' lang='lat' dir='ltr'>salutem</span> <span class='ocrx_word' id='word_1_413' title='bbox 2383 2061 2639 2131; x_wconf 90' lang='lat' dir='ltr'>corporis</span> <span class='ocrx_word' id='word_1_414' title='bbox 2661 2065 2718 2115; x_wconf 90' lang='lat' dir='ltr'>et</span> <span class='ocrx_word' id='word_1_415' title='bbox 2739 2061 2946 2116; x_wconf 67' lang='lat' dir='ltr'>animae</span> <span class='ocrx_word' id='word_1_416' title='bbox 2977 2058 3263 2130; x_wconf 86' lang='lat' dir='ltr'>proﬁciat.</span> <span class='ocrx_word' id='word_1_417' title='bbox 3293 2057 3388 2112; x_wconf 89' lang='lat' dir='ltr'>Sic</span> <span class='ocrx_word' id='word_1_418' title='bbox 3409 2056 3660 2126; x_wconf 89' lang='lat' dir='ltr'>denique</span> 
     </span>
    </p>
   </div>
   <div class='ocr_carea' id='block_1_66' title="bbox 2013 2145 3659 2222">
    <p class='ocr_par' dir='ltr' id='par_1_66' title="bbox 2013 2145 3659 2222">
     <span class='ocr_line' id='line_1_68' title="bbox 2013 2145 3659 2222; baseline -0.004 -18"><span class='ocrx_word' id='word_1_419' title='bbox 2013 2151 2209 2222; x_wconf 91' lang='lat' dir='ltr'>ipsum</span> <span class='ocrx_word' id='word_1_420' title='bbox 2240 2150 2560 2205; x_wconf 87' lang='lat' dir='ltr'>oratorium</span> <span class='ocrx_word' id='word_1_421' title='bbox 2593 2154 2650 2204; x_wconf 91' lang='lat' dir='ltr'>et</span> <span class='ocrx_word' id='word_1_422' title='bbox 2680 2149 3022 2220; x_wconf 68' lang='lat' dir='ltr'>prmdictum</span> <span class='ocrx_word' id='word_1_423' title='bbox 3053 2147 3270 2214; x_wconf 88' lang='lat' dir='ltr'>locum,</span> <span class='ocrx_word' id='word_1_424' title='bbox 3305 2162 3439 2201; x_wconf 91' lang='lat' dir='ltr'>cum</span> <span class='ocrx_word' id='word_1_425' title='bbox 3471 2145 3659 2200; x_wconf 84' lang='lat' dir='ltr'>omni-</span> 
     </span>
    </p>
   </div>
   <div class='ocr_carea' id='block_1_67' title="bbox 2013 2233 3659 2310">
    <p class='ocr_par' dir='ltr' id='par_1_67' title="bbox 2013 2233 3659 2310">
     <span class='ocr_line' id='line_1_69' title="bbox 2013 2233 3659 2310; baseline -0.004 -15"><span class='ocrx_word' id='word_1_426' title='bbox 2013 2241 2124 2295; x_wconf 90' lang='lat' dir='ltr'>bus</span> <span class='ocrx_word' id='word_1_427' title='bbox 2146 2238 2371 2294; x_wconf 89' lang='lat' dir='ltr'>cellulis</span> <span class='ocrx_word' id='word_1_428' title='bbox 2393 2242 2449 2294; x_wconf 91' lang='lat' dir='ltr'>et</span> <span class='ocrx_word' id='word_1_429' title='bbox 2479 2238 2749 2310; x_wconf 89' lang='lat' dir='ltr'>hospitiis</span> <span class='ocrx_word' id='word_1_430' title='bbox 2779 2238 2924 2307; x_wconf 89' lang='lat' dir='ltr'>suis,</span> <span class='ocrx_word' id='word_1_431' title='bbox 2948 2253 3051 2292; x_wconf 89' lang='lat' dir='ltr'>seu</span> <span class='ocrx_word' id='word_1_432' title='bbox 3084 2234 3370 2291; x_wconf 87' lang='lat' dir='ltr'>universis</span> <span class='ocrx_word' id='word_1_433' title='bbox 3392 2235 3566 2289; x_wconf 90' lang='lat' dir='ltr'>rebus</span> <span class='ocrx_word' id='word_1_434' title='bbox 3587 2233 3659 2288; x_wconf 88' lang='lat' dir='ltr'>ad</span> 
     </span>
    </p>
   </div>
   <div class='ocr_carea' id='block_1_68' title="bbox 2013 2322 3659 2400">
    <p class='ocr_par' dir='ltr' id='par_1_68' title="bbox 2013 2322 3659 2400">
     <span class='ocr_line' id='line_1_70' title="bbox 2013 2322 3659 2400; baseline -0.005 -16"><span class='ocrx_word' id='word_1_435' title='bbox 2013 2345 2146 2384; x_wconf 90' lang='lat' dir='ltr'>eum</span> <span class='ocrx_word' id='word_1_436' title='bbox 2181 2328 2630 2400; x_wconf 89' lang='lat' dir='ltr'>pertinentibus,</span> <span class='ocrx_word' id='word_1_437' title='bbox 2654 2327 2711 2381; x_wconf 91' lang='lat' dir='ltr'>in</span> <span class='ocrx_word' id='word_1_438' title='bbox 2745 2331 3004 2382; x_wconf 89' lang='lat' dir='ltr'>nostram</span> <span class='ocrx_word' id='word_1_439' title='bbox 3039 2324 3437 2380; x_wconf 89' lang='lat' dir='ltr'>defensionem</span> <span class='ocrx_word' id='word_1_440' title='bbox 3473 2322 3659 2378; x_wconf 91' lang='lat' dir='ltr'>susci-</span> 
     </span>
    </p>
   </div>
   <div class='ocr_carea' id='block_1_69' title="bbox 2013 2411 3658 2490">
    <p class='ocr_par' dir='ltr' id='par_1_69' title="bbox 2013 2411 3658 2490">
     <span class='ocr_line' id='line_1_71' title="bbox 2013 2411 3658 2490; baseline -0.004 -18"><span class='ocrx_word' id='word_1_441' title='bbox 2013 2419 2208 2490; x_wconf 91' lang='lat' dir='ltr'>pimus</span> <span class='ocrx_word' id='word_1_442' title='bbox 2240 2423 2304 2472; x_wconf 90' lang='lat' dir='ltr'>ut</span> <span class='ocrx_word' id='word_1_443' title='bbox 2334 2422 2454 2472; x_wconf 88' lang='lat' dir='ltr'>tam</span> <span class='ocrx_word' id='word_1_444' title='bbox 2487 2416 2587 2471; x_wconf 88' lang='lat' dir='ltr'>illa</span> <span class='ocrx_word' id='word_1_445' title='bbox 2614 2433 2738 2488; x_wconf 82' lang='lat' dir='ltr'>quae</span> <span class='ocrx_word' id='word_1_446' title='bbox 2762 2416 2935 2470; x_wconf 92' lang='lat' dir='ltr'>modo</span> <span class='ocrx_word' id='word_1_447' title='bbox 2964 2415 3178 2469; x_wconf 89' lang='lat' dir='ltr'>habere</span> <span class='ocrx_word' id='word_1_448' title='bbox 3201 2418 3258 2468; x_wconf 87' lang='lat' dir='ltr'>et</span> <span class='ocrx_word' id='word_1_449' title='bbox 3286 2417 3481 2466; x_wconf 90' lang='lat' dir='ltr'>tenere</span> <span class='ocrx_word' id='word_1_450' title='bbox 3499 2411 3658 2465; x_wconf 87' lang='lat' dir='ltr'>vide-</span> 
     </span>
    </p>
   </div>
   <div class='ocr_carea' id='block_1_70' title="bbox 2012 2500 3659 2578">
    <p class='ocr_par' dir='ltr' id='par_1_70' title="bbox 2012 2500 3659 2578">
     <span class='ocr_line' id='line_1_72' title="bbox 2012 2500 3659 2578; baseline -0.006 -16"><span class='ocrx_word' id='word_1_451' title='bbox 2012 2513 2110 2562; x_wconf 89' lang='lat' dir='ltr'>tur</span> <span class='ocrx_word' id='word_1_452' title='bbox 2139 2523 2315 2578; x_wconf 90' lang='lat' dir='ltr'>quam</span> <span class='ocrx_word' id='word_1_453' title='bbox 2349 2523 2480 2576; x_wconf 63' lang='lat' dir='ltr'>qum</span> <span class='ocrx_word' id='word_1_454' title='bbox 2523 2506 2582 2559; x_wconf 92' lang='lat' dir='ltr'>in</span> <span class='ocrx_word' id='word_1_455' title='bbox 2623 2511 2793 2560; x_wconf 88' lang='lat' dir='ltr'>antea</span> <span class='ocrx_word' id='word_1_456' title='bbox 2822 2505 2936 2559; x_wconf 92' lang='lat' dir='ltr'>Deo</span> <span class='ocrx_word' id='word_1_457' title='bbox 2965 2503 3249 2575; x_wconf 89' lang='lat' dir='ltr'>largiente</span> <span class='ocrx_word' id='word_1_458' title='bbox 3269 2503 3433 2572; x_wconf 88' lang='lat' dir='ltr'>juste</span> <span class='ocrx_word' id='word_1_459' title='bbox 3462 2500 3659 2570; x_wconf 87' lang='lat' dir='ltr'>acqui-</span> 
     </span>
    </p>
   </div>
   <div class='ocr_carea' id='block_1_71' title="bbox 2012 2591 3660 2666">
    <p class='ocr_par' dir='ltr' id='par_1_71' title="bbox 2012 2591 3660 2666">
     <span class='ocr_line' id='line_1_73' title="bbox 2012 2591 3660 2666; baseline -0.004 -17"><span class='ocrx_word' id='word_1_460' title='bbox 2012 2612 2137 2650; x_wconf 90' lang='lat' dir='ltr'>rere</span> <span class='ocrx_word' id='word_1_461' title='bbox 2167 2596 2396 2666; x_wconf 91' lang='lat' dir='ltr'>poterit,</span> <span class='ocrx_word' id='word_1_462' title='bbox 2429 2594 2763 2665; x_wconf 91' lang='lat' dir='ltr'>ubicunque</span> <span class='ocrx_word' id='word_1_463' title='bbox 2794 2593 2982 2665; x_wconf 89' lang='lat' dir='ltr'>posita</span> <span class='ocrx_word' id='word_1_464' title='bbox 3012 2592 3246 2656; x_wconf 89' lang='lat' dir='ltr'>fuerint,</span> <span class='ocrx_word' id='word_1_465' title='bbox 3280 2591 3390 2645; x_wconf 92' lang='lat' dir='ltr'>sub</span> <span class='ocrx_word' id='word_1_466' title='bbox 3422 2593 3660 2661; x_wconf 88' lang='lat' dir='ltr'>aposto-</span> 
     </span>
    </p>
   </div>
   <div class='ocr_carea' id='block_1_72' title="bbox 2011 2680 3354 2739">
    <p class='ocr_par' dir='ltr' id='par_1_72' title="bbox 2011 2680 3354 2739">
     <span class='ocr_line' id='line_1_74' title="bbox 2011 2680 3354 2739; baseline -0.004 -1"><span class='ocrx_word' id='word_1_467' title='bbox 2011 2684 2134 2739; x_wconf 75' lang='lat' dir='ltr'>licae</span> <span class='ocrx_word' id='word_1_468' title='bbox 2166 2685 2322 2738; x_wconf 90' lang='lat' dir='ltr'>sedis</span> <span class='ocrx_word' id='word_1_469' title='bbox 2352 2683 2617 2739; x_wconf 89' lang='lat' dir='ltr'>custodia</span> <span class='ocrx_word' id='word_1_470' title='bbox 2647 2688 2704 2738; x_wconf 91' lang='lat' dir='ltr'>et</span> <span class='ocrx_word' id='word_1_471' title='bbox 2733 2681 2979 2737; x_wconf 88' lang='lat' dir='ltr'>tuitione</span> <span class='ocrx_word' id='word_1_472' title='bbox 3008 2680 3354 2735; x_wconf 88' lang='lat' dir='ltr'>consistant.</span> 
     </span>
    </p>
   </div>
   <div class='ocr_carea' id='block_1_73' title="bbox 2086 2766 3659 2844">
    <p class='ocr_par' dir='ltr' id='par_1_73' title="bbox 2086 2766 3659 2844">
     <span class='ocr_line' id='line_1_75' title="bbox 2086 2766 3659 2844; baseline -0.003 -17"><span class='ocrx_word' id='word_1_473' title='bbox 2086 2773 2274 2828; x_wconf 90' lang='lat' dir='ltr'>Primo</span> <span class='ocrx_word' id='word_1_474' title='bbox 2298 2773 2494 2844; x_wconf 89' lang='lat' dir='ltr'>itaque</span> <span class='ocrx_word' id='word_1_475' title='bbox 2523 2773 2647 2828; x_wconf 93' lang='lat' dir='ltr'>loco</span> <span class='ocrx_word' id='word_1_476' title='bbox 2671 2773 2945 2844; x_wconf 91' lang='lat' dir='ltr'>ponimus</span> <span class='ocrx_word' id='word_1_477' title='bbox 2967 2785 3227 2825; x_wconf 89' lang='lat' dir='ltr'>eremum</span> <span class='ocrx_word' id='word_1_478' title='bbox 3252 2772 3308 2823; x_wconf 91' lang='lat' dir='ltr'>et</span> <span class='ocrx_word' id='word_1_479' title='bbox 3339 2766 3659 2823; x_wconf 90' lang='lat' dir='ltr'>oratorium</span> 
     </span>
    </p>
   </div>
   <div class='ocr_carea' id='block_1_74' title="bbox 2013 2857 3660 2933">
    <p class='ocr_par' dir='ltr' id='par_1_74' title="bbox 2013 2857 3660 2933">
     <span class='ocr_line' id='line_1_76' title="bbox 2013 2857 3660 2933; baseline -0.005 -15"><span class='ocrx_word' id='word_1_480' title='bbox 2013 2863 2194 2918; x_wconf 86' lang='lat' dir='ltr'>situm</span> <span class='ocrx_word' id='word_1_481' title='bbox 2242 2862 2301 2916; x_wconf 91' lang='lat' dir='ltr'>in</span> <span class='ocrx_word' id='word_1_482' title='bbox 2352 2862 2476 2917; x_wconf 92' lang='lat' dir='ltr'>loco</span> <span class='ocrx_word' id='word_1_483' title='bbox 2522 2861 2625 2933; x_wconf 92' lang='lat' dir='ltr'>qui</span> <span class='ocrx_word' id='word_1_484' title='bbox 2667 2861 2883 2916; x_wconf 91' lang='lat' dir='ltr'>dicitur</span> <span class='ocrx_word' id='word_1_485' title='bbox 2912 2862 3166 2930; x_wconf 88' lang='lat' dir='ltr'>Campus</span> <span class='ocrx_word' id='word_1_486' title='bbox 3210 2857 3534 2924; x_wconf 80' lang='lat' dir='ltr'>Amabilis;</span> <span class='ocrx_word' id='word_1_487' title='bbox 3569 2871 3660 2911; x_wconf 89' lang='lat' dir='ltr'>se-</span> 
     </span>
    </p>
   </div>
   <div class='ocr_carea' id='block_1_75' title="bbox 2014 2946 3658 3022">
    <p class='ocr_par' dir='ltr' id='par_1_75' title="bbox 2014 2946 3658 3022">
     <span class='ocr_line' id='line_1_77' title="bbox 2014 2946 3658 3022; baseline -0.004 -17"><span class='ocrx_word' id='word_1_488' title='bbox 2014 2951 2225 3022; x_wconf 88' lang='lat' dir='ltr'>cundo,</span> <span class='ocrx_word' id='word_1_489' title='bbox 2261 2950 2584 3022; x_wconf 89' lang='lat' dir='ltr'>hospitium</span> <span class='ocrx_word' id='word_1_490' title='bbox 2618 2951 2767 3021; x_wconf 90' lang='lat' dir='ltr'>ejus,</span> <span class='ocrx_word' id='word_1_491' title='bbox 2801 2949 2954 3020; x_wconf 91' lang='lat' dir='ltr'>quod</span> <span class='ocrx_word' id='word_1_492' title='bbox 2997 2947 3212 3002; x_wconf 87' lang='lat' dir='ltr'>dicitur</span> <span class='ocrx_word' id='word_1_493' title='bbox 3239 2947 3390 3001; x_wconf 89' lang='lat' dir='ltr'>Fons</span> <span class='ocrx_word' id='word_1_494' title='bbox 3420 2946 3617 3000; x_wconf 90' lang='lat' dir='ltr'>Bonus</span> <span class='ocrx_word' id='word_1_495' title='bbox 3645 2961 3658 3011; x_wconf 90' lang='lat'><strong>;</strong></span> 
     </span>
    </p>
   </div>
   <div class='ocr_carea' id='block_1_76' title="bbox 2013 3032 3663 3111">
    <p class='ocr_par' dir='ltr' id='par_1_76' title="bbox 2013 3032 3663 3111">
     <span class='ocr_line' id='line_1_78' title="bbox 2013 3032 3663 3111; baseline -0.005 -17"><span class='ocrx_word' id='word_1_496' title='bbox 2013 3041 2185 3095; x_wconf 91' lang='lat' dir='ltr'>tertio</span> <span class='ocrx_word' id='word_1_497' title='bbox 2215 3040 2546 3094; x_wconf 89' lang='lat' dir='ltr'>coenobium</span> <span class='ocrx_word' id='word_1_498' title='bbox 2580 3040 2734 3111; x_wconf 89' lang='lat' dir='ltr'>quod</span> <span class='ocrx_word' id='word_1_499' title='bbox 2766 3043 2854 3094; x_wconf 90' lang='lat' dir='ltr'>est</span> <span class='ocrx_word' id='word_1_500' title='bbox 2883 3039 3284 3093; x_wconf 90' lang='lat' dir='ltr'>constructum</span> <span class='ocrx_word' id='word_1_501' title='bbox 3314 3035 3374 3089; x_wconf 90' lang='lat' dir='ltr'>in</span> <span class='ocrx_word' id='word_1_502' title='bbox 3405 3034 3531 3089; x_wconf 91' lang='lat' dir='ltr'>loco</span> <span class='ocrx_word' id='word_1_503' title='bbox 3561 3032 3663 3104; x_wconf 91' lang='lat' dir='ltr'>qui</span> 
     </span>
    </p>
   </div>
   <div class='ocr_carea' id='block_1_77' title="bbox 2017 3122 3663 3200">
    <p class='ocr_par' dir='ltr' id='par_1_77' title="bbox 2017 3122 3663 3200">
     <span class='ocr_line' id='line_1_79' title="bbox 2017 3122 3663 3200; baseline -0.005 -18"><span class='ocrx_word' id='word_1_504' title='bbox 2017 3129 2230 3183; x_wconf 92' lang='lat' dir='ltr'>dicitur</span> <span class='ocrx_word' id='word_1_505' title='bbox 2259 3133 2508 3195; x_wconf 88' lang='lat' dir='ltr'>Cerreto,</span> <span class='ocrx_word' id='word_1_506' title='bbox 2543 3127 2643 3200; x_wconf 92' lang='lat' dir='ltr'>qui</span> <span class='ocrx_word' id='word_1_507' title='bbox 2674 3131 2762 3182; x_wconf 90' lang='lat' dir='ltr'>est</span> <span class='ocrx_word' id='word_1_508' title='bbox 2806 3127 2957 3181; x_wconf 84' lang='lat' dir='ltr'>infra</span> <span class='ocrx_word' id='word_1_509' title='bbox 2986 3124 3327 3181; x_wconf 89' lang='lat' dir='ltr'>comitatum</span> <span class='ocrx_word' id='word_1_510' title='bbox 3356 3122 3663 3177; x_wconf 88' lang='lat' dir='ltr'>Vulteren-</span> 
     </span>
    </p>
   </div>
   <div class='ocr_carea' id='block_1_78' title="bbox 2016 3209 3663 3287">
    <p class='ocr_par' dir='ltr' id='par_1_78' title="bbox 2016 3209 3663 3287">
     <span class='ocr_line' id='line_1_80' title="bbox 2016 3209 3663 3287; baseline -0.005 -16"><span class='ocrx_word' id='word_1_511' title='bbox 2016 3233 2179 3283; x_wconf 87' lang='lat' dir='ltr'>sem;</span> <span class='ocrx_word' id='word_1_512' title='bbox 2215 3222 2420 3287; x_wconf 89' lang='lat' dir='ltr'>quarto</span> <span class='ocrx_word' id='word_1_513' title='bbox 2467 3217 2526 3270; x_wconf 91' lang='lat' dir='ltr'>in</span> <span class='ocrx_word' id='word_1_514' title='bbox 2556 3215 2682 3270; x_wconf 91' lang='lat' dir='ltr'>loco</span> <span class='ocrx_word' id='word_1_515' title='bbox 2713 3214 2812 3286; x_wconf 90' lang='lat' dir='ltr'>qui</span> <span class='ocrx_word' id='word_1_516' title='bbox 2844 3215 3061 3269; x_wconf 88' lang='lat' dir='ltr'>dicitur</span> <span class='ocrx_word' id='word_1_517' title='bbox 3088 3215 3289 3283; x_wconf 90' lang='lat' dir='ltr'>Agna;</span> <span class='ocrx_word' id='word_1_518' title='bbox 3340 3212 3567 3282; x_wconf 91' lang='lat' dir='ltr'>quinto,</span> <span class='ocrx_word' id='word_1_519' title='bbox 3605 3209 3663 3263; x_wconf 91' lang='lat' dir='ltr'>in</span> 
     </span>
    </p>
   </div>
   <div class='ocr_carea' id='block_1_79' title="bbox 1937 3286 3665 3376">
    <p class='ocr_par' dir='ltr' id='par_1_79' title="bbox 1937 3286 3665 3376">
     <span class='ocr_line' id='line_1_81' title="bbox 1937 3286 3665 3376; baseline -0.006 -15"><span class='ocrx_word' id='word_1_520' title='bbox 1937 3286 1978 3352; x_wconf 79' lang='lat' dir='ltr'>C</span> <span class='ocrx_word' id='word_1_521' title='bbox 2014 3306 2161 3372; x_wconf 93' lang='lat' dir='ltr'>loco,</span> <span class='ocrx_word' id='word_1_522' title='bbox 2197 3286 2295 3376; x_wconf 80' lang='lat' dir='ltr'>qui</span> <span class='ocrx_word' id='word_1_523' title='bbox 2328 3305 2542 3359; x_wconf 89' lang='lat' dir='ltr'>dicitur</span> <span class='ocrx_word' id='word_1_524' title='bbox 2587 3305 2798 3372; x_wconf 88' lang='lat' dir='ltr'>Monte,</span> <span class='ocrx_word' id='word_1_525' title='bbox 2830 3307 2887 3357; x_wconf 91' lang='lat' dir='ltr'>et</span> <span class='ocrx_word' id='word_1_526' title='bbox 2923 3303 3050 3357; x_wconf 89' lang='lat' dir='ltr'>Soci</span> <span class='ocrx_word' id='word_1_527' title='bbox 3078 3319 3091 3367; x_wconf 90' lang='lat'><strong>;</strong></span> <span class='ocrx_word' id='word_1_528' title='bbox 3125 3305 3284 3355; x_wconf 84' lang='lat' dir='ltr'>sexto</span> <span class='ocrx_word' id='word_1_529' title='bbox 3317 3299 3375 3352; x_wconf 90' lang='lat' dir='ltr'>in</span> <span class='ocrx_word' id='word_1_530' title='bbox 3406 3299 3531 3352; x_wconf 94' lang='lat' dir='ltr'>loco</span> <span class='ocrx_word' id='word_1_531' title='bbox 3565 3297 3665 3368; x_wconf 88' lang='lat' dir='ltr'>qui</span> 
     </span>
    </p>
   </div>
   <div class='ocr_carea' id='block_1_80' title="bbox 2019 3385 3668 3463">
    <p class='ocr_par' dir='ltr' id='par_1_80' title="bbox 2019 3385 3668 3463">
     <span class='ocr_line' id='line_1_82' title="bbox 2019 3385 3668 3463; baseline -0.006 -14"><span class='ocrx_word' id='word_1_532' title='bbox 2019 3394 2231 3449; x_wconf 90' lang='lat' dir='ltr'>dicitur</span> <span class='ocrx_word' id='word_1_533' title='bbox 2249 3393 2460 3448; x_wconf 82' lang='lat' dir='ltr'>Arcina</span> <span class='ocrx_word' id='word_1_534' title='bbox 2487 3410 2501 3460; x_wconf 88' lang='lat'><strong>;</strong></span> <span class='ocrx_word' id='word_1_535' title='bbox 2538 3392 2809 3463; x_wconf 89' lang='lat' dir='ltr'>septimo,</span> <span class='ocrx_word' id='word_1_536' title='bbox 2833 3391 2891 3444; x_wconf 88' lang='lat' dir='ltr'>in</span> <span class='ocrx_word' id='word_1_537' title='bbox 2923 3389 3050 3444; x_wconf 92' lang='lat' dir='ltr'>loco</span> <span class='ocrx_word' id='word_1_538' title='bbox 3072 3387 3172 3459; x_wconf 92' lang='lat' dir='ltr'>qui</span> <span class='ocrx_word' id='word_1_539' title='bbox 3203 3386 3418 3440; x_wconf 92' lang='lat' dir='ltr'>dicitur</span> <span class='ocrx_word' id='word_1_540' title='bbox 3448 3386 3506 3439; x_wconf 92' lang='lat' dir='ltr'>in</span> <span class='ocrx_word' id='word_1_541' title='bbox 3528 3385 3668 3439; x_wconf 88' lang='lat' dir='ltr'>Cha-</span> 
     </span>
    </p>
   </div>
   <div class='ocr_carea' id='block_1_81' title="bbox 2016 3472 3662 3548">
    <p class='ocr_par' dir='ltr' id='par_1_81' title="bbox 2016 3472 3662 3548">
     <span class='ocr_line' id='line_1_83' title="bbox 2016 3472 3662 3548; baseline -0.005 -11"><span class='ocrx_word' id='word_1_542' title='bbox 2016 3483 2170 3538; x_wconf 85' lang='lat' dir='ltr'>liano</span> <span class='ocrx_word' id='word_1_543' title='bbox 2192 3487 2249 3537; x_wconf 93' lang='lat' dir='ltr'>et</span> <span class='ocrx_word' id='word_1_544' title='bbox 2271 3481 2537 3548; x_wconf 89' lang='lat' dir='ltr'>Punina;</span> <span class='ocrx_word' id='word_1_545' title='bbox 2571 3486 2793 3540; x_wconf 83' lang='lat' dir='ltr'>octavo,</span> <span class='ocrx_word' id='word_1_546' title='bbox 2820 3481 2879 3533; x_wconf 91' lang='lat' dir='ltr'>in</span> <span class='ocrx_word' id='word_1_547' title='bbox 2902 3477 3026 3533; x_wconf 93' lang='lat' dir='ltr'>loco</span> <span class='ocrx_word' id='word_1_548' title='bbox 3057 3477 3157 3548; x_wconf 91' lang='lat' dir='ltr'>qui</span> <span class='ocrx_word' id='word_1_549' title='bbox 3181 3475 3396 3530; x_wconf 91' lang='lat' dir='ltr'>dicitur</span> <span class='ocrx_word' id='word_1_550' title='bbox 3421 3474 3480 3528; x_wconf 91' lang='lat' dir='ltr'>in</span> <span class='ocrx_word' id='word_1_551' title='bbox 3503 3472 3662 3543; x_wconf 90' lang='lat' dir='ltr'>Chio,</span> 
     </span>
    </p>
   </div>
   <div class='ocr_carea' id='block_1_82' title="bbox 2017 3561 3668 3636">
    <p class='ocr_par' dir='ltr' id='par_1_82' title="bbox 2017 3561 3668 3636">
     <span class='ocr_line' id='line_1_84' title="bbox 2017 3561 3668 3636; baseline -0.007 -9"><span class='ocrx_word' id='word_1_552' title='bbox 2017 3576 2074 3627; x_wconf 90' lang='lat' dir='ltr'>et</span> <span class='ocrx_word' id='word_1_553' title='bbox 2103 3571 2346 3627; x_wconf 90' lang='lat' dir='ltr'>ecclesia</span> <span class='ocrx_word' id='word_1_554' title='bbox 2372 3571 2568 3626; x_wconf 80' lang='lat' dir='ltr'>Sancti</span> <span class='ocrx_word' id='word_1_555' title='bbox 2595 3568 2792 3626; x_wconf 91' lang='lat' dir='ltr'>Savini</span> <span class='ocrx_word' id='word_1_556' title='bbox 2821 3586 2833 3636; x_wconf 91' lang='lat'><strong>;</strong></span> <span class='ocrx_word' id='word_1_557' title='bbox 2869 3583 3043 3636; x_wconf 89' lang='lat' dir='ltr'>nono,</span> <span class='ocrx_word' id='word_1_558' title='bbox 3075 3565 3135 3619; x_wconf 88' lang='lat' dir='ltr'>in</span> <span class='ocrx_word' id='word_1_559' title='bbox 3165 3563 3290 3620; x_wconf 88' lang='lat' dir='ltr'>loco</span> <span class='ocrx_word' id='word_1_560' title='bbox 3323 3563 3424 3635; x_wconf 91' lang='lat' dir='ltr'>qui</span> <span class='ocrx_word' id='word_1_561' title='bbox 3453 3561 3668 3618; x_wconf 89' lang='lat' dir='ltr'>dicitur</span> 
     </span>
    </p>
   </div>
   <div class='ocr_carea' id='block_1_83' title="bbox 2021 3661 3636 3732">
    <p class='ocr_par' dir='ltr' id='par_1_83' title="bbox 2021 3661 3636 3732">
     <span class='ocr_line' id='line_1_85' title="bbox 2021 3661 3636 3732; baseline -0.004 -16"><span class='ocrx_word' id='word_1_562' title='bbox 2021 3661 2292 3732; x_wconf 83' lang='lat' dir='ltr'>Fogiano.</span> <span class='ocrx_word' id='word_1_563' title='bbox 3633 3698 3636 3701; x_wconf 79' lang='lat'>.</span> 
     </span>
    </p>
   </div>
   <div class='ocr_carea' id='block_1_84' title="bbox 2091 3741 3669 3820">
    <p class='ocr_par' dir='ltr' id='par_1_84' title="bbox 2091 3741 3669 3820">
     <span class='ocr_line' id='line_1_86' title="bbox 2091 3741 3669 3820; baseline -0.007 -15"><span class='ocrx_word' id='word_1_564' title='bbox 2091 3749 2402 3805; x_wconf 89' lang='lat' dir='ltr'>Sancimus</span> <span class='ocrx_word' id='word_1_565' title='bbox 2435 3748 2615 3820; x_wconf 89' lang='lat' dir='ltr'>igitur</span> <span class='ocrx_word' id='word_1_566' title='bbox 2644 3746 2752 3801; x_wconf 88' lang='lat' dir='ltr'>hoc</span> <span class='ocrx_word' id='word_1_567' title='bbox 2783 3748 2979 3800; x_wconf 87' lang='lat' dir='ltr'>nostro</span> <span class='ocrx_word' id='word_1_568' title='bbox 3020 3741 3317 3815; x_wconf 88' lang='lat' dir='ltr'>privilegio</span> <span class='ocrx_word' id='word_1_569' title='bbox 3365 3743 3431 3795; x_wconf 91' lang='lat' dir='ltr'>ut</span> <span class='ocrx_word' id='word_1_570' title='bbox 3479 3755 3669 3810; x_wconf 91' lang='lat' dir='ltr'>neque</span> 
     </span>
    </p>
   </div>
   <div class='ocr_carea' id='block_1_85' title="bbox 2022 3827 3668 3909">
    <p class='ocr_par' dir='ltr' id='par_1_85' title="bbox 2022 3827 3668 3909">
     <span class='ocr_line' id='line_1_87' title="bbox 2022 3827 3668 3909; baseline -0.007 -16"><span class='ocrx_word' id='word_1_571' title='bbox 2022 3855 2140 3909; x_wconf 87' lang='lat' dir='ltr'>rex,</span> <span class='ocrx_word' id='word_1_572' title='bbox 2176 3838 2515 3909; x_wconf 88' lang='lat' dir='ltr'>imperator,</span> <span class='ocrx_word' id='word_1_573' title='bbox 2547 3837 2684 3901; x_wconf 83' lang='lat' dir='ltr'>dux,</span> <span class='ocrx_word' id='word_1_574' title='bbox 2717 3851 2932 3899; x_wconf 89' lang='lat' dir='ltr'>comes,</span> <span class='ocrx_word' id='word_1_575' title='bbox 2969 3837 3070 3888; x_wconf 92' lang='lat' dir='ltr'>aut</span> <span class='ocrx_word' id='word_1_576' title='bbox 3101 3829 3378 3903; x_wconf 85' lang='lat' dir='ltr'>pontifex,</span> <span class='ocrx_word' id='word_1_577' title='bbox 3411 3833 3514 3884; x_wconf 88' lang='lat' dir='ltr'>aut</span> <span class='ocrx_word' id='word_1_578' title='bbox 3563 3827 3668 3883; x_wconf 91' lang='lat' dir='ltr'>ali-</span> 
     </span>
    </p>
   </div>
   <div class='ocr_carea' id='block_1_86' title="bbox 2022 3917 3670 3999">
    <p class='ocr_par' dir='ltr' id='par_1_86' title="bbox 2022 3917 3670 3999">
     <span class='ocr_line' id='line_1_88' title="bbox 2022 3917 3670 3999; baseline -0.005 -18"><span class='ocrx_word' id='word_1_579' title='bbox 2022 3944 2139 3999; x_wconf 83' lang='lat' dir='ltr'>qua</span> <span class='ocrx_word' id='word_1_580' title='bbox 2170 3943 2438 3996; x_wconf 90' lang='lat' dir='ltr'>persona,</span> <span class='ocrx_word' id='word_1_581' title='bbox 2472 3926 2627 3980; x_wconf 88' lang='lat' dir='ltr'>idem</span> <span class='ocrx_word' id='word_1_582' title='bbox 2659 3923 3000 3992; x_wconf 89' lang='lat' dir='ltr'>oratorium,</span> <span class='ocrx_word' id='word_1_583' title='bbox 3035 3925 3135 3976; x_wconf 89' lang='lat' dir='ltr'>aut</span> <span class='ocrx_word' id='word_1_584' title='bbox 3174 3920 3382 3974; x_wconf 85' lang='lat' dir='ltr'>fratres</span> <span class='ocrx_word' id='word_1_585' title='bbox 3426 3917 3504 3972; x_wconf 92' lang='lat' dir='ltr'>ibi</span> <span class='ocrx_word' id='word_1_586' title='bbox 3555 3921 3670 3972; x_wconf 90' lang='lat' dir='ltr'>Deo</span> 
     </span>
    </p>
   </div>
   <div class='ocr_carea' id='block_1_87' title="bbox 2023 4006 3670 4086">
    <p class='ocr_par' dir='ltr' id='par_1_87' title="bbox 2023 4006 3670 4086">
     <span class='ocr_line' id='line_1_89' title="bbox 2023 4006 3670 4086; baseline -0.007 -16"><span class='ocrx_word' id='word_1_587' title='bbox 2023 4015 2359 4084; x_wconf 87' lang='lat' dir='ltr'>servientes,</span> <span class='ocrx_word' id='word_1_588' title='bbox 2385 4016 2630 4086; x_wconf 90' lang='lat' dir='ltr'>ejusque</span> <span class='ocrx_word' id='word_1_589' title='bbox 2657 4011 2970 4077; x_wconf 89' lang='lat' dir='ltr'>territoria,</span> <span class='ocrx_word' id='word_1_590' title='bbox 2997 4015 3098 4065; x_wconf 88' lang='lat' dir='ltr'>aut</span> <span class='ocrx_word' id='word_1_591' title='bbox 3127 4008 3325 4080; x_wconf 91' lang='lat' dir='ltr'>aliqua</span> <span class='ocrx_word' id='word_1_592' title='bbox 3351 4006 3464 4063; x_wconf 91' lang='lat' dir='ltr'>sibi</span> <span class='ocrx_word' id='word_1_593' title='bbox 3488 4007 3670 4074; x_wconf 89' lang='lat' dir='ltr'>juste,</span> 
     </span>
    </p>
   </div>
   <div class='ocr_carea' id='block_1_88' title="bbox 2025 4093 3670 4170">
    <p class='ocr_par' dir='ltr' id='par_1_88' title="bbox 2025 4093 3670 4170">
     <span class='ocr_line' id='line_1_90' title="bbox 2025 4093 3670 4170; baseline -0.007 -12"><span class='ocrx_word' id='word_1_594' title='bbox 2025 4105 2196 4160; x_wconf 91' lang='lat' dir='ltr'>modo</span> <span class='ocrx_word' id='word_1_595' title='bbox 2219 4109 2318 4159; x_wconf 91' lang='lat' dir='ltr'>aut</span> <span class='ocrx_word' id='word_1_596' title='bbox 2339 4109 2511 4158; x_wconf 87' lang='lat' dir='ltr'>antea</span> <span class='ocrx_word' id='word_1_597' title='bbox 2534 4100 2902 4170; x_wconf 87' lang='lat' dir='ltr'>pertinentia,</span> <span class='ocrx_word' id='word_1_598' title='bbox 2917 4099 3190 4154; x_wconf 90' lang='lat' dir='ltr'>invadere</span> <span class='ocrx_word' id='word_1_599' title='bbox 3214 4101 3317 4152; x_wconf 90' lang='lat' dir='ltr'>aut</span> <span class='ocrx_word' id='word_1_600' title='bbox 3339 4093 3670 4160; x_wconf 88' lang='lat' dir='ltr'>molestare,</span> 
     </span>
    </p>
   </div>
   <div class='ocr_carea' id='block_1_89' title="bbox 2020 4185 3670 4264">
    <p class='ocr_par' dir='ltr' id='par_1_89' title="bbox 2020 4185 3670 4264">
     <span class='ocr_line' id='line_1_91' title="bbox 2020 4185 3670 4264; baseline -0.008 -15"><span class='ocrx_word' id='word_1_601' title='bbox 2020 4194 2109 4250; x_wconf 91' lang='lat' dir='ltr'>vel</span> <span class='ocrx_word' id='word_1_602' title='bbox 2142 4193 2334 4264; x_wconf 86' lang='lat' dir='ltr'>aliquo</span> <span class='ocrx_word' id='word_1_603' title='bbox 2367 4192 2538 4246; x_wconf 89' lang='lat' dir='ltr'>modo</span> <span class='ocrx_word' id='word_1_604' title='bbox 2569 4191 2898 4261; x_wconf 89' lang='lat' dir='ltr'>inquietare</span> <span class='ocrx_word' id='word_1_605' title='bbox 2947 4190 3284 4261; x_wconf 62' lang='lat' dir='ltr'>praesumat.</span> <span class='ocrx_word' id='word_1_606' title='bbox 3318 4185 3670 4239; x_wconf 82' lang='lat' dir='ltr'>Libertatem</span> 
     </span>
    </p>
   </div>
   <div class='ocr_carea' id='block_1_90' title="bbox 2022 4275 3673 4349">
    <p class='ocr_par' dir='ltr' id='par_1_90' title="bbox 2022 4275 3673 4349">
     <span class='ocr_line' id='line_1_92' title="bbox 2022 4275 3673 4349; baseline -0.007 -11"><span class='ocrx_word' id='word_1_607' title='bbox 2022 4282 2110 4338; x_wconf 89' lang='lat' dir='ltr'>vel</span> <span class='ocrx_word' id='word_1_608' title='bbox 2165 4282 2460 4337; x_wconf 87' lang='lat' dir='ltr'>licentiam</span> <span class='ocrx_word' id='word_1_609' title='bbox 2513 4278 2895 4335; x_wconf 90' lang='lat' dir='ltr'>ecclesiastici</span> <span class='ocrx_word' id='word_1_610' title='bbox 2934 4278 3110 4349; x_wconf 90' lang='lat' dir='ltr'>juris,</span> <span class='ocrx_word' id='word_1_611' title='bbox 3140 4291 3317 4348; x_wconf 85' lang='lat' dir='ltr'>quam</span> <span class='ocrx_word' id='word_1_612' title='bbox 3366 4275 3673 4344; x_wconf 89' lang='lat' dir='ltr'>hucusque</span> 
     </span>
    </p>
   </div>
   <div class='ocr_carea' id='block_1_91' title="bbox 2025 4362 3674 4440">
    <p class='ocr_par' dir='ltr' id='par_1_91' title="bbox 2025 4362 3674 4440">
     <span class='ocr_line' id='line_1_93' title="bbox 2025 4362 3674 4440; baseline -0.007 -14"><span class='ocrx_word' id='word_1_613' title='bbox 2025 4371 2238 4426; x_wconf 91' lang='lat' dir='ltr'>habere</span> <span class='ocrx_word' id='word_1_614' title='bbox 2269 4371 2375 4425; x_wconf 87' lang='lat' dir='ltr'>visi</span> <span class='ocrx_word' id='word_1_615' title='bbox 2406 4375 2565 4437; x_wconf 89' lang='lat' dir='ltr'>sunt,</span> <span class='ocrx_word' id='word_1_616' title='bbox 2599 4385 2700 4423; x_wconf 92' lang='lat' dir='ltr'>seu</span> <span class='ocrx_word' id='word_1_617' title='bbox 2733 4383 2909 4440; x_wconf 91' lang='lat' dir='ltr'>quam</span> <span class='ocrx_word' id='word_1_618' title='bbox 2953 4368 3114 4437; x_wconf 87' lang='lat' dir='ltr'>juste</span> <span class='ocrx_word' id='word_1_619' title='bbox 3153 4365 3214 4418; x_wconf 92' lang='lat' dir='ltr'>in</span> <span class='ocrx_word' id='word_1_620' title='bbox 3260 4368 3430 4418; x_wconf 90' lang='lat' dir='ltr'>antea</span> <span class='ocrx_word' id='word_1_621' title='bbox 3460 4362 3674 4417; x_wconf 89' lang='lat' dir='ltr'>habere</span> 
     </span>
    </p>
   </div>
   <div class='ocr_carea' id='block_1_92' title="bbox 2025 4452 3674 4531">
    <p class='ocr_par' dir='ltr' id='par_1_92' title="bbox 2025 4452 3674 4531">
     <span class='ocr_line' id='line_1_94' title="bbox 2025 4452 3674 4531; baseline -0.007 -18"><span class='ocrx_word' id='word_1_622' title='bbox 2025 4463 2318 4531; x_wconf 90' lang='lat' dir='ltr'>poterunt,</span> <span class='ocrx_word' id='word_1_623' title='bbox 2341 4459 2399 4511; x_wconf 91' lang='lat' dir='ltr'>in</span> <span class='ocrx_word' id='word_1_624' title='bbox 2433 4458 2540 4510; x_wconf 89' lang='lat' dir='ltr'>hac</span> <span class='ocrx_word' id='word_1_625' title='bbox 2570 4458 2772 4510; x_wconf 87' lang='lat' dir='ltr'>eadem</span> <span class='ocrx_word' id='word_1_626' title='bbox 2806 4455 2952 4510; x_wconf 89' lang='lat' dir='ltr'>serie</span> <span class='ocrx_word' id='word_1_627' title='bbox 2984 4452 3425 4521; x_wconf 82' lang='lat' dir='ltr'>confirmamus,</span> <span class='ocrx_word' id='word_1_628' title='bbox 3454 4455 3512 4504; x_wconf 91' lang='lat' dir='ltr'>et</span> <span class='ocrx_word' id='word_1_629' title='bbox 3544 4465 3674 4519; x_wconf 89' lang='lat' dir='ltr'>per-</span> 
     </span>
    </p>
   </div>
   <div class='ocr_carea' id='block_1_93' title="bbox 2028 4537 3671 4621">
    <p class='ocr_par' dir='ltr' id='par_1_93' title="bbox 2028 4537 3671 4621">
     <span class='ocr_line' id='line_1_95' title="bbox 2028 4537 3671 4621; baseline -0.009 -18"><span class='ocrx_word' id='word_1_630' title='bbox 2028 4552 2261 4621; x_wconf 91' lang='lat' dir='ltr'>petuam</span> <span class='ocrx_word' id='word_1_631' title='bbox 2308 4547 2428 4600; x_wconf 87' lang='lat' dir='ltr'>fore</span> <span class='ocrx_word' id='word_1_632' title='bbox 2469 4544 2807 4598; x_wconf 89' lang='lat' dir='ltr'>statuimus.</span> <span class='ocrx_word' id='word_1_633' title='bbox 2839 4543 2921 4595; x_wconf 90' lang='lat' dir='ltr'>Ne</span> <span class='ocrx_word' id='word_1_634' title='bbox 2953 4542 3082 4610; x_wconf 90' lang='lat' dir='ltr'>quis</span> <span class='ocrx_word' id='word_1_635' title='bbox 3113 4541 3288 4594; x_wconf 89' lang='lat' dir='ltr'>etiam</span> <span class='ocrx_word' id='word_1_636' title='bbox 3321 4537 3504 4592; x_wconf 89' lang='lat' dir='ltr'>malas</span> <span class='ocrx_word' id='word_1_637' title='bbox 3534 4553 3671 4590; x_wconf 88' lang='lat' dir='ltr'>con-</span> 
     </span>
    </p>
   </div>
   <div class='ocr_carea' id='block_1_94' title="bbox 259 4623 3676 4718">
    <p class='ocr_par' dir='ltr' id='par_1_94' title="bbox 259 4623 3676 4718">
     <span class='ocr_line' id='line_1_96' title="bbox 259 4623 3676 4718; baseline -0.008 -13"><span class='ocrx_word' id='word_1_638' title='bbox 259 4649 540 4705; x_wconf 89' lang='lat' dir='ltr'>omnibus</span> <span class='ocrx_word' id='word_1_639' title='bbox 563 4653 926 4710; x_wconf 89' lang='lat' dir='ltr'>ornamenta,</span> <span class='ocrx_word' id='word_1_640' title='bbox 951 4644 1240 4718; x_wconf 67' lang='lat' dir='ltr'>praseidia,</span> <span class='ocrx_word' id='word_1_641' title='bbox 1268 4623 1568 4698; x_wconf 79' lang='lat' dir='ltr'>nonnullis</span> <span class='ocrx_word' id='word_1_642' title='bbox 1601 4623 1834 4712; x_wconf 87' lang='lat' dir='ltr'>quoque</span> <span class='ocrx_word' id='word_1_643' title='bbox 1865 4645 1923 4694; x_wconf 89' lang='lat' dir='ltr'>et</span> <span class='ocrx_word' id='word_1_644' title='bbox 1951 4652 1998 4716; x_wconf 84' lang='lat' dir='ltr'><strong>D</strong></span> <span class='ocrx_word' id='word_1_645' title='bbox 2030 4634 2369 4693; x_wconf 89' lang='lat' dir='ltr'>suetudines</span> <span class='ocrx_word' id='word_1_646' title='bbox 2399 4632 2838 4704; x_wconf 89' lang='lat' dir='ltr'>superinducat,</span> <span class='ocrx_word' id='word_1_647' title='bbox 2863 4630 3076 4700; x_wconf 89' lang='lat' dir='ltr'>quibus</span> <span class='ocrx_word' id='word_1_648' title='bbox 3105 4628 3258 4681; x_wconf 90' lang='lat' dir='ltr'>idem</span> <span class='ocrx_word' id='word_1_649' title='bbox 3288 4623 3602 4680; x_wconf 89' lang='lat' dir='ltr'>oratorium</span> <span class='ocrx_word' id='word_1_650' title='bbox 3642 4640 3676 4678; x_wconf 92' lang='lat' dir='ltr'>a</span> 
     </span>
    </p>
   </div>
   <div class='ocr_carea' id='block_1_95' title="bbox 259 4730 1921 4810">
    <p class='ocr_par' dir='ltr' id='par_1_95' title="bbox 259 4730 1921 4810">
     <span class='ocr_line' id='line_1_97' title="bbox 259 4730 1921 4810; baseline -0.005 -18"><span class='ocrx_word' id='word_1_651' title='bbox 259 4737 514 4810; x_wconf 84' lang='lat' dir='ltr'>gratiam</span> <span class='ocrx_word' id='word_1_652' title='bbox 541 4740 839 4792; x_wconf 89' lang='lat' dir='ltr'>consecret</span> <span class='ocrx_word' id='word_1_653' title='bbox 861 4735 1196 4806; x_wconf 84' lang='lat' dir='ltr'>[conferret]</span> <span class='ocrx_word' id='word_1_654' title='bbox 1215 4730 1711 4804; x_wconf 83' lang='lat' dir='ltr'>amplificationis.</span> <span class='ocrx_word' id='word_1_655' title='bbox 1740 4730 1921 4800; x_wconf 88' lang='lat' dir='ltr'>Cujus</span> 
     </span>
    </p>
   </div>
   <div class='ocr_carea' id='block_1_96' title="bbox 262 4817 1918 4897">
    <p class='ocr_par' dir='ltr' id='par_1_96' title="bbox 262 4817 1918 4897">
     <span class='ocr_line' id='line_1_98' title="bbox 262 4817 1918 4897; baseline -0.007 -16"><span class='ocrx_word' id='word_1_656' title='bbox 262 4827 346 4882; x_wconf 87' lang='lat' dir='ltr'>rei</span> <span class='ocrx_word' id='word_1_657' title='bbox 383 4826 555 4881; x_wconf 89' lang='lat' dir='ltr'>nobis</span> <span class='ocrx_word' id='word_1_658' title='bbox 588 4824 847 4897; x_wconf 91' lang='lat' dir='ltr'>plurima</span> <span class='ocrx_word' id='word_1_659' title='bbox 877 4823 1142 4894; x_wconf 82' lang='lat' dir='ltr'>exempla</span> <span class='ocrx_word' id='word_1_660' title='bbox 1175 4818 1534 4878; x_wconf 84' lang='lat' dir='ltr'>sanctissimi</span> <span class='ocrx_word' id='word_1_661' title='bbox 1562 4817 1670 4873; x_wconf 89' lang='lat' dir='ltr'>viri</span> <span class='ocrx_word' id='word_1_662' title='bbox 1703 4818 1918 4889; x_wconf 69' lang='lat' dir='ltr'>praede-</span> 
     </span>
    </p>
   </div>
   <div class='ocr_carea' id='block_1_97' title="bbox 263 4911 1924 4982">
    <p class='ocr_par' dir='ltr' id='par_1_97' title="bbox 263 4911 1924 4982">
     <span class='ocr_line' id='line_1_99' title="bbox 263 4911 1924 4982; baseline -0.006 -12"><span class='ocrx_word' id='word_1_663' title='bbox 263 4930 534 4970; x_wconf 88' lang='lat' dir='ltr'>cessores</span> <span class='ocrx_word' id='word_1_664' title='bbox 566 4913 751 4968; x_wconf 89' lang='lat' dir='ltr'>nostri</span> <span class='ocrx_word' id='word_1_665' title='bbox 784 4912 1071 4982; x_wconf 89' lang='lat' dir='ltr'>reliquere</span> <span class='ocrx_word' id='word_1_666' title='bbox 1099 4911 1199 4982; x_wconf 91' lang='lat' dir='ltr'>qui</span> <span class='ocrx_word' id='word_1_667' title='bbox 1232 4915 1365 4965; x_wconf 90' lang='lat' dir='ltr'>ante</span> <span class='ocrx_word' id='word_1_668' title='bbox 1397 4926 1502 4965; x_wconf 89' lang='lat' dir='ltr'>nos</span> <span class='ocrx_word' id='word_1_669' title='bbox 1535 4911 1593 4962; x_wconf 86' lang='lat' dir='ltr'>in</span> <span class='ocrx_word' id='word_1_670' title='bbox 1626 4923 1714 4974; x_wconf 87' lang='lat' dir='ltr'>ea,</span> <span class='ocrx_word' id='word_1_671' title='bbox 1747 4923 1924 4978; x_wconf 87' lang='lat' dir='ltr'>quam</span> 
     </span>
    </p>
   </div>
   <div class='ocr_carea' id='block_1_98' title="bbox 261 4996 1924 5073">
    <p class='ocr_par' dir='ltr' id='par_1_98' title="bbox 261 4996 1924 5073">
     <span class='ocr_line' id='line_1_100' title="bbox 261 4996 1924 5073; baseline -0.006 -14"><span class='ocrx_word' id='word_1_672' title='bbox 261 5003 550 5073; x_wconf 82' lang='lat' dir='ltr'>diximus,</span> <span class='ocrx_word' id='word_1_673' title='bbox 583 5000 906 5073; x_wconf 85' lang='lat' dir='ltr'>apostolica</span> <span class='ocrx_word' id='word_1_674' title='bbox 936 5001 1073 5056; x_wconf 89' lang='lat' dir='ltr'>sede</span> <span class='ocrx_word' id='word_1_675' title='bbox 1107 5000 1414 5071; x_wconf 89' lang='lat' dir='ltr'>fulgentes,</span> <span class='ocrx_word' id='word_1_676' title='bbox 1450 5014 1552 5069; x_wconf 91' lang='lat' dir='ltr'>pro</span> <span class='ocrx_word' id='word_1_677' title='bbox 1583 4996 1801 5051; x_wconf 87' lang='lat' dir='ltr'>honore</span> <span class='ocrx_word' id='word_1_678' title='bbox 1824 4996 1924 5050; x_wconf 86' lang='lat' dir='ltr'>Ec-</span> 
     </span>
    </p>
   </div>
   <div class='ocr_carea' id='block_1_99' title="bbox 262 5086 1923 5158">
    <p class='ocr_par' dir='ltr' id='par_1_99' title="bbox 262 5086 1923 5158">
     <span class='ocr_line' id='line_1_101' title="bbox 262 5086 1923 5158; baseline -0.005 -12"><span class='ocrx_word' id='word_1_679' title='bbox 262 5090 583 5147; x_wconf 86' lang='lat' dir='ltr'>clesiarum</span> <span class='ocrx_word' id='word_1_680' title='bbox 603 5089 702 5145; x_wconf 92' lang='lat' dir='ltr'>Dei</span> <span class='ocrx_word' id='word_1_681' title='bbox 728 5093 785 5144; x_wconf 91' lang='lat' dir='ltr'>et</span> <span class='ocrx_word' id='word_1_682' title='bbox 803 5105 1006 5143; x_wconf 90' lang='lat' dir='ltr'>earum</span> <span class='ocrx_word' id='word_1_683' title='bbox 1029 5088 1395 5154; x_wconf 82' lang='lat' dir='ltr'>exaltatione,</span> <span class='ocrx_word' id='word_1_684' title='bbox 1411 5086 1598 5158; x_wconf 89' lang='lat' dir='ltr'>magis</span> <span class='ocrx_word' id='word_1_685' title='bbox 1621 5102 1796 5156; x_wconf 88' lang='lat' dir='ltr'>quam</span> <span class='ocrx_word' id='word_1_686' title='bbox 1820 5100 1923 5155; x_wconf 88' lang='lat' dir='ltr'>pro</span> 
     </span>
    </p>
   </div>
   <div class='ocr_carea' id='block_1_100' title="bbox 262 5175 1923 5234">
    <p class='ocr_par' dir='ltr' id='par_1_100' title="bbox 262 5175 1923 5234">
     <span class='ocr_line' id='line_1_102' title="bbox 262 5175 1923 5234; baseline -0.005 0"><span class='ocrx_word' id='word_1_687' title='bbox 262 5179 386 5234; x_wconf 88' lang='lat' dir='ltr'>vita</span> <span class='ocrx_word' id='word_1_688' title='bbox 416 5183 520 5234; x_wconf 90' lang='lat' dir='ltr'>aut</span> <span class='ocrx_word' id='word_1_689' title='bbox 553 5177 743 5233; x_wconf 88' lang='lat' dir='ltr'>salute</span> <span class='ocrx_word' id='word_1_690' title='bbox 775 5193 884 5233; x_wconf 87' lang='lat' dir='ltr'>sua</span> <span class='ocrx_word' id='word_1_691' title='bbox 924 5175 1161 5232; x_wconf 89' lang='lat' dir='ltr'>solliciti</span> <span class='ocrx_word' id='word_1_692' title='bbox 1195 5177 1374 5231; x_wconf 89' lang='lat' dir='ltr'>fuere.</span> <span class='ocrx_word' id='word_1_693' title='bbox 1410 5175 1690 5230; x_wconf 89' lang='lat' dir='ltr'>Novimus</span> <span class='ocrx_word' id='word_1_694' title='bbox 1721 5188 1923 5227; x_wconf 89' lang='lat' dir='ltr'>mona-</span> 
     </span>
    </p>
   </div>
   <div class='ocr_carea' id='block_1_101' title="bbox 265 5263 1926 5339">
    <p class='ocr_par' dir='ltr' id='par_1_101' title="bbox 265 5263 1926 5339">
     <span class='ocr_line' id='line_1_103' title="bbox 265 5263 1926 5339; baseline -0.005 -17"><span class='ocrx_word' id='word_1_695' title='bbox 265 5266 444 5323; x_wconf 87' lang='lat' dir='ltr'>steria</span> <span class='ocrx_word' id='word_1_696' title='bbox 482 5266 738 5339; x_wconf 90' lang='lat' dir='ltr'>plurima</span> <span class='ocrx_word' id='word_1_697' title='bbox 768 5271 824 5319; x_wconf 91' lang='lat' dir='ltr'>et</span> <span class='ocrx_word' id='word_1_698' title='bbox 863 5269 1067 5320; x_wconf 79' lang='lat' dir='ltr'>caetera</span> <span class='ocrx_word' id='word_1_699' title='bbox 1096 5263 1491 5319; x_wconf 89' lang='lat' dir='ltr'>ecclesiastica</span> <span class='ocrx_word' id='word_1_700' title='bbox 1521 5263 1673 5317; x_wconf 88' lang='lat' dir='ltr'>bona</span> <span class='ocrx_word' id='word_1_701' title='bbox 1717 5277 1843 5328; x_wconf 73' lang='grc' dir='ltr'>ρυω</span> <span class='ocrx_word' id='word_1_702' title='bbox 1892 5277 1926 5314; x_wconf 91' lang='lat' dir='ltr'>a</span> 
     </span>
    </p>
   </div>
   <div class='ocr_carea' id='block_1_102' title="bbox 266 5351 1923 5428">
    <p class='ocr_par' dir='ltr' id='par_1_102' title="bbox 266 5351 1923 5428">
     <span class='ocr_line' id='line_1_104' title="bbox 266 5351 1923 5428; baseline -0.005 -17"><span class='ocrx_word' id='word_1_703' title='bbox 266 5356 564 5428; x_wconf 85' lang='lat' dir='ltr'>religiosis</span> <span class='ocrx_word' id='word_1_704' title='bbox 584 5355 728 5410; x_wconf 87' lang='lat' dir='ltr'>viris</span> <span class='ocrx_word' id='word_1_705' title='bbox 758 5355 828 5409; x_wconf 89' lang='lat' dir='ltr'>ad</span> <span class='ocrx_word' id='word_1_706' title='bbox 862 5353 1246 5425; x_wconf 89' lang='lat' dir='ltr'>patrocinium</span> <span class='ocrx_word' id='word_1_707' title='bbox 1275 5357 1332 5407; x_wconf 92' lang='lat' dir='ltr'>et</span> <span class='ocrx_word' id='word_1_708' title='bbox 1358 5351 1752 5406; x_wconf 86' lang='lat' dir='ltr'>defensionem</span> <span class='ocrx_word' id='word_1_709' title='bbox 1785 5365 1923 5419; x_wconf 92' lang='lat' dir='ltr'>apo-</span> 
     </span>
    </p>
   </div>
   <div class='ocr_carea' id='block_1_103' title="bbox 266 5437 1922 5505">
    <p class='ocr_par' dir='ltr' id='par_1_103' title="bbox 266 5437 1922 5505">
     <span class='ocr_line' id='line_1_105' title="bbox 266 5437 1922 5505; baseline -0.005 -5"><span class='ocrx_word' id='word_1_710' title='bbox 266 5445 485 5500; x_wconf 69' lang='lat' dir='ltr'>stolicae</span> <span class='ocrx_word' id='word_1_711' title='bbox 517 5445 674 5500; x_wconf 90' lang='lat' dir='ltr'>sedis</span> <span class='ocrx_word' id='word_1_712' title='bbox 705 5447 846 5498; x_wconf 90' lang='lat' dir='ltr'>sunt</span> <span class='ocrx_word' id='word_1_713' title='bbox 875 5443 1088 5505; x_wconf 87' lang='lat' dir='ltr'>delata,</span> <span class='ocrx_word' id='word_1_714' title='bbox 1118 5458 1250 5496; x_wconf 91' lang='lat' dir='ltr'>cum</span> <span class='ocrx_word' id='word_1_715' title='bbox 1285 5455 1522 5495; x_wconf 89' lang='lat' dir='ltr'>summa</span> <span class='ocrx_word' id='word_1_716' title='bbox 1543 5437 1825 5492; x_wconf 86' lang='lat' dir='ltr'>charitate</span> <span class='ocrx_word' id='word_1_717' title='bbox 1851 5437 1922 5492; x_wconf 88' lang='lat' dir='ltr'>ab</span> 
     </span>
    </p>
   </div>
   <div class='ocr_carea' id='block_1_104' title="bbox 266 5525 1924 5605">
    <p class='ocr_par' dir='ltr' id='par_1_104' title="bbox 266 5525 1924 5605">
     <span class='ocr_line' id='line_1_106' title="bbox 266 5525 1924 5605; baseline -0.005 -17"><span class='ocrx_word' id='word_1_718' title='bbox 266 5533 390 5589; x_wconf 89' lang='lat' dir='ltr'>illis</span> <span class='ocrx_word' id='word_1_719' title='bbox 422 5538 717 5605; x_wconf 87' lang='lat' dir='ltr'>suscepta,</span> <span class='ocrx_word' id='word_1_720' title='bbox 750 5536 807 5587; x_wconf 88' lang='lat' dir='ltr'>et</span> <span class='ocrx_word' id='word_1_721' title='bbox 853 5531 1154 5603; x_wconf 90' lang='lat' dir='ltr'>privilegio</span> <span class='ocrx_word' id='word_1_722' title='bbox 1199 5527 1528 5600; x_wconf 61' lang='lat' dir='ltr'>apostolicis</span> <span class='ocrx_word' id='word_1_723' title='bbox 1569 5525 1924 5581; x_wconf 90' lang='lat' dir='ltr'>defensionis</span> 
     </span>
    </p>
   </div>
   <div class='ocr_carea' id='block_1_105' title="bbox 271 5619 1924 5694">
    <p class='ocr_par' dir='ltr' id='par_1_105' title="bbox 271 5619 1924 5694">
     <span class='ocr_line' id='line_1_107' title="bbox 271 5619 1924 5694; baseline -0.005 -18"><span class='ocrx_word' id='word_1_724' title='bbox 271 5622 440 5694; x_wconf 89' lang='lat' dir='ltr'>quasi</span> <span class='ocrx_word' id='word_1_725' title='bbox 465 5639 632 5678; x_wconf 91' lang='lat' dir='ltr'>muro</span> <span class='ocrx_word' id='word_1_726' title='bbox 656 5621 884 5676; x_wconf 88' lang='lat' dir='ltr'>munita</span> <span class='ocrx_word' id='word_1_727' title='bbox 905 5619 1266 5674; x_wconf 76' lang='lat' dir='ltr'>firmissimo.</span> <span class='ocrx_word' id='word_1_728' title='bbox 1285 5619 1346 5672; x_wconf 92' lang='lat' dir='ltr'><strong>In</strong></span> <span class='ocrx_word' id='word_1_729' title='bbox 1370 5633 1486 5686; x_wconf 91' lang='lat' dir='ltr'>qua</span> <span class='ocrx_word' id='word_1_730' title='bbox 1507 5631 1566 5669; x_wconf 90' lang='lat' dir='ltr'>re</span> <span class='ocrx_word' id='word_1_731' title='bbox 1589 5631 1766 5686; x_wconf 90' lang='lat' dir='ltr'>quam</span> <span class='ocrx_word' id='word_1_732' title='bbox 1793 5631 1924 5669; x_wconf 88' lang='lat' dir='ltr'>san-</span> 
     </span>
    </p>
   </div>
   <div class='ocr_carea' id='block_1_106' title="bbox 271 5703 1923 5778">
    <p class='ocr_par' dir='ltr' id='par_1_106' title="bbox 271 5703 1923 5778">
     <span class='ocr_line' id='line_1_108' title="bbox 271 5703 1923 5778; baseline -0.004 -12"><span class='ocrx_word' id='word_1_733' title='bbox 271 5713 330 5767; x_wconf 87' lang='lat' dir='ltr'>te</span> <span class='ocrx_word' id='word_1_734' title='bbox 379 5711 639 5778; x_wconf 83' lang='lat' dir='ltr'>fecerint,</span> <span class='ocrx_word' id='word_1_735' title='bbox 692 5715 751 5768; x_wconf 82' lang='lat' dir='ltr'>et</span> <span class='ocrx_word' id='word_1_736' title='bbox 796 5709 1030 5766; x_wconf 88' lang='lat' dir='ltr'>illorum</span> <span class='ocrx_word' id='word_1_737' title='bbox 1079 5707 1248 5764; x_wconf 81' lang='lat' dir='ltr'>nobis</span> <span class='ocrx_word' id='word_1_738' title='bbox 1303 5704 1557 5764; x_wconf 91' lang='lat' dir='ltr'>ostendit</span> <span class='ocrx_word' id='word_1_739' title='bbox 1603 5703 1810 5778; x_wconf 85' lang='lat' dir='ltr'>gloria,</span> <span class='ocrx_word' id='word_1_740' title='bbox 1865 5707 1923 5761; x_wconf 89' lang='lat' dir='ltr'>et</span> 
     </span>
    </p>
   </div>
   <div class='ocr_carea' id='block_1_107' title="bbox 2031 4713 3672 4795">
    <p class='ocr_par' dir='ltr' id='par_1_107' title="bbox 2031 4713 3672 4795">
     <span class='ocr_line' id='line_1_109' title="bbox 2031 4713 3672 4795; baseline -0.011 -14"><span class='ocrx_word' id='word_1_741' title='bbox 2031 4743 2139 4781; x_wconf 89' lang='lat' dir='ltr'>sua</span> <span class='ocrx_word' id='word_1_742' title='bbox 2169 4723 2448 4795; x_wconf 86' lang='lat' dir='ltr'>religione</span> <span class='ocrx_word' id='word_1_743' title='bbox 2477 4721 2766 4786; x_wconf 89' lang='lat' dir='ltr'>turbetur,</span> <span class='ocrx_word' id='word_1_744' title='bbox 2799 4716 3122 4790; x_wconf 88' lang='lat' dir='ltr'>apostolica</span> <span class='ocrx_word' id='word_1_745' title='bbox 3152 4713 3494 4770; x_wconf 87' lang='lat' dir='ltr'>auctoritate</span> <span class='ocrx_word' id='word_1_746' title='bbox 3536 4724 3672 4781; x_wconf 88' lang='lat' dir='ltr'>pro-</span> 
     </span>
    </p>
   </div>
   <div class='ocr_carea' id='block_1_108' title="bbox 2074 4814 2322 4868">
    <p class='ocr_par' dir='ltr' id='par_1_108' title="bbox 2074 4814 2322 4868">
     <span class='ocr_line' id='line_1_110' title="bbox 2074 4814 2322 4868; baseline -0.008 0"><span class='ocrx_word' id='word_1_747' title='bbox 2074 4814 2322 4868; x_wconf 91' lang='lat' dir='ltr'>ibemus.</span> 
     </span>
    </p>
   </div>
   <div class='ocr_carea' id='block_1_109' title="bbox 2033 4815 3672 4961">
    <p class='ocr_par' dir='ltr' id='par_1_109' title="bbox 2033 4815 3672 4961">
     <span class='ocr_line' id='line_1_111' title="bbox 2074 4815 2322 4868; baseline -0.008 0"><span class='ocrx_word' id='word_1_748' title='bbox 2074 4815 2132 4868; x_wconf 90' lang='lat' dir='ltr'>ib</span> <span class='ocrx_word' id='word_1_749' title='bbox 2171 4830 2322 4867; x_wconf 91' lang='lat' dir='ltr'>mus.</span> 
     </span>
     <span class='ocr_line' id='line_1_112' title="bbox 2033 4815 3672 4961; baseline -0.01 -4"><span class='ocrx_word' id='word_1_750' title='bbox 2033 4815 2069 4869; x_wconf 76' lang='lat' dir='ltr'><strong>h</strong></span> <span class='ocrx_word' id='word_1_751' title='bbox 2106 4831 2190 4957; x_wconf 61' lang='lat' dir='ltr'>lfa</span> <span class='ocrx_word' id='word_1_752' title='bbox 2211 4909 2404 4956; x_wconf 87' lang='lat' dir='ltr'>tamen</span> <span class='ocrx_word' id='word_1_753' title='bbox 2422 4898 2695 4955; x_wconf 89' lang='lat' dir='ltr'>volumus</span> <span class='ocrx_word' id='word_1_754' title='bbox 2715 4900 2772 4952; x_wconf 87' lang='lat' dir='ltr'>et</span> <span class='ocrx_word' id='word_1_755' title='bbox 2790 4893 3208 4951; x_wconf 90' lang='lat' dir='ltr'>constituimus</span> <span class='ocrx_word' id='word_1_756' title='bbox 3226 4891 3428 4961; x_wconf 87' lang='lat' dir='ltr'>utjam</span> <span class='ocrx_word' id='word_1_757' title='bbox 3451 4888 3672 4943; x_wconf 91' lang='lat' dir='ltr'>dictum</span> 
     </span>
    </p>
   </div>
   <div class='ocr_carea' id='block_1_110' title="bbox 2034 4977 3675 5053">
    <p class='ocr_par' dir='ltr' id='par_1_110' title="bbox 2034 4977 3675 5053">
     <span class='ocr_line' id='line_1_113' title="bbox 2034 4977 3675 5053; baseline -0.011 -5"><span class='ocrx_word' id='word_1_758' title='bbox 2034 4992 2352 5048; x_wconf 86' lang='lat' dir='ltr'>oratorium</span> <span class='ocrx_word' id='word_1_759' title='bbox 2376 5007 2510 5045; x_wconf 90' lang='lat' dir='ltr'>cum</span> <span class='ocrx_word' id='word_1_760' title='bbox 2545 4987 2706 5043; x_wconf 90' lang='lat' dir='ltr'>cellis</span> <span class='ocrx_word' id='word_1_761' title='bbox 2737 4986 2881 5051; x_wconf 89' lang='lat' dir='ltr'>suis,</span> <span class='ocrx_word' id='word_1_762' title='bbox 2907 4983 3068 5039; x_wconf 89' lang='lat' dir='ltr'>omni</span> <span class='ocrx_word' id='word_1_763' title='bbox 3100 4988 3384 5053; x_wconf 86' lang='lat' dir='ltr'>tempore,</span> <span class='ocrx_word' id='word_1_764' title='bbox 3407 4995 3473 5034; x_wconf 89' lang='lat' dir='ltr'>eo</span> <span class='ocrx_word' id='word_1_765' title='bbox 3503 4977 3675 5032; x_wconf 91' lang='lat' dir='ltr'>modo</span> 
     </span>
    </p>
   </div>
   <div class='ocr_carea' id='block_1_111' title="bbox 2035 5069 3678 5153">
    <p class='ocr_par' dir='ltr' id='par_1_111' title="bbox 2035 5069 3678 5153">
     <span class='ocr_line' id='line_1_114' title="bbox 2035 5069 3678 5153; baseline -0.011 -16"><span class='ocrx_word' id='word_1_766' title='bbox 2035 5088 2209 5153; x_wconf 87' lang='lat' dir='ltr'>atque</span> <span class='ocrx_word' id='word_1_767' title='bbox 2231 5085 2450 5149; x_wconf 89' lang='lat' dir='ltr'>tenore,</span> <span class='ocrx_word' id='word_1_768' title='bbox 2475 5094 2589 5148; x_wconf 93' lang='lat' dir='ltr'>quo</span> <span class='ocrx_word' id='word_1_769' title='bbox 2614 5077 2775 5147; x_wconf 89' lang='lat' dir='ltr'>prius</span> <span class='ocrx_word' id='word_1_770' title='bbox 2797 5074 3134 5128; x_wconf 85' lang='lat' dir='ltr'>inchoatum</span> <span class='ocrx_word' id='word_1_771' title='bbox 3157 5075 3264 5138; x_wconf 88' lang='lat' dir='ltr'>est,</span> <span class='ocrx_word' id='word_1_772' title='bbox 3291 5073 3346 5124; x_wconf 91' lang='lat' dir='ltr'>et</span> <span class='ocrx_word' id='word_1_773' title='bbox 3375 5069 3445 5123; x_wconf 91' lang='lat' dir='ltr'>ad</span> <span class='ocrx_word' id='word_1_774' title='bbox 3480 5069 3678 5121; x_wconf 83' lang='lat' dir='ltr'>nostra</span> 
     </span>
    </p>
   </div>
   <div class='ocr_carea' id='block_1_112' title="bbox 2033 5155 3678 5241">
    <p class='ocr_par' dir='ltr' id='par_1_112' title="bbox 2033 5155 3678 5241">
     <span class='ocr_line' id='line_1_115' title="bbox 2033 5155 3678 5241; baseline -0.01 -15"><span class='ocrx_word' id='word_1_775' title='bbox 2033 5187 2222 5241; x_wconf 89' lang='lat' dir='ltr'>usque</span> <span class='ocrx_word' id='word_1_776' title='bbox 2249 5175 2513 5240; x_wconf 87' lang='lat' dir='ltr'>tempora</span> <span class='ocrx_word' id='word_1_777' title='bbox 2545 5166 2913 5238; x_wconf 89' lang='lat' dir='ltr'>productum,</span> <span class='ocrx_word' id='word_1_778' title='bbox 2944 5165 3178 5216; x_wconf 89' lang='lat' dir='ltr'>maneat</span> <span class='ocrx_word' id='word_1_779' title='bbox 3222 5159 3282 5214; x_wconf 93' lang='lat' dir='ltr'>in</span> <span class='ocrx_word' id='word_1_780' title='bbox 3334 5174 3440 5214; x_wconf 91' lang='lat' dir='ltr'>suo</span> <span class='ocrx_word' id='word_1_781' title='bbox 3480 5155 3678 5228; x_wconf 89' lang='lat' dir='ltr'>vigore</span> 
     </span>
    </p>
   </div>
   <div class='ocr_carea' id='block_1_113' title="bbox 2034 5246 3676 5330">
    <p class='ocr_par' dir='ltr' id='par_1_113' title="bbox 2034 5246 3676 5330">
     <span class='ocr_line' id='line_1_116' title="bbox 2034 5246 3676 5330; baseline -0.008 -16"><span class='ocrx_word' id='word_1_782' title='bbox 2034 5265 2208 5330; x_wconf 88' lang='lat' dir='ltr'>atque</span> <span class='ocrx_word' id='word_1_783' title='bbox 2237 5257 2572 5322; x_wconf 89' lang='lat' dir='ltr'>stabilitate,</span> <span class='ocrx_word' id='word_1_784' title='bbox 2604 5254 2827 5310; x_wconf 90' lang='lat' dir='ltr'>scilicet</span> <span class='ocrx_word' id='word_1_785' title='bbox 2867 5257 2932 5307; x_wconf 92' lang='lat' dir='ltr'>ut</span> <span class='ocrx_word' id='word_1_786' title='bbox 2973 5267 3205 5322; x_wconf 87' lang='lat' dir='ltr'>semper</span> <span class='ocrx_word' id='word_1_787' title='bbox 3233 5246 3530 5304; x_wconf 90' lang='lat' dir='ltr'>eremitico</span> <span class='ocrx_word' id='word_1_788' title='bbox 3559 5248 3676 5301; x_wconf 88' lang='lat' dir='ltr'>tra-</span> 
     </span>
    </p>
   </div>
   <div class='ocr_carea' id='block_1_114' title="bbox 2034 5335 3678 5419">
    <p class='ocr_par' dir='ltr' id='par_1_114' title="bbox 2034 5335 3678 5419">
     <span class='ocr_line' id='line_1_117' title="bbox 2034 5335 3678 5419; baseline -0.009 -16"><span class='ocrx_word' id='word_1_789' title='bbox 2034 5350 2195 5419; x_wconf 88' lang='lat' dir='ltr'>mite,</span> <span class='ocrx_word' id='word_1_790' title='bbox 2211 5345 2672 5416; x_wconf 78' lang='lat' dir='ltr'>contemplativae</span> <span class='ocrx_word' id='word_1_791' title='bbox 2693 5345 2820 5398; x_wconf 69' lang='lat' dir='ltr'>vita:</span> <span class='ocrx_word' id='word_1_792' title='bbox 2842 5340 3190 5397; x_wconf 90' lang='lat' dir='ltr'>celsitudine</span> <span class='ocrx_word' id='word_1_793' title='bbox 3211 5335 3678 5410; x_wconf 84' lang='lat' dir='ltr'>perseveret.Nec</span> 
     </span>
    </p>
   </div>
   <div class='ocr_carea' id='block_1_115' title="bbox 2033 5426 3673 5506">
    <p class='ocr_par' dir='ltr' id='par_1_115' title="bbox 2033 5426 3673 5506">
     <span class='ocr_line' id='line_1_118' title="bbox 2033 5426 3673 5506; baseline -0.007 -15"><span class='ocrx_word' id='word_1_794' title='bbox 2033 5437 2205 5491; x_wconf 88' lang='lat' dir='ltr'>liceat</span> <span class='ocrx_word' id='word_1_795' title='bbox 2234 5435 2511 5506; x_wconf 89' lang='lat' dir='ltr'>cuiquam</span> <span class='ocrx_word' id='word_1_796' title='bbox 2545 5448 2827 5503; x_wconf 87' lang='lat' dir='ltr'>unquam,</span> <span class='ocrx_word' id='word_1_797' title='bbox 2859 5435 2960 5485; x_wconf 89' lang='lat' dir='ltr'>aut</span> <span class='ocrx_word' id='word_1_798' title='bbox 2999 5429 3269 5484; x_wconf 88' lang='lat' dir='ltr'>abbatem</span> <span class='ocrx_word' id='word_1_799' title='bbox 3312 5426 3394 5481; x_wconf 89' lang='lat' dir='ltr'>ibi</span> <span class='ocrx_word' id='word_1_800' title='bbox 3443 5439 3673 5498; x_wconf 82' lang='lat' dir='ltr'>ponere,</span> 
     </span>
    </p>
   </div>
   <div class='ocr_carea' id='block_1_116' title="bbox 2033 5515 3676 5589">
    <p class='ocr_par' dir='ltr' id='par_1_116' title="bbox 2033 5515 3676 5589">
     <span class='ocr_line' id='line_1_119' title="bbox 2033 5515 3676 5589; baseline -0.009 -8"><span class='ocrx_word' id='word_1_801' title='bbox 2033 5531 2134 5581; x_wconf 87' lang='lat' dir='ltr'>aut</span> <span class='ocrx_word' id='word_1_802' title='bbox 2182 5524 2509 5580; x_wconf 68' lang='lat' dir='ltr'>coenobium</span> <span class='ocrx_word' id='word_1_803' title='bbox 2567 5523 2771 5583; x_wconf 89' lang='lat' dir='ltr'>facere,</span> <span class='ocrx_word' id='word_1_804' title='bbox 2805 5521 2903 5576; x_wconf 92' lang='lat' dir='ltr'>sed</span> <span class='ocrx_word' id='word_1_805' title='bbox 2954 5534 3184 5589; x_wconf 85' lang='lat' dir='ltr'>semper</span> <span class='ocrx_word' id='word_1_806' title='bbox 3230 5515 3503 5573; x_wconf 62' lang='lat' dir='ltr'>solitariae</span> <span class='ocrx_word' id='word_1_807' title='bbox 3548 5515 3676 5571; x_wconf 70' lang='lat' dir='ltr'>vitae</span> 
     </span>
    </p>
   </div>
   <div class='ocr_carea' id='block_1_117' title="bbox 2031 5606 3672 5686">
    <p class='ocr_par' dir='ltr' id='par_1_117' title="bbox 2031 5606 3672 5686">
     <span class='ocr_line' id='line_1_120' title="bbox 2031 5606 3672 5686; baseline -0.008 -18"><span class='ocrx_word' id='word_1_808' title='bbox 2031 5614 2195 5670; x_wconf 90' lang='lat' dir='ltr'>locus</span> <span class='ocrx_word' id='word_1_809' title='bbox 2212 5615 2336 5686; x_wconf 89' lang='lat' dir='ltr'>ipse</span> <span class='ocrx_word' id='word_1_810' title='bbox 2354 5613 2757 5677; x_wconf 88' lang='lat' dir='ltr'>sitdeditus,et</span> <span class='ocrx_word' id='word_1_811' title='bbox 2775 5609 3047 5663; x_wconf 86' lang='lat' dir='ltr'>ﬁrmitate</span> <span class='ocrx_word' id='word_1_812' title='bbox 3060 5609 3337 5663; x_wconf 89' lang='lat' dir='ltr'>continua</span> <span class='ocrx_word' id='word_1_813' title='bbox 3349 5606 3672 5662; x_wconf 87' lang='lat' dir='ltr'>dedicatus.</span> 
     </span>
    </p>
   </div>
   <div class='ocr_carea' id='block_1_118' title="bbox 2102 5693 3672 5774">
    <p class='ocr_par' dir='ltr' id='par_1_118' title="bbox 2102 5693 3672 5774">
     <span class='ocr_line' id='line_1_121' title="bbox 2102 5693 3672 5774; baseline -0.01 -16"><span class='ocrx_word' id='word_1_814' title='bbox 2102 5709 2221 5760; x_wconf 87' lang='lat' dir='ltr'>Hoc</span> <span class='ocrx_word' id='word_1_815' title='bbox 2246 5717 2479 5774; x_wconf 89' lang='lat' dir='ltr'>quoque</span> <span class='ocrx_word' id='word_1_816' title='bbox 2499 5703 2692 5757; x_wconf 90' lang='lat' dir='ltr'>vestra</span> <span class='ocrx_word' id='word_1_817' title='bbox 2711 5698 2992 5757; x_wconf 86' lang='lat' dir='ltr'>charitate</span> <span class='ocrx_word' id='word_1_818' title='bbox 3013 5702 3271 5771; x_wconf 88' lang='lat' dir='ltr'>rogante,</span> <span class='ocrx_word' id='word_1_819' title='bbox 3294 5700 3351 5754; x_wconf 87' lang='lat' dir='ltr'>et</span> <span class='ocrx_word' id='word_1_820' title='bbox 3379 5693 3515 5751; x_wconf 92' lang='lat' dir='ltr'>huic</span> <span class='ocrx_word' id='word_1_821' title='bbox 3535 5705 3672 5762; x_wconf 89' lang='lat' dir='ltr'>apo-</span> 
     </span>
    </p>
   </div>
  </div>
