4036 6184
480 344 647 406 ’13⁷75

1748 370 1753 377 ν
1781 326 2239 401 ΑΒΕΧΑιΝΒΡιῙ
2283 337 2338 400 ΙΙ
2381 340 2479 400 PA
2490 340 2612 401 PIE

3655 351 3787 412 M116

488 477 702 535 stolicaa
750 476 907 533 sedis
954 473 1250 548 privilegio
1290 473 1656 530 adnectimus
1686 476 1770 541 ut,
1802 472 1852 528 si
1901 473 2136 545 quando
2165 475 2221 541 Α
2250 473 2506 540 scribus,
2528 477 2738 529 nostrae
2760 472 3096 545 apostolicae
3118 474 3457 531 defensionis
3479 479 3530 531 et
3551 480 3786 541 confirma-

489 571 882 640 opportunum
908 565 1101 631 fuerit,
1118 564 1376 636 aliquem
1399 581 1467 619 ex
1486 568 1677 618 vestra
1693 562 2139 634 congregatione

486 659 544 713 in
577 655 998 712 ecclesiasticos
1027 655 1244 726 gradus
1284 653 1561 722 ordinari,
1593 658 1650 707 et
1698 652 2028 723 episcOpus,
2065 651 2136 706 ad

482 748 653 815 cujus
678 744 1013 817 parochiam
1034 745 1155 814 jam
1180 744 1429 815 pertinet
1450 742 1791 807 prmdictum
1814 742 2137 796 oratorium

486 836 543 890 S.
579 835 914 903 Salvatoris,
952 851 1051 888 seu
1104 833 1303 903 aliqua
1356 850 1423 888 ex
1471 831 1749 897 ecclesiis,
1780 830 1870 885 vel
1912 830 2138 886 cellulis

485 924 695 979 vestris
724 924 783 977 in
822 927 992 977 antea
1024 922 1336 991 pertinebit
1367 922 1698 977 Simoniaca
1729 920 1933 974 hazresi
1966 920 2139 973 fuerit

487 1013 860 1084 depravatus,
912 1017 977 1066 ut
1026 1012 1152 1074 rite,
1207 1016 1263 1065 et
1314 1010 1586 1065 canonice
1643 1008 1972 1081 episcopale
2023 1025 2136 1062 non

488 1102 674 1174 possit
720 1100 963 1171 implere
1011 1100 1310 1166 ofﬁcium;
1358 1105 1497 1154 tunc
1544 1098 1727 1153 libera
1778 1098 2047 1163 facultas,
2081 1101 2136 1152 et

485 1189 725 1245 licentia
753 1194 956 1262 pareat
981 1189 1165 1259 vobis,
1199 1189 1360 1244 adire
1390 1187 1742 1243 catholicum
1777 1190 1832 1240 et
1878 1187 2023 1241 bene
2056 1185 2135 1239 vi-

478 1284 717 1335 ventem
738 1279 1078 1350 episcopum
1103 1279 1439 1348 ubicunque
1460 1277 1518 1331 in
1536 1281 1746 1345 vestra,
1762 1276 1849 1331 vel
1875 1276 2139 1347 proxima

488 1367 786 1440 provincia
814 1368 1058 1423 inveniri
1082 1367 1360 1439 potuerit,
1382 1351 1446 1421 ut
1474 1366 1546 1421 ab
1580 1366 1707 1437 ipso
1730 1364 2138 1420 ecclesiasticis

487 1457 790 1530 gradibus,
804 1461 860 1513 et
882 1456 1090 1512 ofﬁciis
1117 1455 1370 1511 ordinari
1393 1472 1462 1511 ex
1480 1460 1671 1510 vestra
1691 1454 2137 1526 congregatione

486 1545 703 1619 dignus
734 1562 864 1601 esse
892 1546 1097 1617 possit.
1125 1546 1318 1601 Sacris
1348 1545 1504 1600 enim
1528 1543 1851 1599 canonibus
1882 1548 1939 1598 et
1968 1542 2137 1597 bonis

489 1635 759 1707 congruit
779 1636 1065 1701 moribus,
1082 1638 1144 1689 ut
1161 1634 1333 1690 sicuti
1356 1633 1457 1705 qui
1480 1633 1789 1688 ordinandi
1812 1634 1951 1688 sunt
1972 1632 2137 1686 bonae

485 1725 619 1780 vitae
668 1728 953 1796 rectaeque
997 1723 1251 1779 scientiae
1300 1722 1543 1778 existere
1590 1722 1821 1785 debent,
1855 1720 1940 1776 sic
1969 1721 2138 1790 juxta

2253 562 2431 618 tionis
2484 562 2802 635 privilegia,
2850 563 3335 634 praedecessorum
3383 570 3616 623 nostrum
3636 576 3790 630 statuta

2250 657 2575 717 servantes,
2607 652 3052 723 impendimus;
3095 658 3411 709 statuentes
3457 660 3509 710 et
3554 662 3789 729 apostolica

2247 742 2591 798 auctoritate
2612 742 3075 811 corroborantes,
3092 746 3159 797 ut
3179 743 3365 813 ipsum
3389 749 3735 804 monasterium
3750 759 3787 807 et

2248 830 2648 902 possessiones
2671 830 2820 901 ejus,
2838 847 2930 885 res
2950 836 3069 885 tam
3096 831 3340 887 mobiles
3362 849 3522 904 quam
3543 834 3786 896 immobiles

2249 936 2348 975 seu
2383 921 2787 990 cujuscunque
2816 919 2971 974 modi
3002 921 3151 975 bona
3178 921 3315 990 sint,
3343 938 3461 992 quae
3483 940 3615 978 nunc
3636 926 3784 984 ibidem

2238 1011 2398 1081 juste
2429 1014 2568 1064 sunt
2595 1009 2823 1075 collata,
2856 1008 2943 1063 vel
2975 1009 3033 1064 in
3067 1015 3360 1080 posterum
3390 1011 3493 1066 Deo
3521 1024 3747 1071 annuente
3766 1036 3785 1072 ε

2247 1098 2520 1153 fidelibus
2538 1098 3043 1162 conferenda,sine
3059 1100 3219 1154 omni
3242 1100 3613 1172 inquietudine
3627 1105 3710 1159 sub
3727 1114 3787 1161 tua

2246 1194 2602 1260 tuorumque
2633 1204 3039 1243 successorum
3072 1189 3482 1259 gubernatione
3507 1191 3650 1246 ﬁrma
3668 1200 3709 1247 et
3730 1196 3785 1249 in-

2246 1276 2525 1332 convulsa
2555 1281 2953 1348 permaneant,
2987 1282 3052 1331 ut
3093 1277 3256 1332 nulla
3285 1284 3526 1349 potestas
3553 1281 3785 1351 sec-alaris,

2246 1364 2661 1434 ecclesiastica,
2696 1382 2797 1421 seu
2829 1365 3027 1437 aliqua
3057 1383 3307 1438 persona
3335 1384 3533 1439 magna
3558 1368 3630 1423 vel
3657 1387 3786 1441 nam,

2246 1455 2401 1511 idem
2420 1455 2843 1511 monasterium
2864 1454 2952 1510 vel
2979 1455 3108 1525 ejus
3132 1456 3477 1527 pertinentia
3492 1456 3788 1523 invader-evel

2246 1544 2666 1611 comminuere,
2697 1548 2801 1599 aut
2838 1544 2898 1599 in
2945 1560 3298 1616 quocunque
3329 1545 3607 1601 molestare
3632 1548 3789 1614 audeat,

2244 1648 2351 1688 nec
2379 1633 2675 1703 subjectae
2719 1632 2805 1686 illi
2852 1649 3154 1704 personas,
3188 1634 3316 1690 sine
3344 1633 3615 1691 voluntate
3634 1637 3789 1693 abbatis

2245 1720 2593 1793 distringere
2616 1738 2629 1788 ;
2662 1720 2749 1777 vel
2772 1720 3062 1793 quidquid
3084 1723 3269 1777 ﬁscus
3293 1724 3465 1795 exigit
3490 1724 3655 1795 aliquo
3678 1726 3789 1781 modo

485 1813 748 1885 Apostoli
779 1813 1152 1879 sententiam,
1176 1811 1262 1865 illi
1292 1811 1391 1882 qui
1424 1827 1635 1865 manus
1654 1810 1998 1865 ordinandis
2030 1809 2135 1863 im-
2168 1844 2216 1910 Β
2247 1812 2555 1883 praeripere
2583 1815 2922 1881 prmsumat.
2948 1810 3235 1867 Addimus
3258 1812 3451 1878 etiam,
3474 1817 3533 1868 ut
3558 1814 3790 1885 quiaveae-

485 1907 732 1973 ponunt,
766 1899 1311 1973 irreprehensibiles
1350 1905 1409 1955 et
1448 1900 1671 1970 absque
1702 1899 1945 1954 crimine
1973 1897 2137 1954 inve-

486 1991 746 2046 niantur.

559 2080 615 2135 Si
645 2078 780 2150 quis
798 2082 997 2135 autem
1025 2078 1338 2134 temerario
1364 2077 1706 2149 ausu,quod
1730 2076 1856 2131 ﬁeri
1881 2092 1995 2130 non
2021 2091 2139 2131 cre-

489 2169 707 2239 dimus,
730 2173 934 2224 contra
963 2168 1143 2238 hujus
1175 2172 1387 2223 nostra;
1420 2166 1750 2239 apostolica:
1776 2164 2139 2220 auctoritatis

486 2257 949 2314 confirmationis
971 2257 1202 2323 seriem,
1227 2273 1396 2329 agere
1417 2255 1745 2321 tentaverit,
1760 2253 1907 2309 sciat
1931 2270 1991 2308 se
2013 2270 2141 2309 esse

488 2347 1061 2405 excommunicatum
1093 2363 1127 2401 a
1156 2347 1327 2401 beato
1350 2346 1516 2401 Petro
1547 2342 1946 2416 apostolorum
1978 2343 2140 2415 prin-

489 2436 642 2508 cipe,
672 2440 729 2490 et
764 2440 964 2491 nostra
994 2434 1314 2507 apostolica
1344 2433 1707 2490 auctoritate.

560 2524 665 2588 Qui
711 2540 845 2580 vero
884 2528 1082 2579 custos
1131 2528 1187 2578 et
1234 2524 1567 2578 observator
1596 2523 1776 2594 hujus
1807 2519 1992 2578 nostri
2022 2518 2156 2591 pri--

485 2612 679 2684 vilegii
729 2612 1032 2684 exstiterit,
1078 2612 1503 2668 benedictionis
1553 2613 1824 2685 gratiam,
1856 2616 1915 2667 et
1961 2609 2139 2664 vitam

487 2707 763 2758 cateruam
803 2720 836 2757 a
874 2702 1121 2757 Domino
1152 2703 1267 2758 Deo
1300 2701 1578 2772 consequi
1608 2705 1921 2757 mereatur.

557 2791 772 2845 Datum
818 2792 983 2846 Lucae
1027 2809 1085 2847 1v
1123 2790 1361 2846 Kalend.
1396 2790 1759 2859 Novembris,
1795 2806 1896 2861 per
1927 2806 2139 2844 manus

488 2880 643 2935 Petri
668 2884 881 2934 sanctae
901 2881 1171 2935 Romanis
1189 2879 1457 2935 Ecclesia:
1481 2879 1801 2950 presbyteri
1822 2878 2137 2934 cardinalis

489 2984 556 3024 ac
575 2967 1180 3036 bibliothecarii,anno
1197 2968 1542 3023 duodecimo
1560 2967 1931 3039 pontificatus
1949 2967 2139 3040 ipsius

493 3056 717 3113 domini
746 3056 1057 3113 Alexandri
1094 3074 1256 3129 papae
1289 3056 1354 3112 ΙΙ.

1265 3226 1371 3281 XC.

491 3332 770 3390 Concessio
811 3334 1237 3405 privilegin
1274 3333 1598 3389 monasterii
1626 3334 2012 3403 Floriacensis,
2047 3333 2137 3387 bo-

620 3421 930 3478 norumque
957 3405 1027 3461 ad
1060 3405 1209 3461 illud
1236 3407 1607 3474 spectantium
1632 3407 2001 3476 conﬁrmatio.

1110 3514 1301 3582 (Anno
1335 3511 1518 3582 1072.)

604 3620 1041 3691 [COCQUELINES,
1072 3618 1223 3673 Ball.
1257 3619 1430 3689 Rom,
1463 3622 1606 3672 tom.
1640 3617 1708 3685 Il,
1744 3633 1874 3689 pag.
1909 3618 2019 3689 16.]

561 3773 909 3825 ALEXANDER
928 3768 1261 3840 episcopus,
1284 3783 1487 3823 servus
1513 3783 1812 3822 servorum
1835 3765 2140 3832 Dei,Guu.-

490 3876 696 3931 LELMO,
728 3857 1045 3914 venerabili
1094 3856 1289 3913 abbati
1339 3855 1725 3912 Floriacensis
1776 3855 2135 3924 monasterii,

490 3949 591 4005 ubi
624 3946 955 4004 venerabile
984 3963 1197 4019 corpus
1246 3945 1402 4002 beati
1439 3944 1734 4002 Benedicti
1782 3944 2134 4016 requiescit;

490 4038 735 4108 ejusque
785 4035 1226 4091 successoribus
1274 4033 1619 4105 regulariter
1667 4033 2045 4099 intrantibus,
2077 4032 2136 4088 in

490 4130 860 4199 perpetuum.

565 4215 626 4269 Si
650 4215 707 4269 in
729 4211 1047 4284 apostolica
1071 4212 1207 4267 sede
1225 4210 1559 4281 praesidenti
1581 4209 1703 4265 haac
1728 4208 2059 4266 sollicitudo
2082 4215 2139 4267 et

494 4320 637 4359 cura
661 4302 979 4373 singularis
1002 4298 1309 4366 incumbit,
1333 4305 1412 4369 ut,
1440 4316 1508 4355 ex
1527 4299 1656 4371 ipsa
1675 4300 2138 4356 consideratione

476 4390 799 4463 regiminis
829 4390 1106 4445 omnibus
1135 4387 1416 4459 ecclesiis,
1449 4392 1505 4443 et
1532 4387 1964 4444 venerabilibus
1994 4388 2137 4445 locis

470 4488 613 4539 tam
642 4480 702 4535 in
734 4478 1041 4551 temporali
1067 4477 1403 4534 defensione
1431 4482 1486 4533 et
1516 4477 1987 4534 corroboratione
2003 4477 2136 4533 dili-

2247 1899 2450 1957 rabilis
2466 1900 2636 1955 Pater
2654 1900 3020 1970 Benedictus,
3041 1900 3458 1956 monachorum
3478 1901 3733 1973 legislator,
3748 1919 3791 1957 ex

2247 1989 2443 2045 divina
2460 1989 2667 2061 gratia,
2682 1990 2801 2044 dux
2817 1994 2907 2045 est
2927 1989 3267 2044 monasticae
3291 1989 3588 2063 religionis,
3601 1991 3662 2046 sit
3677 1991 3791 2046 etiam

2248 2078 2348 2150 qui
2371 2078 2559 2133 eidem
2586 2078 2941 2133 monasterio
2965 2078 3516 2150 praefuerit,primus
3540 2081 3664 2134 inter
3679 2081 3793 2134 abba-

2246 2171 2334 2222 tes
2359 2166 2575 2223 Galliae.
2600 2166 2715 2222 Nec
2738 2166 2953 2238 aliquis
2986 2168 3058 2222 de
3088 2168 3294 2223 ordine
3323 2169 3651 2235 sacerdotali,
3669 2168 3793 2223 archi-

2247 2256 2559 2328 episcopus
2582 2256 2823 2323 scilicet,
2842 2260 2945 2312 aut
2964 2256 3297 2328 episcopus,
3313 2262 3412 2313 aut
3429 2257 3676 2313 interioris
3693 2256 3792 2312 ordi-

2250 2345 2362 2411 nis,
2395 2361 2530 2399 eum
2562 2344 2911 2416 inquietare,
2944 2362 3050 2401 nec
3094 2352 3303 2401 contra
3328 2345 3647 2402 voluntatem
3669 2345 3794 2417 ipsius

2251 2434 2323 2491 ad
2341 2434 2495 2489 idem
2517 2433 2939 2489 monasterium
2960 2434 3297 2502 venire,aut
3317 2435 3557 2507 aliquam
3573 2435 3795 2490 ordinatio-

2249 2539 2380 2579 nem
2404 2522 2711 2593 facere,vel
2741 2523 2955 2579 missas
2978 2523 3271 2580 celebrare
3300 2524 3677 2596 presumatlit
3690 2522 3793 2577 omni

2247 2615 2508 2683 tempore
2539 2611 2718 2682 quieti
2751 2616 2807 2667 et
2847 2612 3037 2667 securi
3067 2614 3291 2684 absque
3321 2613 3473 2669 omni
3503 2613 3721 2669 molestia
3740 2609 3796 2665 vel

2249 2701 2640 2757 controversia
2663 2701 2933 2756 monachi
2961 2701 3020 2756 in
3050 2703 3257 2758 eodem
3280 2701 3705 2758 monasterioDeo
3723 2716 3797 2755 ser-

2247 2788 2369 2844 vire
2388 2790 2633 2861 possint.
2650 2789 2848 2845 Abbas
2868 2806 3020 2859 vero,
3038 2791 3137 2861 qui
3161 2791 3515 2847 ordinandus
3531 2791 3599 2846 ibi
3617 2794 3795 2854 est,cum

2249 2876 2527 2933 electione
2553 2878 2798 2932 fratrum
2832 2883 3071 2949 propter
3096 2878 3228 2933 vita:
3253 2880 3517 2935 meritum
3538 2884 3587 2934 et
3611 2878 3797 2932 honesta-

2246 2970 2365 3023 tem
2399 2982 2650 3037 morum,
2684 2972 2740 3022 et
2789 2984 2905 3022 non
2956 2972 3195 3039 propter
3223 2968 3417 3040 turpia
3442 2968 3605 3037 lucra,
3633 2983 3710 3021 seu
3733 2979 3797 3036 pro

2246 3055 2515 3128 pecunia,
2547 3056 2817 3127 eligatur,
2851 3061 2909 3112 et
2939 3057 3163 3129 absque
3195 3057 3316 3113 ulla
3344 3056 3613 3113 calumnia
3643 3073 3671 3110 a
3704 3069 3798 3124 quo-

2248 3161 2481 3216 cunque
2537 3144 2832 3217 episcopo,
2890 3150 3066 3218 prout
3124 3146 3243 3202 sibi
3299 3147 3585 3219 placuerit,
3632 3141 3797 3200 benedi-

2168 3218 2211 3285 C
2250 3237 2435 3289 catur.

2320 3324 2401 3378 De
2432 3322 2838 3379 sacerdotibus
2867 3339 3001 3378 vero
3050 3328 3150 3380 aut
3184 3324 3523 3381 diaconibus
3546 3318 3801 3381 ordinaudis

2249 3412 2308 3467 id
2332 3413 2861 3483 cbservetur,quod
2884 3413 2942 3467 in
2971 3413 3172 3485 regula
3198 3414 3553 3487 praecipitur:
3578 3429 3638 3468 ne
3656 3413 3798 3467 saltem

2248 3500 2463 3572 aliquis
2484 3502 2793 3573 episcopus
2815 3502 3244 3573 subjectionem
3263 3506 3334 3560 ab
3350 3504 3430 3560 eis
3452 3502 3688 3576 requirat,
3700 3512 3800 3570 quos

2248 3590 2602 3646 ordinaverit
2633 3615 2649 3647 :
2697 3606 2804 3646 nec
2853 3607 3114 3663 unquam
3159 3593 3355 3649 officio
3395 3594 3587 3665 dignos
3610 3588 3801 3646 ordinare

2248 3678 2498 3734 differat.

2320 3768 2580 3839 Denique
2624 3767 2675 3823 si
2720 3767 3030 3839 contigerit
3059 3772 3125 3824 ut
3152 3770 3337 3827 abbas
3368 3772 3644 3826 accusetur
3666 3761 3801 3821 crimi-

2248 3856 2481 3913 nalibus
2503 3857 2718 3927 causis,
2742 3874 2859 3913 non
2888 3858 3067 3913 unius
3096 3859 3357 3932 episcopi
3379 3859 3585 3931 judicio
3602 3850 3800 3912 determi-

2248 3948 2420 3999 netur
2439 3944 2751 4010 sententia,
2769 3945 2868 4000 sed
2888 3944 3265 4016 provincialis
3281 3947 3503 4003 concilii
3526 3942 3801 4016 exspectetur

2248 4048 2529 4100 censura;
2554 4037 2657 4089 aut
2682 4034 2729 4088 si
2751 4033 2895 4089 forte
2921 4035 3199 4090 maluerit
3219 4036 3505 4108 appellare
3527 4035 3689 4090 sedem
3708 4042 3799 4098 apo.

2246 4120 2535 4187 stolicam,
2552 4138 2646 4177 res
2667 4123 2737 4177 ad
2755 4122 3003 4178 Romani
3027 4122 3324 4194 pontiﬁcis
3344 4125 3615 4180 deferatur
3634 4115 3799 4177 audien-

2245 4211 2491 4268 tiam.Et
2503 4211 2969 4284 quotiescunque
2982 4214 3305 4270 necessitas
3319 4204 3800 4286 urgebiteumvenire

2246 4302 2513 4369 Romam,
2546 4300 2595 4356 ei
2627 4302 2687 4356 in
2718 4302 2993 4357 omnibus
3024 4300 3217 4358 liceat.
3261 4304 3371 4359 Sed
3425 4308 3478 4359 et
3526 4294 3734 4358 solvendi
3765 4294 3800 4343 et

2245 4389 2467 4461 ligandi
2497 4405 2626 4444 eam
2658 4394 3008 4461 potestatem
3043 4390 3262 4447 habeas
3293 4408 3467 4463 quam
3495 4394 3799 4446 antecessores

2245 4479 2334 4535 tui
2361 4495 2463 4550 per
2478 4479 2741 4534 Romana
2765 4478 3069 4550 privilegia
3085 4480 3407 4551 probantur
3420 4478 3676 4536 habuisse.
3688 4465 3799 4538 Quod

490 4570 965 4643 gentiam,quam
982 4568 1041 4623 in
1062 4566 1351 4640 spirituali
1370 4566 1765 4639 speculatione
1781 4567 2132 4639 etdoctrina,
2169 4586 2216 4652 ι)
2247 4568 2296 4623 si
2339 4568 2593 4639 peccatis
2622 4566 3021 4623 habitatorum
3052 4573 3218 4624 terra
3251 4569 3614 4642 exigentibus,
3637 4573 3798 4652 exacta-

490 4663 777 4731 quantum
803 4659 919 4715 Deo
941 4656 1258 4713 auxiliante
1279 4656 1568 4727 praevalet,
1590 4654 1955 4727 vigilantiam
1979 4655 2141 4711 adhi-

488 4749 625 4805 bere
657 4749 883 4817 debeat,
911 4746 1077 4801 valde
1108 4745 1397 4817 congruit,
1430 4749 1496 4800 ut
1524 4760 1726 4799 earum
1759 4744 2052 4815 provectui
2081 4748 2139 4800 et

489 4836 867 4905 utilitatibus,
892 4851 1018 4906 quae
1051 4835 1161 4889 sub
1190 4834 1372 4888 tutela
1402 4838 1615 4889 sanctas
1638 4834 1911 4888 Romanae
1943 4833 2135 4889 Eccle-

489 4927 590 4983 siae
622 4924 951 4997 specialiter
980 4923 1309 4978 constitutae
1364 4926 1524 4993 sunt,
1556 4926 1717 4977 tanto
1766 4922 2138 4994 impensioris

488 5032 640 5072 cura:
658 5014 923 5071 studium
944 5012 1278 5084 impertiatu
1288 5014 1562 5082 r,quanto
1579 5015 1635 5066 et
1651 5010 1939 5082 generalis
1957 5011 2140 5083 provi-

488 5105 698 5161 dentia:
720 5119 933 5174 corpus
954 5118 1088 5158 cum
1109 5101 1352 5166 caeteris,
1375 5105 1432 5155 et
1454 5099 1810 5171 singularem
1832 5100 2137 5173 apostolici

486 5193 771 5265 privilegii
803 5192 1019 5247 lineam
1046 5207 1161 5262 pra:
1188 5189 1408 5246 ceteris
1430 5188 1775 5245 sortiuntur.
1795 5188 1911 5246 Nos
1940 5190 2136 5262 itaque

484 5280 546 5335 in
571 5281 931 5353 apostolatus
959 5278 1485 5346 administratione,
1502 5295 1617 5333 non
1642 5278 1857 5341 nostris
1890 5276 2133 5346 meritis,

487 5370 587 5425 sed
611 5370 808 5424 divina
833 5368 1002 5425 locati
1029 5368 1216 5440 gratia
1237 5367 1616 5439 petitionibus
1638 5368 2137 5435 tuis,charissime

486 5457 571 5514 ﬁli
603 5462 659 5512 et
686 5458 862 5514 frater
892 5460 951 5513 in
978 5458 1205 5514 Christo
1236 5456 1567 5524 Guillelme,
1591 5473 1725 5512 cum
1755 5457 1914 5514 omni
1946 5457 2136 5513 chari-

483 5552 604 5605 tate
633 5553 690 5602 et
725 5546 1128 5602 benevolentia
1158 5547 1611 5616 consentientes,
1644 5546 1959 5603 venerabili
1989 5547 2133 5618 loco,

487 5636 582 5701 cui
610 5650 856 5710 praeses
877 5635 1380 5707 dignosceris,tihi
1402 5652 1637 5711 quoque
1657 5636 1893 5709 tuisque
1914 5652 2138 5694 succes-

2247 4654 2670 4711 municationis
2695 4655 3009 4711 anathema
3032 4656 3104 4712 ad
3134 4673 3237 4712 eos
3263 4656 3587 4729 pervenerit,
3610 4653 3658 4707 id
3678 4643 3799 4719 privi'

2245 4743 2465 4817 legium
2520 4743 2707 4800 eidem
2766 4744 3119 4801 monasterio
3168 4746 3537 4814 indulsimus,
3565 4748 3621 4798 ut
3654 4740 3799 4793 fratres

2247 4833 2513 4904 ejusdem
2536 4832 3026 4905 congregationis,
3042 4833 3294 4890 exclusis
3316 4835 3441 4891 aliis
3466 4830 3712 4892 omnibus,
3723 4818 3799 4893 ip5i

2246 4922 2503 4979 absoluti
2528 4922 2790 4978 divinum
2815 4922 3073 4978 ofﬁcium
3108 4929 3406 4995 peragant.
3430 4922 3612 4977 Visum
3631 4922 3799 4987 ᾳυοςιιθ

2249 5012 2419 5067 nobis
2448 5017 2558 5082 est,
2590 5017 2657 5067 ut
2688 5011 2839 5068 hanc
2868 5011 3165 5068 licentiam
3196 5013 3382 5069 eidem
3412 5012 3698 5067 tribuamus
3723 5018 3734 5054 ε
3755 4998 3799 5051 πί

2246 5101 2477 5166 fratres,
2509 5101 2610 5171 qui
2661 5101 2721 5156 in
2768 5101 3428 5173 quibusdamccenobiis
3456 5101 3664 5172 degunt,
3690 5084 3795 5161 ίῐυοδ

2244 5190 2432 5247 vivere
2456 5189 2800 5263 regulariter
2824 5194 3139 5263 nequeant,
3163 5191 3211 5247 si
3235 5190 3514 5249 voluerint
3539 5182 3701 5244 studio
3720 5188 3796 5232 1119'

2245 5278 2521 5335 liorandae
2544 5279 2694 5351 vitae,
2710 5281 2782 5336 ad
2808 5279 3003 5352 ipsum
3028 5281 3235 5337 ducem
3257 5280 3642 5337 monachorum
3654 5264 3798 5327 confu-

2245 5384 2399 5440 gere,
2427 5369 2805 5441 permittatur
2832 5370 2917 5425 eis
2949 5369 3007 5424 in
3038 5370 3241 5427 eodem
3275 5367 3521 5425 omnobio
3548 5359 3714 5420 undiu
3729 5353 3795 5407 de-

2242 5473 2400 5529 gere,
2431 5458 2479 5513 εἰ
2528 5457 2786 5513 contenti
2828 5457 3045 5514 fuerint
3091 5458 3411 5515 monastica
3438 5442 3789 5514 consuetudins

2245 5563 2554 5620 quousque
2581 5547 2641 5603 in
2673 5547 2799 5604 suis
2821 5548 3194 5605 monasteriis
3224 5547 3477 5605 videatur
3498 5542 3619 5602 ordo
3640 5532 3788 5593 ιθάὶιθ·

2232 5635 2650 5698 τΡθΓωὶῐιὶωιιε
2669 5637 2847 5698 etiam
2876 5642 2944 5697 ut
2972 5638 3023 5697 si
3052 5638 3313 5711 alicuju
3330 5639 3402 5697 de
3426 5620 3791 5710 ίριίιίηαίω
