4036 6184
212 277 396 337 1377

1401 276 1808 340 EPISTOLE
1849 276 1951 339 ET
1995 278 2447 344 DlPLOMATA

3469 286 3642 349 1378‘

210 425 463 467 onerosa
491 408 852 465 conversatio
883 409 1079 478 fuerit,
1101 409 1229 482 ipse
1257 409 1453 482 potius
1477 427 1613 466 cum
1635 427 1740 467 suo
1771 411 1865 466 de-
1893 411 1948 477 Α
1978 427 2042 467 ac
2061 412 2198 470 filiis
2215 413 2660 470 ﬁdelibusintra
2675 413 3630 486 gremiumconstitutissacrosan-

213 499 501 555 trimento
535 497 819 566 discedat,
847 515 1026 570 quam
1057 497 1203 553 alios
1234 498 1510 569 inquiret.

286 593 418 642 Haec
447 586 632 659 igitur
655 587 873 656 omnia,
899 604 1025 659 qum
1047 587 1225 658 hujus
1250 588 1517 660 praecepti
1538 587 1874 660 decretique

212 677 400 734 nostri
427 676 644 749 pagina
666 677 946 748 continet,
963 681 1083 731 tam
1105 676 1294 732 eidem
1322 677 1516 733 abbati
1539 694 1715 749 quam
1737 694 1874 732 cun-

215 767 333 823 ctis
363 767 423 821 in
455 782 521 820 eo
553 766 612 820 in
643 781 760 837 quo
810 771 918 833 est,
944 765 1148 821 ordine
1191 765 1434 839 locoque
1487 765 1873 833 successuris,

217 857 278 912 in
310 859 658 927 perpetuum
708 856 996 910 servanda
1025 855 1415 911 decernimus.
1446 856 1506 910 Si
1563 855 1696 927 quis
1741 871 1876 909 vero

218 961 452 1018 regum,
505 945 877 999 sacerdotum
925 948 1102 1016 atque
1150 944 1545 1016 quarumlibet
1602 961 1878 1016 persona-

219 1034 535 1102 rum,hanc
555 1033 991 1104 constitutionis
1008 1043 1220 1090 nostra;
1241 1035 1512 1108 paginam
1531 1049 1877 1107 agnoscens,

221 1129 428 1180 contra
447 1139 577 1178 eam
603 1123 798 1178 venire
830 1123 1158 1190 tentaverit,
1183 1123 1269 1178 vel
1300 1125 1371 1179 de
1394 1123 1637 1180 ecclesia
1656 1124 1880 1178 Sancta:

223 1213 420 1270 Mariae
455 1228 589 1268 cum
621 1211 901 1267 omnibus
934 1212 1316 1284 appendiciis,
1349 1213 1778 1285 pertinentibus
1808 1213 1880 1268 ad

220 1303 415 1375 ipsam
465 1299 797 1366 ecclesiam,
822 1318 948 1373 quae
983 1306 1074 1357 est
1103 1302 1162 1357 in
1193 1307 1383 1358 castro
1416 1302 1610 1358 Sancti
1659 1301 1881 1367 Brictii,

225 1408 404 1464 quam
429 1391 719 1446 Robertus
740 1390 1021 1446 dominus
1044 1391 1233 1463 ipsius
1251 1392 1428 1448 castri
1451 1392 1562 1464 ipsi
1587 1397 1883 1447 monaste-

225 1481 314 1536 rio
345 1478 611 1546 contulit,
641 1478 863 1551 aliquid
910 1479 1239 1549 abstulerit,
1265 1482 1578 1552 potestatis
1617 1481 1885 1536 honoris-

225 1586 344 1641 que
372 1568 466 1623 sui
502 1567 788 1640 dignitate
811 1573 1028 1636 careat,
1050 1585 1333 1642 reumque
1358 1587 1420 1626 se
1447 1569 1640 1626 divino
1670 1570 1887 1642 judicio

227 1659 475 1715 existere
508 1657 582 1712 de
614 1660 960 1729 perpetrata
996 1659 1309 1730 iniquitate
1340 1665 1636 1732 agnoscat.
1672 1661 1744 1715 Et
1775 1659 1888 1714 nisi

1977 507 2078 581 cia
2109 504 2315 558 matris
2343 501 2638 570 Ecclesiae,
2663 502 2916 575 qualiter
2946 504 3210 559 nonnulli
3239 522 3308 560 ex
3329 507 3630 562 reverendi

1985 593 2122 649 cleri
2170 593 2413 665 collegio
2461 594 2611 649 beati
2662 593 2932 649 Vincenti
2983 593 3386 650 Cabilonensis
3433 596 3630 651 cathe-

1983 683 2122 750 drae,
2143 682 2370 755 pridem
2393 683 2795 738 sacratissima
2816 683 3212 754 apostolorum
3240 684 3392 738 Petri
3413 689 3469 740 et
3489 685 3633 740 Pau-

1983 771 2024 826 li
2051 771 2260 826 limina
2281 787 2347 826 ac
2378 770 2664 842 placidam
2690 775 2900 826 nostrae
2923 771 3257 826 serenitatis
3279 773 3634 828 studuerunt

1985 861 2366 917 reverentiam
2399 860 2578 927 adire,
2611 859 3026 916 submittentes
3075 860 3322 932 supplici
3373 877 3542 932 prece
3569 862 3632 917 in

1987 955 2198 1007 nostris
2235 949 2602 1021 paternitatis
2644 950 2954 1020 praesentia
3002 951 3320 1020 quamdam
3368 951 3634 1007 nefandae

1990 1038 2260 1094 factionis
2312 1037 2740 1108 querimoniam
2791 1053 2925 1092 cum
2985 1037 3263 1092 canonica
3310 1040 3635 1110 proclama-

1988 1127 2147 1183 tione
2176 1128 2246 1182 de
2279 1125 2632 1198 quibusdam
2656 1124 2880 1180 scilicet
2908 1125 3168 1180 ecclesiis
3193 1128 3636 1184 communitatis

1991 1234 2130 1286 suze,
2164 1221 2222 1272 et
2256 1216 2430 1270 rebus
2463 1213 2679 1286 proprii
2721 1213 2876 1284 juris
2923 1231 3042 1270 suaa
3091 1217 3297 1271 matris
3345 1216 3635 1285 Ecclesia,

1992 1322 2120 1377 qua:
2178 1304 2289 1360 sibi
2341 1304 2594 1359 violenta
2650 1304 2864 1358 auferri
2911 1303 3260 1359 videbantur
3288 1304 3634 1378 direptione,

1993 1402 2214 1459 crudeli
2236 1418 2467 1474 quoque
2488 1405 2545 1457 et
2566 1401 2951 1456 immoderata
2971 1402 3288 1473 rapacitate
3307 1421 3420 1458 non
3442 1404 3638 1461 solum

1995 1511 2028 1549 a
2042 1492 2396 1565 quibusdam
2416 1489 2759 1563 irreligiosis
2774 1489 3132 1561 laicishujus
3150 1493 3457 1563 potestatis
3474 1510 3643 1549 mun-

1996 1584 2387 1652 danae,verum
2400 1581 2597 1649 etiam,
2613 1596 2813 1634 anonn
2824 1579 2956 1634 ullis
2975 1597 3092 1634 suae
3111 1579 3368 1637 ecclesiae
3387 1583 3644 1654 praelatis

1998 1670 2218 1726 similia
2237 1669 2355 1724 illis
2377 1668 2763 1724 inferentibus
2779 1667 3032 1724 violenta
3047 1674 3103 1723 et
3119 1670 3424 1742 tyrannica
3444 1689 3644 1743 perva-

226 1748 356 1850 illa,
390 1747 623 1850 quas}?
672 1745 773 1850 illo
823 1752 968 1850 sunt:
1014 1747 1165 1802 male
1214 1748 1804 1850 ablatazlrestituel‘it‘:
1835 1752 1891 1804 θι
1921 1785 1970 1850 Β
2001 1760 2450 1822 sione.Quorum
2469 1756 3183 1828 miserabiliquerimoniae
3200 1775 3266 1814 ac
3283 1760 3651 1831 petitionieo-

229 1835 414 1907 digna
440 1834 836 1891 satisfactione
886 1839 1014 1892 acta
1066 1837 1483 1902 emendaverit,
1508 1838 1618 1893 sub
1650 1836 1890 1892 anatheo

232 1925 412 1980 matis
441 1924 852 1980 interdictione
901 1925 1033 1993 fiat;
1068 1930 1244 1997 atque
1273 1925 1334 1980 in
1365 1930 1579 1981 aeterno
1626 1926 1892 1981 examine

234 2014 516 2069 districta;
553 2013 765 2069 ultioni
814 2014 1136 2084 subjaceat.
1171 2015 1408 2069 Cunctis
1457 2020 1651 2069 autem
1701 2015 1889 2070 eidem

231 2103 364 2159 loco
386 2105 551 2174 justa
580 2102 971 2169 servantibus,
1008 2103 1084 2158 sit
1125 2120 1235 2174 pax
1277 2103 1503 2158 Domini
1535 2103 1720 2159 nostri
1748 2104 1889 2159 Jesu

234 2191 477 2259 Christi,
513 2197 806 2262 quatenus
835 2195 892 2246 et
921 2191 1016 2245 hic
1047 2191 1303 2246 fructum
1337 2192 1500 2247 bona:
1531 2192 1777 2246 actionis
1809 2208 1893 2248 re-

232 2281 477 2353 cipiant,
500 2285 558 2336 et
577 2281 731 2353 apud
756 2279 1093 2336 districtum
1117 2281 1381 2351 judicem
1404 2281 1644 2352 praemia
1663 2286 1892 2336 aeternae

229 2370 401 2443 pacis
431 2368 745 2425 inveniant.

310 2461 524 2516 Datum
558 2459 718 2529 Lucas
747 2474 826 2514 vn
857 2457 997 2513 Idus
1027 2458 1369 2514 Novembris
1413 2475 1516 2530 per
1545 2475 1755 2514 manus
1782 2463 1892 2514 Pe-

229 2549 333 2617 tri,
381 2553 595 2604 sancta)
643 2548 916 2603 Romanae
962 2546 1231 2603 Ecclesiae
1281 2548 1616 2615 cardinalis,
1651 2565 1805 2604 anno
1834 2565 1892 2603 x1

234 2638 447 2712 pontif.
481 2637 659 2692 donni
690 2635 1003 2692 Alexandri
1037 2653 1222 2708 papae,
1255 2637 1574 2692 indictione
1607 2637 1854 2692 decima.

1004 2797 1137 2852 XCI.

241 2889 476 2943 Litterae
505 2886 808 2942 Alexandri
837 2888 883 2942 Il
909 2902 1072 2957 papw
1100 2888 1164 2942 in
1190 2889 1431 2957 gratiam
1458 2887 1712 2944 Ecclesiae
1743 2887 1898 2944 Cabi-

318 2959 722 3029 lonemis,quas
770 2961 1034 3031 Rocteizus
1081 2961 1368 3031 episcopus,
1406 2959 1476 3014 ab
1537 2961 1667 3014 aliis
1703 2969 1898 3031 postea

317 3032 538 3086 curavit
565 3032 830 3101 episcopis
862 3029 1130 3084 subscribi
1157 3039 1206 3085 et
1236 3030 1576 3100 conﬁrmari.

879 3137 1067 3208 (Anno
1100 3136 1283 3208 1072.)

419 3242 581 3315 [ϐαιι.
616 3245 847 3315 Christ,
881 3247 1023 3299 tom.
1058 3241 1154 3310 IV,
1185 3247 1378 3310 lnam,
1412 3258 1546 3315 pag.
1579 3243 1730 3314 229.]

320 3389 686 3452 Anmxosn,
711 3386 924 3442 Christi
947 3385 1178 3442 Domini
1210 3387 1437 3442 favente
1458 3386 1669 3458 gratia,
1698 3387 1904 3443 Roma-

248 3493 340 3532 ne
374 3476 530 3532 sedis
578 3477 911 3549 episcopus,
937 3477 1250 3531 reverendo
1297 3475 1488 3530 caeteri
1535 3475 1719 3531 totius
1765 3475 1903 3531 cleri

248 3565 599 3623 Cabilonicae
633 3566 797 3620 urbis
829 3582 996 3620 secus
1029 3581 1251 3620 morem
1297 3564 1702 3620 ecclesiastica:
1734 3565 1903 3620 insti-

247 3654 498 3711 tutionis
531 3654 846 3709 constituto
878 3653 988 3708 sub
1019 3653 1203 3708 tutela
1223 3653 1428 3709 matris
1459 3653 1723 3708 Ecclesiae
1750 3653 1904 3710 beati

247 3743 540 3799 Vincentii
591 3742 775 3798 levitze
824 3746 882 3796 et
930 3742 1225 3814 martyris,
1277 3741 1608 3814 prosperari
1662 3741 1908 3798 feliciter

248 3831 585 3888 munimine
615 3831 798 3887 totius
838 3830 1066 3897 salutis,
1099 3847 1164 3886 ac
1211 3829 1426 3902 pollere
1458 3835 1736 3903 perpetuo
1767 3848 1905 3887 con-

248 3923 422 3977 tinua
451 3919 789 3976 defensione
820 3919 1153 3992 apostolica
1187 3920 1626 3976 benedictionis.

323 4010 602 4074 Quamvis
630 4009 868 4081 quidem
900 4009 1046 4065 bene
1075 4013 1133 4064 et
1159 4008 1490 4080 specialiter
1510 4027 1742 4066 summo
1770 4028 1906 4066 con-

246 4100 450 4157 veniat
479 4098 866 4154 moderamini
900 4103 1281 4155 sacrosanctae
1304 4103 1362 4154 et
1391 4099 1718 4171 apostolicae
1750 4100 1908 4157 sedis

251 4190 558 4254 Romanae,
581 4187 856 4244 omnibus
887 4187 1220 4243 Christiana
1247 4188 1603 4259 pollentibus
1630 4189 1908 4262 religione

249 4295 428 4353 opem
459 4276 552 4332 sui
577 4275 906 4347 juvaminis
938 4293 1040 4348 pro
1064 4276 1155 4330 sui
1183 4277 1529 4332 necessitate
1550 4277 1708 4332 ﬁdeli
1739 4295 1908 4350 expe-

247 4366 520 4429 tentibus
541 4364 850 4422 devotione
873 4369 1115 4437 paterno
1138 4364 1573 4436 totiusvpietalis
1594 4366 1823 4434 affectu,
1845 4381 1911 4422 ac

247 4455 724 4513 clementissima
743 4471 978 4526 semper
998 4452 1251 4525 compati
1273 4469 1339 4508 ac
1364 4453 1630 4509 misereri
1661 4455 1910 4510 subven-

2001 1865 2133 1904 rum
2158 1845 2448 1902 canonica;
2467 1844 2728 1917 placidas
2749 1849 2958 1900 nostrae
2983 1847 3316 1902 serenitatis
3341 1865 3512 1904 aures
3535 1851 3651 1905 sul-

2001 1936 2288 1992 mittendo
2310 1933 2696 1990 libentissime
2715 1933 2926 1988 litteris
2948 1933 3091 1988 illud
3111 1935 3344 1990 directis
3363 1954 3395 1991 a
3412 1938 3474 1992 B.
3495 1940 3649 1995 Petri

2001 2030 2058 2082 et
2089 2029 2288 2080 nostra
2335 2028 2496 2096 parte
2525 2023 2967 2094 procuravimus
2998 2023 3278 2079 mandare
3327 2025 3650 2097 apostolica

2003 2113 2385 2188 praeceptione
2405 2129 2472 2168 ea
2498 2129 2622 2183 qua:
2648 2111 2762 2166 ilils
2780 2111 3000 2182 injuste
3017 2112 3213 2168 ablata
3231 2115 3461 2170 fuerunt
3483 2117 3651 2172 resti-

2002 2204 2087 2259 tui
2110 2203 2463 2268 certissime;
2492 2205 2621 2270 post
2645 2217 2877 2272 quoque
2898 2200 3214 2255 inviolabili
3239 2203 3541 2276 privilegio
3563 2221 3650 2260 se-

2002 2293 2093 2348 dis
2120 2290 2471 2363 apostolicze,
2495 2305 2566 2344 ne
2589 2289 2706 2343 illis
2734 2287 2981 2343 ulterius
3003 2291 3365 2360 auferantur,
3386 2292 3650 2348 decrevi-

2003 2399 2136 2436 mus
2169 2384 2448 2452 perpetuo
2487 2378 2881 2433 corroborare.
2916 2379 3016 2433 Est
3045 2380 3379 2450 nempe,uti
3411 2381 3650 2438 eviden-

2001 2469 2253 2526 tissimis
2286 2468 2616 2523 declaratur
2654 2467 2908 2534 indiciis,
2943 2468 3146 2522 eadem
3177 2468 3331 2522 beati
3357 2470 3649 2525 Vincentii

2005 2563 2190 2614 mater
2219 2556 2476 2612 Ecclesia
2505 2573 2621 2628 prre
2653 2554 2873 2610 caeteris
2913 2555 3092 2610 totius
3125 2555 3322 2611 Galliae
3361 2557 3647 2625 ecclesiis,

2002 2657 2139 2711 huic
2164 2654 2491 2727 apostolicae
2523 2653 2645 2709 sedi
2679 2653 2949 2708 familiari
2987 2670 3053 2707 ac
3083 2653 3320 2724 speciali
3344 2655 3646 2712 cbaritatis

2003 2745 2370 2817 copulatione
2400 2758 2678 2807 connexa,
2712 2742 2855 2796 adeo
2887 2746 2951 2796 ut
2990 2759 3023 2796 a
3054 2745 3384 2799 reverendis
3433 2750 3648 2801 sanctae

2004 2835 2162 2891 sedis
2193 2839 2461 2888 Romanae
2508 2830 2739 2885 vicariis
2786 2829 2924 2884 illuc
2973 2837 3174 2886 nostra
3206 2831 3441 2888 directis
3471 2833 3649 2892 licen-

2006 2925 2106 2993 tia,
2160 2921 2397 2977 statutis
2448 2919 2811 2990 temporibus
2859 2920 3172 2975 reverenda
3217 2920 3356 2976 Jesu
3410 2924 3654 2979 Domino

2008 3016 2302 3069 annuente
2331 3010 2474 3064 inibi
2506 3008 2872 3064 celebrentur
2900 3008 3167 3076 concilia,
3201 3026 3453 3081 quorum
3485 3027 3655 3083 pror-

2012 3118 2114 3156 sus
2155 3098 2540 3154 celebratione
2594 3101 2899 3168 reparatur
2945 3101 3135 3152 status
3191 3105 3540 3155 sacrosanta
3600 3106 3659 3157 et

1930 3153 1974 3221 C
2013 3153 2362 3244 universalis
2410 3153 2930 3250 Ecclesite‘ﬁbristi
2982 3186 3206 3240 Domini
3252 3153 3656 3261 juvanteigra-v

2009 3278 2110 3347 tia,
2135 3293 2201 3331 ac
2233 3292 2334 3346 per
2355 3289 2652 3329 sacrorum
2683 3272 2956 3328 instituta
2977 3289 3269 3329 canonum
3293 3277 3657 3333 examinatur

2011 3368 2069 3421 in
2102 3364 2335 3420 Domini
2366 3364 2480 3417 fide
2513 3361 2712 3433 religio
2743 3360 3095 3417 Christiana.
3131 3362 3315 3433 Igitur
3343 3364 3658 3435 imperioso

2013 3453 2308 3511 catholicae
2339 3457 2396 3507 et
2429 3449 2760 3523 apostolicae
2800 3450 2958 3506 sedis
3005 3452 3194 3506 edicto
3241 3453 3560 3509 statuimus
3591 3471 3658 3511 ac

2012 3552 2322 3608 statuendo
2348 3547 2732 3621 irrelragabili
2750 3549 3111 3604 auctoritatis
3129 3553 3338 3604 nostrae
3362 3550 3661 3624 privilegio

2014 3640 2229 3697 sanciri
2260 3639 2955 3709 decernimus,quatenus
2984 3637 3108 3692 ista:
3141 3637 3394 3694 ecclesia:
3426 3658 3460 3696 a
3490 3640 3660 3696 nobis

2013 3729 2457 3785 denominandze
2471 3727 2881 3799 praedictorum
2895 3727 3302 3783 communitati
3317 3727 3661 3786 clericorum

2014 3824 2069 3874 et
2100 3817 2410 3890 praelibatze
2443 3815 2649 3871 matris
2684 3814 2942 3871 ecclesiae
2965 3816 3114 3870 beati
3138 3815 3424 3872 Vincentii
3457 3834 3662 3890 perpe-

2013 3908 2132 3963 tuis
2162 3905 2492 3962 deserviant
2543 3903 2776 3972 usibus;
2813 3904 2870 3958 in
2906 3904 3112 3976 primis
3142 3905 3367 3961 scilicet
3415 3907 3664 3963 ecclesia

2015 3996 2182 4052 fundi
2213 3993 2646 4066 Baugiacensis,
2671 4010 2847 4065 quam
2876 3993 3142 4065 sequitur
3162 4010 3395 4066 quoque
3417 3995 3666 4053 ecclesia

2016 4085 2172 4141 ruris
2203 4083 2605 4150 Ce'rliacensis,
2630 4082 3016 4138 nihilominus
3046 4083 3222 4137 etiam
3253 4083 3498 4140 ecclesia
3526 4085 3664 4141 Bre-

2016 4173 2369 4247 gniacensis,
2393 4177 2689 4245 postremo
2712 4170 2956 4227 ecclesia
2977 4172 3046 4226 de
3064 4177 3119 4226 S.
3146 4171 3392 4229 Martino
3414 4175 3484 4229 de
3507 4174 3670 4230 Mon-

2015 4269 2092 4334 te,
2108 4263 2188 4318 ita
2207 4265 2542 4334 nuncupata
2555 4260 2896 4334 vulgaribus
2913 4259 3124 4327 verbis,
3142 4262 3214 4316 ad
3238 4261 3513 4318 ultimum
3532 4280 3668 4320 vero

2018 4351 2261 4408 ecclesia
2283 4351 2353 4406 de
2375 4352 2432 4406 S.
2459 4351 2685 4406 Privato
2719 4351 2798 4405 ita
2829 4349 3078 4406 vocitata
3107 4368 3140 4405 a
3169 4353 3537 4423 temporibus
3565 4371 3669 4410 an-

2019 4440 2328 4511 tiquis,his
2355 4439 2646 4510 siquidem
2669 4439 2930 4494 ecclesiis
2954 4440 3302 4495 nominatim
3321 4441 3667 4513 designatis,

249 4546 438 4612 tione,
465 4544 719 4600 maxime
751 4525 947 4599 tamen
976 4542 1078 4614 qui
1109 4544 1179 4598 de
1212 4543 1387 4598 rebus
1419 4541 1796 4598 ecclesiastici
1823 4545 1918 4616 λυ-
1945 4525 1994 4588 D
2026 4537 2108 4593 uti
2161 4535 2614 4607 praelibavimus,
2648 4535 2820 4589 matri
2870 4535 3125 4590 ecclesiae
3175 4535 3331 4590 beati
3377 4536 3671 4592 Vincentii

249 4636 338 4690 ris
363 4634 598 4706 insigne
621 4632 928 4705 apostolici
960 4631 1212 4703 praesidii
1232 4632 1511 4702 juvamen
1535 4647 1600 4686 ac
1623 4631 1911 4703 placidam

249 4741 375 4780 suae
408 4722 744 4778 serenitatis
775 4720 1138 4776 audientiam
1176 4719 1283 4774 rite
1313 4720 1587 4774 videntur
1617 4721 1912 4777 consulta-

250 4827 338 4876 re,
370 4810 504 4865 illos
535 4815 764 4882 oportet
797 4809 1041 4865 faciliori
1074 4827 1193 4864 suae
1225 4807 1556 4881 tranquillae
1588 4809 1915 4865 miseratio-

253 4901 351 4956 nis
385 4905 654 4971 respectu
680 4900 751 4954 de
780 4898 894 4966 his,
920 4916 1047 4970 quae
1082 4897 1329 4953 fideliter
1357 4902 1413 4952 et
1443 4898 1721 4953 canonice
1752 4915 1917 4970 expe-

251 4993 391 5043 tant
416 4988 581 5059 prius
611 4987 930 5043 clementer
968 4985 1231 5041 exaudiri
1263 4987 1490 5052 debere,
1527 4993 1658 5058 post
1686 5002 1818 5042 vero
1846 5002 1917 5041 ne

252 5076 510 5132 ulterius
542 5076 666 5133 ﬁeri
696 5076 929 5131 valeant
967 5076 1153 5136 irrita,
1187 5073 1508 5128 inviolabili
1552 5074 1918 5130 auctoritatis

253 5164 594 5238 apostolicae
625 5165 928 5238 privilegio
961 5163 1319 5220 corroborari
1354 5163 1676 5235 perpetuali
1708 5164 1916 5219 conﬁr-

253 5255 540 5310 matione.
573 5255 749 5310 Porro
789 5260 912 5310 tam
946 5253 1319 5309 reverendam
1374 5268 1439 5307 ac
1489 5252 1722 5324 penitus
1768 5252 1918 5308 inte-

255 5347 548 5399 meratam
580 5361 614 5399 a
645 5343 967 5416 primordio
998 5341 1341 5398 Christianae
1383 5340 1684 5413 religionis
1717 5345 1914 5396 aucto-

256 5433 495 5488 ritatem
527 5432 687 5488 sedis
719 5431 1073 5504 apostolicae,
1108 5433 1307 5485 nostro
1337 5444 1570 5500 quoque
1598 5429 1659 5483 in
1688 5432 1914 5500 tempo-

256 5537 400 5594 pore
430 5521 674 5577 omnino
713 5519 1130 5578 inviolabiliter
1174 5517 1586 5592 percupientes
1629 5516 1914 5590 stabilire,

256 5611 524 5689 patefieri
552 5609 828 5670 volumus
861 5610 1091 5669 cunctis
1136 5607 1471 5667 reverendis
1518 5605 1912 5665 contratribus

2025 4623 2367 4681 Cabilonicze
2390 4623 2883 4691 sedis,communi
2906 4638 3138 4694 quoque
3158 4639 3191 4676 a
3213 4623 3302 4677 sui
3329 4623 3509 4678 totius
3532 4624 3670 4678 cleri

2023 4713 2169 4769 inibi
2208 4711 2494 4784 degentis,
2526 4710 2870 4766 inconvulso
2920 4715 3134 4766 sancta:
3182 4711 3342 4766 sedis
3391 4711 3668 4766 Romanis

2025 4801 2439 4875 perpetualiter
2469 4799 2769 4871 privilegio
2801 4799 3115 4869 concessis,
3138 4799 3196 4854 in
3223 4805 3670 4857 monumentum

2028 4907 2260 4964 quoque
2292 4887 2728 4961 specialissimae
2760 4888 3194 4958 familiaritatis,
3221 4905 3397 4960 quam
3429 4889 3581 4945 inter
3609 4906 3672 4945 se

2024 4981 2296 5036 videntur
2342 4977 2622 5043 obtinere,
2664 4978 2868 5033 eadem
2919 4977 3139 5033 scilicet
3196 4982 3382 5032 mater
3428 4966 3672 5033 ecclesia

2027 5070 2368 5127 Cabilonicaa
2401 5067 2584 5131 urbis,
2613 5084 2678 5122 ac
2709 5068 2959 5140 insignis
2987 5072 3106 5123 toto
3146 5068 3284 5122 orbe
3314 5068 3504 5132 sedes,
3528 5084 3672 5138 apo-

2027 5159 2240 5216 stolicae
2259 5157 2662 5222 sublimitatis,
2676 5162 3072 5228 opportunum
3093 5155 3292 5228 procul
3310 5156 3488 5210 dubio
3507 5157 3671 5212 duxi-

2027 5265 2162 5304 mus
2198 5252 2410 5303 ouncta
2438 5244 2682 5316 antiqua
2712 5246 2976 5317 ejusdem
3017 5246 3222 5300 matris
3254 5244 3520 5300 Ecclesiae
3553 5246 3670 5317 pri-

2027 5336 2256 5410 vilegia,
2281 5335 2391 5390 sibi
2425 5335 2765 5390 firmissimo
2787 5339 2986 5390 tenore
3007 5351 3284 5389 concessa
3304 5351 3337 5389 a
3358 5335 3672 5405 praedeces-

2030 5426 2264 5482 soribus
2295 5423 2532 5494 nostris,
2565 5422 2884 5478 inviolabili
2933 5422 3379 5478 confirmatione
3408 5423 3672 5480 stabilire

2031 5531 2097 5572 ac
2117 5511 2516 5570 indissolubili
2533 5517 2732 5569 tenore
2759 5511 3144 5582 consolidare,
3167 5528 3338 5569 secus
3358 5513 3672 5570 auctorita-

2025 5609 2146 5662 tem
2175 5600 2558 5677 apostolicam
2596 5605 2976 5662 sacrosanctaa
3022 5602 3292 5661 Romanos
3323 5601 3502 5672 sedis,
3534 5616 3670 5660 san-
