3972 6182
480 248 632 307 1379

1767 235 2122 295 ALEXAND

2265 233 2313 292 Il
2360 234 2587 294 ΡΑΡᾸΞ
3613 247 3706 306 1380

480 381 697 436 cientes
730 378 928 431 eadem
971 370 1287 444 apostolica
1327 368 1668 423 auctoritate
1698 366 1923 421 illibata
1951 370 2007 420 et
2035 366 2124 419 in-
2154 366 2209 433 Α
2240 365 2556 421 calliditate
2597 366 2925 422 disturbare
2975 364 3248 421 nituntur.
3280 366 3380 421 Nos
3404 385 3529 435 vero,
3553 374 3631 431 Deo
3649 396 3708 435 an.

476 472 761 525 temerata
811 478 1172 536 permanere,
1220 458 1669 515 succedentibus
1719 457 1828 511 sibi
1878 456 2122 511 invicem

478 574 651 613 omne
673 572 775 626 per
795 568 979 607 aevum
1004 548 1369 620 temporibus
1393 545 1709 601 cunctis.Si
1728 546 1858 616 quis
1876 562 2007 600 vero
2032 562 2126 598 cu-

471 648 807 717 juscunque
829 640 1185 696 conditionis
1212 642 1312 694 aut
1343 636 1648 708 potestatis
1669 636 1843 690 homo
1867 634 2001 689 huic
2025 650 2124 687 no-

480 741 613 791 stra
647 730 979 804 apostolicae
1008 726 1369 783 auctoritatis
1406 725 1705 797 privilegio
1738 723 2128 779 contradictor

479 821 828 877 temerarius
877 818 1123 873 voluerit
1180 817 1443 881 existere,
1478 814 1821 869 auctoritate
1872 814 2124 884 profecto

479 914 751 967 humanae
781 915 837 964 et
866 907 1177 961 individuus
1201 904 1501 959 Trinitatis
1535 908 1591 957 et
1621 903 1771 957 beati
1806 902 1955 956 Petri
1987 919 2125 972 apo-

479 1001 763 1058 stolorum
814 996 1116 1069 principis,
1151 999 1350 1049 nostra
1390 1009 1641 1064 quoque,
1677 992 1775 1062 qui
1815 992 1941 1060 ejus
1973 990 2125 1045 vices

481 1088 851 1161 exsequendo
893 1085 1179 1139 cathedrae
1240 1083 1426 1153 ipsius
1473 1082 1741 1134 videmur
1798 1079 2123 1150 praesidere,

482 1178 705 1236 noverit
736 1193 797 1231 se
836 1171 1230 1229 indissolubili
1276 1170 1602 1225 feriendum
1649 1167 2016 1222 anathemate
2069 1172 2127 1222 et

482 1284 616 1323 cum
648 1264 874 1321 Dathan
906 1267 963 1317 et
989 1261 1227 1330 Abiron,
1256 1259 1316 1313 in
1347 1263 1666 1313 tartareum
1699 1257 1875 1311 chaos
1897 1257 2124 1311 demer-

483 1356 737 1429 gendum
779 1356 911 1424 post
960 1366 1229 1405 occasum
1279 1348 1428 1416 vitae,
1462 1348 1521 1401 in
1581 1345 1835 1402 ﬂammis
1893 1362 2125 1417 quoque

478 1446 757 1518 gehenna
782 1458 843 1496 se
863 1439 1277 1512 perpetualiter
1304 1437 1797 1493 concremandum
1821 1452 1953 1490 cum
1975 1435 2126 1490 Juda

478 1539 616 1590 Jesu
646 1530 874 1587 Domini
908 1529 1221 1601 proditore.

553 1629 580 1688 τι
615 1623 731 1693 Ego
764 1620 829 1675 G.
854 1619 953 1673 Dei
985 1618 1172 1690 gratia
1202 1616 1484 1672 Ostiensis
1506 1615 1815 1688 episcopus
1845 1618 1901 1670 et
1927 1615 1985 1669 S.
2021 1614 2128 1668 Ro-

478 1730 664 1768 manae
699 1709 964 1765 Ecclesiae
1010 1706 1258 1778 legatus,
1288 1711 1490 1802 rogatu
1525 1705 1724 1803 domni
1757 1703 1987 1801 Rocleni
2019 1705 2121 1758 Ca-
2154 1739 2201 1803 B

474 1799 799 1855 bilonensis
830 1795 1088 1868 episcOpi
1120 1794 1231 1865 legi
1266 1793 1491 1847 laudavi
1524 1797 1580 1847 et
1609 1791 1950 1863 subscripsi.

552 1894 579 1953 +
616 1894 729 1959 Ego
761 1886 1119 1939 Humbertus
1168 1882 1545 1952 archipraasul
1588 1880 1989 1952 Lugdunensis
2020 1880 2123 1934 Ec-

478 1976 663 2031 clesiae
697 1973 1040 2043 subscripsi.

551 2070 578 2129 +
616 2064 729 2134 Ego
777 2063 1110 2116 Ermannus
1156 2060 1295 2130 (lege
1330 2060 1725 2129 Varmundns)
1775 2056 2122 2112 Viennensis

478 2152 955 2223 archiepiscopus
985 2147 1329 2219 subscripsi.

550 2248 578 2306 τι
631 2242 746 2312 Ego
814 2238 935 2311 Ugo
1006 2236 1379 2292 Bituricensis
1446 2235 1916 2307 archiepiscopus
1983 2236 2119 2291 sub-

476 2330 705 2401 scripsi.

550 2425 577 2484 ῒ
611 2419 729 2489 Ego
758 2420 998 2489 Agnano
1030 2415 1314 2469 Eduensis
1346 2413 1656 2485 episcopus
1689 2414 1884 2487 relegi.

550 2514 577 2573 1-
616 2509 731 2579 Ego
762 2506 1097 2560 Guntardus
1146 2502 1577 2559 Valentinensis
1624 2503 1931 2574 episcopus
1980 2502 2120 2557 sub-

475 2596 707 2666 scripsi.

551 2690 577 2751 f
613 2686 729 2755 Ego
764 2683 1174 2738 Ermenl‘redus
1224 2681 1581 2736 Sedunensis
1630 2680 1938 2752 episcopus
1981 2680 2119 2735 sub-

476 2774 708 2844 scripsi.

550 2867 576 2927 l
617 2862 996 2917 Raimbaldus
1056 2858 1383 2931 apostolicae
1436 2859 1590 2913 sedis
1649 2857 1895 2929 legatus.
1940 2857 2015 2911 M.
2060 2858 2116 2911 S.

409 2979 415 2984 -
475 2952 534 3007 s.
568 2950 666 3023 (5).

1219 3056 1381 3110 XCII.

2236 460 2470 521 nuente,
2504 455 2651 509 hanc
2682 454 3063 526 quaestionem
3108 455 3369 511 discutere
3395 462 3656 534 curavimus,
3675 472 3707 523 in

2236 545 2456 612 synodo
2475 544 2673 599 habita
2693 544 2749 599 in
2772 544 3140 599 Lateranensi
3164 545 3708 613 consistorio,convocatis

2235 634 2305 687 ad
2330 633 2439 687 hoc
2460 650 2606 705 opus
2628 631 2916 704 episcopis
2945 638 3000 687 et
3022 632 3423 703 clericis,atque
3444 637 3708 703 iudicibusdi-

2232 740 2529 778 versarum
2562 722 3011 793 provinciarum.
3036 721 3302 793 Denique,
3326 722 3413 777 diu
3438 728 3646 785 ventilatis
3664 733 3708 786 le-

2236 813 2407 882 gibus
2438 818 2493 865 et
2524 812 2707 865 sacris
2741 811 3084 877 canonibus,
3118 811 3372 866 distincte
3396 813 3706 882 invenimus,ab

2236 901 2406 955 aliain
2440 918 2675 955 causam
2709 901 2949 955 alteram
3004 900 3193 971 legum
3226 901 3359 965 ﬁeri,
3383 902 3576 959 alteram
3610 924 3707 963 cauo-

2235 1006 2377 1044 num
2410 990 2925 1061 computationem.
2954 990 3013 1043 In
3044 988 3267 1061 legibus
3296 990 3540 1061 siquidem
3563 996 3612 1049 ob
3631 998 3710 1052 nihil

2235 1079 2390 1133 aliud
2418 1080 2675 1149 ipsorum
2700 1080 2990 1151 graduum
3015 1079 3225 1134 mentio
3247 1079 3384 1133 facta
3402 1082 3585 1152 est,nisi
3601 1093 3641 1140 ut
3655 1086 3713 1142 bs

2234 1170 2471 1239 reditas,
2494 1168 2582 1223 vel
2615 1169 2928 1238 successio,
2954 1169 3024 1223 ab
3058 1185 3171 1223 una
3192 1169 3257 1222 ad
3290 1167 3502 1224 alteram
3521 1189 3715 1242 personam

2234 1260 2386 1313 inter
2405 1257 2870 1330 consanguineos
2891 1258 3198 1312 deferatur.
3220 1259 3278 1313 In
3299 1260 3569 1316 canonibus
3583 1278 3666 1317 vero
3678 1266 3716 1319 ob

2234 1348 2343 1402 hoc
2376 1346 2683 1419 progenies
2733 1351 3127 1418 computatur,
3160 1351 3224 1401 ut
3268 1353 3443 1419 aperte
3485 1358 3718 1408 monstretur

2235 1453 2421 1507 usque
2440 1437 2511 1490 ad
2534 1440 2770 1506 quotam
2798 1436 3229 1507 generationem
3248 1454 3279 1491 a
3298 1440 3718 1510 consanguineon

2235 1527 2311 1580 sit
2333 1525 2555 1596 nuptiis
2578 1525 3015 1579 abstinendum.
3032 1525 3113 1579 Ibi
3137 1526 3500 1596 praescribitur
3516 1534 3565 1583 ut
3580 1528 3719 1585 heredi-

2234 1618 2319 1669 tas
2350 1614 2693 1686 propinquis
2728 1614 2897 1669 modo
2927 1613 3186 1685 legitimo
3211 1615 3527 1679 conferatur;
3552 1617 3617 1672 hic
3632 1635 3717 1683 vero,

2233 1709 2299 1758 ut
2329 1704 2435 1758 rite
2466 1708 2522 1758 et
2551 1703 2824 1758 canonice
2854 1702 3005 1757 inter
3022 1703 3221 1757 ﬁdeles
3250 1704 3446 1775 nuptiae
3465 1705 3719 1761 celebrentur.

2233 1794 2295 1847 In
2329 1792 2554 1863 legibus
2587 1792 2850 1847 districte
2899 1808 3014 1846 non
3062 1798 3435 1847 numerantur
3467 1794 3643 1865 gradus,
3661 1796 3720 1850 nisi

2234 1899 2419 1953 usque
2451 1882 2519 1937 ad
2554 1884 2806 1945 sextam;
2858 1878 2917 1933 in
2968 1880 3289 1936 canonibus
3336 1886 3504 1937 autem
3544 1885 3721 1954 usquead

2233 1970 2540 2042 septimam
2575 1969 3019 2041 distinguuntur
3065 1970 3491 2041 generationem.
3521 1971 3605 2026 Hac
3625 1973 3723 2043 igitur

2234 2062 2301 2115 de
2332 2077 2530 2129 causa,
2547 2060 2685 2129 quia
2706 2058 3071 2113 hmreditates
3104 2066 3394 2130 nequeunt
3412 2061 3581 2114 deferri
3604 2061 3675 2114 nisi
3691 2061 3725 2114 de

2234 2167 2349 2204 una
2371 2150 2440 2203 ad
2464 2149 2704 2203 alteram
2736 2164 3067 2219 personam,
3088 2147 3301 2203 idcirco
3326 2149 3521 2204 curavit
3541 2149 3727 2203 saecularis

2230 2238 2549 2310 imperator
2580 2238 2637 2291 in
2671 2237 2920 2309 singulis
2970 2237 3237 2308 personis
3283 2237 3518 2310 singulos
3543 2238 3730 2309 pretigere

2232 2328 2469 2399 gradus.
2504 2327 2648 2392 Quia
2678 2344 2811 2381 vero
2856 2327 3072 2397 nuptiae
3124 2327 3249 2381 sine
3278 2327 3486 2382 duabus
3511 2344 3598 2381 non
3618 2326 3731 2380 valent

2232 2418 2355 2472 ﬁeri
2390 2416 2675 2488 personis,
2699 2416 2827 2470 ideo
2851 2415 2998 2470 sacri
3022 2432 3277 2471 canones
3298 2416 3434 2472 duas
3449 2416 3499 2471 in
3520 2433 3605 2471 uno
3626 2416 3732 2487 gradu

2232 2507 2583 2561 constituere
2615 2522 2912 2576 personas.
2930 2504 3248 2576 Utramque
3271 2510 3451 2560 tamen
3474 2505 3733 2575 computatis

2231 2613 2386 2663 nem,
2411 2596 2460 2650 si
2492 2599 2709 2649 attente
2741 2610 2805 2647 ac
2838 2592 3133 2648 subtiliter
3164 2600 3449 2665 perspecta
3475 2594 3622 2657 fuerit,
3643 2593 3733 2647 idern

2230 2685 2485 2739 sensisse
2516 2689 2571 2738 et
2601 2682 2860 2737 eamdem
2883 2698 3010 2736 esse
3034 2683 3091 2736 in
3122 2683 3205 2738 eis
3227 2684 3540 2738 sententiam
3566 2683 3732 2752 atquead

2230 2792 2296 2829 eu
2309 2774 2498 2827 mdem
2518 2772 2832 2826 terminum
2848 2772 3159 2827 convenire
3180 2771 3733 2828 manifestissimumerit.

2226 2862 2597 2918 Justinianus
2636 2876 2891 2930 namque
2923 2876 3109 2931 usque
3150 2862 3220 2916 ad
3253 2878 3418 2933 quem
3446 2862 3735 2933 gradummu-

2230 2951 2597 3023 sanguinitas
2628 2950 2756 3021 ipsa
2788 2950 3058 3019 perduret
3090 2951 3149 3003 in
3184 2951 3303 3006 suis
3333 2950 3530 3023 legibus
3556 2948 3735 3005 nondeii-

2232 3042 2392 3096 nivit.
2415 3040 2677 3095 Canones
2707 3055 2837 3093 vero
2870 3037 3022 3092 ultra
3052 3040 3383 3110 septimam,
3413 3038 3594 3094 nullam
3619 3052 3739 3091 nume

476 3145 781 3201 Alexandri
811 3147 861 3200 II
886 3145 1115 3215 cpistola
1154 3106 1556 3215 act—episcopos,
1586 3145 1812 3198 clericos
1840 3148 1887 3197 et
1909 3144 2122 3213 judice:
2152 3106 2194 3171 Ο
2232 3148 2427 3186 PaVel‘e
2458 3129 2909 3202 generationem
2935 3106 3353 3201 Semo—QUiPPe
3373 3106 3538 3201 gradu
3564 3124 3738 3182 determl'

545 3218 747 3273 Italiae.
800 3249 865 3257 —
914 3216 1195 3285 Quomodo
1244 3216 1602 3287 computandi
1640 3216 1845 3285 gradus
1892 3231 2121 3269 consan-

546 3290 856 3359 guinz’latz’s.

1044 3377 1230 3446 (Anno
1261 3377 1390 3429 1061
1408 3377 1554 3431 -73.l

867 3466 1108 3535 [Musa
1155 3467 1371 3520 Conicit.
1406 3465 1546 3534 XIX,
1579 3465 1731 3534 766.]

543 3574 627 3627 Ad
661 3574 857 3628 sedem
882 3572 1258 3643 apostolicam
1284 3572 1507 3643 perlata
1529 3578 1618 3626 est
1641 3570 1882 3642 quaestio
1907 3570 2128 3625 novitcr

474 3667 672 3717 exorta
694 3664 763 3716 de
783 3662 1063 3733 gradibus
1090 3662 1648 3732 consanguinitatis;
1681 3677 1856 3731 quam
1886 3660 2125 3730 quidam

475 3750 671 3823 legum
694 3755 750 3804 et
771 3768 1061 3805 canonum
1096 3750 1352 3822 imperiti
1378 3750 1965 3815 excitantes,eosdem
1998 3767 2127 3820 pro-

474 3840 823 3911 pinquitatis
854 3841 1073 3912 gradus
1106 3844 1309 3894 contra
1340 3856 1537 3894 sacros
1577 3856 1828 3893 canones
1860 3843 1917 3893 et
1946 3837 2126 3893 eccle-

475 3928 779 3984 siasticum
816 3946 1035 3984 morem
1065 3945 1372 3983 numerare
1405 3930 1694 3992 nituntur,
1718 3945 1862 3983 novo
1886 3932 1941 3983 et
1971 3928 2130 3981 inau-

475 4017 596 4071 dito
626 4035 819 4072 errore
852 4019 1213 4072 afﬁrmantes
1237 4018 1389 4088 quod
1414 4018 1680 4089 germani
1704 4018 1911 4073 fratres
1932 4017 2017 4070 vel
2043 4034 2130 4071 so—

474 4121 636 4160 rores
667 4104 820 4160 inter
848 4122 909 4160 se
936 4106 1057 4159 sint
1089 4106 1147 4159 in
1172 4106 1429 4159 secunda
1461 4105 1861 4177 generatione;
1898 4104 2002 4157 ﬁlii
2034 4121 2127 4158 eo-

475 4208 608 4245 rum
635 4193 720 4245 vel
756 4193 910 4257 ﬁliaz,
936 4193 993 4245 in
1028 4198 1264 4262 quarta;
1301 4198 1537 4263 nepotes
1566 4193 1652 4247 vel
1686 4198 1885 4263 neptes
1904 4211 2127 4264 eorum,

474 4280 532 4332 in
567 4284 748 4333 sexta.
783 4279 1029 4350 Talique
1060 4281 1232 4335 modo
1266 4281 1599 4352 progeniem
1635 4287 2041 4353 computantes
2076 4288 2129 4337 et

474 4366 819 4435 hujusmodi
866 4373 1027 4423 sexto
1072 4385 1199 4423 eam
1245 4371 1429 4441 gradu
1480 4371 1859 4426 terminantes
1908 4372 2128 4442 dicunt,

2233 3227 2387 3286 nato,
2420 3219 2475 3272 in
2510 3218 2655 3289 ipsis
2685 3217 2913 3288 legibus
2946 3218 3263 3272 subintulit
3290 3219 3581 3289 imperator.
3600 3216 3741 3282 (Hacte-

2233 3327 2346 3364 nus
2378 3307 2704 3363 ostendisse
2736 3306 2989 3360 sutﬁciat
3011 3308 3493 3376 quemadmodum
3519 3305 3675 3377 gradus
3692 3317 3744 3355 co-

2234 3396 2527 3469 gnalionis
2578 3398 2976 3449 numerentur.
3002 3395 3269 3467 Namque
3318 3414 3380 3450 ex
3425 3396 3502 3450 bis
3543 3392 3677 3465 palam
3699 3394 3747 3442 est

2235 3487 2558 3559 intelligere
2573 3486 3072 3558 quemadmodum
3091 3486 3391 3542 ulteriores
3411 3501 3600 3558 quoque
3616 3480 3749 3554 gradus

2237 3594 2544 3633 numerare
2564 3577 2904 3630 debeamus.
2923 3575 3213 3632 Generata
3233 3577 3439 3648 quippe
3457 3588 3649 3645 persona
3664 3583 3750 3623 sem-

2237 3684 2339 3738 per
2370 3667 2617 3737 gradum
2668 3663 2889 3734 adjicit,
2926 3664 3067 3718 Ecce
3125 3666 3182 3719 in
3238 3665 3327 3719 his
3375 3663 3602 3719 brevibus
3636 3654 3749 3711 verbis

2238 3759 2434 3827 aperte
2464 3754 2792 3809 ostenditur
2821 3753 2965 3807 tales
2997 3754 3240 3825 gradus,
3272 3753 3459 3826 quales
3495 3751 3571 3806 isti
3596 3761 3749 3813 compu-

2240 3849 2383 3908 tant,
2418 3861 2529 3898 non
2564 3847 2793 3897 tantum
2836 3859 3019 3913 usque
3051 3844 3123 3896 ad
3177 3850 3416 3908 sextum,
3447 3854 3607 3895 verum
3643 3833 3748 3888 etiam

2239 3933 2393 3987 ultra
2414 3930 2707 3986 numerari
2731 3931 2959 3999 debere,
2977 3931 3194 4002 quippe
3218 3948 3346 3986 cum
3370 3930 3505 3984 ultra
3524 3916 3749 3982 sextumul-

2238 4022 2477 4077 teriores
2536 4020 2752 4091 gradus
2810 4021 3209 4075 numerandos
3268 4035 3388 4074 esse
3440 4004 3748 4071 decernatl'bi

2239 4110 2394 4165 enim
2424 4108 2728 4163 ulteriores
2752 4108 3016 4162 nominat
3038 4109 3280 4179 gradus,
3306 4112 3482 4179 aperte
3503 4103 3749 4158 indicatnon

2240 4218 2339 4256 sex
2368 4198 2775 4253 tantummodo
2801 4214 2928 4252 esse
2958 4198 3198 4269 gradus,
3224 4198 3322 4253 sed
3346 4214 3436 4252 sex
3458 4192 3619 4251 ﬁnitis,
3636 4185 3749 4241 adhuc

2240 4289 2385 4343 alios
2416 4287 2827 4343 numerandos.
2852 4287 2967 4341 Nec
2998 4287 3239 4356 mirum,
3261 4304 3388 4342 cum
3417 4287 3467 4339 iu
3496 4270 3750 4354 praecedenti-

2241 4380 2350 4433 bus
2382 4379 2505 4449 ipse
2547 4375 2866 4431 ﬁrmaverit
2895 4375 3215 4447 imperator
3245 4376 3457 4430 decimo
3478 4371 3615 4427 etiam
3638 4359 3750 4435 gradu

476 4456 749 4527 deinceps
780 4456 933 4512 viros
964 4475 1029 4512 ac
1059 4457 1335 4513 mulieres
1368 4460 1519 4513 inter
1551 4476 1611 4514 se
1638 4476 1808 4530 posse
1841 4460 2126 4532 nuptialia
2155 4473 2202 4537 D
2235 4466 2701 4537 consanguineos
2733 4464 3031 4533 sibi‘inter
3072 4481 3136 4519 se
3180 4482 3348 4536 posse
3378 4459 3645 4518 succedere.
3666 4454 3751 4503 Cum

467 4545 602 4615 jura
615 4545 979 4601 contrahere.
998 4548 1064 4600 Et
1085 4548 1155 4599 ad
1180 4546 1517 4616 hujusmodi
1542 4550 1850 4618 profanum
1870 4566 2125 4603 errorem

474 4635 1033 4701 conﬁrmandum,in
1055 4642 1465 4707 argumentum
1483 4644 1798 4691 assumunt
1820 4637 2124 4692 saeculares

474 4722 632 4794 leges
664 4741 811 4795 quas
861 4725 1234 4780 Justinianus
1266 4727 1583 4796 imperator
1633 4726 2025 4797 promulgavit
2056 4728 2125 4781 de

474 4812 945 4868 successionibus
998 4816 1586 4885 consanguineorum.
1640 4816 1861 4879 Quibus
1919 4816 2123 4870 conﬁsi

475 4904 777 4956 ostendere
811 4901 1138 4957 moliuntur
1168 4906 1373 4957 fratres
1405 4905 1463 4957 in
1497 4906 1750 4958 secundo
1782 4904 1964 4975 gradu
1999 4922 2125 4960 esse

477 4991 837 5061 numeratos)
862 4991 1010 5045 ﬁlios
1033 5008 1233 5046 eorum
1260 4994 1314 5045 in
1345 4998 1571 5063 quarto,
1600 4999 1836 5064 nepotes
1860 4995 1916 5047 in
1942 4999 2119 5049 sexto.

478 5078 571 5134 Sic
603 5079 813 5134 seriem
845 5079 1192 5151 genealogis:
1223 5081 1627 5151 terminantes,
1658 5083 2121 5138 numerationem

477 5174 813 5224 sanctorum
836 5169 1072 5223 Patrum
1108 5175 1163 5224 et
1194 5170 1496 5240 antiquam
1521 5170 1787 5225 Ecclesiae
1820 5178 2121 5244 computa-

474 5255 715 5323 tionem,
739 5258 811 5313 ad
844 5275 950 5313 nos
981 5276 1166 5330 usque
1188 5260 1553 5331 perductam,
1577 5277 1845 5331 perversa
1867 5263 2121 5333 quadam

547 5471 623 5553 (ᾗ)
656 5472 803 5553 Nota
832 5476 983 5553 quod
1019 5476 1370 5553 subscriptio
1404 5478 1755 5553 Raimbaldi,
1789 5480 1943 5535 sedis
1983 5498 2119 5553 apo-

474 5541 691 5607 stolicae
719 5541 916 5615 legati,
948 5558 1075 5606 uon‘
1094 5541 1322 5609 videtur
1366 5550 1568 5607 eodem
1598 5541 1858 5625 tempore
1887 5541 2121 5611 exarata

2236 4558 2391 4612 enim
2426 4555 2719 4609 decimum
2751 4553 3032 4623 nominat,
3060 4571 3177 4608 non
3203 4569 3327 4609 esse
3352 4542 3676 4607 tantummodo
3694 4549 3751 4589 se!

2237 4646 2364 4701 luce
2399 4645 2611 4699 clarius
2642 4644 2972 4698 conﬁtetur.
3705 4714 3711 4722 I

2308 4735 2373 4789 Hi
2408 4751 2542 4805 ergo
2565 4732 2859 4804 evigilent,
2884 4738 2941 4788 et
2962 4732 3143 4787 aciem
3170 4732 3396 4798 mentis,
3421 4729 3461 4785 si
3490 4724 3750 4799 possunt.”

2238 4825 2481 4879 tendant
2512 4840 2659 4894 quos
2707 4822 2988 4876 hactenus
3023 4822 3353 4876 istiusmodi
3403 4814 3599 4890 pertulit
3634 4818 3749 4894 error:

2237 4913 2544 4968 Enimvero
2578 4912 2697 4979 ubi,
2732 4912 3055 4966 secundum
3108 4911 3285 4982 leges,
3318 4911 3455 4963 inter
3480 4904 3678 4975 agnatos,
3700 4886 3750 4941 vel

2236 5007 2513 5073 cognatos
2538 5002 2758 5074 defertu
2771 5019 2795 5054 r
2816 4998 3563 5070 successio,consanguineos
3577 4999 3669 5074 esse
3682 4992 3751 5034 οῦδ

2236 5092 2481 5145 dubium
2516 5073 2624 5145 est.
2644 5090 2839 5160 Neque
2860 5090 3013 5143 enim
3039 5089 3147 5143 sibi
3174 5087 3538 5146 succederent,
3558 5074 3639 5133 niSi
3663 5073 3753 5123 inter

2237 5197 2298 5235 se
2332 5179 2635 5251 parentelaa
2667 5180 2897 5234 vinculo
2928 5184 3284 5234 tenerentur.
3310 5172 3595 5233 Succedunt
3628 5163 3752 5217 autem

2234 5269 2387 5323 inter
2419 5286 2501 5338 se,
2532 5273 2679 5324 teste
2724 5268 3077 5336 Justiniano,
3112 5269 3169 5323 in
3218 5268 3432 5323 decimo
3473 5257 3748 5333 ετεάωοοη·

2233 5504 2347 5561 quo
2378 5486 2502 5543 aliae
2534 5486 3015 5558 subscriptiones,
3053 5486 3209 5542 unde
3239 5488 3292 5541 et
3321 5481 3504 5537 ultimo
3531 5467 3710 5546 ponitur.
