3972 6182
500 260 655 321 1383

1793 246 2243 311 ALEXANDRI
2288 252 2338 311 Il
2387 253 2617 314 PAPAi
3631 289 3725 349 1334

519 396 639 447 tres
661 395 718 446 et
741 390 863 457 ﬁlii,
890 394 952 443 ut
972 386 1351 487 omnibussic
1382 384 1589 487 seriem
1612 382 1955 487 genealogus
1983 400 2137 487 eom-
2167 399 2215 462 Α
2255 474 2265 484 .
2324 386 2560 487 Quoties
2590 385 2690 442 illa
2714 388 2778 487 [ζ.
2809 388 2934 461 add,
2969 395 3081 462 res]
3114 411 3145 448 a
3189 396 3341 453 nobis
3381 406 3625 475 requiritur
3653 434 3728 487 qua

500 480 822 554 putandam
856 493 981 532 esse
1003 475 1290 530 intimetis
1312 475 1808 545 quemadmodum
1834 473 2019 529 sancti
2044 473 2146 527 Pa-

496 574 616 625 tres
638 565 1059 623 numerandam
1085 581 1213 620 esse
1236 568 1573 633 sanxerunt,
1610 566 1666 618 et
1703 562 1981 633 antiquus
2017 578 2143 616 mos

502 663 716 713 sancta
749 660 805 710 et
834 653 1181 709 universalis
1211 653 1480 708 Ecclesiae
1537 669 1637 723 per
1680 651 1856 721 longa
1881 656 2145 723 tempora

500 746 637 802 olim
663 748 1035 815 computasse
1057 747 1440 798 monstratur.
1466 742 1612 796 Nam
1652 742 1697 796 si
1724 742 1855 811 quis
1877 756 2145 810 perversa

496 840 554 889 et
575 833 865 889 obstinata
898 839 1089 887 mente
1112 850 1145 886 a
1168 838 1325 887 recto
1363 831 1595 886 tramite
1634 829 1960 901 apostolicae
1988 829 2143 884 sedis

498 924 728 979 deviare
757 922 1021 992 voluerit,
1056 927 1110 976 et
1141 920 1308 977 aliter
1356 937 1531 991 quam
1574 937 1679 975 nos
1712 919 1766 973 in
1801 918 2022 989 nuptiis
2053 935 2142 973 ce-

494 1012 793 1067 lebrandis
825 1011 1043 1082 gradus
1076 1008 1381 1080 parentelae
1426 1024 1733 1062 numerare
1763 1007 2143 1077 contenderit,

494 1102 751 1173 primum
776 1116 877 1171 pro
901 1116 1009 1153 sua
1029 1099 1377 1167 temeritate,
1402 1096 1615 1151 ccelesti
1641 1114 1811 1167 pmna
1843 1096 2141 1168 plectetur,

490 1190 868 1263 postmodum
916 1204 1047 1242 vero
1092 1187 1287 1259 gladio
1318 1186 1577 1258 perpetui
1630 1185 2022 1241 anathematis
2054 1202 2142 1240 se-

495 1278 719 1334 noverit
741 1277 1157 1348 juualanduni.
1192 1296 1201 1300 θ

563 1372 707 1421 Data
736 1368 952 1434 Romae,
986 1369 1094 1420 etc.

1230 1452 1415 1509 XCIII.

501 1544 652 1600 Claro
682 1543 1096 1601 Medz'olanensi.
1128 1573 1198 1581 —
1227 1547 1307 1597 De
1354 1542 1697 1608 Simonideis,
1734 1547 1785 1598 et
1810 1544 2143 1614 presbyteris

828 1616 1075 1671 diaconis
1111 1614 1205 1685 qui
1231 1616 1454 1685 feminis
1482 1615 1829 1670 abutuntur..

1058 1706 1247 1771 (Anno
1292 1704 1571 1769 1061-73.)

898 1793 1130 1863 [MANSI,
1167 1792 1372 1857 Concil,
1406 1791 1546 1857 XIX,
1581 1792 1733 1861 978.]

560 1881 845 1936 Noveritis
870 1898 974 1935 nos
997 1881 1053 1933 in
1086 1881 1305 1951 synodo
1328 1885 1526 1934 nostra
1549 1880 1830 1945 Romana,
1851 1880 2137 1951 episcopis

488 1972 764 2026 omnibus
798 1974 854 2025 et
883 1969 1172 2039 religiosis
1206 1969 1482 2024 fratribus
1505 1969 2000 2039 adjudicantibus,
2034 1971 2136 2024 de-

492 2060 741 2114 crevisse
766 2076 801 2113 a
834 2057 1180 2113 Simoniacis
1204 2062 1261 2111 et
1299 2057 1743 2112 fornicatoribus
1766 2058 2025 2113 ofﬁcium
2048 2075 2136 2113 cc-

491 2148 705 2203 lebrari
726 2164 839 2201 non
863 2147 1093 2211 debere,
1119 2163 1223 2200 nec
1248 2146 1503 2217 aliquem
1553 2147 1947 2201 Christianum
1974 2147 2029 2201 id
2064 2149 2135 2201 ab

490 2237 562 2291 iis
593 2236 816 2290 audire.
850 2234 1137 2304 Populum
1170 2233 1367 2304 itaque
1396 2252 1430 2289 a
1461 2234 1807 2289 Simoniacis
1854 2239 1909 2289 et
1939 2236 2010 2289 ab
2042 2236 2135 2290 his

491 2340 637 2396 quos
665 2322 901 2378 feminis
933 2322 1459 2393 abuticognoscitis
1481 2323 1736 2377 ofﬁcium
1752 2323 2138 2379 audireinter-

498 2412 691 2477 dicite,
716 2416 771 2467 et
792 2412 1122 2467 sacerdotes
1143 2410 1529 2466 nihilominus
1551 2428 1583 2465 a
1603 2416 1722 2465 tam
1746 2412 1966 2467 nefaria
1993 2431 2135 2484 pra:-

488 2501 823 2573 sumptione
853 2499 1112 2570 repellite
1143 2501 1299 2567 (Can.
1334 2501 1421 2570 l7,
1454 2500 1589 2555 dist.
1623 2502 1733 2570 81).
1767 2500 1978 2572 Siquis
2003 2518 2134 2557 vero

487 2590 880 2657 sacerdotum,
904 2589 1305 2653 diaconorum,
1340 2588 1425 2643 vel
1459 2590 1973 2657 subdiaconorum,
2008 2591 2133 2645 ofﬁ-

488 2678 645 2733 cium
668 2677 1092 2733 contumaciter
1129 2677 1423 2743 deserens,
1452 2677 1725 2732 feminam
1776 2679 1886 2732 sibi
1938 2680 2134 2750 potius

488 2767 672 2839 eligit,
704 2767 857 2822 sicut
887 2770 1092 2839 sponte
1124 2766 1195 2821 ob
1246 2766 1683 2821 fornicationem
1734 2766 1979 2821 dimittit
2006 2770 2131 2824 ofﬁ-

488 2858 668 2922 cium,
698 2856 779 2911 ita
807 2858 878 2911 ob
914 2854 1439 2926 praevaricationem
1484 2855 1776 2911 dimittere
1807 2861 2049 2927 cogatur
2078 2862 2135 2913 et

486 2944 707 3000 invitus
738 2945 1109 3000 beneﬁcium.

1210 3032 1396 3086 XCIV.

488 3122 699 3192 Poputo
728 3120 1135 3203 Mediola.nensi_.
1166 3118 1347 3203 σέ.οᾳ
1370 3121 1701 3203 presbyteris
1731 3122 2064 3179 Simonideis
2085 3132 2138 3179 et
2167 3136 2210 3203 α

1101 3194 1529 3263 fornicatoribus

898 3281 1130 3352 [MANSI,
1164 3281 1373 3338 Concil.
1406 3281 1550 3351 XIX,
1580 3283 1731 3353 978.]

559 3371 717 3427 Sciat
741 3370 1018 3426 nobilitas
1038 3373 1230 3425 vestra
1252 3388 1357 3427 nos
1378 3371 1437 3425 in
1461 3372 1723 3427 Romana
1744 3373 1974 3444 Synodo
2008 3391 2139 3430 con-

496 3460 629 3516 silio
652 3460 832 3515 totius
852 3460 1036 3515 sancti
1057 3465 1375 3516 conventus
1406 3462 1729 3516 decrevisse
1751 3467 1816 3516 ut
1838 3479 1870 3516 a
1898 3464 2133 3536 presby-

490 3555 613 3605 tero
634 3551 986 3614 Simoniaco,
1016 3567 1117 3605 seu
1163 3551 1551 3606 concubinam
1582 3551 1852 3620 habente,
1889 3554 2071 3608 missa
2101 3571 2134 3608 a

490 3638 651 3694 nullo
672 3638 932 3693 ﬁdelium
957 3638 1245 3693 audiatur.
1273 3639 1381 3694 Eos
1402 3638 1577 3693 etiam
1608 3640 1732 3710 qui,
1764 3645 1829 3694 ut
1861 3641 2132 3697 fornicari

484 3726 673 3796 liceat,
692 3727 959 3782 divinum
982 3728 1239 3782 ofﬁcium
1263 3726 1698 3799 derelinquunt,
1723 3734 1777 3785 et
1794 3730 1865 3784 ab
1887 3746 1953 3785 eo
1976 3748 2131 3786 rece-

485 3817 710 3883 dentes,
734 3815 961 3872 diabolo
982 3821 1039 3871 et
1085 3817 1212 3887 ejus
1260 3816 1536 3888 cperibus
1585 3818 1865 3883 serviunt,
1889 3818 2042 3873 sicut
2070 3837 2133 3875 se

480 3905 813 3975 justissima
837 3907 906 3961 ab
930 3905 1118 3961 ofﬁcio
1140 3906 1363 3961 alienos
1394 3906 1615 3962 faciunt
1637 3907 1718 3961 ita
1738 3907 2017 3963 beneﬁcio
2038 3925 2132 3964 ec-

485 3994 795 4050 clesiarum
828 3996 1081 4066 privatos
1111 3995 1541 4064 adjudicamus.

1232 4083 1391 4138 XCV.

491 4172 745 4241 Philippo
774 4187 892 4240 reg:
912 4175 1270 4226 Francorum.
1301 4203 1355 4212 —
1401 4172 1553 4239 Quod
1584 4178 1839 4228 Romanae
1868 4174 2008 4229 sedis
2038 4175 2128 4231 de-

556 4250 704 4295 creta
733 4249 991 4312 tanquam
1015 4244 1225 4312 regula
1250 4258 1520 4297 canonum
1548 4245 1893 4300 admittenda
1908 4256 2055 4302 sunt.

860 4331 1117 4401 (Fragm.
1153 4362 1219 4371 —
1249 4337 1419 4387 Anno
1464 4333 1747 4404 1061-73.)

891 4419 1117 4485 [MANSI,
1152 4418 1361 4474 Concil.
1390 4420 1530 4487 XIX,
1563 4421 1713 4492 979.]

2248 474 2489 563 justitiee
2522 478 2868 533 concordare
2900 480 3142 547 videtur,
3173 483 3395 543 libenter
3427 474 3635 557 debemus
3664 474 3727 563 im.

2254 562 2523 634 pendere,
2557 568 2612 618 et
2659 564 2825 635 justa
2864 570 3222 639 poscentium
3265 575 3448 633 animis
3496 562 3727 650 condesceﬁ.

2252 651 2404 705 dere.
2436 652 2580 718 Quia
2609 652 2809 725 igitur,
2844 656 3183 715 charissime
3216 662 3374 719 frater
3400 667 3612 731 Reibalde
3640 688 3725 737 Are-

2252 737 2491 795 latensis
2523 742 2977 817 archiepiscope,
3019 749 3312 818 postulasti
3362 772 3392 809 a
3440 759 3572 816 nobis
3611 774 3650 822 ut
3673 789 3725 827 es.

2252 827 2487 883 clesiam
2521 830 2744 886 Sancta
2776 835 2963 889 Mariae
2995 836 3165 892 sitam
3196 838 3250 894 in
3271 841 3392 897 villa
3439 863 3540 917 qua
3589 865 3725 915 vocatur

2252 918 2521 1012 Barjolis,
2564 919 2623 1012 in
2647 922 2973 1012 ‘territorio
3028 931 3222 981 vestrae
3278 930 3496 989 civitatis
3543 939 3713 1012 Forojulii

2252 1023 2428 1105 quam
2462 1008 2633 1105 beatiA
2645 1010 2798 1065 Patri
2821 1015 3225 1084 perpetualiter
3236 1019 3258 1089 j
3268 1021 3347 1073 uri
3368 994 3727 1105 supposuistipii:

2250 1094 2457 1167 vilegio
2486 1099 2972 1157 conﬁrmaremus
3020 1105 3334 1175 apostolica
3383 1094 3528 1177 sedis,
3574 1094 3731 1180 inritum

2252 1185 2521 1255 precibus
2555 1187 2690 1257 tuis,
2723 1188 2912 1260 ipsam
2945 1191 3245 1249 ecclesiam
3284 1198 3382 1253 sub
3426 1204 3573 1258 tutela
3607 1215 3645 1262 et
3679 1213 3731 1267 dc-

2250 1272 2531 1330 fensione.
2565 1277 2626 1333 S.
2660 1278 2932 1333 Romanae
2962 1281 3224 1338 Ecclesiae
3272 1286 3543 1359 recipimus
3587 1312 3733 1371 eamque

2252 1364 2322 1418 ab
2355 1364 2513 1418 omni
2532 1364 2903 1424 infestatione
2926 1369 3166 1426 liberam
3193 1378 3247 1428 et
3267 1376 3493 1445 quietam
3511 1398 3606 1438 esse
3620 1364 3733 1444 decer-

2252 1452 2450 1507 nimus
2478 1472 2490 1520 ;
2522 1454 2600 1508 ita
2628 1456 2959 1526 quidem,ut
2982 1477 3084 1531 pro
3112 1478 3180 1516 ea
3198 1465 3735 1533 annualitersanctusPe-

2247 1544 2374 1595 trus
2406 1542 2615 1597 habeat
2661 1562 2846 1601 unum
2900 1565 3144 1604 aureum
3203 1552 3496 1612 denarium.
3541 1565 3735 1635 Propterea

2250 1629 2668 1688 conﬁrmamus
2713 1639 2775 1689 ut
2806 1636 3090 1710 quidquid
3123 1657 3274 1696 nunc
3296 1642 3443 1712 juste
3469 1629 3656 1718 possidet
3688 1655 3733 1710 vel

2250 1719 2521 1792 deinceps
2552 1723 2870 1792 apostolica
2901 1726 3275 1790 interdicente
3318 1737 3678 1796 auctoritate.....
3700 1750 3733 1797 ut

2249 1806 2444 1863 nullus
2475 1809 2555 1864 ibi
2587 1813 2933 1884 praepositus
2954 1820 3357 1891 constituatur,
3396 1843 3551 1895 neque
3590 1827 3734 1886 clericus

2247 1900 2348 1951 aut
2372 1899 2693 1954 monachus
2724 1900 3037 1959 inducatur
3083 1909 3301 1982 absque
3354 1920 3579 1969 vountate
3620 1934 3735 1973 eorum

2248 1986 2350 2056 qui
2382 1986 2437 2039 vi
2470 1990 2837 2057 perfectionis
2875 1993 3295 2072 [professionis]
3326 2018 3439 2057 sese
3464 2004 3611 2059 eidem
3634 2006 3735 2060 cccle-

2248 2075 2345 2128 εἶξε
2379 2076 2694 2132 servituros
2727 2082 3138 2140 devoverent...
3170 2087 3537 2148 lnterdicimus
3574 2094 3688 2148 etiam
3705 2102 3739 2148 ut

2245 2434 2748 2503 praesumpserit...
2773 2441 2846 2491 At
2875 2454 3009 2495 vero
3042 2443 3147 2513 qui
3207 2451 3391 2503 custos
3441 2452 3490 2502 et
3528 2449 3741 2504 observator

2242 2520 2547 2586 exstiterit,
2582 2528 2637 2576 et
2658 2524 2750 2594 pio
2781 2525 2997 2583 intuitu
3026 2530 3263 2604 aliquod
3296 2536 3491 2591 bonum
3516 2537 3577 2590 ibi
3599 2552 3742 2591 conser-

2241 2623 2374 2697 vare
2408 2610 2721 2681 studuerit,
2751 2615 3043 2687 repleatur
3072 2621 3422 2681 abundantia
3435 2625 3742 2697 apostolicebe-

2244 2696 2589 2754 nedictionis
2604 2741 2616 2756 .

2967 2896 3167 2953 XCVII

2239 2998 2410 3056 Bulla
2483 3002 2792 3083 Alexandri
2846 3010 2893 3065 II
2946 3028 3046 3083 pro
3124 3014 3343 3071 δίκαιάο
3385 3018 3685 3074 Tricasinensi:
3716 3016 3742 3068 et

2655 3079 3215 3143 Arausz'cae'civitatis
3240 3091 3472 3161 episcopo

2789 3223 2977 3293 (Anno
3037 3229 3316 3301 1061-73.)

2416 3333 2551 3390 Call.
2588 3336 2814 3407 Christ,
2844 3344 2985 3398 tom.
3012 3345 3054 3413 Ι,
3096 3348 3373 3420 Ιηδιναηι.,
3402 3365 3514 3420 pag.
3541 3345 3646 3415 119-]

2314 3503 2611 3561 ALEXANDE
2634 3510 2962 3583 episcopus,
2996 3531 3202 3572 servus
3235 3534 3507 3573 servorum
3543 3516 3634 3571 Dei.
3667 3513 3746 3566 uni-

2241 3608 2407 3647 verso
2440 3594 2589 3651 clero
2622 3604 2678 3653 et
2709 3600 2921 3672 populo
2940 3603 3387 3662 Tricastinensis
3414 3612 3463 3662 et
3478 3600 3745 3661 Arausiceci-

2241 3680 2453 3738 vitatis.

2312 3771 2722 3831 Admonemus
2752 3794 2875 3847 vos,
2925 3778 3259 3838 charissimi
3307 3784 3424 3849 ﬁlii,
3476 3787 3529 3837 ut
3550 3777 3664 3835 fratri
3684 3792 3743 3829 nec

2240 3860 2357 3911 stro
2390 3858 2622 3917 Giraldo
2656 3866 2872 3934 pastori
2905 3867 3261 3939 (Dasteri),et
3286 3873 3526 3943 episcopo
3547 3863 3740 3923 vestrodi-

2238 3961 2413 4017 gnam
2446 3949 2835 4008 obedientiam
2868 3956 3212 4026 exhibeatis,
3243 3965 3298 4015 et
3318 3960 3604 4033 quiadivina
3622 3957 3738 4024 dispo'

2239 4035 2372 4090 sitio
2403 4053 2536 4092 eum
2567 4042 2867 4097 custodem
2928 4045 3259 4104 animarum
3316 4056 3592 4105 vestrarum
3633 4042 3739 4116 ponii.

2239 4123 2544 4181 hortamur
2564 4146 2663 4184 vos
2692 4134 2757 4185 ut
2786 4132 2845 4185 in
2879 4134 3035 4189 omni
3068 4144 3279 4207 paceet
3294 4139 3563 4195 concordia
3584 4132 3738 4200 subejus

2239 4213 2520 4284 regimine
2550 4216 2897 4275 indissolubi
2931 4222 3213 4282 charitate
3253 4226 3560 4299 persistatis,
3594 4231 3633 4278 et
3662 4231 3739 4274 cum

2237 4317 2370 4357 cum
2403 4305 2562 4358 omni
2593 4310 2911 4365 reverentia
2939 4311 2998 4366 in
3025 4320 3254 4384 patrem
3272 4322 3325 4372 et
3354 4316 3599 4389 proprium
3615 4306 3738 4365 colatis

2237 4392 2877 4470 episcopum.Illudquc
2894 4403 3218 4473 apostolica
3246 4406 3554 4462 auctoritate
3574 4416 3643 4455 vos
3665 4410 3740 4450 mo—

556 4505 835 4578 Ignorant
874 4507 1074 4562 miseri
1096 4509 1249 4579 quod
1272 4508 1449 4580 hujus
1473 4483 1879 4568 sanctae-sedis
1899 4513 2129 4570 decreta
2158 4503 2203 4568 D
2238 4484 2931 4580 “orngStinaﬁmus’ne
2960 4491 3092 4562 (Ιυίθ
3124 4504 3379 4551 “suum
3406 4498 3459 4550 in
3479 4495 3567 4549 hoc
3589 4483 3739 4544 consulo

485 4592 567 4649 ita
589 4594 684 4666 pia
704 4596 815 4651 ﬁde
838 4612 872 4650 a
900 4595 1037 4650 ﬁliis
1062 4596 1262 4652 matris
1288 4597 1552 4654 Ecclesire
1574 4600 1912 4671 accipienda
1933 4602 2051 4657 sint
2070 4608 2128 4659 et

481 4686 813 4740 veneranda
835 4693 916 4752 ut,
936 4690 1217 4757 tanquam
1241 4687 1442 4759 regula
1476 4704 1787 4755 canonum,
1810 4691 1883 4745 ab
1904 4692 2124 4748 eisdem

485 4772 705 4844 absque
739 4773 853 4830 ullo
884 4775 1160 4847 scrupulo
1192 4777 1595 4833 admittuntur.

1212 4865 1394 4921 XCVI.

478 4950 789 5007 Alexandri
814 4967 974 5025 papae
1025 4954 1074 5007 Il
1117 4955 1350 5024 epistola
1394 4954 1648 5010 Rez’baldo
1691 4956 1999 5013 Arelatensi
2026 4977 2125 5015 ar-

1039 5032 1052 5037 ’
1128 5026 1483 5096 chz‘episcopo.

1048 5112 1238 5183 (Anno
1281 5114 1555 5184 1061-73.)

798 5183 959 5255 [Gall.
999 5183 1221 5251 Christ,
1263 5190 1405 5239 tom.
1442 5186 1483 5253 I,
1525 5183 1656 5257 pag.
1691 5187 1805 5260 36.]

549 5276 896 5328 ALEXANDER
925 5274 1253 5346 episcopus,
1305 5290 1505 5329 servus
1540 5290 1836 5332 servorum
1869 5278 1989 5347 Dei,
2021 5297 2121 5336 ve-

480 5360 837 5415 nerabilibus
904 5362 1190 5418 REIBALDO
1246 5362 1561 5419 Arelatensi
1609 5365 2042 5442 archiepiscopo
2069 5375 2127 5426 et

481 5446 823 5505 Bsnrnanno
881 5451 1263 5523 Forojuliensi
1321 5453 1610 5526 episcopo,
1664 5462 2003 5528 perpetuam
2064 5463 2121 5521 in

475 5533 721 5595 Domino
751 5538 1021 5597 salutem.

2236 4576 2338 4627 aut
2368 4572 2519 4628 facto
2550 4577 2970 4645 consentiat,ut
2999 4584 3455 4652 Bertrannus,vel
3476 4580 3636 4653 aliquis
3650 4588 3739 4629 mor-

2234 4659 2442 4715 talium
2492 4665 2909 4722 Arausicanam
2968 4670 3270 4728 ecclesiam
3327 4675 3393 4729 ab
3432 4672 3607 4727 unitate
3626 4662 3740 4719 Τῐὶεε·

2237 4749 2399 4804 stium
2434 4750 2683 4808 ecclesia:
2714 4754 2970 4826 dirimat,
3005 4760 3174 4816 autin
3198 4762 3386 4834 aliqua
3403 4765 3536 4833 parte
3553 4752 3737 4834 constituf

2234 4838 2453 4894 tionem
2530 4843 2890 4900 sanctissimi
2962 4847 3150 4905 Patris
3200 4833 3376 4907 nostri
3430 4844 3644 4920 Gregorii,
3676 4833 3737 4907 (ἰοί

2238 4932 2517 5000 utrasque
2582 4932 2854 4989 ecclesias
2908 4938 3168 5007 conjuxit
3205 4946 3261 4994 et
3291 4940 3472 5003 univit,
3513 4926 3737 4996 corrumpi“

2235 5021 2336 5070 aut
2367 5017 2612 5073 minuat.
2646 5020 2906 5077 Scientes
2938 5027 3092 5097 quod
3126 5029 3334 5093 omnis,
3365 5028 3451 5099 qui
3481 5026 3526 5080 in
3546 5024 3625 5077 hac
3644 5010 3735 5069 diii-

2235 5104 2417 5173 sione,
2443 5107 2685 5164 consilio
2710 5115 2809 5164 aut
2840 5112 2988 5168 facto
3021 5118 3438 5185 commiscetur,
3478 5133 3504 5169 a
3547 5112 3662 5183 parte
3699 5100 3733 5152 Βο

2234 5194 2387 5248 Petri
2411 5199 2467 5249 et
2498 5202 2698 5253 nostra
2727 5202 3047 5272 apostolica
3086 5207 3415 5275 auctoritate
3456 5188 3734 5259 excommuni'

2235 5288 2418 5349 catur,
2451 5290 2506 5339 et
2536 5286 2798 5345 divinum
2831 5292 3089 5349 ofﬁcium
3112 5296 3343 5366 penitus
3372 5287 3669 5349 interdicitur.

2308 5378 2512 5430 Datum
2546 5376 2761 5451 Romae,
2794 5384 2902 5435 etc.
