4036 6184
314 279 498 352 1389,

1386 292 1398 297 “
1485 282 1892 343 EPISTOL/E
1936 280 2036 341 ET
2078 281 2558 344 DIPLOMA’I‘A.

3570 287 3726 348 {390

311 413 496 482 pto,et
526 409 701 467 ofﬁcii
734 410 823 467 sui
857 411 1054 469 labore
1084 414 1287 469 eodem
1309 415 1484 469 modo
1507 414 1958 469 conferendaJn
1988 415 2039 480 Α
2076 413 2195 467 tina
2229 420 2413 468 morte
2436 416 2802 470 monstratur
2822 416 3038 487 (Act.v).
3063 415 3117 470 Si
3141 431 3275 487 ergo
3298 415 3382 470 illi
3404 416 3570 472 initio
3593 433 3725 472 sur-

310 500 509 555 Veteri
539 517 776 571 quoque
796 503 1333 569 Testamento,cum
1361 503 1553 558 adhuc
1582 504 1770 575 gratia
1793 509 1967 557 Evan-

311 588 447 662 gelii
479 589 671 645 adhuc
702 607 818 645 non
851 597 1186 646 coruscaret
1216 592 1274 647 in
1304 593 1543 660 mundo,
1570 592 1821 664 legimus
1840 608 1963 647 sce-

310 678 405 735 lus
420 678 530 734 hoc
544 683 830 749 quantum
850 680 1242 737 abominabile
1256 682 1966 753 csset,cum,temporeJe-

313 767 767 839 roboam,quicu
779 785 930 839 nque
957 768 1186 824 volebat
1204 770 1488 842 implebat
1508 787 1749 826 manum
1772 786 1962 842 suam,

315 862 373 913 et
392 856 573 912 fiebat
593 857 870 911 sacerdos
898 857 1292 924 excelsorum;
1326 864 1383 913 et
1413 864 1645 930 propter
1664 859 1815 914 hanc
1836 875 1967 914 cau-

317 962 444 1001 sam
477 938 737 1017 peccavit
765 946 977 1001 domus
1002 946 1309 1002 Jeroboam
1344 953 1400 1002 et
1429 948 1617 1002 deleta
1646 952 1736 1003 est
1765 949 1835 1001 de
1866 963 1964 1002 su-

319 1033 553 1106 perﬁcie
584 1039 771 1089 terrae.
794 1034 851 1088 Si
881 1051 1014 1090 vero
1045 1037 1257 1091 domus
1284 1037 1589 1091 Jeroboam
1624 1037 1696 1091 ob
1727 1037 1835 1091 hoc
1862 1037 1965 1091 de-

318 1122 433 1179 leta
463 1125 553 1177 est
583 1124 737 1193 quod
771 1122 1077 1194 pecuniam
1109 1125 1401 1195 accipiens
1431 1126 1821 1181 constituebat
1870 1143 1963 1180 sa-

318 1212 583 1267 cerdotes
612 1210 671 1265 in
700 1211 964 1283 excelsis,
1013 1230 1129 1269 non
1179 1214 1471 1269 immerito
1520 1216 1591 1269 de
1637 1214 1785 1270 libro
1834 1216 1965 1269 vita

319 1299 570 1356 calestis
598 1316 799 1355 eorum
832 1301 1070 1357 nomina
1091 1301 1482 1375 delentur,qui
1516 1304 1844 1360 interventu
1869 1319 1964 1375 pe-

320 1388 504 1444 cunia
555 1390 905 1456 sacerdotes,
936 1390 1023 1446 vel
1055 1390 1291 1447 clericos
1321 1392 1380 1447 in
1413 1393 1587 1449 domo
1619 1391 1714 1447 Dei
1752 1394 1967 1448 consti-

318 1482 515 1534 tuunt.
550 1478 696 1534 Puto
727 1478 883 1533 enim
911 1480 1066 1544 quod
1099 1479 1159 1535 hi
1193 1480 1340 1537 tales
1370 1498 1675 1553 nunquam
1708 1482 1967 1538 adverte-

320 1571 460 1623 runt
484 1566 812 1623 Psalmista
844 1570 1198 1624 sententiam
1231 1570 1479 1625 dicentis
1513 1588 1525 1626 :
1557 1571 1699 1639 Quia
1726 1587 1838 1627 non
1886 1587 1970 1626 co-

321 1657 485 1727 gnovi
518 1656 993 1728 negotiationem,
1042 1658 1281 1713 introibo
1329 1660 1389 1714 in
1435 1661 1705 1730 potentias
1752 1660 1971 1715 Domini

2074 502 2263 573 gentis
2279 502 2673 558 Ecclesiatam
2697 504 2961 559 horribili
2984 506 3446 576 poenadivinitus
3469 510 3609 561 sunt
3625 523 3727 577 pu-

2076 592 2178 646 niti
2205 608 2307 662 pro
2329 608 2393 647 eo
2416 591 2785 648 solummodo
2807 594 2961 664 quod
2985 598 3210 665 partem
3244 593 3415 665 pretii
3446 595 3724 651 retinuis-

2075 686 2205 737 sent
2226 682 2380 751 quod
2403 681 2527 737 solo
2549 686 2680 737 voto
2703 681 2967 737 Ecclesia
2989 682 3490 753 obtulerant,quid
3523 684 3721 740 dicen-

2073 771 2214 825 dum
2234 771 2405 824 estde
2426 770 2517 825 his
2541 772 2961 826 mercatoribus
2974 772 3073 842 qui
3093 789 3206 827 non
3228 774 3495 836 suas,sed
3508 790 3601 829 res
3621 775 3723 829 Ec-

2073 858 2264 913 clesia
2284 860 2341 912 in
2365 875 2509 914 usus
2528 875 2667 914 suos
2684 864 2739 914 et
2756 861 3219 931 propinquorum
3241 877 3482 916 suorum
3503 878 3618 917 non
3634 879 3725 918 ve-

2075 952 2277 1003 rentur
2294 948 2544 1002 vertere?
2560 947 2997 1015 Profecto,sicut
3018 949 3272 1004 deterius
3288 952 3377 1005 est
3398 949 3724 1007 distrahere

2074 1036 2159 1091 vel
2193 1053 2531 1107 comparare
2560 1053 2654 1091 res
2682 1036 2957 1103 ecclesia,
2982 1054 3095 1092 non
3128 1054 3276 1107 quas
3304 1037 3418 1109 ipsi
3467 1039 3723 1097 ecclesia

2075 1125 2401 1195 conferunt,
2417 1141 2519 1179 seu
2551 1141 2698 1195 quas
2730 1141 2832 1195 pro
2865 1125 3177 1181 animabus
3208 1126 3334 1181 suis
3363 1126 3565 1183 ﬁdeles
3585 1129 3723 1184 offe-

2076 1217 2420 1285 runt,quam
2435 1214 2620 1269 solam
2637 1215 2802 1285 pretii
2820 1221 3042 1286 partem
3062 1231 3255 1270 rerum
3273 1232 3306 1269 a
3318 1232 3379 1270 se
3392 1216 3725 1272 oblatarum

2074 1302 2504 1367 retinuisse,sic
2525 1302 2733 1357 talium
2758 1304 3186 1374 negotiatorum
3210 1303 3482 1360 interitus
3500 1305 3731 1377 gravior

2077 1395 2135 1446 et
2165 1391 2506 1460 profundior
2525 1408 2703 1462 quam
2721 1390 2955 1446 illorum
2973 1409 3102 1448 esse
3124 1392 3511 1460 convincitur;
3531 1410 3601 1448 ex
3620 1393 3730 1449 hac

2079 1496 2310 1551 quoque
2328 1480 2587 1551 pessima
2613 1480 2945 1535 venditione
2966 1496 3114 1553 pene
3139 1479 3431 1537 malorum
3462 1482 3730 1537 omnium

2080 1568 2309 1623 semina
2336 1567 2626 1639 pullulare
2656 1573 3000 1625 noscuntur.
3028 1569 3175 1624 Nam
3205 1568 3245 1623 ii
3278 1569 3379 1640 qui
3410 1585 3502 1625 res
3534 1569 3733 1626 Eccle-

2080 1656 2302 1711 siarum
2334 1661 2391 1711 et
2414 1656 2640 1727 potiora
2665 1672 2865 1711 earum
2897 1657 3080 1729 pretio
3120 1657 3358 1713 student
3405 1657 3731 1729 acquirere,

326 1745 496 1813 (Psat.
530 1761 654 1811 ιιι,
693 1746 800 1817 15).
831 1745 979 1801 Nam
1030 1747 1081 1801 si
1126 1746 1259 1817 quis
1303 1747 1430 1802 ideo
1468 1747 1647 1802 intrat
1674 1749 1733 1802 in
1767 1752 1970 1819 poten-
2004 1780 2052 1843 Β
2082 1762 2195 1800 non
2228 1744 2345 1799 Deo
2374 1745 2463 1799 vel
2492 1745 2621 1814 ejus
2650 1744 2918 1801 Ecclesia
2947 1744 3093 1801 velle
3142 1745 3434 1817 famulari,
3470 1748 3572 1802 sed
3620 1746 3733 1803 soli

322 1834 436 1889 tias
502 1832 733 1889 Domini
798 1833 937 1905 quia
994 1851 1109 1890 non
1152 1836 1422 1907 cognovit
1487 1835 1965 1908 negotiationem,

325 1927 523 1995 aperte
568 1922 949 1994 consequitur
978 1929 1042 1978 ut
1071 1940 1184 1978 non
1218 1924 1396 1979 intret
1443 1924 1503 1978 in
1534 1941 1632 1980 eas
1664 1925 1765 1996 qui
1794 1941 1973 1997 nego-

325 2010 860 2067 tiationesmaxime
873 2011 1403 2068 ecclesiasticarum
1422 2028 1617 2068 rerum
1640 2030 1757 2069 non
1779 2013 1973 2069 solum

324 2098 678 2170 cognoverit,
730 2100 829 2154 sed
880 2100 1056 2155 etiam
1106 2100 1445 2155 exercuerit.
1480 2100 1543 2154 In
1574 2100 1728 2155 Novo
1776 2104 1973 2155 autem

325 2188 701 2243 Testamento
757 2186 1001 2242 humani
1058 2187 1288 2258 generis
1345 2188 1715 2260 Redemptor,
1770 2202 1975 2243 omnes

324 2280 584 2331 ementes
612 2280 669 2329 et
695 2276 1012 2331 vendentes
1042 2277 1115 2330 de
1142 2275 1360 2347 templo
1388 2275 1646 2345 ejiciens,
1669 2274 1976 2330 cathedras

323 2364 704 2420 vendentium
771 2364 1074 2420 columbas
1148 2365 1375 2432 evertit,
1440 2363 1976 2419 nummulariorum

325 2453 575 2509 etfundit
605 2470 702 2520 as,
736 2454 1005 2525 praecepti
1036 2453 1130 2508 sui
1162 2454 1508 2508 auctoritate
1537 2453 1893 2508 denuntians
1922 2456 1980 2508 et

324 2541 528 2596 dicens
561 2556 576 2595 :
610 2541 790 2597 Nolite
816 2542 994 2612 facere
1024 2541 1247 2597 domum
1274 2543 1459 2597 Patris
1487 2544 1601 2598 mei
1628 2543 1848 2597 domum
1878 2556 1978 2596 ne-

324 2631 652 2698 gotiationis
683 2629 859 2701 (Joan.
892 2647 956 2700 ιι,
989 2630 1099 2701 16).

402 2718 464 2772 In
478 2733 593 2789 quo
611 2717 927 2773 Salvatoris
954 2718 1099 2772 facto
1119 2716 1430 2788 vigilanter
1451 2722 1538 2773 est
1560 2718 1868 2774 advertend
1881 2734 1979 2773 um

328 2808 488 2879 quod
522 2822 635 2861 non
669 2805 885 2861 dicitur
931 2806 1241 2861 cathedras
1281 2806 1656 2861 vendentium
1705 2808 1977 2878 movisse,

327 2896 431 2952 sed
465 2895 740 2951 evertisse
762 2895 1063 2967 (ibid.,15).
1098 2895 1305 2951 Levius
1338 2896 1542 2967 utique
1571 2896 1873 2951 ferendum
1896 2912 1981 2951 es-

326 2987 421 3040 set
448 2983 498 3039 si
532 2982 731 3038 talium
782 2982 1213 3054 negotiatorum
1253 2982 1542 3038 cathedra
1585 2989 1979 3051 moverentur,

328 3088 506 3146 quam
536 3072 586 3128 si
615 3076 1034 3141 averterentur,
1049 3070 1201 3127 sicut
1230 3088 1332 3143 per
1359 3072 1644 3127 Joannem
1676 3071 1983 3127 Dominica

2082 1849 2432 1889 mammona
2448 1832 2594 1887 velle
2614 1833 2829 1888 servire
2848 1833 3101 1888 veridica
3128 1834 3351 1889 ratione
3383 1835 3730 1906 probantur.

2080 1923 2243 1978 Sicut
2271 1922 2449 1976 etiam
2479 1925 2719 1976 sanctus
2750 1921 3064 1993 Gregorius
3094 1923 3165 1977 de
3192 1923 3539 1980 Simoniacis
3560 1927 3735 1980 testa-

2082 2015 2198 2080 tur,
2233 2027 2347 2066 non
2377 2011 2558 2064 vitam
2598 2009 2860 2066 moribus
2909 2026 3278 2081 componere,
3327 2028 3443 2067 non
3489 2011 3737 2068 scientia

2084 2105 2292 2156 curant
2320 2114 2617 2165 exornare,
2652 2099 2753 2153 sed
2784 2098 3151 2154 solummodo
3196 2116 3407 2155 aurum
3458 2103 3516 2156 et
3560 2117 3735 2172 pecu-

2085 2188 2491 2259 niam,quibus
2523 2204 2616 2242 res
2644 2192 2843 2243 emant
2870 2187 3147 2255 ecclesia,
3181 2188 3477 2244 inhiantes
3508 2189 3737 2245 deside-

2086 2280 2218 2333 rant
2246 2292 2622 2348 congregare.
2656 2281 2737 2329 Ac
2762 2276 2810 2331 si
2842 2277 3081 2330 tandem
3114 2275 3348 2331 malitia
3380 2293 3498 2332 sua
3536 2281 3739 2332 votum

2086 2365 2539 2437 impleverint,et
2559 2365 2697 2420 data
2724 2380 3040 2420 numerosa
3070 2365 3316 2437 pecunia
3343 2381 3541 2420 rerum
3562 2365 3740 2421 eccle-

2087 2454 2456 2510 siasticarum
2491 2469 2667 2524 penes
2698 2469 2759 2507 se
2789 2452 3121 2508 dominium
3169 2452 3384 2508 habere
3431 2454 3736 2525 coeperint,

2086 2548 2229 2598 tunc
2259 2542 2530 2613 aperiunt
2559 2558 2677 2612 qua
2704 2540 3025 2596 intentione
3068 2539 3331 2597 Ecclesia
3363 2541 3616 2597 militare
3646 2542 3742 2597 de-

2088 2634 2412 2687 creverunt.
2444 2630 2589 2684 Toto
2631 2628 2787 2683 enim
2831 2630 3043 2685 mentis
3092 2629 3303 2685 adnisu
3350 2631 3741 2702 undecunque

2089 2724 2340 2792 possunt
2368 2719 2672 2773 corradere
2704 2718 3011 2789 pecuniam
3044 2719 3304 2787 student,
3328 2723 3393 2773 ut
3422 2736 3549 2790 qua
3573 2719 3738 2791 prius

2090 2811 2507 2864 evacuaverant
2554 2806 2781 2878 possint
2816 2806 3166 2877 redimplere
3200 2808 3534 2879 marsupia;
3566 2809 3738 2877 cujus

2090 2896 2363 2953 aviditate
2392 2896 2633 2967 impulsi
2658 2896 2839 2951 sacris
2871 2912 2985 2949 non
3014 2899 3263 2966 parcunt
3285 2894 3740 2963 altaribus,sed,

2089 2985 2267 3041 veluti
2318 2986 2477 3040 fures
2524 2989 2580 3040 et
2627 2983 2914 3055 sacrilegi,
2945 2983 3217 3055 profanas
3266 2984 3351 3038 eis
3396 3001 3606 3039 manus
3652 2984 3741 3038 in-

2084 3075 2322 3145 jiciunt,
2355 3074 2712 3144 pauperibus
2745 3078 2801 3127 et
2821 3071 3200 3127 ecclesiarum
3226 3072 3461 3128 fabricis
3484 3071 3744 3128 decimas

324 3141 467 3218 voce
495 3161 703 3233 angelo
733 3160 889 3216 idem
921 3141 1283 3231 pradicatori
1334 3160 1545 3232 Ephesi
1598 3160 1862 3215 Ecclesia
1893 3160 1981 3214 di-
2015 3141 2057 3207 C
2087 3141 2150 3218 et
2191 3141 2515 3217 oblationes
2538 3163 2697 3230 juste
2729 3165 2787 3215 et
2816 3160 3094 3216 canonice
3140 3164 3536 3231 competentes
3584 3175 3746 3216 more

330 3251 488 3307 citur
518 3268 532 3306 :
563 3253 671 3321 Age
695 3251 1165 3321 paenitentiam,et
1189 3250 1375 3320 prima
1404 3264 1569 3321 Opera
1594 3250 1705 3320 fac,
1738 3250 1986 3322 alioquin

329 3342 561 3396 veniam
588 3339 662 3395 ad
691 3345 766 3405 te,
797 3346 848 3394 et
874 3338 1093 3394 movebo
1119 3337 1514 3393 candelabrum
1559 3341 1716 3393 tuum
1762 3338 1829 3393 de
1876 3339 1988 3395 loco

328 3445 434 3485 suo
464 3429 651 3500 (Apoc.
679 3445 742 3497 ιι,
770 3428 847 3499 5).
880 3426 1027 3483 Illud
1061 3443 1296 3498 quoque
1326 3426 1385 3481 in
1416 3426 1631 3501 eodem.
1653 3427 1802 3482 facto
1829 3425 1987 3482 solli-

331 3518 448 3573 cite
464 3516 1010 3587 considerate,quod
1033 3531 1136 3588 per
1153 3519 1338 3571 totum
1357 3518 1579 3571 textum
1604 3516 1791 3571 sancti
1816 3517 1993 3570 Evan-

334 3605 477 3679 gelii
509 3604 1121 3678 nusquam'reperitur
1149 3604 1466 3659 Dominum
1488 3608 1650 3659 tanta
1666 3604 1989 3669 severitate,

333 3700 461 3751 tam
485 3693 751 3750 districta
772 3710 1021 3749 censura
1031 3692 1276 3763 justitia
1292 3697 1600 3765 peccantes
1617 3692 1991 3764 corripuisse,

339 3799 480 3839 cum
514 3799 629 3838 non
659 3781 855 3838 solum
886 3780 1114 3852 eloquio
1147 3781 1683 3853 increpans,verum
1715 3781 1892 3836 etiam
1916 3782 1995 3836 fa-

338 3876 436 3928 cto
466 3870 695 3944 ﬂagello
725 3875 781 3926 et
809 3869 1088 3926 funiculis
1107 3869 1652 3938 verberans,omnes
1673 3869 1998 3925 eliminavit

341 3960 418 4015 de
444 3960 685 4031 templo,
718 3963 917 4031 aperte
948 3958 1361 4014 demonstrans
1384 3958 1537 4030 quod
1561 3957 1705 4014 tales
1735 3958 1997 4031 negotia-

340 4053 501 4105 tores
530 4065 647 4104 non
678 4048 832 4103 sicut
861 4047 1049 4103 cateri
1082 4052 1415 4119 peccatores
1456 4050 1596 4103 sunt
1621 4046 1994 4119 corripiendi,

339 4137 447 4193 sed
478 4154 513 4193 a
538 4135 758 4209 templo
798 4136 918 4202 Dei,
951 4136 1011 4191 id
1044 4140 1132 4191 est
1163 4154 1197 4190 a
1225 4140 1427 4191 sancta
1456 4134 1733 4201 Ecclesia,
1765 4134 1998 4207 longius

339 4230 486 4282 sunt
528 4224 896 4298 projiciendi.
929 4225 1101 4292 Nam,
1132 4223 1283 4279 sicut
1332 4241 1434 4293 per
1483 4224 1815 4282 columbam
1864 4241 1998 4278 ven-

344 4314 568 4370 ditores
589 4313 675 4370 illi
697 4315 1053 4371 denotantur
1073 4312 1173 4384 qui
1196 4329 1423 4367 sacram
1449 4328 1660 4367 manus
1682 4311 2002 4382 impositio-

347 4420 488 4459 nem
518 4405 765 4459 vendere
795 4407 1101 4469 conantur,
1126 4400 1209 4457 sic
1238 4418 1342 4472 per
1373 4399 1804 4456 nummularios
1824 4399 2001 4455 eccle-

2097 3250 2439 3323 pradonum
2469 3248 2776 3319 diripiunt,
2811 3264 2845 3302 a
2874 3247 3121 3303 mortuis
3171 3246 3369 3318 etiam,
3402 3248 3569 3318 quasi
3621 3246 3749 3303 ﬁsci

2098 3343 2413 3404 exactores,
2473 3336 2825 3408 importunis
2892 3333 3250 3389 clamoribus
3306 3333 3466 3389 velut
3525 3334 3749 3391 tributa

2099 3427 2359 3499 exigunt.
2394 3426 2603 3480 Terras
2635 3439 2890 3496 quoque,
2922 3440 3070 3494 quas
3100 3422 3301 3478 fideles
3334 3439 3438 3495 pro
3469 3420 3592 3478 suis
3615 3438 3750 3494 pec-

2076 3515 2244 3570 -catis
2275 3513 2530 3570 ecclesia
2561 3511 3099 3583 contulerunt,quia
3128 3527 3226 3567 eas
3256 3527 3325 3566 ex
3354 3515 3475 3566 toto
3507 3510 3753 3567 vendere

2104 3620 2216 3659 non
2241 3606 2508 3674 possunt,
2541 3602 2613 3656 ob
2648 3599 3001 3655 vilissimum
3056 3599 3350 3655 redditum
3381 3598 3630 3672 pecunia
3657 3615 3753 3655 ac-

2102 3696 2267 3761 cepta
2295 3690 2629 3761 quibusque
2656 3689 3001 3745 concedunt.
3036 3689 3192 3745 Inter
3219 3705 3283 3744 se
3312 3694 3507 3744 autem
3542 3687 3642 3743 ubi
3682 3688 3756 3742 de

2102 3779 2433 3851 legedivina
2447 3779 2604 3846 ,etde
2622 3778 2957 3833 animarum
2975 3776 3163 3833 salute
3184 3781 3340 3832 esset
3358 3775 3753 3841 tractandum,

2102 3868 2306 3924 litibus
2336 3873 2394 3924 et
2423 3865 3281 3936 contentionibus,clamoribus
3302 3870 3359 3920 et
3378 3864 3611 3935 injuriis
3632 3880 3758 3935 per-

2105 3963 2362 4029 strepere
2393 3973 2511 4012 non
2541 3955 2856 4011 desistunt.
2889 3955 3115 4018 Quibus
3162 3955 3234 4009 ad
3284 3952 3588 4009 cumulum
3633 3967 3753 4007 sua

2105 4045 2503 4102 damnationis
2554 4062 2668 4100 non
2719 4043 2941 4099 sufficit
2987 4043 3142 4114 quod
3194 4042 3306 4114 ipsi
3355 4045 3620 4114 pereunt,
3652 4039 3755 4096 sed

2104 4136 2345 4206 insuper
2367 4133 2566 4200 laicos,
2600 4132 2817 4204 quibus
2847 4132 3127 4188 ducatum
3160 4135 3330 4187 recta
3356 4131 3459 4186 via
3499 4128 3757 4201 prabere

2108 4226 2450 4290 debuerant,
2487 4238 2687 4278 secum
2740 4220 2894 4277 malo
2942 4220 3207 4292 exemplo
3258 4219 3502 4275 trahunt
3530 4218 3591 4273 in
3623 4233 3756 4291 pro-

2109 4314 2349 4369 fundam
2384 4311 2593 4367 inferni
2624 4310 2981 4383 voraginem.

2180 4401 2561 4471 QuaprOpter,
2594 4415 2701 4470 ego
2729 4398 3073 4469 Alexander,
3107 4401 3320 4454 sancta
3352 4398 3626 4452 Romana
3656 4394 3762 4449 Ec-

344 4492 861 4551 siasticiabeneficii
882 4492 1214 4547 venditores
1236 4489 2000 4562 designantur,quidomum
2034 4511 2079 4573 Β
2111 4490 2299 4545 clesia
2347 4494 2404 4543 et
2452 4485 2785 4558 apostolica
2834 4485 2994 4541 sedis
3041 4487 3354 4557 episcopus
3405 4484 3545 4554 (imo
3586 4482 3763 4573 mini-

346 4580 478 4647 Dei,
510 4586 654 4637 teste
683 4580 1015 4653 Evangelio,
1048 4578 1389 4653 speluncam
1423 4578 1714 4633 latronum
1739 4577 2003 4633 efficiunt

350 4670 566 4743 (Matth.
599 4671 858 4741 31,13);
903 4669 1040 4741 quia
1088 4669 1161 4723 ab
1203 4666 1544 4739 hujusmodi
1581 4667 2005 4722 mercatoribus

350 4758 641 4832 quidquid
664 4763 916 4830 possunt
937 4757 1261 4830 capiunt,et
1280 4756 1471 4827 gladio
1491 4772 1611 4810 sua
1633 4754 1870 4810 malitia
1889 4771 2005 4809 non

349 4864 614 4919 corpora,
673 4848 795 4914 sed,
856 4848 1011 4918 quod
1064 4847 1230 4918 pejus
1276 4851 1387 4912 est,
1437 4844 1665 4899 animos
1716 4844 2009 4899 trucidare

350 4940 698 4992 noscuntur.
733 4937 1015 5007 Tempore
1044 4951 1177 4989 vero
1208 4934 1629 5005 apostolorum,
1663 4950 1796 4987 cum
1839 4932 2007 4986 multi

351 5040 553 5080 rerum
576 5041 818 5078 suarum
842 5024 1027 5095 pretia
1047 5024 1119 5077 ad
1143 5023 1319 5094 pedes
1332 5038 1532 5077 eorum
1554 5026 2011 5092 ponerent,Ana-

353 5112 457 5169 nia
476 5117 533 5167 et
560 5111 1159 5184 Saphira,inspirante
1190 5116 1391 5167 sancto
1417 5110 1797 5181 Spiritu,voto
1820 5110 2011 5164 cordis

356 5200 612 5275 pretium
642 5216 919 5272 agrorum
951 5218 1193 5256 suorum
1226 5199 1340 5255 Deo
1363 5198 1836 5263 obtulerunt.Qui
1861 5202 2014 5269 post-

356 5288 773 5359 modum,quia
804 5294 1153 5362 suggerente
1171 5287 1402 5343 diabolo
1424 5291 1650 5359 partem
1680 5286 1869 5357 ipsius
1891 5303 2015 5357 pre-

354 5376 425 5433 tii
459 5377 707 5433 retinere
763 5378 956 5434 conati
989 5382 1147 5445 sunt,
1179 5393 1315 5433 voce
1345 5376 1497 5431 beati
1546 5374 1699 5429 Petri
1734 5374 2015 5447 principis

361 5464 762 5539 apostolorum
796 5466 1041 5538 Spiritui
1071 5470 1270 5522 sancto
1300 5462 1530 5518 mentiti
1560 5478 1688 5517 esse
1718 5462 2013 5536 dicuntur,

365 5560 424 5621 et
448 5571 627 5634 quam
649 5571 823 5633 grave
845 5555 1037 5632 scelus
1064 5552 1458 5613 contraxerint
1489 5552 1794 5626 utriusque
1816 5568 2017 5628 repen-

2113 4583 2231 4634 ster
2261 4576 2678 4648 indignus),tot
2708 4578 2766 4628 et
2792 4577 2959 4629 tanta
2984 4573 3139 4627 mala
3169 4575 3228 4627 in
3261 4571 3464 4627 multis
3496 4568 3767 4625 Ecclesiis

2114 4672 2172 4723 et
2218 4666 2469 4721 maxime
2502 4665 2557 4718 in
2592 4663 2836 4717 Lucensi
2880 4661 3138 4716 Ecclesia
3183 4678 3251 4717 ex
3299 4661 3504 4731 iniqua
3550 4673 3766 4713 concu-

2116 4755 2399 4829 piscentia
2447 4752 2569 4808 fieri
2618 4749 3002 4822 conspiciens,
3038 4767 3108 4805 ne
3138 4748 3381 4822 sanguis
3428 4747 3768 4819 iniquorum

2118 4863 2149 4899 a
2180 4843 2443 4899 districto
2473 4841 2679 4897 Judice
2709 4841 2779 4894 de
2812 4856 2988 4894 manu
3040 4846 3239 4894 nostra
3284 4838 3634 4909 requiratur,
3668 4833 3771 4889 illa

2117 4934 2438 5003 exstirpare
2489 4936 2543 4984 et
2592 4929 2826 5000 penitus
2877 4928 3171 4981 eradicare
3203 4926 3583 4980 decrevimus.
3618 4928 3768 4976 Con-

2120 5024 2425 5079 stituimus
2497 5019 2648 5083 istis,
2710 5025 2766 5072 et
2826 5017 3094 5087 praesenti
3161 5018 3391 5071 decreto
3462 5018 3770 5067 lirmamus

2121 5112 2294 5183 (sicut
2323 5110 2463 5165 olim
2497 5106 2680 5162 nostri
2711 5107 3048 5160 decessores
3080 5106 3285 5160 fecisse
3335 5103 3678 5172 noscuntur)
3708 5105 3773 5156 ut

2123 5200 2322 5256 nullus
2354 5198 2628 5267 deinceps
2659 5195 3063 5266 episcoporum
3118 5193 3465 5249 beneficium
3509 5191 3771 5247 Ecclesia

2122 5288 2301 5361 (quod
2361 5286 2598 5358 quidam
2677 5284 3040 5346 canonicam,
3094 5281 3182 5337 vel
3245 5282 3608 5354 praebendas,
3670 5296 3774 5338 seu

2125 5378 2301 5434 etiam
2334 5375 2569 5431 ordines
2599 5375 2937 5442 vocant)pro
2970 5370 3163 5442 aliquo
3194 5372 3382 5443 pretio
3412 5371 3501 5426 vel
3535 5385 3777 5425 munere

2126 5465 2351 5522 clericis
2377 5463 2589 5518 audeat
2611 5476 2872 5531 unquam
2907 5460 3203 5525 conferre;
3237 5462 3337 5516 scd
3370 5461 3546 5515 etiam
3571 5458 3776 5514 minis-

2125 5563 2248 5623 tros
2278 5558 2335 5623 et
2366 5553 2678 5633 servituros
2704 5548 2970 5608 Ecclesia
3000 5552 3183 5623 gratis
3213 5555 3269 5607 et
3290 5550 3513 5627 absque
3543 5547 3661 5613 ulla
3679 5560 3778 5627 νοτ
