4036 6184
430 256 578 318 1391

1724 249 2173 311 ALEXANDRI
2220 249 2272 308 II
2320 251 2545 309 PAP/E

3602 264 3712 324 1392

428 389 669 444 nalitate
698 387 759 443 in
793 389 996 443 sancta
1028 384 1283 439 Ecclesia
1324 385 1597 439 studeant
1627 383 1917 439 ordinare.
1966 383 2079 437 Nec
2110 384 2163 449 Α
2195 382 2512 438 indiscreta
2545 384 2757 455 cuique
2787 386 3199 455 tribuerentur,
3229 391 3281 441 et
3319 388 3403 443 ille
3429 394 3719 453 sacerdotalis

430 477 651 550 eligant
680 476 739 531 in
782 477 955 531 domo
987 473 1216 530 Domini
1250 472 1352 545 qui
1386 474 1638 544 majores
1669 472 1936 528 sacculos
1986 488 2083 542 pe~

434 568 616 622 cunis:
647 566 965 631 conferant,
997 564 1101 619 sed
1132 578 1231 618 eos
1263 563 1361 634 qui
1393 562 1657 618 moribus
1689 566 1744 617 et
1774 560 2085 632 disciplina

434 660 607 726 atque
636 653 879 709 scientia
907 653 1115 708 divites
1146 669 1248 724 pro
1281 652 1469 707 ofﬁcio
1503 669 1608 706 suo
1641 652 1829 723 ipsam
1856 650 2085 705 valeant

436 746 763 799 sustentare
791 740 1131 797 Ecclesiam.
1162 746 1378 812 Sponte
1430 740 1642 795 Christi
1696 740 1937 794 donaria
1967 755 2083 793 non

433 848 537 903 pro
568 830 740 887 libitu
774 832 1081 902 cujusque,
1131 830 1309 885 invito
1360 832 1607 902 Sponso,
1639 828 1887 884 venialia
1918 828 2080 895 ﬁant,

432 922 531 977 sed
563 921 747 993 gratis
777 925 834 975 et
864 937 967 992 pro
999 920 1127 975 vitae
1161 919 1384 975 meritis
1434 920 1790 988 tribuantur,
1825 934 1929 971 nec
1980 934 2080 971 au-

432 1011 564 1066 deat
580 1009 738 1065 ullus
764 1010 1171 1080 cujuscunque
1188 1010 1405 1080 gradus
1428 1008 1500 1062 sit
1520 1007 1767 1063 clericus
1790 1024 1891 1077 per
1912 1023 1972 1061 se
1995 1004 2081 1059 vel

429 1115 533 1170 per
564 1098 969 1169 interpositam
1001 1113 1310 1168 personam
1335 1096 1531 1167 aliquo
1564 1095 1796 1167 ingenio
1830 1094 2079 1165 pretium

428 1187 517 1243 vel
548 1188 688 1243 dare
716 1186 802 1242 vel
834 1186 1190 1258 promittere,
1224 1202 1328 1240 nec
1348 1185 1462 1257 ipsi
1485 1185 1757 1256 episcopo
1782 1201 1883 1239 nec
1907 1184 2077 1238 alicui

430 1293 500 1333 ex
516 1277 644 1346 ejus
663 1275 1080 1345 ministris,seu
1094 1274 1443 1346 cuicumque
1457 1291 1680 1346 magnae
1694 1278 1779 1327 vel
1805 1272 2081 1329 mediocri

433 1370 537 1422 aut
563 1381 749 1437 parvae
771 1381 1051 1437 personae.
1084 1365 1165 1419 Ne
1185 1380 1318 1418 vero
1340 1362 1630 1419 calliditas
1654 1368 1753 1418 aut
1778 1363 1934 1417 fraus
1964 1362 2081 1417 dia-

432 1453 550 1509 boli
567 1455 675 1509 sub
692 1453 885 1525 specie
903 1453 1198 1525 religionis
1229 1453 1451 1523 aliquos
1482 1470 1599 1507 suae
1618 1451 1850 1507 malitia:
1873 1452 2079 1523 laqueo

430 1541 646 1614 capiat,
680 1542 1098 1598 constituimus
1129 1546 1186 1597 et
1215 1542 1418 1597 eodem
1469 1542 1643 1595 modo
1674 1541 1982 1595 ﬁrmamus
2015 1544 2080 1594 ut

432 1630 634 1687 nullus
655 1632 1063 1702 cujuscunque
1080 1632 1299 1703 gradus
1320 1630 1564 1685 clericus
1588 1646 1690 1701 pro
1708 1628 1963 1685 ecclesiae
1987 1629 2081 1683 be-

2194 472 2419 527 ordinis
2449 472 2621 527 iniret
2652 473 2911 528 ofﬁcium
2962 474 3065 545 qui
3116 476 3345 530 necdum
3369 477 3517 533 etiam
3556 482 3720 537 ostiarii

2194 558 2280 615 vel
2310 560 2541 616 lectoris
2574 562 2960 616 ministerium
2991 562 3466 634 suscepisset.Nec
3492 569 3720 626 stabilior-

2193 650 2327 704 dine
2355 652 2627 705 sortitum
2664 652 2851 706 fuerat
2872 652 3004 723 quis
3038 652 3338 707 missarum
3368 654 3719 714 solemniacele-

2192 739 2380 801 brare,
2417 739 2547 810 quis
2602 745 2870 795 sanetum
2930 741 3297 812 Evangelium
3345 743 3421 797 vel
3462 747 3721 815 Apostolum

2191 826 2379 899 legere
2394 829 3172 900 debuissetlndisciplinatis
3190 830 3352 885 etiam
3370 836 3419 885 et
3436 833 3722 891 sacularibus

2193 915 2417 972 clericis
2446 918 2564 971 vita
2593 922 2650 971 et
2680 918 2927 973 scientia
2976 918 3145 990 longe
3189 920 3257 974 ab
3303 920 3635 977 ecclesiastica
3658 925 3726 979 do-

2193 1006 2373 1060 ctrina
2409 1007 3028 1078 sejunctis,praalibatze
3052 1009 3335 1063 canonica:
3355 1010 3723 1076 conferebantur,

2194 1112 2295 1149 nec
2352 1100 2540 1149 tamen
2593 1097 2813 1167 absque
2864 1097 3188 1151 interventu
3238 1099 3473 1168 pecunia:
3510 1098 3581 1153 vel
3605 1100 3730 1154 etiam

2194 1184 2692 1255 pra:miorum,qui
2726 1185 2913 1256 ipsam
2945 1185 3250 1241 Ecclesiam
3272 1186 3448 1257 potius
3477 1190 3731 1257 perturbare

2190 1289 2366 1342 quam
2428 1274 2687 1329 moribus
2750 1275 3098 1329 videbantur
3154 1292 3369 1331 ornare.
3432 1276 3545 1339 Quae
3595 1278 3734 1333 omnia

2190 1365 2476 1431 quantum
2510 1363 2622 1419 Deo
2645 1366 2702 1418 et
2734 1363 3138 1419 ecclesiasticae
3173 1363 3425 1436 religioni
3453 1367 3683 1420 contraria
3697 1370 3733 1421 et

2190 1451 2428 1506 inimica
2475 1451 2724 1507 existant
2772 1452 2999 1507 nullum
3042 1453 3305 1525 ignorare
3334 1458 3593 1526 putamus,
3618 1455 3734 1511 vobis

2190 1542 2384 1595 autem
2416 1545 2575 1596 tanto
2606 1541 2798 1596 verius
2843 1546 2983 1597 sunt
3010 1543 3243 1614 cognita
3288 1546 3488 1613 quanto
3528 1543 3735 1598 divinitus

2189 1633 2535 1685 sustentata.
2572 1632 2951 1702 Quapropter,
2986 1631 3181 1687 divino
3214 1632 3483 1703 adjutorio
3526 1631 3665 1686 simul
3700 1635 3737 1686 et

430 1720 640 1776 neﬁcio
662 1720 883 1793 aliquid
905 1721 1117 1775 audeat
1146 1721 1406 1775 conferre
1428 1724 1529 1773 aut
1554 1719 1784 1773 fabricae
1808 1718 2076 1773 ecclesia—
2111 1757 2156 1820 Β
2190 1719 2506 1789 apostolica
2538 1719 2667 1774 fulti
2701 1720 3193 1785 auctoritate,hrec
3218 1722 3472 1793 deinceps
3500 1722 3734 1776 resecanda

430 1827 587 1875 rum,
614 1809 703 1866 vel
735 1809 993 1865 donariis
1024 1808 1533 1878 ecclesiarum,seu
1562 1808 1735 1861 etiam
1760 1808 1912 1876 quod
1939 1824 2079 1877 pau-

430 1899 674 1970 peribus
705 1898 782 1953 sit
809 1898 1217 1963 tribuendum;
1252 1896 1391 1967 quia
1420 1897 1590 1967 (teste
1621 1896 1946 1966 Scriptura)
1977 1896 2077 1966 qui

425 1986 649 2058 aliquid
682 1986 831 2041 male
860 1985 1071 2057 accipit
1101 1990 1164 2040 ut
1195 1985 1364 2056 quasi
1391 1985 1536 2041 bene
1559 1984 2078 2055 dispenset,potius

426 2080 705 2149 gravatur
734 2092 910 2147 quam
934 2077 1195 2146 juvatur.
1227 2076 1388 2139 Quod
1422 2074 1470 2129 si
1501 2073 2076 2144 aliquis,divinorum

426 2168 848 2237 praceptorum
881 2168 939 2219 et
968 2164 1300 2219 animarum
1333 2162 1542 2219 salutis
1565 2163 1895 2230 immemor,
1930 2180 2077 2233 pra:—

426 2253 614 2309 fatum
646 2253 997 2309 beneﬁcium
1019 2252 1272 2308 ecclesia:
1301 2251 1504 2323 iniqua
1527 2252 1845 2323 cupiditate
1867 2252 2077 2308 ductus

427 2342 683 2397 vendere
708 2341 798 2397 vel
828 2358 1021 2397 emere
1060 2341 1369 2397 temerario
1418 2358 1564 2396 ausu
1617 2342 2075 2412 praesumpserit,

429 2432 584 2487 sicut
612 2432 672 2487 in
702 2430 1157 2486 Chalcedonensi
1190 2430 1433 2485 concilio
1465 2430 1771 2485 deﬁnitum
1805 2435 1912 2498 est,
1946 2446 2075 2500 gra-

431 2521 543 2577 dus
572 2521 665 2576 sui
696 2519 953 2591 periculo
996 2535 1128 2574 eum
1181 2520 1484 2589 subjacere
1527 2519 1919 2585 decernimus,
1974 2534 2076 2573 nec

430 2609 753 2665 ministrari
779 2608 965 2680 possit
994 2607 1281 2673 Ecclesiae,
1318 2623 1495 2679 quam
1530 2607 1775 2678 pecunia
1813 2606 2074 2662 venalem

428 2698 554 2754 fieri
587 2697 937 2769 concupivit,
989 2703 1046 2751 et
1093 2696 1352 2768 insuper,
1388 2695 1631 2749 terribili
1686 2695 2075 2750 anathematis

424 2802 708 2842 mucrone
758 2786 1060 2857 perfossus
1108 2785 1244 2855 (nisi
1294 2784 1643 2855 resipuerit),
1702 2785 1772 2838 ab
1821 2784 2076 2839 Ecclesia

421 2875 546 2945 Dei,
576 2890 751 2946 quam
780 2875 947 2942 laesit,
979 2874 1169 2928 modis
1200 2873 1473 2927 omnibus
1504 2872 1901 2927 abscindatur.

494 2962 613 3034 Ego
652 2963 976 3018 Alexander
1004 2960 1188 3017 solius
1223 2961 1447 3016 Domini
1480 2960 1883 3016 misericordia
1905 2979 2074 3018 sanc-

423 3056 497 3107 ιω
520 3052 793 3107 Romanis
817 3055 873 3105 et
894 3049 1222 3122 apostolicae
1245 3049 1507 3105 Ecclesia:
1536 3049 1828 3120 praesul,et
1851 3051 2071 3106 Lucen-

2190 1814 2246 1862 et
2294 1809 2351 1861 in
2405 1808 2616 1864 melius
2648 1810 3019 1865 reformanda
3050 1811 3432 1873 decernimus,
3479 1826 3535 1865 eo
3578 1809 3737 1864 scilicet

2189 1901 2407 1965 tenore,
2443 1897 2549 1952 hac
2581 1898 2801 1953 ratione
2834 1904 2895 1953 ut
2925 1917 2991 1954 ex
3021 1899 3262 1971 triginta
3304 1900 3576 1954 ordinibus
3603 1899 3676 1969 qui
3699 1898 3736 1950 in

2180 1986 2305 2055 jam
2357 1987 2657 2042 nominata
2688 1986 2931 2043 ecclesia
2973 2006 3100 2043 esse
3151 1993 3477 2054 noscuntur,
3507 1988 3737 2042 duodecim

2189 2075 2541 2146 presbyteris
2571 2076 3075 2147 traderentur,qui
3106 2077 3366 2147 quotidie
3397 2077 3661 2131 missarum
3679 2090 3739 2128 so-

2186 2163 2402 2218 lemnia
2426 2170 2481 2219 et
2503 2182 2629 2235 quae
2644 2166 2984 2220 sacerdotali
3003 2167 3195 2221 ofﬁcio
3210 2170 3520 2237 congruunt
3539 2176 3740 2235 peragere

2188 2254 2685 2324 possent.Septem
2715 2271 2844 2308 vero
2878 2254 3417 2317 diaconos,totidem
3441 2252 3744 2308 subdiaconos

2187 2341 2245 2395 in
2280 2341 2370 2395 his
2402 2359 2633 2413 semper
2659 2343 2983 2407 ordinibus,
3019 2343 3115 2412 qui
3151 2347 3523 2413 competenter
3547 2339 3745 2395 ecclesia-

2188 2430 2399 2484 sticum
2415 2431 2674 2485 ofﬁcium
2689 2431 2857 2499 juxta
2873 2430 3136 2485 ordinem
3162 2447 3336 2485 suum
3355 2424 3747 2499 adimplerevale-

2188 2524 2333 2585 rent;
2368 2518 2766 2589 reliquosvero
2782 2519 2956 2573 choro
2975 2519 3380 2573 tantummodo
3402 2516 3743 2587 deputavimus.

2187 2607 2301 2662 Nos
2324 2625 2458 2679 ergo
2474 2608 2531 2661 in
2558 2607 2807 2679 praefatis
2822 2606 3126 2661 ordinibus
3143 2608 3225 2661 ita
3242 2605 3691 2677 eligidecrevimus
3703 2603 3747 2653 ut

2187 2696 2233 2751 si
2269 2698 2523 2766 quando,
2551 2702 2663 2751 Deo
2695 2702 2955 2765 vocante,
2990 2695 3210 2766 aliquis
3241 2712 3433 2751 eorum
3465 2710 3525 2748 ex
3552 2690 3742 2746 hacluce

2187 2785 2518 2850 decesserit,
2553 2785 2677 2839 loco
2708 2787 2835 2855 ejus
2864 2784 3062 2839 nullus
3112 2785 3265 2839 alius
3319 2784 3646 2854 snbrogetur,
3667 2774 3747 2831 nisi

2186 2872 2281 2927 ille
2312 2874 2409 2943 qui
2445 2874 2777 2929 decedentis
2801 2874 3057 2929 ofﬁcium
3091 2873 3423 2945 integritate
3439 2873 3551 2925 vita:
3574 2873 3619 2923 et
3638 2865 3748 2938 puri-

2183 2965 2298 3017 tate
2321 2962 2577 3017 scientiae
2610 2963 2801 3018 valeat
2835 2964 3253 3033 adimplere,ut
3273 2963 3319 3017 si
3344 2962 3613 3032 presbyter
3630 2954 3750 3009 fuerit

2188 3051 2474 3118 decessor,
2509 3052 2633 3106 loco
2660 3054 2787 3122 ejus
2836 3052 2920 3106 vel
2974 3052 3278 3123 presbyter
3306 3050 3669 3110 substituatur,
3691 3040 3750 3096 vel

428 3141 510 3197 sis
541 3140 869 3213 episcopus,
904 3140 963 3195 in
994 3139 1103 3195 hoc
1134 3140 1359 3195 decreto
1386 3139 1457 3193 ad
1488 3140 1959 3194 conﬁrmandum
1993 3158 2070 3196 ss.
2105 3114 2146 3180 C
2189 3140 2290 3211 qui
2322 3141 2522 3195 eodem
2555 3158 2707 3195 anno
2738 3140 3080 3212 presbyterii
3129 3140 3322 3195 valeat
3369 3138 3616 3192 honorem
3642 3130 3750 3186 acci-

1191 3263 1325 3319 CVI.

432 3355 765 3413 Alexander
793 3357 843 3410 II
869 3354 933 3411 de
962 3354 1223 3410 Ecclesiae
1250 3355 1507 3410 Lucensis
1540 3354 1861 3409 muneribus
1884 3356 1941 3409 in
1956 3371 2079 3425 pro-

506 3432 596 3485 bos
626 3428 978 3498 doctrinaque
1018 3428 1304 3481 instructos
1354 3427 1500 3481 viros
1540 3426 1884 3496 conferendis
1933 3428 2078 3495 leges

500 3500 707 3558 condit.

1010 3570 1199 3641 (Anno
1232 3568 1506 3638 1061-73.)

770 3659 1063 3731 [UGHELLI,
1098 3659 1259 3714 Italia
1287 3672 1465 3725 sacra,
1498 3661 1543 3724 Ι,
1574 3658 1721 3727 811].

497 3775 845 3824 ALEXANDER
873 3767 1204 3838 episcopus,
1237 3781 1442 3820 servus
1474 3779 1770 3819 servorum
1803 3764 1924 3831 Dei,
1949 3765 2068 3819 Lu-

424 3860 616 3915 censis
645 3857 911 3915 Ecclesiae
942 3856 1257 3923 canonicis,
1292 3871 1356 3910 ac
1394 3854 1530 3908 filiis
1561 3870 1663 3924 per
1690 3854 1888 3908 omnia
1918 3854 2064 3910 dile-

422 3951 529 4003 etis
560 3963 880 4018 eorumque
908 3944 1345 4002 successoribus
1375 3942 1435 3995 in
1469 3948 1833 4013 perpetuum.

492 4036 770 4100 Quamvis
826 4033 1228 4090 ecclesiasticae
1279 4030 1591 4101 disciplina
1644 4047 1922 4097 censurae,
1957 4048 2060 4102 pro

417 4123 608 4179 ofﬁcio
633 4141 666 4178 a
693 4127 803 4177 Deo
857 4122 1027 4176 nobis
1068 4120 1403 4188 commisso,
1438 4135 1544 4172 nos
1578 4119 1887 4172 admoneat
1915 4120 2057 4191 vigi-

413 4211 556 4267 lanti
605 4227 744 4267 cura
795 4209 1084 4265 universis
1116 4207 1387 4263 Ecclesiis
1435 4210 1553 4261 toto
1598 4208 1736 4261 orbe
1766 4211 2053 4264 terrarum

414 4298 644 4355 diffusis
677 4298 993 4371 providere,
1029 4294 1267 4368 speciali
1300 4300 1493 4350 tamen
1521 4294 1917 4365 speculatione
1948 4314 2050 4353 no-

410 4391 542 4443 stra
576 4386 817 4444 Lucensi
848 4385 1113 4442 Ecclesia:
1138 4401 1240 4457 pro
1262 4400 1433 4456 posse
1465 4399 1571 4439 nos
1588 4384 1859 4455 opitulari
1881 4402 2051 4457 opor-

2189 3245 2342 3300 pere.
2397 3229 2682 3284 Similiter
2708 3230 2779 3283 de
2810 3229 3156 3283 diaconibus
3186 3233 3244 3284 et
3276 3229 3345 3283 de
3376 3221 3750 3282 subdiaconibus

2187 3319 2388 3373 eodem
2424 3319 2569 3373 ratio
2602 3318 2875 3389 idemque
2905 3319 3043 3372 ordo
3078 3317 3369 3389 procedat.

2255 3411 2475 3462 Horum
2523 3411 2719 3462 autem
2775 3407 3038 3461 omnium
3089 3407 3508 3461 ordinationem
3552 3402 3633 3471 ita,
3673 3397 3753 3452 Deo

2186 3501 2495 3563 annuente,
2530 3496 2802 3551 volumus
2831 3496 3109 3551 canonice
3138 3495 3287 3563 ﬁeri,
3322 3498 3384 3549 ut
3408 3491 3555 3548 nulla
3590 3484 3749 3543 venali-

2180 3586 2319 3640 tatis
2349 3586 2528 3652 fraus,
2561 3584 2647 3639 vel
2679 3586 2935 3657 pecunia:
2990 3584 3356 3639 interventus
3399 3581 3579 3652 aliqua
3616 3572 3752 3648 possit

2180 3675 2402 3730 ratione
2431 3674 2751 3745 subripere,
2787 3676 2887 3727 sed
2920 3674 3101 3745 gratis
3125 3677 3184 3727 et
3211 3675 3431 3743 absque
3463 3668 3618 3724 ullius
3636 3678 3747 3719 com-

2178 3765 2335 3817 modi
2368 3764 2591 3819 ratione
2623 3762 2923 3825 consistat,
2976 3762 3091 3817 nisi
3140 3760 3498 3817 ordinandus
3541 3771 3635 3811 non
3666 3756 3748 3806 sta-

2173 3856 2299 3907 tuto
2330 3853 2642 3923 pretio,sed
2676 3870 2783 3907 sua
2813 3855 3038 3921 sponte,
3067 3851 3137 3905 ad
3174 3851 3480 3904 utilitatem
3520 3844 3591 3900 vel
3618 3843 3748 3896 hone-

2173 3946 2380 3996 statem
2415 3942 2667 3996 ecclesia:
2696 3941 2913 4011 aliquid
2948 3940 3147 4010 largiri
3182 3939 3446 3994 voluerit.
3494 3930 3745 3989 Avaritiam

2167 4031 2383 4085 ctenim
2427 4031 2497 4085 de
2539 4030 2754 4101 templo
2804 4029 2901 4084 Dei
2960 4028 3381 4083 eliminandam
3439 4037 3642 4081 sacrum
3685 4021 3747 4070 te-

2167 4125 2356 4174 statur
2430 4118 2829 4191 Evangelium,
2913 4118 3069 4189 quod
3139 4118 3320 4173 refert
3383 4120 3436 4171 et
3495 4108 3744 4167 Dominum

2165 4225 2268 4279 per
2298 4225 2359 4263 se
2387 4208 2583 4280 ipsum
2619 4206 3151 4263 nummulariorum
3188 4223 3269 4261 res
3301 4203 3581 4264 effudisse,
3607 4202 3651 4251 et
3680 4208 3746 4246 ca-

2162 4296 2399 4351 thedras
2431 4298 2807 4351 vendentium
2859 4296 3159 4351 columbas
3212 4294 3502 4349 evertisse.
3532 4283 3743 4343 Ofﬁcium

2161 4392 2354 4441 autem
2391 4387 2573 4457 ipsius
2606 4386 2873 4441 Ecclesiae
2905 4386 2985 4440 ita
3012 4385 3083 4439 ad
3117 4384 3399 4439 honorem
3432 4379 3524 4435 Dei
3552 4373 3741 4431 ﬁerivo-

408 4481 511 4545 tet,
545 4478 712 4549 cujus
744 4478 1024 4549 regimen,
1059 4480 1373 4546 antequam
1415 4474 1487 4527 ad
1521 4474 1848 4544 apostolicae
1898 4476 2050 4531 sedis
2080 4485 2125 4548 D
2158 4475 2358 4531 lumus
2382 4480 2445 4530 ut
2467 4476 2625 4530 omni
2646 4476 2739 4530 die
2758 4492 2874 4529 una
2894 4473 3176 4529 solemnis
3203 4473 3388 4527 missa
3408 4484 3532 4524 cum
3552 4465 3740 4549 diacono

404 4583 601 4622 curam
614 4565 1176 4633 vocaremur,divina
1190 4564 1358 4619 nobis
1372 4563 1653 4633 imposuit
1667 4564 2045 4633 providentia.

402 4655 564 4711 Unde
586 4673 719 4711 cum
742 4655 1017 4711 omnibus
1048 4651 1556 4724 simpliciter,huic
1582 4656 1774 4706 tamen
1803 4652 2047 4723 duplici-

396 4746 780 4812 ter,osculum
801 4748 1010 4800 nostrae
1034 4740 1447 4814 speculationis
1470 4740 1768 4794 intendere
1794 4746 2037 4812 oportet.

2159 4570 2215 4619 et
2241 4565 2597 4619 subdiacono
2631 4565 2773 4619 hora
2803 4564 2971 4618 tertia
3002 4562 3327 4617 celebretur
3347 4575 3476 4615 cum
3506 4545 3743 4610 canonicis

2156 4652 2509 4719 horis,sicut
2541 4653 2901 4708 consuetudo
2932 4650 3197 4722 deposcit
3232 4646 3489 4703 matricis
3520 4636 3740 4697 ecclesia.

2152 4741 2301 4796 Illud
2330 4759 2561 4814 quoque
2592 4758 2706 4796 non
2741 4740 2984 4795 minima
3013 4738 3372 4793 correctione
3394 4734 3628 4804 indigere
3646 4738 3741 4814 pre-

2150 4830 2467 4901 speximus,
2485 4831 2636 4900 quod
2662 4829 2898 4901 quidam
2925 4824 3432 4896 clericorum,plus
3463 4838 3569 4876 sua:
3588 4810 3735 4871 avari-

2148 4918 2237 4972 tiae
2270 4936 2444 4990 quam
2477 4920 2742 4973 Ecclesiae
2769 4917 3228 4979 consulentes,in
3262 4913 3488 4968 duabus
3507 4906 3583 4963 vel
3604 4901 3739 4960 etiam

2144 5006 2203 5060 in
2257 5008 2445 5063 tribus
2494 5008 2755 5063 ecclesiis
2806 5006 3142 5061 ministrare
3193 5006 3532 5060 noscuntur,
3560 4999 3736 5048 etcum

2145 5097 2244 5150 uni
2281 5097 2371 5150 vix
2402 5114 2656 5168 congrue
2687 5101 2742 5151 et
2771 5101 3094 5167 opportune
3118 5082 3643 5155 sufﬁciant,ambitu
3663 5091 3737 5149 pe-

2141 5186 2446 5241 cuniarum
2482 5186 2653 5240 illecti
2688 5186 2917 5240 duabus
2950 5186 3031 5238 vel
3066 5184 3277 5247 tribus,
3313 5181 3461 5235 sicut
3503 5171 3733 5228 diximus.

2138 5292 2311 5328 suum
2336 5274 2591 5329 ofﬁcium
2627 5273 3213 5345 pollicentur.Sicque
3244 5272 3308 5323 ﬁt
3332 5266 3551 5333 ut,dum
3576 5257 3734 5331 plures

2134 5362 2394 5417 vicissim
2430 5362 3029 5432 pcreurrunt,nullam
3062 5359 3345 5415 canonice
3361 5361 3415 5411 et
3437 5354 3584 5423 juste
3603 5355 3730 5414 rcge-

2133 5468 2193 5506 re
2219 5451 3009 5523 valcant.Quapropter,hanc
3030 5463 3266 5521 quoque
3298 5456 3530 5502 causam
3556 5436 3608 5491 in
3630 5445 3727 5487 me-

2128 5539 2244 5598 lius
2273 5541 2679 5615 reformantes,
2715 5539 3130 5597 constituimus
3160 5541 3217 5594 et
3240 5531 3507 5613 praesenti
3537 5524 3726 5586 decreto

393 4833 539 4889 Nam
573 4834 729 4904 quia,
763 4832 999 4886 inimico
1032 4830 1272 4885 humani
1304 4828 1533 4900 generis
1563 4828 2039 4894 insidiante,san-

391 4927 493 4978 ets:
525 4922 733 4978 matris
762 4919 1026 4977 Ecclesiae
1054 4918 1407 4989 compositos
1453 4932 1643 4971 mores
1678 4917 1747 4970 ab
1781 4918 2038 4987 antiquis

386 5012 656 5082 patribus
678 5011 979 5065 institutos
1001 5024 1176 5079 prava
1199 5006 1587 5078 quorumdam
1606 5005 2035 5069 temeritas,seu

384 5102 580 5169 potius
611 5096 1141 5172 cupiditas,violare
1176 5113 1286 5150 non
1320 5095 1545 5163 metuit,
1572 5093 1785 5148 idcirco
1811 5096 2033 5151 studio-

384 5203 483 5242 sos
514 5189 910 5259 sollicitosque
944 5186 1213 5241 convenit
1241 5200 1390 5252 esse,
1432 5188 1497 5238 ut
1530 5200 1653 5253 quae
1706 5183 1860 5237 mala
1889 5201 2029 5252 quo-

379 5274 519 5329 tidie
548 5277 1137 5347 pullulantmucrone
1179 5274 1424 5344 justitize
1468 5278 1820 5327 resecentur.
1859 5273 2026 5343 Nam,

378 5363 709 5420 charissimi
742 5365 866 5431 ﬁlii,
899 5370 1092 5420 vestra
1125 5366 1266 5419 bene
1298 5362 1455 5417 novit
1488 5361 1803 5431 dilectio,in
1830 5367 2027 5417 nostra

376 5450 675 5525 praelibata
693 5452 949 5509 Ecclesia
966 5454 1223 5525 pessima
1246 5451 1562 5508 inoleverat
1578 5452 1935 5507 consuetudo
1960 5456 2025 5507 ut

368 5543 606 5608 ordines
632 5542 688 5597 et
718 5540 1008 5598 canonicae
1035 5541 1225 5617 ipsius
1256 5540 1521 5598 Ecclesiae
1567 5540 1649 5597 sic
1698 5540 1918 5614 passim
1964 5544 2021 5600 et
