4036 6184
158 360 305 430 1408

1320 371 1721 438 EPISTULxE
1761 374 1863 439 ET
1904 373 2383 441 DIPLOMA'I‘A.

3398 376 3553 446 μοδ

152 500 290 558 scha
307 498 539 573 jejunet
558 500 749 559 tribus
768 497 975 561 diebus
1005 521 1109 579 per
1132 506 1518 579 septimanam
1549 509 1609 564 in
1640 527 1788 582 pane
1816 512 1865 579 Α
1899 509 1988 565 cio
2019 510 2202 567 sancti
2235 512 2490 583 Spiritus
2521 528 2620 570 eos
2649 511 2749 586 qui
2790 515 2851 570 in
2880 509 3071 570 tribus
3114 509 3297 571 sacris
3347 516 3550 589 gradi-

156 594 210 646 et
238 607 406 662 aqua,
432 596 489 646 et
518 608 635 646 non
668 596 866 649 utatur
890 594 1295 651 calceamentis
1317 613 1504 669 neque
1539 598 1674 654 lino.
1707 599 1792 653 Ab

157 684 350 735 octava
400 680 771 738 Pentecostes
828 700 1014 755 usque
1062 686 1130 740 ad
1185 684 1560 742 festivitatem
1610 688 1793 743 sancti

156 768 381 824 Martini
406 770 635 841 jejunet
667 772 898 827 duobus
928 773 1137 829 diebus
1168 790 1271 846 per
1300 775 1712 848 septimanam,
1740 781 1797 833 et

154 875 188 913 a
216 857 524 914 festivitate
550 861 738 915 sancti
786 861 1020 917 Martini
1052 880 1242 935 usque
1285 864 1355 919 ad
1399 864 1648 921 natalem
1689 868 1791 921 Do-

155 946 295 1002 mini
317 951 420 1002 aut
450 948 623 1003 faciat
643 965 955 1017 carcerem,
976 952 1255 1021 jejunans
1278 953 1536 1024 quotidie
1559 954 1616 1009 in
1646 971 1794 1026 pane

154 1039 208 1091 et
237 1052 407 1107 aqua,
440 1040 542 1092 aut
569 1042 665 1093 eat
694 1037 857 1094 exsul
896 1045 951 1095 et
984 1040 1216 1111 jejunet
1260 1042 1450 1097 tribus
1496 1042 1702 1098 diebus
1735 1043 1794 1099 in

152 1140 298 1196 pane
325 1129 383 1180 et
412 1143 582 1197 aqua.
608 1126 692 1181 Ab
724 1134 924 1183 octava
954 1128 1289 1201 Epiphaniae
1321 1147 1508 1201 usque
1538 1132 1607 1185 ad
1643 1132 1793 1195 Qua-

153 1212 536 1283 dragesimam
561 1215 792 1286 jejunet
821 1216 1053 1272 duobus
1082 1217 1312 1273 diebus.
1336 1221 1381 1273 A
1411 1219 1796 1290 Quadragesi-

152 1317 248 1356 ma
276 1318 460 1373 usque
491 1302 549 1358 in
581 1304 807 1360 Pascha
841 1306 1071 1376 jejunet
1098 1307 1287 1362 tribus
1318 1307 1525 1362 diebus
1554 1307 1615 1361 in
1646 1324 1793 1378 pane

152 1394 210 1445 at
238 1406 413 1462 aqua;
448 1396 505 1448 et
532 1392 654 1447 haec
676 1393 849 1449 faciat
875 1411 1059 1466 usque
1089 1396 1160 1449 ad
1193 1412 1377 1451 annos
1399 1396 1677 1468 quinque.
1704 1398 1792 1452 Ab

149 1478 413 1550 ingressu
462 1486 658 1537 autem
705 1482 964 1539 ecclesias
1012 1488 1069 1539 et
1106 1485 1522 1540 communione
1569 1490 1791 1559 septem

152 1584 330 1624 annos
362 1569 670 1627 abstineat.

867 1662 1080 1719 CXVII.

147 1747 447 1804 Aleaandri
471 1749 522 1805 II
549 1752 779 1821 epistola
817 1751 886 1806 ad
924 1750 1239 1808 Wltinensis
1267 1754 1516 1809 Ecclesiae
1545 1755 1789 1810 clericos.

149 1850 218 1860 —-
237 1823 415 1889 Quam
435 1822 693 1897 imposuit
702 1824 1093 1897 paenitentiam
1122 1824 1462 1896 Theoderico,
1488 1828 1586 1895 qui
1612 1826 1795 1897 ﬁlium

237 1839 415 1889 quam
435 1839 780 1949 zmposuzifa

218 1907 328 1947 non
354 1897 540 1961 sponte
566 1895 681 1949 ccci
719 1895 780 1949 it.

718 1984 909 2056 (Anno
942 1984 1073 2039 1061
1085 1985 1226 2056 -73.)

556 2056 793 2124 [MANSI,
828 2055 1030 2111 Concil.
1064 2055 1215 2123 XIX,
1233 2057 1386 2127 966.]

218 2140 531 2215 Diligentia
548 2149 742 2200 vestra
771 2149 975 2201 noscat
1002 2144 1137 2201 huic
1167 2144 1526 2202 Theodorico
1549 2144 1792 2218 [Tende-

146 2230 287 2302 rico]
315 2248 420 2304 pro
469 2232 801 2305 parricidio,
832 2234 1102 2291 videlicet
1148 2238 1333 2290 morte
1376 2234 1479 2289 ﬁlii
1527 2235 1642 2304 sui,
1676 2252 1790 2291 non

145 2324 352 2391 sponte
380 2321 717 2389 commisso,
759 2324 1618 2397 auctoritatebeatissimorum
1652 2342 1789 2397 apo-

144 2407 427 2464 stolorum
460 2415 516 2466 et
544 2428 834 2467 canonum
881 2392 1284 2484 pmnitedtiam
1332 2431 1439 2469 nos
1483 2414 1788 2486 septennio

144 2498 546 2570 composuisse
571 2500 987 2573 [imposuisse],
1012 2501 1071 2555 in
1102 2502 1302 2557 eodem
1336 2507 1577 2573 peracta
1604 2503 1786 2575 poeni-

140 2588 338 2643 tentia:
366 2592 599 2661 tempus
622 2595 1111 2646 connumerantes
1136 2591 1217 2660 [in
1248 2592 1449 2647 eodem
1472 2597 1637 2664 pacto
1670 2609 1786 2664 pce-

142 2675 250 2743 nit,
285 2680 881 2749 connumeravimus],
917 2679 998 2735 ita
1026 2684 1092 2734 ut
1131 2680 1339 2735 amodo
1371 2697 1557 2750 usque
1605 2683 1790 2736 sancti

142 2764 378 2821 Martini
410 2766 623 2822 festum
656 2767 887 2824 duobus
922 2769 1153 2840 jejunet
1179 2770 1239 2824 in
1270 2768 1639 2825 hebdomade
1668 2771 1789 2825 die-

141 2854 277 2924 bus,
300 2871 508 2927 quarte
531 2857 676 2912 feria
693 2856 961 2913 videlicet
992 2862 1049 2913 et
1078 2862 1257 2929 sexta,
1283 2859 1340 2913 in
1366 2874 1515 2930 pane
1537 2863 1593 2914 et
1614 2875 1787 2929 aqua.

141 2944 192 2998 A
220 2944 408 3000 sancti
438 2944 674 3003 Martini
699 2944 1013 3001 festivitate
1044 2963 1231 3018 usque
1260 2947 1331 3002 ad
1380 2947 1605 3002 Domini
1638 2948 1788 3002 nati-

138 3031 401 3101 vitatem,
425 3034 773 3090 continuum
801 3036 1243 3107 agatjejunium
1276 3036 1336 3089 in
1362 3052 1509 3106 pane
1532 3039 1587 3089 et
1617 3053 1788 3107 aqua,

139 3122 395 3193 exceptis
428 3124 748 3179 Dominicis
779 3130 834 3178 et
864 3124 1089 3195 quintis
1124 3125 1303 3189 feriis,
1327 3125 1383 3178 in
1410 3124 1623 3195 quibus
1645 3141 1789 3195 qua-

136 3210 516 3282 dragesimali
549 3212 677 3269 cibo
707 3218 993 3269 vescatur.
1027 3213 1111 3268 Ab
1142 3213 1359 3268 octavis
1394 3213 1783 3283 Theophanis;
1807 3248 1854 3318 α

133 3316 328 3371 usque
359 3301 429 3355 ad
459 3301 1003 3374 Quadragesimam,
1037 3302 1267 3356 duobus
1306 3302 1365 3356 in
1418 3301 1786 3357 hebdomade

123 3389 359 3460 jejunet
403 3389 631 3459 diebus,
674 3394 884 3463 quarta
912 3396 971 3447 et
1000 3397 1164 3447 sexta
1222 3391 1383 3459 feria,
1418 3390 1475 3444 in
1535 3407 1684 3461 pane
1736 3395 1793 3445 et

131 3493 310 3548 aqua,
344 3478 599 3550 exceptis
630 3478 793 3534 festis
829 3477 1273 3550 principalibus,
1299 3478 1357 3531 in
1394 3476 1609 3547 quibus
1640 3476 1788 3532 elee-

130 3582 380 3638 mosyna
398 3582 459 3622 se
481 3567 749 3623 redimat.
774 3567 837 3623 In
856 3568 1017 3631 Quad
1028 3565 1360 3639 ragesimali
1378 3582 1512 3621 vero
1530 3573 1788 3637 tempore

128 3654 480 3710 continuum
504 3656 796 3728 agendum
828 3660 915 3712 est
937 3656 1234 3727 jejunium
1266 3654 1324 3708 in
1357 3671 1507 3725 pane
1529 3658 1584 3708 et
1614 3671 1787 3725 aqua,

125 3742 389 3814 exceptis
406 3743 746 3800 Dominicis.
768 3749 832 3799 In
851 3744 1059 3817 quinta
1082 3743 1224 3799 feria
1239 3747 1470 3797 tantum
1484 3784 1496 3808 ,
1510 3742 1713 3798 vinum
1736 3742 1789 3797 ei

123 3831 335 3887 bibere
374 3833 495 3902 [al.,
527 3838 723 3888 tamen
755 3834 957 3888 vinum
989 3832 1282 3901 exhibere]
1314 3836 1370 3886 et
1404 3831 1790 3903 quadragesi-

125 3919 275 3975 mali
306 3920 390 3975 uti
423 3920 550 3977 cibo
598 3921 997 3978 concedimus.
1031 3922 1167 3977 Post
1214 3936 1436 3976 annum
1463 3936 1597 3975 vero
1630 3936 1788 3974 com-
1834 3918 1839 3921 ⁷

124 4007 382 4081 pletum,
416 4010 477 4065 in
506 4014 626 4067 toto
653 4028 805 4067 anno
836 4011 1072 4067 duobus
1102 4010 1310 4066 diebus
1339 4009 1399 4064 in
1433 4024 1790 4081 unaquaque

120 4097 505 4155 hebdomade
535 4099 594 4155 in
625 4117 775 4173 pane
806 4103 861 4156 et
909 4117 1061 4172 aqua
1086 4102 1333 4171 jejunet.
1368 4103 1430 4153 In
1466 4099 1787 4170 quadrage-

119 4184 282 4242 sima
313 4190 511 4243 tamen
540 4189 889 4244 continuum
921 4192 1056 4259 agat
1095 4187 1396 4259 jejunium
1448 4186 1507 4241 in
1557 4203 1705 4258 pane
1734 4190 1790 4242 et

119 4290 305 4345 aqua.
338 4275 410 4331 Et
456 4276 515 4331 in
567 4293 921 4349 unoquoque
952 4293 1105 4332 anno
1144 4291 1333 4346 usque
1380 4273 1785 4345 ad'expletum

119 4364 486 4435 paenitentiae
520 4369 751 4438 tempus
795 4363 1139 4437 hujusmodi
1161 4362 1458 4436 jejunium
1493 4363 1787 4434 agendum

116 4458 239 4521 est,
274 4456 335 4508 et
363 4469 398 4507 a
424 4469 596 4509 carne
627 4470 688 4509 se
733 4454 1046 4509 abstineat.
1080 4458 1189 4509 Per
1220 4468 1404 4508 unum
1441 4467 1664 4506 annum
1695 4466 1788 4505 ec-

116 4539 373 4596 clesiam
422 4540 474 4595 ei
523 4543 902 4615 denegamus.
933 4548 1072 4598 Post
1120 4544 1453 4615 ingressum
1505 4539 1784 4607 ecclesiae,

1820 1877 1874 1947 B

1902 599 2033 664 bus,
2068 601 2468 673 presbyteratu
2502 603 2744 673 scilicet,
2776 604 3084 659 diaconatu
3138 609 3195 659 et
3232 605 3551 661 subdiaco-

1902 692 2042 742 natu
2065 689 2257 759 positi,
2281 690 2657 748 mulierculas
2680 708 2792 747 non
2817 694 3156 763 abjeccrunt
3176 698 3232 748 et
3253 699 3412 749 caste
3434 711 3550 749 non

1901 776 2188 841 vixerunt,
2214 778 2517 835 excludere
2553 781 2625 836 ab
2667 782 3004 836 eorumdem
3036 783 3327 854 graduum
3360 782 3550 854 digni-

1901 868 2039 921 tate.
2073 866 2154 920 De
2205 868 2535 924 manifestis
2579 869 2906 940 loquimur;
2948 876 3300 927 secretorum
3353 876 3549 927 autem

1903 955 2163 1027 cognitor
2194 961 2251 1012 et
2272 958 2455 1029 judex
2488 958 2642 1014 Deus
2673 964 2782 1014 est.

2631 1047 2819 1103 CXIX.

2150 1135 2226 1190 De
2255 1137 2499 1208 episcOpo
2530 1136 2840 1192 Simoniaca
2870 1145 2920 1192 et
2951 1139 3301 1207 fornicatore.

2311 1225 2563 1295 (Fragm.
2587 1256 2654 1265 -—-
2674 1227 2839 1281 Anno
2874 1226 3150 1297 1061-73.)

2284 1311 2516 1383 [Manen
2570 1313 2775 1369 Concil.
2828 1314 2969 1385 XIX,
3020 1314 3172 1385 978.]

1975 1399 2254 1456 Lancium
2285 1401 2625 1457 Micernium
2656 1403 2999 1474 episcopum
3033 1402 3104 1457 ab
3136 1402 3431 1476 episcopio
3462 1405 3557 1460 de-

1900 1489 2094 1560 posui,
2124 1490 2262 1559 quia
2292 1495 2603 1545 accusatus
2635 1497 2723 1546 est
2770 1494 2827 1545 et
2875 1490 3172 1547 convictus
3203 1492 3273 1546 de
3305 1492 3555 1548 fornica-

1898 1577 2056 1632 tione
2107 1583 2165 1632 et
2202 1578 2537 1634 Simoniaca
2587 1581 2961 1652 episcopatus
3009 1580 3315 1652 adeptione
3361 1597 3556 1637 sacro-

1901 1682 2152 1738 rumque
2179 1668 2454 1723 ordinum
2484 1668 2839 1724 venditione.

2655 1756 2813 1813 CXX.

1906 1842 2066 1899 Clero
2094 1849 2149 1897 et
2171 1843 2375 1913 populo
2402 1845 2736 1901 Florentino.
2760 1875 2829 1887 -
2857 1846 3109 1901 Monachi
3137 1848 3288 1903 intra
3314 1848 3555 1904 claustra

1974 1922 2277 2041 regimur,
2308 1923 2359 1971 et
2388 1932 2422 1970 a
2441 1916 2837 1988 praedicatione
2883 1918 3216 1989 abstineant,
3246 1934 3355 1985 non
3385 1921 3553 1974 mini-

2000 2002 2069 2041 re
2135 2027 2148 2040 .
3314 2008 3315 2011 η

2000 2002 2127 2041 rem
2135 2027 2148 2040 .
3314 2008 3315 2011 “

2295 2075 2549 2148 (Fragm.
2581 2107 2643 2118 —
2676 2082 2844 2132 Anno
2878 2078 3164 2147 1061-73.)

2313 2163 2542 2233 [MANSI,
2577 2166 2786 2221 Concil.
2818 2165 2959 2233 XIX,
2992 2165 3145 2239 979.]

1970 2251 2146 2307 Juxta
2196 2251 2687 2309 Chalcedonensis
2737 2257 2998 2309 tenorem
3048 2253 3251 2323 optimi
3300 2253 3552 2320 concilii,

1899 2340 2226 2408 monachis,
2258 2342 2528 2412 quamvis
2578 2342 2889 2416 religiosis,
2923 2344 2994 2399 ad
3047 2359 3315 2399 normam
3365 2344 3556 2402 sancti

1899 2430 2215 2496 Benedicti,
2241 2430 2396 2485 intra
2426 2430 2751 2487 claustrum
2785 2432 3003 2487 morari
3037 2431 3448 2504 praecipimus:
3478 2432 3557 2485 vi-

1898 2535 2018 2587 cos,
2052 2517 2312 2585 castella,
2345 2518 2609 2576 civitates
2658 2537 2968 2593 peragrare
3000 2521 3406 2590 prohibemus,
3439 2519 3557 2575 nisi

1899 2607 2046 2662 forte
2074 2605 2230 2677 quis,
2252 2606 2322 2661 de
2344 2623 2463 2662 suae
2485 2609 2696 2663 animae
2720 2608 2906 2664 salute
2927 2607 3236 2676 sollicitus,
3262 2613 3328 2663 ut
3348 2624 3550 2664 eorum

1899 2695 2166 2752 habitum
2198 2701 2483 2763 assumat,
2520 2713 2619 2752 eos
2664 2697 2821 2752 intra
2869 2696 3197 2752 claustrum
3245 2695 3551 2753 consulere

1898 2784 2165 2841 voluerit.

2630 2874 2815 2931 CXXI.

1948 2965 2205 3032 Mangiso
2239 2965 2518 3019 Venetensi
2543 2966 2810 3036 episcopo.
2833 2995 2903 3005 -—
2932 2966 3114 3021 Nullis
3144 2965 3499 3036 eleemosynis

2074 3036 2275 3090 redimi
2296 3052 2475 3107 posse,
2506 3038 2641 3106 quin
2669 3038 3063 3107 consanguinei
3092 3042 3435 3108 separentur.

2295 3124 2549 3194 (Fragm.
2584 3156 2650 3165 —-
2680 3127 2847 3180 Anno
2881 3126 3158 3197 1061-73.)

2201 3256 2206 3262 .
2313 3212 2546 3283 [MANSI,
2580 3213 2787 3267 Concil.
2821 3213 2961 3277 XIX,
2995 3214 3144 3284 979.]
3204 3233 3222 3249 ·

1974 3297 2161 3370 Hujus
2186 3298 2291 3354 viri
2323 3317 2561 3355 causam
2587 3317 2761 3372 super
2792 3317 2910 3372 qua
2938 3300 3317 3373 apostolicam
3349 3302 3547 3356 sedem

1901 3387 2249 3443 consuluisti
2285 3393 2691 3453 retractantes,
2724 3388 2775 3443 si
2806 3406 2919 3460 quo
2953 3389 3125 3444 modo
3159 3388 3548 3444 misericordi-

1899 3479 1991 3532 ter
2021 3478 2390 3548 conjunctam
2418 3477 2527 3532 sibi
2553 3476 2757 3533 illicite
2780 3477 3278 3550 consanguineam
3301 3476 3548 3532 retinere

1899 3570 2098 3638 posset
2145 3571 2202 3621 et
2249 3566 2633 3637 orationibus,
2676 3566 2943 3637 jejuniis,
2968 3583 3034 3622 ac
3079 3564 3437 3621 hisreditatis
3493 3568 3551 3621 et

1900 3653 2402 3727 eleemosynarum
2464 3672 2525 3711 se
2582 3654 2893 3728 largitione
2950 3655 3265 3725 redimere,
3322 3652 3546 3709 nullam

1900 3744 2309 3800 auctoritatem
2368 3744 2764 3817 comperimus
2829 3760 2945 3815 qua
3018 3744 3130 3800 sibi
3201 3744 3544 3799 concedere-

1902 3849 2056 3888 mus.

2622 3920 2833 3977 CXXII.

1934 4010 2181 4082 Epistola
2210 4010 2512 4066 Alexandri
2542 4012 2588 4065 II
2615 4010 2689 4093 ad
2715 4010 3036 4067 Romaldum
3057 4010 3168 4081 (24)
3202 4009 3509 4067 Cumanum

2554 4098 2885 4154 episcopum.

1971 4171 2158 4243 Super
2187 4187 2396 4226 causas
2427 4170 2700 4226 Gissandi
2732 4171 3074 4244 presbyteri,
3108 4171 3179 4226 de
3212 4174 3397 4225 morte
3426 4169 3547 4241 epi-

1900 4260 2058 4331 sc0pi
2082 4260 2172 4315 sui
2191 4260 2634 4329 praedecessoris
2655 4261 2741 4316 tui
2756 4260 3045 4327 infamati,
3060 4259 3120 4315 in
3138 4260 3399 4316 medium
3418 4275 3550 4315 con-

1900 4347 2214 4403 suluimus.
2247 4353 2451 4419 Itaque
2471 4349 2627 4405 circa
2649 4346 2914 4405 omnium
2943 4349 3265 4405 astantium
3298 4351 3549 4405 fratrum

1899 4450 2144 4491 assensu
2179 4435 2443 4490 unanimi
2472 4442 2585 4491 tuas
2617 4437 2916 4492 dilectioni
2939 4438 3319 4493 rescribimus
3351 4437 3553 4507 praefa-

1897 4527 2024 4578 tum
2047 4523 2402 4580 Gissandum
2428 4528 2560 4578 ante
2583 4529 2639 4580 te
2669 4526 3162 4596 praesentandum,
3184 4524 3305 4590 ubi,
3330 4524 3381 4579 si
3407 4523 3547 4579 certi

112 4628 322 4684 tribus
354 4629 527 4685 annis
557 4610 703 4686 eum
736 4648 770 4686 a
815 4610 1231 4687 communion‘e
1279 4646 1647 4702 separamus,
1681 4621 1794 4683 nisi
1822 4615 1877 4685 Β
1904 4616 2272 4702 θοουβείονθε
2301 4612 2616 4702 defugerim,
2654 4617 2816 4679 tunc,
2847 4613 3099 4668 ἀίοῐαηΐθ
3134 4611 3387 4702 lum-flia,
3421 4610 3549 4702 sine

115 4716 345 4773 mortis
377 4717 555 4773 fuerit
583 4720 793 4775 timore
819 4724 1165 4791 praeventus.
1200 4718 1257 4775 Si
1296 4719 1427 4791 quis
1453 4723 1649 4774 autem
1681 4718 1798 4790 epi'

112 4822 370 4878 scopus,
392 4807 484 4862 vel
516 4807 824 4881 religiosus
855 4808 1179 4881 presbyter,
1212 4825 1388 4864 causa
1416 4807 1650 4880 pietatis
1681 4806 1784 4862 ali-

110 4895 268 4967 quid
310 4894 424 4951 sibi
452 4896 713 4953 relaxare
743 4896 1009 4965 voluerit,
1044 4897 1153 4954 hoc
1200 4898 1251 4954 ei
1301 4896 1621 4970 apostolica
1650 4912 1787 4951 auc-

108 4985 299 5041 ritate
329 4985 724 5043 concedimus.

838 5077 1078 5133 CXVIII.

145 5163 454 5238 Dominico
485 5163 747 5238 Gradensi
778 5166 1145 5224 Patriarchx.
1179 5189 1263 5207 —-
1278 5167 1351 5221 De
1391 5166 1747 5238 presbyteris,

293 5234 564 5309 diaconis,
594 5234 949 5294 subdiaconis
976 5247 1115 5295 caste
1143 5254 1257 5294 non
1285 5234 1617 5294 viventibus.

537 5326 792 5399 (Fragm.
816 5357 887 5368 --
909 5330 1069 5383 Anno
1101 5327 1382 5399 1061-73.)

519 5415 751 5487 [Manen
789 5416 995 5473 Concil.
1038 5421 1191 5487 XIX,
1239 5416 1392 5488 977.]

182 5501 566 5559 Erubescant
594 5505 782 5578 impii,
814 5510 871 5562 et
902 5509 1098 5578 aperte
1128 5522 1235 5561 nos
1273 5504 1606 5576 intelligant
1627 5502 1786 5573 judi-

210 5627 313 5703 ζέε)
340 5626 581 5703 Gratian
596 5631 656 5684 in
684 5630 1146 5703 editoRaynaldo
1169 5633 1271 5686 Ms.
1299 5644 1450 5684 meus
1474 5626 1778 5703 Ramaldg.

210 5627 313 5694 24)
340 5627 565 5684 Gratian
596 5631 656 5684 in
684 5630 827 5686 edito
850 5630 1146 5703 Raynaldo
1169 5633 1271 5686 Ms.
1299 5644 1450 5684 meus
1474 5627 1778 5681 Ramaldo.

181 5627 313 5776 {26)
336 5702 539 5776 Exstat
568 5701 690 5758 hac
721 5702 1249 5776 periocghagingcap.
1271 5704 1535 5776 Mennqm
1562 5699 1698 5776 2,_q.
1719 5698 1780 5776 _5_,

102 5769 335 5830 «sum
360 5770 689 5847 fragmento
716 5769 974 5849 cpistola:
998 5774 1057 5832 S.
1083 5769 1345 5846 Gregorii
1365 5771 1437 5830 ad
1457 5769 1782 5830 Brunicbil-

1907 4700 2066 4756 omni
2097 4700 2488 4756 controversia
2516 4702 2816 4774 presbyter
2836 4716 3199 4773 quaecunque
3219 4699 3293 4755 ob
3320 4699 3430 4755 hoc
3460 4700 3551 4755 in-

1889 4790 2053 4862 juste
2084 4789 2305 4855 amisit,
2329 4805 2395 4845 ac
2426 4790 2817 4845 sacerdotium
2839 4796 2896 4845 et
2926 4790 3153 4863 integra
3180 4788 3428 4861 accipiat
3458 4788 3550 4844 be-

1899 4877 2125 4934 neﬁcia.
2143 4877 2684 4951 Purgationem(25)
2710 4882 2906 4934 tamen
2929 4884 3063 4935 ante
3087 4884 3164 4950 te,
3183 4879 3414 4933 duobus
3439 4877 3546 4933 tibi

1898 4967 2305 5025 sacerdotibus
2323 4967 2563 5038 junctis,
2586 4966 2686 5021 ubi
2710 4973 3015 5023 accusator
3036 4966 3366 5033 cessaverit,
3388 4982 3548 5022 eum-

1897 5058 2032 5115 dem
2054 5075 2124 5115 ex
2151 5075 2214 5113 se
2243 5057 2500 5129 praebere
2528 5061 2630 5111 tuo
2660 5057 3088 5112 committimus
3119 5056 3380 5111 arbitrio.
3402 5055 3545 5109 Vul-

1898 5163 2098 5219 garem
2130 5146 2384 5217 denique
2426 5145 2639 5218 legem,
2671 5164 2705 5202 a
2734 5145 2894 5202 nulla
2923 5146 3203 5202 canonica
3244 5143 3545 5201 sanctione

1899 5236 2133 5302 fultam,
2150 5234 2424 5291 ferventis
2445 5235 2669 5292 scilicet
2689 5236 2809 5292 sive
2831 5234 3053 5308 frigidis
3074 5251 3236 5307 aqua
3258 5232 3547 5307 ignitique

1898 5325 2035 5382 ferri
2070 5329 2428 5395 contactum,
2458 5329 2561 5380 aut
2590 5322 2903 5396 cujuslibet
2932 5322 3231 5395 popularis
3258 5322 3548 5379 inventio-

1897 5414 1990 5470 nis
2013 5413 2176 5486 (quia
2206 5412 2526 5468 fabricante
2561 5414 2682 5469 haec
2703 5418 2842 5468 sunt
2869 5412 3109 5467 omnino
3130 5412 3279 5467 facta
3307 5412 3544 5479 invidia)

1896 5518 2001 5558 nec
2031 5502 2227 5573 ipsum
2261 5499 2555 5567 exhibere,
2588 5517 2695 5556 nec
2742 5499 2937 5573 aliquo
2984 5501 3157 5557 modo
3186 5506 3244 5555 te
3271 5499 3541 5557 volumus

1894 5628 2058 5693 dem;
2088 5626 2187 5681 sed
2221 5640 2546 5695 perperam,
2580 5642 2711 5681 cum
2755 5642 2954 5681 revera
3003 5625 3079 5681 sit
3129 5624 3436 5682 Alexandri
3468 5628 3534 5691 II,

1894 5715 1998 5754 nec
2030 5698 2089 5753 in
2121 5696 2655 5771 edita_epistol_a_S._
2676 5697 2935 5771 Gregorii
2970 5696 3218 5771 legatur,
3244 5703 3309 5753 ut
3336 5700 3538 5753 notant

1893 5774 2244 5832 correctores
2275 5768 2524 5829 Romani
2552 5769 2612 5827 in
2641 5768 2814 5827 idem'
2829 5773 3004 5844 caput
3031 5768 3303 5829 Mennam.
