4036 6184
133 285 292 346 1409
750 307 772 327 κ
1305 279 1712 341 ΕΡΙΞΤΟΜΕ
1755 278 1830 339 E'l

1941 280 2351 345 IIPLOMATA
2365 329 2379 344 .
3383 284 3538 347 1410

132 434 282 486 mas,
329 415 531 486 sicque
579 413 783 485 religio
813 417 918 469 tua
946 430 980 469 a
1010 412 1282 485 praedicto
1313 412 1666 468 monasterio
1696 411 1780 466 in-
1808 412 1860 478 Α
1894 414 2380 483 [quaejadversum
2406 419 2462 470 te
2491 419 2548 471 et
2578 416 2998 472 monasterium
3025 420 3192 470 tuum
3216 416 3406 470 verbis
3438 421 3541 471 aut

129 503 496 578 quietudinis
528 519 770 558 manum
803 503 1152 570 rctrahat,ut
1179 503 1331 557 beati
1365 502 1517 556 Petri
1549 506 1784 573 aposto-
1894 503 2061 557 factis
2078 505 2956 577 commisissedicitur,graviter
2972 506 3041 560 ab
3065 522 3129 559 eo
3151 505 3540 576 exigeremus,

131 597 324 651 lorum
359 592 660 666 principis,
694 593 864 662 cujus
895 592 1085 647 tutela:
1117 591 1240 663 ipse
1271 594 1435 646 locus
1466 608 1568 663 per
1589 591 1787 646 omnia
1897 597 1954 645 et
2001 591 2059 646 in
2109 592 2203 648 his
2247 595 2522 648 omnibus
2571 598 2967 663 contemptum
2999 592 3329 664 apostolicae
3363 594 3544 661 sedis,

133 685 434 752 subditus,
465 682 715 753 gratiam
747 697 978 752 semper
1007 681 1310 750 habeas,et
1341 679 1670 751 apostolicae
1703 695 1788 733 se-
1897 679 2052 735 sicut
2083 700 2313 753 aequum
2350 683 2557 748 fuerat,
2587 681 2985 754 principaliter
3015 682 3122 735 sibi
3159 688 3541 752 opponentes,

136 775 230 829 dis
262 771 635 827 dilectionem
668 771 940 840 retineas,
991 775 1047 824 et
1092 768 1341 825 ulterius
1395 766 1788 839 conquerendi
1898 769 1957 823 in
1990 772 2384 841 nosmetipsos
2407 772 2579 825 etiam
2608 771 2940 842 specialiter
2963 775 3018 823 et
3039 770 3276 842 gravius
3300 787 3430 825 eum
3453 771 3546 826 de-

141 861 549 918 necessitatem
582 859 956 931 congregatio
985 859 1112 930 ipsa
1135 875 1248 914 non
1271 857 1787 928 habeat,alioquin,
1899 858 2566 931 liquisseprobaremus;
2599 859 2732 914 licet
2754 863 2884 914 ante
2917 859 3273 930 quibusdam
3297 858 3548 914 occasio-

139 953 278 1008 licct
311 950 522 1005 invitos
553 965 659 1004 nos
682 949 754 1004 ad
779 947 1176 1004 ulciscendam
1209 948 1485 1018 injuriam
1519 952 1792 1002 Romanaa
1903 945 2076 1002 nibus
2107 965 2342 1004 causam
2378 947 2669 1004 declinare
2692 948 2997 1002 etdiﬁ‘erre
3027 953 3332 1018 qurereret,
3352 955 3550 1004 nostra

141 1039 411 1095 Ecclesiae
435 1037 798 1110 provocabis.
1902 1039 2095 1091 tamen
2120 1037 2444 1093 constantia
2476 1037 2678 1101 flexus,
2711 1035 2820 1090 hoc
2852 1037 3023 1090 modo
3058 1037 3344 1107 processit
3387 1056 3400 1092 :
3441 1038 3554 1108 pri-

1906 1141 2002 1179 mo
2025 1126 2289 1180 omnium
2314 1127 2383 1180 de
2406 1125 2576 1180 verbo
2599 1124 3048 1193 contumelim,et
3072 1128 3181 1178 tuae
3207 1125 3550 1181 Simoniacae

1907 1213 2293 1269 ordinationis
2325 1214 2816 1286 opprobrio,quod
2851 1230 2956 1266 nos
2989 1213 3224 1284 quidem
3244 1214 3554 1269 vehemen-

143 1216 458 1273 Alexandri
488 1216 536 1271 II
575 1216 798 1286 epistola
846 1125 1272 1284 afﬂigi/riuum
1321 1215 1799 1284 archiepiscopum

219 1285 633 1359 Moguntinuni.
668 1318 736 1326 —
764 1287 931 1340 Illum
961 1286 1317 1354 reprehendit
1346 1285 1507 1357 quod,
1541 1286 1798 1356 neglectis

220 1358 698 1416 adhortationibus
724 1359 862 1425 suis,
894 1361 1226 1413 monasterio
1256 1359 1514 1414 Fulde-nsi
1560 1359 1800 1428 injurias

222 1435 432 1502 inferre
459 1431 789 1500 perrexerit.

724 1519 916 1590 (Anno
950 1519 1232 1589 1061-73.)

483 1610 824 1681 [SCHANNAT,
854 1609 1084 1664 Diaeces.
1113 1607 1294 1675 Fuld.,
1320 1608 1472 1680 253.]

227 1699 291 1756 Si
320 1697 702 1754 fraternitatis
725 1703 838 1752 tua:
871 1714 1068 1769 preces
1091 1702 1146 1753 et
1166 1703 1300 1753 vota
1330 1714 1432 1769 pro
1464 1696 1683 1752 honore
1705 1700 1804 1751 tuo

159 1806 278 1844 non
311 1787 502 1843 solum
534 1801 615 1857 re,
649 1787 943 1858 sed,quod
976 1785 1392 1841 difﬁcillimum
1423 1789 1806 1857 est,tempore
1836 1785 1882 1849 B

161 1877 339 1934 etiam
370 1876 540 1947 longe
571 1874 998 1947 prmcessimus,
1031 1892 1263 1947 aequum
1317 1875 1506 1929 fuerat
1546 1878 1608 1928 ut
1638 1878 1694 1928 et
1723 1875 1807 1943 tu,

159 1971 289 2022 tum
323 1983 390 2021 ex
419 1965 612 2020 debito
643 1963 1178 2034 subjectionis,tum
1200 1963 1464 2036 exemplo
1487 1962 1808 2027 charitatis,

163 2054 665 2111 admonitionibus
699 2053 917 2108 nostris
961 2053 1216 2108 debitam
1267 2052 1648 2108 reverentiam
1697 2067 1809 2106 non

163 2141 759 2215 negares.Meministi
781 2141 936 2196 enim
963 2143 1115 2212 quod
1141 2144 1267 2212 jam
1299 2141 1553 2197 secundo
1578 2141 1682 2194 tibi
1709 2157 1813 2211 pro

164 2231 443 2288 Fuldensi
476 2231 826 2286 monasterio
859 2229 1225 2301 scripsimus,
1251 2230 1631 2284 admonentes
1664 2233 1728 2282 ut
1760 2232 1814 2282 te

163 2329 419 2392 tuosque
449 2321 519 2376 ab
553 2320 680 2390 ejus
712 2319 928 2390 injuria
958 2319 1278 2386 cohiberes,
1300 2324 1356 2374 et
1386 2317 1496 2374 nisi
1517 2316 1817 2390 privilegia

167 2409 501 2483 apostolicae
533 2407 688 2464 sedis
717 2407 933 2463 violare
964 2408 1374 2478 desisteres,de
1407 2406 1662 2479 periculo
1693 2406 1808 2460 vin~

169 2500 340 2555 dicta:
370 2515 486 2554 non
519 2497 849 2565 dubitares;
887 2497 987 2552 sed
1021 2498 1299 2568 quoniam
1332 2495 1584 2568 acceptis
1607 2493 1818 2549 litteris

169 2589 414 2657 nostris,
449 2592 514 2642 ut
544 2586 917 2656 querimonia:
951 2585 1180 2641 abbatis
1209 2586 1377 2640 nobis
1411 2585 1690 2652 indicant,
1724 2582 1818 2635 in-

162 2679 359 2750 jurias
371 2675 815 2748 exaggerasti,et
831 2675 1000 2730 tertio
1024 2692 1128 2729 nos
1150 2691 1249 2745 per
1271 2678 1667 2743 contemptum
1688 2687 1821 2742 apo-

173 2768 394 2824 stolicae
422 2766 784 2822 auctoritatis
814 2766 884 2820 ad
908 2765 1182 2820 mandata
1204 2762 1819 2834 compulisti,nonjam

175 2857 338 2913 aliud
362 2856 469 2910 tibi
493 2855 845 2910 mandamus
868 2859 968 2909 aut
989 2853 1305 2908 scribimus
1327 2869 1503 2924 quam
1526 2851 1678 2922 quod
1706 2849 1824 2920 epi-

178 2963 355 3018 scopo
386 2943 792 3016 Herbipolensi
817 2943 874 2997 in
898 2943 1207 3015 praesentia
1239 2941 1562 3014 legatorum
1597 2937 1824 2994 abbatis

179 3037 252 3091 de
304 3033 483 3090 simili
517 3049 714 3098 causa,
745 3032 871 3088 viva
900 3049 1035 3087 voce
1067 3031 1478 3087 constituimus
1514 3047 1526 3084 :
1561 3027 1828 3083 videlicet

177 3123 582 3198 praecipientes
609 3122 713 3177 tibi
749 3139 850 3194 per
879 3121 1271 3177 obedientiam
1295 3137 1470 3191 quam
1505 3122 1704 3174 sancto
1722 3120 1824 3170 Pe-

177 3221 272 3269 tro
305 3214 478 3269 debes
511 3215 568 3267 et
596 3211 857 3281 nobis,ut
888 3211 1014 3266 sine
1045 3210 1200 3266 omni
1229 3227 1392 3265 mora
1421 3205 1828 3264 contradictio-

177 3301 663 3370 nis,monasterio
693 3299 889 3355 omnia
920 3317 1046 3371 quae
1079 3317 1182 3371 per
1211 3303 1266 3354 te
1295 3303 1432 3354 sunt
1461 3297 1670 3352 abbate
1711 3311 1829 3350 res-

179 3394 392 3458 tituas,
422 3390 699 3446 ecclesias
731 3389 803 3444 ab
835 3389 1026 3444 ofﬁcio
1075 3404 1395 3460 suspensas
1444 3385 1734 3450 absolvas,
1779 3386 1836 3438 et

187 3497 555 3555 quaecunque
588 3477 1011 3534 monasterium
1043 3477 1251 3542 tenuit,
1297 3474 1531 3546 quando
1580 3477 1642 3527 tu
1681 3471 1834 3543 epis-

189 3587 378 3641 copus
400 3570 586 3624 factus
605 3567 969 3638 es,deinceps
992 3583 1124 3621 cum
1147 3564 1306 3620 omni
1330 3580 1468 3635 pace
1490 3568 1683 3618 tenere
1704 3577 1837 3632 per-

189 3660 420 3724 mittas,
441 3658 644 3722 donec,
669 3656 717 3711 si
736 3654 964 3727 legatus
987 3658 1185 3709 noster
1204 3653 1368 3725 prius
1391 3652 1543 3723 apud
1567 3667 1668 3706 vos
1690 3649 1841 3704 hanc

187 3748 366 3804 litem
398 3763 512 3801 non
543 3744 820 3800 deciderit
851 3743 906 3797 in
930 3749 1208 3798 eventura
1237 3741 1588 3813 synodo,aut
1612 3756 1714 3811 per
1741 3754 1843 3792 vos

197 3843 307 3893 aut
339 3853 440 3908 per
471 3836 708 3890 idoneos
741 3831 977 3886 nuntios
1007 3835 1232 3886 vestros
1264 3831 1335 3884 ad
1360 3828 1650 3900 judicium
1675 3831 1731 3882 et
1751 3827 1845 3880 de-

199 3923 676 3982 terminationem
708 3921 888 3991 hujus
918 3919 998 3974 rei
1030 3919 1087 3974 in
1136 3923 1336 3973 nostra
1369 3916 1676 3988 praesentia
1705 3931 1845 3970 con-

191 4013 453 4070 veniatis
487 4029 498 4066 :
534 4011 816 4082 alioquin,
868 4009 1021 4080 quod
1073 4025 1187 4063 non
1239 4013 1532 4080 optamus,
1566 4005 1637 4061 ab
1670 4001 1847 4059 ofﬁcii

193 4102 288 4158 tui
322 4101 550 4157 cautela
576 4099 746 4172 longe
795 4103 851 4153 te
899 4098 1230 4169 digressum
1262 4113 1389 4152 esse
1417 4094 1696 4153 canonica
1727 4092 1846 4149 dis-

193 4191 399 4246 trictio
430 4187 842 4245 commonebit.

928 4279 1122 4332 CXXI.

196 4367 510 4424 Alexandri
538 4371 593 4422 11
617 4365 896 4438 pontiﬁcis
923 4366 1120 4419 litterae
1164 4363 1356 4432 quibus
1407 4361 1690 4416 Widerado
1721 4361 1847 4438 Ful-

275 4441 437 4494 densi
463 4433 654 4493 abbafi
682 4433 811 4510 fuse
837 4438 1062 4510 caponil
1105 4450 1230 4505 qua?
1265 4442 1322 4510 et
1370 4441 1577 4504 quanta
1605 4449 1707 4504 pro
1736 4433 1847 4486 tui-

278 4514 427 4566 tione
446 4507 814 4581 jurium'eius
845 4508 1098 4563 Ecclesiae
1126 4507 1312 4577 egerit.

788 4598 973 4669 (Anno
1007 4595 1281 4664 1061.73.)

451 4688 792 4758 [SCHANNAT,
825 4686 1045 4740 Diceccs.
1079 4683 1264 4750 Fuld.,
1303 4698 1430 4754 pag.
1460 4682 1611 4751 253.]

277 4778 622 4831 ALEXANDER
649 4775 982 4846 episcOpus,
1018 4789 1220 4828 servus
1269 4787 1567 4826 servorum
1611 4769 1730 4839 Dei,
1764 4769 1852 4823 di-

195 4865 532 4922 lectissimo
562 4865 622 4918 in
653 4864 881 4920 Christo
913 4862 1031 4917 ﬁlio
1069 4861 1336 4917 Fuldensi
1365 4859 1580 4930 abbati,
1601 4857 1851 4914 salutem

196 4960 264 5012 et
295 4953 678 5026 apostolicam
709 4951 1192 5008 benedictionem.

282 5044 344 5099 Si
379 5048 433 5098 te
465 5060 533 5098 ex
562 5043 734 5098 corde
764 5041 1087 5113 diligimus,
1121 5041 1170 5094 si
1202 5045 1257 5095 te
1289 5038 1644 5111 singularem
1671 5035 1853 5092 sancti

200 5132 367 5189 Petri
400 5131 586 5186 ﬁlium
618 5132 778 5186 omni
810 5130 1112 5202 diligentia
1140 5129 1329 5183 fovere
1359 5144 1656 5195 curamus,
1691 5130 1746 5180 et
1775 5125 1854 5180 le-

203 5223 334 5295 gati
368 5221 452 5276 tui
486 5222 696 5276 referre
728 5225 1021 5292 poterunt,
1049 5223 1104 5272 et
1134 5217 1364 5289 negotia
1389 5221 1490 5271 tua
1519 5233 1585 5271 ex
1616 5215 1743 5286 ipsa
1767 5213 1856 5268 sui

203 5311 669 5383 pertractatione
701 5308 1088 5374 nuntiabunt;
1121 5322 1320 5361 verum
1354 5305 1476 5359 hinc
1507 5302 1757 5374 qualiter
1799 5301 1858 5356 in

207 5399 528 5472 praesentia
555 5399 877 5470 legatorum
912 5396 1066 5468 apud
1117 5412 1222 5450 nos
1271 5397 1579 5465 procurata
1610 5395 1767 5457 sunt,
1799 5390 1858 5445 in

207 5488 476 5546 subditis
505 5503 857 5561 cognoscere
886 5491 1070 5558 potes.

286 5581 611 5637 Convocato
651 5575 922 5652 episcopo
971 5569 1397 5648 Herbipolensi,
1442 5587 1578 5629 cum
1631 5567 1866 5644 singula

1907 1308 1996 1358 ter
2025 1302 2249 1374 affligit,
2268 1303 2606 1372 juramento
2631 1317 2692 1355 se
2724 1302 3096 1373 purgandum
3122 1301 3557 1374 obtulit;itaque

1911 1396 2143 1462 accepto
2173 1391 2339 1462 libro,
2365 1395 2538 1462 atque
2569 1391 2626 1444 in
2660 1390 2814 1444 hunc
2846 1391 3086 1444 modum
3124 1390 3335 1445 dictato
3369 1407 3556 1446 sacra-

1912 1481 2292 1551 mento,quod
2308 1496 2608 1550 nunquam
2629 1496 2688 1534 se
2704 1479 3142 1534 scientedixerit
3163 1485 3216 1534 te
3236 1479 3560 1536 Simoniace

1913 1570 2408 1624 consecrationem
2442 1586 2474 1624 a
2505 1567 2673 1623 nobis
2703 1567 3144 1638 accepisse,aut,
3178 1569 3304 1623 ideo
3326 1569 3464 1640 quia
3487 1569 3559 1623 ad

1915 1675 2022 1714 nos
2053 1675 2155 1729 pro
2171 1657 2606 1713 consecratione
2632 1661 2964 1723 veneras,te
2985 1658 3559 1712 excommunicatum

1915 1762 2065 1816 esse,
2084 1746 2270 1816 gratia
2289 1745 2604 1800 Dominicis
2628 1745 3154 1810 resurrectionis,et
3177 1747 3361 1802 sancti
3385 1747 3558 1816 Petri,

1919 1834 2414 1906 complementum
2443 1834 2926 1905 perdonavimus;
2952 1834 3161 1888 deinde
3186 1851 3317 1889 vero
3340 1836 3409 1890 de
3432 1853 3565 1891 con-

1918 1928 2145 1994 temptu
2176 1923 2502 1977 litterarum
2545 1927 2878 1976 nostrarum
2931 1939 2993 1977 sc
3042 1922 3347 1978 confessus
3397 1941 3563 1980 reum

1921 2010 2338 2075 humiliavit,et
2369 2010 2743 2082 culpabilem,
2777 2015 2832 2065 et
2862 2011 3212 2081 pcenitentize
3237 2013 3415 2067 subiit
3444 2030 3568 2068 cor-

1922 2101 2564 2156 rectionem.Postrcmo
2597 2101 2668 2154 de
2699 2099 3076 2170 usurpatione
3099 2101 3254 2170 juris
3297 2107 3353 2156 et
3386 2103 3564 2158 bono-

1924 2207 2043 2245 rem
2073 2190 2151 2244 tui
2183 2189 2521 2244 monasterii
2542 2205 2608 2243 ex
2627 2189 3109 2259 nostrajussione
3128 2189 3207 2244 ita
3230 2193 3564 2262 spopondit,

1925 2278 2254 2350 specialiter
2285 2278 2519 2348 quidem
2552 2277 2621 2331 de
2655 2276 2898 2331 ecclesia
2928 2276 3029 2331 illa
3059 2282 3113 2332 et
3143 2279 3567 2350 capellis,unde

1925 2368 2200 2422 advocato
2228 2383 2333 2421 suo
2367 2365 2857 2438 procurationem,
2890 2352 3055 2435 quasi
3109 2383 3210 2436 pro
3250 2368 3566 2427 obtinendo

1919 2457 2053 2527 jure
2083 2472 2210 2523 suo,
2244 2455 2389 2509 citra
2418 2459 2683 2509 nostrum
2731 2454 3050 2508 tradiderat
3081 2454 3479 2524 interdictum,
3513 2464 3570 2515 et

1927 2550 2206 2616 praeterea
2235 2545 2304 2598 de
2333 2543 2607 2598 omnibus
2640 2559 2766 2613 quae
2800 2543 3246 2611 monasterium,
3279 2561 3411 2600 cum
3445 2547 3569 2619 ipse

1928 2635 2236 2704 episcopus
2268 2633 2453 2687 factus
2486 2632 2885 2700 est,tenuit,ut
2915 2632 3168 2703 amplius
3203 2651 3263 2688 se
3293 2635 3428 2690 inde
3456 2655 3571 2693 non

1928 2722 2302 2785 intromittat,
2335 2737 2523 2791 neque
2554 2737 2654 2791 per
2674 2735 2736 2775 se
2767 2725 2868 2774 aut
2899 2736 3000 2791 per
3029 2738 3168 2776 suos
3201 2723 3434 2794 aliquod
3461 2726 3570 2780 im-

1932 2811 2332 2882 pedimentum
2366 2808 2717 2864 monasterio
2767 2809 2838 2863 ad
2881 2809 3000 2863 haec
3031 2809 3348 2866 obtinenda
3380 2814 3572 2883 faciat,

1933 2901 2136 2969 donec,
2167 2899 2213 2953 si
2249 2898 2476 2970 legatus
2509 2902 2706 2952 noster
2734 2897 2898 2968 prius
2929 2899 3083 2969 apud
3114 2915 3214 2954 vos
3252 2899 3403 2956 hanc
3437 2902 3573 2958 item

1934 3005 2049 3043 non
2079 2987 2356 3042 deciderit
2385 2986 2443 3040 in
2475 2991 2718 3042 ventura
2746 2987 3105 3056 synodo,aut
3140 3004 3242 3059 per
3271 3007 3334 3045 se
3357 2997 3457 3045 aut
3479 3008 3582 3063 per

1936 3078 2174 3132 idoneos
2207 3076 2443 3130 nuntios
2463 3092 2600 3130 suos
2621 3077 2691 3130 ad
2714 3075 3008 3146 judicium
3031 3081 3089 3132 et
3109 3078 3580 3136 terminationem

1861 3149 1903 3215 C
1942 3164 2120 3235 hujus
2151 3165 2231 3218 rei
2262 3163 2321 3217 in
2354 3168 2612 3219 nostram
2646 3163 3014 3234 praesentiam
3047 3165 3259 3229 veniat,
3298 3168 3354 3221 in
3388 3185 3500 3238 quo
3533 3169 3585 3225 si

1941 3255 2134 3308 denuo
2167 3256 2428 3306 mutatus
2459 3252 2650 3321 fuerit,
2704 3253 2857 3322 quod
2909 3269 3022 3306 non
3065 3258 3357 3324 Optamus,
3409 3257 3584 3313 ofﬁcii

1943 3343 2034 3399 sui
2067 3340 2326 3414 periculo
2357 3339 2701 3411 subjacebit.

2638 3444 2898 3502 CXXXII.

2077 3537 2209 3604 Quot
2238 3536 2431 3590 missas
2461 3537 2518 3589 in
2548 3534 2634 3590 die
2661 3535 2930 3590 sacerdoti
2959 3535 3238 3592 celebrare
3267 3538 3452 3594 liceat.

2342 3625 2595 3694 (Fragm.
2629 3655 2696 3664 -—
2727 3628 2896 3678 Anno
2930 3625 3202 3692 1061-73.)

2384 3713 2607 3781 [MANSI,
2634 3713 2836 3766 Concil.
2870 3713 3010 3780 XIX,
3042 3714 3168 3784 979]

2023 3802 2245 3857 Sufﬁcit
2275 3800 2558 3855 sacerdoti
2592 3800 2834 3855 missam
2869 3818 3045 3855 unam
3081 3802 3136 3856 in
3162 3801 3254 3856 die
3277 3803 3592 3878 celebrare,

1957 3891 2094 3964 quia
2123 3889 2391 3946 Christus
2424 3888 2602 3944 semel
2635 3906 2846 3960 passus
2878 3894 2966 3944 est
3003 3895 3059 3944 et
3089 3894 3274 3945 totum
3310 3895 3596 3950 mundum

1957 3979 2222 4036 redemit.
2260 3982 2382 4032 Non
2415 3978 2642 4032 modica
2669 3991 2760 4032 res
2791 3983 2880 4032 est
2911 3995 3089 4032 unam
3123 3979 3362 4036 missam
3387 3982 3597 4051 facere,

1957 4073 2013 4125 et
2041 4068 2206 4123 valde
2239 4067 2373 4123 felix
2403 4071 2490 4122 est
2519 4067 2620 4137 qui
2650 4084 2827 4121 unam
2861 4067 3035 4138 digne
3065 4067 3355 4124 celebrare
3389 4075 3598 4141 potest.

1959 4159 2207 4224 Quidam
2238 4161 2434 4212 tamen
2457 4172 2560 4226 pro
2583 4155 2874 4210 defunctis
2907 4173 3085 4210 unam
3119 4157 3341 4213 faciunt
3377 4163 3434 4214 et
3463 4159 3600 4216 alte-

1957 4264 2081 4304 ram
2114 4247 2185 4300 de
2217 4246 2327 4315 die,
2362 4244 2412 4300 si
2443 4261 2677 4300 necesse
2709 4244 2802 4301 sit.
2836 4245 2980 4300 Nam
3005 4245 3341 4318 quicunque
3374 4265 3476 4321 pro
3507 4265 3602 4320 pe-

1920 4385 1924 4389 .
1957 4335 2148 4391 cuniis
2179 4338 2277 4388 aut
2308 4332 2742 4389 adulationibus
2777 4335 3147 4390 saecularium
3195 4353 3311 4390 una
3341 4337 3433 4392 die
3462 4354 3604 4408 prae-

1958 4427 2203 4479 sumunt
2236 4421 2432 4493 plures
2463 4423 2648 4477 facere
2681 4423 2916 4489 missas,
2953 4441 3068 4478 non
3099 4423 3370 4479 existimo
3401 4427 3604 4480 evade-

1821 4549 1826 4552 -
1882 4513 1928 4576 D
1958 4530 2019 4568 re
2051 4509 2620 4566 condemnationem.

2635 4597 2924 4653 CXXXIII.

1994 4692 2352 4745 Consecratur
2375 4687 2470 4758 qui
2494 4687 2693 4740 electus
2721 4689 2798 4740 est
2827 4687 2894 4740 ab
2926 4689 3180 4752 Ecclesia,
3213 4693 3264 4742 el
3294 4693 3370 4743 est
3397 4690 3570 4744 altera

2323 4757 2561 4828 dignior,
2591 4758 2715 4812 licet
2744 4759 2895 4827 ﬁlius
2923 4758 3238 4814 sacerdotis.

2353 4863 2608 4934 (Fragm.
2637 4893 2703 4902 —
2739 4868 2903 4916 Anno
2938 4864 3217 4935 1061-73.)

2371 4951 2604 5021 [MANSI,
2639 4949 2842 5005 Concil.
2877 4952 3026 5017 XIX,
3059 4954 3209 5025 980.]

2034 5039 2372 5113 Apostolica
2420 5039 2764 5094 auctoritate
2815 5041 3188 5112 praecipimus
3237 5043 3402 5098 vobis
3445 5045 3528 5109 ut,
3562 5041 3610 5096 si

1967 5148 2100 5186 eum
2130 5131 2225 5199 qui
2259 5130 2331 5183 ab
2363 5127 2620 5182 Ecclesia
2650 5128 2868 5184 electus
2916 5135 3003 5184 est
3053 5131 3233 5186 altero
3284 5131 3612 5204 digniorem

1968 5235 2097 5274 esse
2153 5217 2612 5288 canonicamque
2661 5220 2788 5286 ejus
2835 5217 3179 5274 electionem
3212 5220 3615 5290 probaveritis,

1970 5307 2096 5362 fulti
2148 5310 2347 5361 nostra
2397 5306 2740 5360 auctoritate
2788 5309 3162 5364 consecretis.
3205 5310 3348 5364 Nam
3399 5327 3504 5382 pro
3550 5326 3616 5366 eo

1971 5395 2124 5466 quod
2160 5394 2316 5448 ﬁlius
2347 5394 2667 5449 sacerdotis
2697 5394 2932 5460 dicitur,
2964 5396 3014 5450 si
3045 5402 3260 5452 eceterae
3292 5398 3618 5455 virtutesin

1969 5501 2105 5540 eum
2139 5483 2508 5552 conveniant,
2541 5499 2657 5538 non
2689 5484 3128 5554 rejicimus,sed
3158 5487 3620 5563 suifragantibus

1974 5572 2202 5632 meritis
2231 5572 2618 5644 connivendo,
2651 5588 2786 5630 eum
2816 5572 3156 5652 recipimus.
