4036 6184
220 249 376 309 1413

213 467 526 525 Alexandri
567 457 624 525 ῚΙ
651 382 1382 557 ερίδιοιαρξέξῖίέξξιηίατη
1429 477 1866 535 Suessionensem

875 561 1203 615 episcopum.

608 649 863 722 (Fragm.
896 682 963 693 -—
991 655 1156 709 Anno
1192 655 1475 728 1064-73.)

630 755 858 826 [MANSI,-
895 757 1104 816 Concil.
1138 760 1277 816 XIX.
1308 762 1460 833 989.]

287 877 450 940 Quod
480 895 592 932 xxx
640 896 931 936 annorum
982 882 1416 954 longitudinem
1473 885 1773 941 homicidii
1805 885 1865 941 in

216 971 373 1021 terra
389 966 489 1021 Dei
511 967 648 1022 facti
673 970 1069 1040 paenitentiam
1084 973 1866 1041 extendistis,constitutioni

218 1053 357 1108 huic
387 1055 792 1111 auctoritatem
830 1075 944 1112 non
977 1060 1211 1127 damus,
1247 1061 1387 1132 quia
1434 1063 1490 1116 in
1541 1063 1724 1118 sacris
1756 1063 1865 1118 hoc

216 1143 542 1199 canonibus
585 1161 694 1199 non
731 1147 1083 1204 invenimus.
1106 1150 1346 1220 Tamen,
1372 1151 1647 1221 quoniam
1680 1169 1712 1207 a
1736 1168 1866 1223 pru-

217 1232 494 1288 dentibus
529 1238 585 1288 et
615 1233 918 1306 religionis
949 1237 1087 1292 viris
1133 1242 1292 1294 treva
1342 1240 1440 1295 Dei
1497 1257 1598 1312 pro
1627 1257 1864 1296 conser-

215 1321 409 1376 vanda
438 1321 498 1376 in
530 1321 744 1394 populo
776 1340 917 1394 pace
967 1329 1055 1380 est
1105 1327 1443 1397 constituta,
1476 1330 1714 1385 omnino
1745 1347 1860 1386 non

215 1408 618 1480 reprobamus.

251 1604 417 1660 Bulla
444 1603 754 1661 Alexandri
782 1611 839 1662 ΙΙ
867 1517 1382 1667 ἓέξαξιῖτὶἓλιιίοηθ
1409 1612 1464 1667 S.
1504 1612 1825 1670 Theobaldi.
1862 1589 1870 1596 ’

786 1713 973 1784 (Anno
1007 1715 1297 1786 1066—73.)

447 1817 709 1886 [MABILL.
741 1819 873 1874 Acta
905 1819 998 1875 SS.
1031 1822 1229 1877 Bened.
1264 1822 1357 1888 VI,
1390 1840 1451 1891 ιι,
1487 1824 1632 1894 182.]

288 1925 632 1979 ALEXANDER
660 1924 989 1997 episcopus,
1024 1943 1556 1984 servusservorum
1587 1929 1711 1999 Dei,
1745 1944 1866 1984 om-

217 2011 397 2067 nibus
426 2013 601 2067 ﬁdem
632 2013 849 2068 Christi
881 2015 1206 2071 colentibus
1235 2017 1487 2087 gratiam
1529 2023 1586 2072 et
1631 2021 1864 2089 aposto-

214 2101 392 2157 licam
424 2102 911 2158 benedictionem.

289 2191 476 2245 Multa
502 2190 780 2262 praeclara
809 2196 865 2247 et
894 2193 1280 2249 admiratione
1301 2196 1478 2267 digna
1508 2196 1578 2250 de
1608 2196 1863 2266 quodam

219 2279 470 2334 eremita
500 2279 772 2352 religioso
800 2280 944 2346 viro,
967 2281 1298 2337 Theobaldo
1331 2283 1588 2349 nomine,
1621 2283 1865 2338 celebris

213 2368 376 2423 fama
405 2366 665 2438 divulgat
689 2385 702 2434 ;
738 2385 914 2440 quam
948 2375 1149 2425 sancte
1177 2375 1234 2425 et
1263 2371 1531 2443 religiose
1559 2371 1781 2438 vixerit,
1809 2374 1866 2426 et

213 2462 430 2512 exutus
481 2457 757 2512 omnibus
804 2457 1108 2513 Dominica
1157 2465 1444 2531 praecepta
1483 2464 1719 2514 secutus
1765 2460 1862 2526 sit,

214 2560 354 2602 cum
382 2546 441 2600 in
479 2547 924 2618 praesentiarum
958 2547 1180 2602 fuisset.
1218 2548 1525 2604 manifeste
1554 2552 1730 2620 patet.
1761 2547 1863 2602 Mi-

215 2633 558 2689 raculorum
588 2651 721 2690 vero
752 2633 968 2690 indicia
1000 2636 1326 2692 indubitata
1355 2637 1468 2692 fide
1498 2638 1625 2708 ejus
1658 2637 1866 2692 merita

217 2723 655 2788 commendant,
691 2723 897 2778 multis
928 2723 1215 2796 religiosis
1263 2726 1403 2780 viris
1449 2743 1626 2798 super
1656 2725 1748 2780 his
1778 2742 1867 2781 co-

216 2811 386 2883 gnita
418 2816 474 2866 et
502 2828 638 2868 vera
687 2812 1097 2868 referentibus.
1147 2815 1526 2885 Quapropter,
1576 2813 1704 2868 vitae
1737 2815 1865 2884 ejus

219 2900 661 2956 conversatione
689 2901 923 2972 cognita
951 2905 1009 2956 et
1039 2901 1454 2957 miraculorum
1475 2901 1709 2957 indiciis
1741 2918 1866 2974 pro-

217 2988 373 3044 batis
402 3005 503 3060 per
532 3006 645 3044 non
699 2989 952 3044 falllacia
999 2991 1356 3058 testimonia,
1417 2991 1865 3063 suggerentibus

218 3077 393 3133 nobis
424 3079 494 3133 de
525 3093 591 3133 eo
623 3079 924 3133 Mainardo
946 3083 1002 3133 et
1018 3078 1300 3134 Damiano
1330 3079 1620 3150 episcopis
1649 3083 1706 3134 et
1730 3079 1862 3134 Vin-

217 3167 421 3222 centiaa
453 3167 688 3239 populo,
720 3165 887 3222 illum
919 3166 1130 3223 celebri
1165 3168 1448 3223 memoria
1477 3167 1720 3240 dignum
1753 3168 1864 3222 Ro-

218 3272 396 3311 mana
428 3257 683 3312 decrevit
712 3256 986 3311 Ecclesia.
1015 3257 1099 3324 Et,
1126 3258 1266 3328 quia
1289 3257 1487 3329 procul
1519 3258 1697 3313 dubio
1729 3273 1863 3312 cum

217 3344 420 3400 electis
451 3349 766 3400 coronatur
795 3345 852 3400 in
881 3344 1060 3412 cmlis,
1096 3350 1160 3400 ut
1191 3347 1317 3416 ejus
1351 3346 1650 3413 memoria,
1693 3345 1864 3401 sicuti

218 3432 473 3488 aliorum
504 3439 864 3500 sanctorum,
897 3433 1272 3505 prazcipimus
1324 3433 1664 3490 solemniter
1719 3433 1865 3490 cele~

219 3522 427 3577 bretur
456 3522 515 3577 in
547 3523 734 3577 terris.

901 3626 1182 3683 CXXXIX.

220 3715 535 3772 Alexandri
562 3719 623 3770 Il
645 3716 875 3786 epistola
904 3716 982 3771 ad
1044 3717 1383 3772 Wilielmum
1439 3733 1630 3788 regem
1666 3718 1867 3788 Anglo-

421 3804 566 3854 rum,
597 3804 694 3857 pro
725 3789 1008 3842 exactione
1036 3789 1258 3842 denarii
1280 3790 1463 3844 sancti
1490 3789 1661 3845 Petri.

509 3893 968 3964 (Fragmentum.
1002 3924 1071 3934 -—
1097 3897 1262 3949 Anno
1308 3896 1585 3966 1066-73.)

658 4000 886 4070 [MANSI,
921 4001 1083 4056 Cone.
1116 4000 1260 4072 XIX,
1291 4001 1442 4073 949.]

289 4109 635 4162 ALEXANDER
673 4106 982 4160 WILIELMO
1013 4107 1134 4177 regi
1162 4106 1503 4179 Anglorum.

295 4195 468 4250 Novit
499 4193 810 4266 prudentia
840 4199 942 4249 tua
996 4193 1314 4266 Anglorum
1347 4212 1615 4266 regnum,
1641 4211 1707 4250 ex
1757 4213 1870 4268 quo

216 4300 436 4340 nomen
469 4282 684 4339 Christi
714 4282 794 4337 ibi
845 4282 1230 4337 clarificatum
1279 4286 1385 4346 est,
1419 4284 1529 4337 sub
1578 4283 1869 4354 apostolo-

215 4388 355 4426 rum
387 4370 672 4442 Principis
704 4387 882 4425 manu
916 4376 972 4426 et
1004 4370 1185 4425 tutela
1212 4370 1713 4440 exstitisse,donec
1736 4372 1869 4442 qui-

215 4461 380 4526 dam,
412 4461 680 4516 membra
710 4459 849 4515 mali
882 4459 1088 4531 capitis
1119 4460 1326 4530 effecti,
1370 4459 1622 4516 zelantes
1671 4477 1870 4532 super-
1902 4483 1947 4548 D

213 4548 380 4604 biam
413 4549 596 4620 patris
627 4549 721 4604 sui
746 4550 996 4615 Satanae,
1028 4553 1265 4620 pactum
1296 4549 1398 4604 Dei
1448 4550 1786 4620 abjecerunt
1815 4554 1871 4606 et

208 4635 540 4709 Anglorum
572 4636 860 4709 populum
893 4654 926 4692 a
982 4637 1074 4692 via
1129 4636 1388 4692 veritatis
1418 4642 1770 4694 averterunt.
1807 4640 1871 4694 Et

205 4725 384 4796 paulo
417 4730 536 4795 post
568 4743 579 4780 :
613 4725 780 4794 Nam,
819 4729 883 4779 ut
913 4725 1060 4779 bene
1092 4725 1264 4792 nosti,
1315 4726 1497 4782 donec
1520 4725 1690 4799 Angli
1723 4727 1869 4783 tide-

213 4814 304 4870 les
337 4818 526 4879 erant,
561 4813 666 4885 piae
700 4813 1021 4869 devotionis
1055 4818 1316 4886 respectu
1354 4816 1424 4870 ad
1476 4816 1869 4886 cognitionem

215 4902 524 4974 religionis
557 4920 816 4958 annuam
851 4903 1187 4974 pensionem
1247 4903 1573 4975 apostolicae
1616 4905 1738 4960 sedi
1771 4921 1872 4960 ex-

215 4991 526 5057 hibebant,
563 5009 630 5046 ex
660 5009 776 5063 qua
809 5009 941 5063 pars
974 4991 1232 5047 Romano
1284 4994 1563 5064 pontifici,
1615 5011 1748 5065 pars
1779 5011 1872 5049 ec-

217 5079 412 5134 clesiae
445 5081 672 5135 Sanctae
704 5081 920 5149 Mariae,
957 5097 1081 5152 qum
1139 5086 1377 5135 vocatur
1407 5082 1616 5136 Schola
1651 5081 1870 5154 Anglo-

213 5186 378 5235 rum,
415 5168 474 5225 in
506 5186 680 5225 usum
714 5172 959 5224 fratrum
993 5170 1379 5225 deferebatur.

968 5293 1126 5348 CXL.

208 5382 533 5441 Alexandri
562 5385 610 5438 II
667 5383 896 5454 epistola
955 5383 1024 5436 ad
1085 5383 1332 5438 Udonem
1391 5385 1778 5447 Trevirensem,
1823 5387 1874 5439 et

295 5455 693 5510 Theodericum
728 5455 1118 5509 Virdunensem
1149 5455 1438 5525 episcopos.
1472 5484 1540 5494 —-
1576 5455 1638 5511 Ut
1685 5457 1781 5525 qui
1809 5457 1873 5511 in

293 5527 484 5584 morbo
513 5525 842 5585 monachum
870 5541 926 5583 se
949 5526 1210 5603 futurum
1232 5527 1586 5600 promiserat,
1620 5528 1671 5583 et
1709 5527 1873 5586 bene-

1387 254 1792 318 EPISTOL/E
1834 255 1934 317 ET
1979 257 2052 318 DI
2062 258 2453 321 PLOMATA.

1892 392 1948 458 Α
2044 391 2171 460 ﬁcia
2198 391 2562 464 abdicaverat,
2595 396 2650 450 si
2675 395 2868 452 deinde
2893 401 3264 456 conualescens
3311 405 3618 462 monachus

3465 274 3621 335 HM

2045 465 2168 530 ﬁeri
2197 465 2358 533 nolit,
2394 465 2654 536 beneﬁcia
2681 468 2774 522 illi
2799 472 3184 526 restituantur.

2543 556 2730 627 (Anno
2763 559 3050 628 106613.)

2385 643 2614 711 [Mansg
2648 645 2851 701 Concil.
2883 647 3022 715 XIX,
3055 650 3206 719 960.]

2044 732 2390 786 ALEXANDER
2417 732 2724 804 episcopus
2757 753 2957 791 servus
2990 754 3288 794 servorum
3323 741 3439 807 Dei,
3461 742 3612 799 Uno-

1977 834 2033 872 NI
2065 819 2414 886 Trevirensi,
2454 826 2510 874 et
2540 823 2904 879 THEODORICO
2924 825 3277 883 Virdunensi
3301 830 3612 904 episcopis,

1975 905 2226 961 salutem
2261 913 2623 979 perpetuam.

2051 994 2434 1051 Przesentium
2467 997 2614 1052 lator
2645 999 2924 1055 Cosaldus
2956 1005 3254 1075 presbyter
3293 1007 3363 1060 ad
3413 1007 3618 1064 limina

1977 1083 2371 1154 apostolorum
2403 1086 2642 1141 veniens
2671 1091 2965 1158 querelam
2998 1093 3323 1160 apostolicae
3359 1097 3481 1151 sedi
3515 1098 3615 1152 de-

1975 1172 2191 1242 posuit,
2224 1173 2570 1229 beneﬁcium
2603 1183 2658 1230 et
2702 1176 2908 1232 altaria
2956 1196 3081 1249 quae
3129 1198 3230 1250 per
3272 1185 3612 1239 canonicam

1973 1259 2359 1316 Virdunensis
2385 1262 2650 1318 Ecclesiae
2683 1265 2942 1320 obtinere
2988 1267 3230 1339 solebat,
3285 1289 3316 1324 a
3357 1273 3613 1341 quodam

1976 1348 2239 1417 diacono,
2281 1350 2546 1406 Ricberio
2578 1353 2833 1419 nomine,
2885 1355 2997 1410 sibi
3051 1355 3244 1412 ablata
3283 1374 3430 1415 esse.
3465 1360 3618 1415 Dixit

1975 1437 2130 1492 enim
2165 1439 2318 1510 quod
2353 1441 2650 1510 quondam
2681 1442 2738 1496 in
2764 1443 3121 1512 infirmitate,
3151 1446 3370 1502 fervore
3393 1450 3618 1519 passio-

1977 1525 2068 1580 nis
2113 1543 2449 1599 oppressus,
2503 1530 2856 1585 monachum
2908 1549 2969 1586 se
3015 1533 3201 1589 facere
3260 1536 3614 1606 promiserit,

1976 1631 2091 1669 non
2121 1623 2319 1672 tamen
2354 1621 2418 1671 ut
2447 1619 2801 1674 monasterio
2853 1619 2942 1674 vel
2991 1621 3187 1676 abbati
3227 1640 3288 1678 se
3315 1625 3619 1681 tradiderit

1974 1702 2059 1756 vel
2096 1705 2544 1774 promissionem
2595 1707 2913 1778 scripserit,
2948 1710 3048 1763 sed
3095 1712 3404 1767 conﬁtetur
3461 1716 3615 1784 quod

1894 1769 1942 1833 B
1973 1791 2320 1847 beneficium
2353 1794 2411 1848 in
2444 1811 2622 1848 manu
2654 1796 2917 1850 advocati
2947 1797 3198 1854 ecclesiae
3258 1802 3612 1858 refutaverit.

1972 1884 2045 1934 At
2075 1888 2380 1953 postquam
2416 1883 2728 1950 convaluit,
2764 1885 3117 1940 monachum
3147 1889 3247 1957 [se]
3278 1890 3462 1944 facere
3484 1907 3618 1946 mox

1976 1969 2223 2040 negavit.
2275 1970 2429 2024 Dixit
2475 1971 2649 2026 etiam
2683 1973 2861 2042 quod,
2896 1990 3025 2028 cum
3079 1975 3345 2031 infirmus
3370 1978 3614 2047 jaceret,

1975 2057 2285 2127 praedictus
2308 2057 2612 2113 Richerius
2643 2059 2992 2115 beneficium
3026 2078 3200 2116 suum
3234 2064 3304 2118 ab
3344 2066 3616 2136 episcopo

1977 2145 2329 2201 Virdunensi
2358 2147 2658 2217 acquirere
2689 2149 3140 2220 potuisset,quia
3161 2150 3306 2205 dixit
3331 2171 3465 2207 eum
3491 2171 3618 2209 mo-

1975 2233 2227 2288 nachum
2252 2236 2378 2303 jam
2412 2237 2626 2290 factum
2658 2252 2804 2292 esse.
2830 2237 3017 2292 Causa
3049 2239 3313 2295 differtur
3340 2241 3396 2294 in
3428 2241 3618 2297 Trevi-

1976 2339 2205 2378 rensem
2239 2323 2549 2391 synodum,
2584 2324 2643 2376 in
2685 2340 2797 2394 qua
2829 2325 3104 2395 praefatus
3146 2327 3450 2384 Richerius
3490 2329 3613 2384 dia-

1976 2411 2341 2484 conusOmala
2363 2412 2477 2466 ﬁde
2500 2412 2822 2482 acquisisse
2839 2429 2906 2466 ac
2928 2413 3078 2468 male
3112 2415 3362 2471 intrasse
3388 2417 3616 2472 convic-

1977 2504 2069 2554 tus
2102 2504 2209 2554 est.
2244 2502 2604 2570 Quapropter
2633 2500 2771 2570 quia
2803 2502 2953 2555 beati
2985 2503 3616 2572 Benedicti,canonica-

1975 2604 2086 2658 que
2116 2592 2173 2641 et
2229 2588 2518 2658 praecipue
2576 2587 2763 2642 Patris
2821 2593 2876 2642 et
2932 2591 3375 2660 praedecessoris
3434 2594 3617 2649 nostri

1976 2675 2164 2730 sancti
2224 2674 2484 2746 Gregorii
2542 2691 2723 2745 papae,
2786 2677 3124 2734 constitutio
3157 2679 3451 2735 interdicit
3481 2687 3615 2736 ante

1977 2763 2151 2819 unius
2183 2764 2319 2818 anni
2354 2763 2751 2834 probationem
2783 2765 2932 2819 effici
2957 2768 3332 2836 monachum,
3359 2770 3406 2824 si
3432 2770 3511 2824 ita
3526 2775 3616 2826 est

1976 2857 2040 2907 ut
2069 2852 2231 2918 dixit,
2258 2852 2598 2922 judicamus
2627 2857 2685 2910 et
2734 2854 3074 2910 auctoritate
3124 2857 3445 2928 apostolica
3476 2876 3616 2930 prai-

1974 2941 2225 3012 cipimus
2257 2946 2321 2994 ut
2342 2940 2641 3011 diligentia
2660 2946 2852 2996 vestra
2877 2947 3050 3014 atque
3074 2944 3382 3001 clementia
3403 2947 3615 3002 harum

1976 3030 2240 3101 portitor,
2273 3027 2554 3084 Cosaldus
2587 3029 2884 3101 presbyter
2931 3031 3214 3103 videlicet,
3247 3033 3530 3090 beneficia
3559 3038 3617 3090 et

1896 3129 1938 3194 ρ
1976 3116 2182 3172 altaria
2208 3116 2467 3187 recipiat,
2501 3117 2709 3172 habeat
2739 3125 2796 3172 et
2827 3120 3022 3189 quiete
3051 3121 3316 3178 retineat.

2699 3206 2880 3261 CXLI.

1975 3293 2555 3372 EpistoIcLAleasandri
2603 3295 2811 3372 PP._I[
2856 3297 2930 3350 ad
2960 3299 3224 3372 AUdonem
3253 3300 3616 3372 archiepisco-

2039 3382 2174 3437 pum
2205 3366 2588 3419 Trevirense/n.
2623 3397 2689 3406 —
2719 3365 2792 3419 De
2817 3369 3142 3436 paenitentia
3189 3365 3497 3427 sacerdotis
3528 3376 3619 3428 in-

2046 3438 2284 3494 cestuosi
2306 3445 2590 3507 perpetua.

2543 3509 2729 3580 (Anno
2748 3507 3046 3580 71066-73.)

2181 3578 2525 3649 [ΗοΝτΗειΜ.
2558 3579 2692 3633 Hist.
2728 3579 2872 3634 Trev.
2906 3578 3155 3651 diplom.,
3187 3583 3231 3647 Ι,
3263 3583 3411 3655 416.]

2048 3668 2383 3723 ALEXANDER
2411 3665 2740 3737 episcopus,
2772 3682 2975 3723 servus
2997 3685 3295 3726 servorum
3317 3672 3437 3740 Dei,
3472 3673 3619 3730 Uno-

1978 3772 2038 3809 NI
2070 3755 2414 3810 charissimo
2439 3754 2623 3822 fratri,
2645 3755 3010 3810 Trevirorum
3035 3758 3621 3831 archipraesuli,salu-

1979 3848 2096 3898 tem
2128 3849 2184 3897 et
2219 3841 2596 3914 apostolicam
2631 3843 3117 3900 benedictionem.

2051 3931 2284 3986 Litteris
2311 3929 2836 3997 tuis,dilectissime
2859 3933 3620 4008 fratrer,susceptis,quem-

1981 4021 2113 4075 dam
2141 4021 2498 4074 sacerdotem
2525 4020 2730 4074 matris
2751 4024 2807 4075 et
2825 4020 2955 4074 ﬁliae
2994 4022 3404 4080 commistione
3427 4025 3620 4096 pollu-

1979 4113 2103 4163 tum
2124 4108 2457 4174 didicimus,
2482 4108 3088 4179 eumdemque,ofﬁcio
3112 4110 3402 4182 prohibito
3427 4130 3624 4170 susce-

1980 4203 2198 4268 ptoque
2232 4196 2812 4268 pmnitendijudicio,
2856 4197 3173 4254 missarum
3214 4201 3406 4257 officia
3448 4220 3622 4259 usur-

1980 4301 2150 4354 passe
2168 4285 2574 4356 cognovimus;
2597 4286 2733 4340 item
2753 4285 3452 4358 depositum,psa1modiis
3477 4308 3623 4363 quo-

1981 4373 2221 4427 tidianis
2246 4373 2566 4442 addictum,
2591 4373 2866 4429 carnibus
2883 4376 3074 4430 vetitis
3105 4377 3334 4447 jejunio
3360 4395 3624 4435 macera-

1981 4465 2107 4514 tum
2127 4459 2522 4515 intelleximus
2545 4477 2556 4516 ε
2577 4467 2903 4532 propterea,
2930 4464 3083 4533 quod
3107 4469 3214 4519 ate
3242 4471 3408 4520 caute
3440 4469 3624 4536 provi-

1981 4564 2113 4603 sum
2148 4547 2555 4619 sapienterque
2581 4548 2932 4619 dispositum
2971 4554 3080 4615 est,
3106 4567 3174 4606 ex
3203 4556 3323 4607 toto
3355 4569 3624 4609 commu-

1979 4642 2102 4693 tare
2134 4636 2441 4708 indignum
2468 4653 2480 4702 ;
2508 4636 2607 4690 sed
2631 4641 2695 4690 ut
2713 4636 2770 4690 in
2795 4637 2902 4691 hac
2924 4638 3262 4709 pmnitentia
3281 4657 3416 4696 eum
3435 4643 3622 4696 omni-

1983 4725 2092 4780 bus
2121 4725 2328 4780 diebus
2359 4724 2486 4778 vitae
2517 4741 2633 4778 suze
2667 4725 2846 4780 facias
2877 4743 3238 4798 permanere,
3272 4729 3442 4783 nobis
3472 4731 3624 4787 scias

1983 4831 2085 4886 per
2113 4813 2310 4869 omnia
2340 4812 2722 4883 complacere.
2756 4812 3198 4881 Verumtamen,
3231 4816 3368 4886 quia
3397 4833 3499 4889 per
3519 4819 3624 4874 ba-

1983 4903 2178 4958 culum
2213 4902 2492 4974 principis
2525 4901 2922 4972 apostolorum
2956 4904 3127 4973 Petri,
3163 4923 3335 4975 quem
3372 4924 3472 4976 per
3501 4924 3623 4963 ma-

1983 5009 2094 5046 nus
2125 4990 2311 5046 sancti
2364 4990 2634 5044 Eucharii
2689 4991 2961 5062 discipuli
3010 4992 3241 5047 Domini
3291 4995 3622 5065 suscepisti,

1981 5098 2096 5152 prae
2128 5080 2401 5135 omnibus
2424 5079 2618 5134 Gallia:
2650 5084 2705 5134 et
2734 5081 3056 5136 Germaniae
3079 5081 3624 5148 suﬁ‘ultus,vicinio-

1983 5171 2028 5224 ri
2063 5171 2341 5225 nimirum
2368 5169 2638 5223 Romanae
2671 5171 2830 5225 sedis
2855 5171 3138 5226 affinitate
3159 5170 3218 5224 in
3241 5169 3485 5225 Domino
3507 5171 3627 5243 glo-

1983 5259 2172 5326 riaris,
2201 5275 2273 5313 ne
2295 5257 2497 5327 nostri,
2523 5258 2677 5329 quod
2710 5259 2898 5314 absit!
2931 5259 3314 5330 temporibus,
3336 5263 3509 5314 tanta:
3536 5260 3624 5316 di-

1982 5349 2222 5419 gnitatis
2254 5346 2553 5418 privilegio
2576 5345 2946 5418 aliquatenus
2974 5347 3623 5414 destituaris,volumus

1983 5442 2047 5492 ut
2077 5437 2137 5492 in
2169 5436 2346 5507 hujus
2377 5435 2571 5490 clerici
2621 5436 2964 5507 puanitentia
3011 5442 3067 5492 et
3096 5437 3155 5491 in
3196 5436 3472 5494 omnibus
3505 5456 3539 5494 a
3568 5444 3626 5497 te

1981 5525 2191 5588 dandis
2211 5523 2299 5583 vel
2322 5523 2653 5582 adimendis
2679 5525 3034 5600 poenitentiae
3065 5523 3336 5604 vinculis,
3367 5525 3626 5593 liberiori
