4036 6184
484 269 634 330 1415

1772 261 2220 323 ALEXANDRI
2265 263 2316 322 ll
2362 265 2587 325 PAP/E

3652 281 3762 344 1416

484 419 716 474 quoque
756 417 868 472 prm
899 398 1117 453 caeteris
1149 396 1345 453 Galliae
1394 399 1447 449 et
1500 394 1824 450 Germania)
1864 395 1958 465 pia
1990 411 2118 449 mo-
2149 396 2201 460 Α
2233 410 2366 450 mus
2386 398 2559 452 frater
2580 398 3388 464 nosterLaurentius,licenter
3406 409 3762 474 peromniamo-

488 492 783 546 deratione
827 487 1113 559 episcopis
1162 486 1407 557 propriae
1459 483 1824 538 discretionis
1883 483 2119 538 arbitrio

484 577 781 650 fungaris;
810 580 1100 646 quatenus
1132 579 1188 628 et
1220 573 1623 627 afflictioribus
1653 577 1708 626 ct
1738 572 1948 642 spiritu
1980 588 2120 625 con-

483 666 807 722 tritioribus
841 666 1066 718 frenum
1102 662 1422 733 disciplinas
1455 664 1548 732 pia
1598 660 1996 715 moderatione
2030 677 2117 715 re-

482 756 708 809 mittere
740 752 1022 818 suflicias,
1054 751 1322 822 superbis
1352 752 1832 821 verojugumque
1861 748 2121 820 discipli—

481 860 567 898 nae
616 842 849 897 Domini
908 841 1367 895 detrectantibus
1418 840 1619 893 eadem
1653 838 1931 911 ligamina
1955 838 2119 906 justa

480 933 787 987 severitate
819 930 1214 1001 constringere
1246 928 1574 999 praevaleas.

546 1019 705 1075 Vale.

546 1108 693 1163 Data
723 1108 939 1177 Romze,
971 1114 1070 1162 etc.

1196 1221 1403 1275 CXLII.

479 1311 777 1368 Alexandri
806 1313 854 1365 ll
882 1310 1107 1380 epistola
1138 1309 1207 1363 ad
1246 1311 1617 1379 Lanfrancum
1671 1310 2117 1380 Caniuarzj’enscm

549 1379 1033 1453 archiepiscopum.
1064 1412 1130 1419 -—
1160 1380 1617 1434 Przedcccssorum
1644 1396 1876 1453 suorum,
1900 1379 2113 1453 decreta

547 1450 853 1579 conﬁrlnzat,
888 1456 947 1506 ut
978 1453 1261 1507 monachis
1307 1453 1557 1507 ecclesias
1599 1451 1935 1506 cat/icdralcs
1980 1450 2115 1504 obti-

547 1542 674 1579 nere
735 1527 892 1579 z'ceat.

546 1542 674 1581 nere
708 1541 892 1579 ιιοεαι.

1043 1613 1229 1681 (Anno
1263 1612 1544 1676 1071-73.)

901 1701 1133 1770 [ΜΛΝ81,
1157 1700 1361 1755 Concil.
1383 1700 1521 1765 XIX,
1539 1700 1690 1769 969.]

544 1823 887 1873 ALEXANDER
917 1816 1242 1887 episcopusx
1275 1831 1477 1869 servus
1527 1830 1825 1868 servorum
1867 1812 1990 1876 Dei,
2025 1829 2117 1867 rc-

472 1905 895 1962 vercndissimo
929 1904 1088 1958 fratri
1122 1904 1178 1956 in
1199 1903 1426 1957 Christo
1444 1903 1781 1957 LANFRANCO
1812 1901 2117 1956 venerabi-

477 1993 977 2050 liiCantuariensi
1010 1991 1464 2063 archiepiscopo,
1496 1991 1745 2046 salutem
1784 1996 1839 2045 et
1885 1995 2118 2062 aposto-

477 2084 648 2138 licam
682 2080 1163 2136 benedictionem.

548 2171 711 2241 (Edzt.
770 2170 913 2224 inter
968 2170 1124 2237 epist.
1158 2169 1479 2237 Lanfrancz')
1527 2169 1875 2239 Accepimus
1933 2186 1965 2222 a
1997 2167 2119 2239 qui-

475 2260 725 2314 busdam
757 2257 1126 2312 venientibus
1160 2258 1229 2309 de
1260 2256 1524 2327 partibus
1552 2256 1765 2311 vestris
1796 2258 1867 2310 ad
1912 2256 2119 2310 limina

475 2351 809 2401 sanctorum
858 2343 1254 2415 apostolorum
1310 2344 1457 2397 Petri
1507 2348 1563 2397 et
1609 2344 1765 2398 Pauli
1802 2344 1955 2415 quod
1987 2344 2116 2414 qui-

474 2437 607 2489 dam
643 2432 853 2502 clerici,
898 2432 1183 2487 associato
1217 2432 1324 2485 sibi
1359 2437 1597 2486 terrenae
1649 2434 1976 2503 potestatis,
2008 2432 2113 2485 lai-

475 2539 673 2578 corum
704 2520 993 2589 videlicet,
1030 2519 1267 2585 auxilio,
1299 2519 1581 2573 diabolico
1632 2519 1849 2590 Spiritu
1891 2519 2114 2589 repleti,

476 2609 797 2666 moliuntur
829 2611 899 2664 de
930 2608 1175 2664 ecclesia
1217 2608 1413 2662 Sancti
1464 2607 1777 2663 Salvatoris
1826 2609 1885 2662 in
1936 2610 2117 2663 Doro-

474 2700 692 2769 bernia,
729 2716 853 2770 qum
884 2703 974 2752 est
1008 2696 1343 2767 metropolis
1375 2697 1551 2751 totius
1584 2697 2119 2769 Britannim,mona-

474 2790 613 2843 chos
643 2787 925 2859 expellere
958 2792 1014 2842 et
1044 2786 1285 2840 clericos
1320 2786 1457 2839 inibi
1493 2786 1980 2842 constituere.Cui
2017 2804 2115 2841 ne-

474 2877 617 2931 fario
648 2877 808 2947 operi
840 2874 1163 2929 molitionis
1191 2891 1308 2929 suae
1334 2874 1441 2928 hoc
1463 2874 1718 2945 adjigere
1743 2882 2029 2929 conantur
2054 2880 2118 2929 ut

472 2966 532 3020 in
565 2967 724 3020 omni
760 2965 893 3018 sede
926 2962 1245 3034 episcopali
1277 2963 1416 3016 ordo
1463 2962 1881 3017 monachorum
1909 2964 2116 3017 exstir-

472 3059 661 3125 petur,
694 3053 859 3122 quasi
890 3052 949 3105 in
984 3052 1067 3106 eis
1097 3068 1213 3104 non
1246 3051 1434 3121 vigeat
1456 3052 1770 3106 auctoritas
1796 3052 2112 3123 religionis.

2238 486 2557 539 nachorum
2583 487 2925 556 regulariter
2942 486 3255 543 viventium
3294 489 3653 552 habitationem
3686 507 3764 557 sta-

2228 578 2355 629 tuat
2381 592 2393 641 ;
2420 574 2738 644 apostolica
2764 576 3109 631 auctoritate
3131 578 3484 635 decernentes
3505 587 3560 636 ut
3576 584 3659 654 ipsi
3674 604 3762 644 ves-

2230 667 2331 716 traa
2363 662 2568 717 salutis
2589 663 2991 734 praedicatores
3010 666 3273 720 monachi
3297 670 3655 728 monachorum
3671 692 3761 747 gre-

2230 767 2361 821 gem
2394 753 2703 819 associent,
2736 757 2794 807 et
2824 770 3026 808 eorum
3058 754 3232 809 vitam
3280 757 3612 813 sanctitatum
3637 767 3758 818 mori-

2230 840 2341 895 bus
2372 844 2671 895 exornent.
2706 842 2841 905 Quae
2877 848 3075 898 nostra
3101 845 3324 899 decreta
3351 845 3395 900 si
3444 847 3559 917 quis
3597 865 3760 907 succes-

2228 945 2427 983 sorum
2462 937 2818 1001 nostrorum,
2852 949 3053 1005 regum
3086 933 3203 989 sive
3234 934 3617 1007 episcoporum,
3641 938 3762 995 cleri-

2227 1034 2429 1073 corum
2490 1020 2609 1075 sive
2656 1020 2939 1076 laicorum
3000 1022 3163 1077 irrita
3218 1024 3397 1079 facere
3446 1027 3711 1095 tentaverit,
3742 1048 3765 1085 δ

2228 1107 2488 1179 principe
2521 1109 2917 1180 apostolorum
2950 1111 3116 1166 Petro
3147 1115 3203 1165 et
3232 1128 3265 1166 a
3294 1114 3501 1169 cunctis
3544 1131 3764 1173 successo-

2226 1196 2389 1250 ribus
2424 1197 2566 1265 suis,
2611 1197 3002 1254 anathematis
3052 1200 3279 1256 vinculo
3326 1202 3765 1275 subjaceat,quoa-

2226 1284 2473 1355 dasque.
2510 1288 2665 1357 quod
2698 1289 3006 1343 temerario
3037 1306 3183 1343 ausu
3218 1291 3450 1362 peregit,
3478 1291 3575 1347 Deo
3617 1293 3767 1364 placita

2227 1374 2625 1429 satisfactione
2658 1378 2952 1447 poeniteat,
2985 1383 3041 1431 et
3070 1378 3248 1447 hujus
3286 1379 3659 1449 inquietudinis
3679 1399 3766 1437 ves-

2225 1468 2324 1516 trae
2355 1464 2817 1520 emendationem
2851 1466 3173 1536 promittat.
3204 1489 3228 1516 ››
3270 1467 3442 1536 Unde,
3469 1470 3583 1539 quia
3610 1471 3765 1526 ratione

2226 1552 2479 1607 dictante
2530 1553 2709 1624 quieti
2768 1555 3157 1610 Ecclesiarum
3212 1556 3353 1612 utile
3400 1574 3515 1613 esse
3549 1560 3765 1629 perspexi-

2228 1658 2383 1705 mus,
2418 1659 2671 1712 przesens
2702 1643 3001 1698 decretum
3036 1646 3571 1715 praenominatorum
3596 1646 3760 1702 Patrum

2229 1731 2668 1798 conﬁrmamus,
2700 1736 2756 1786 et
2784 1733 2906 1788 vice
2938 1733 3331 1804 apostolorum
3358 1735 3462 1789 sub
3489 1736 3656 1789 eodem
3678 1753 3766 1790 ana-

2228 1806 2487 1874 themate
2530 1836 2627 1875 eos
2685 1821 3144 1893 constringimus
3184 1823 3502 1895 quicunque
3550 1823 3658 1879 huic
3698 1825 3762 1879 ob-

2224 1907 2381 1963 viare
2412 1910 2830 1965 contenderint.

2935 2001 3170 2056 CXLIII.

2230 2086 2528 2160 Alexandri
2557 2091 2612 2143 ΙΙ
2643 2088 2878 2155 epistola
2907 2090 2975 2143 ad
3006 2092 3379 2160 Lanfrancum
3420 2090 3767 2145 Cautum-icium

2296 2159 2784 2229 archiepiscopum.
2851 2191 2919 2200 —-
2967 2162 3139 2217 Monet
3186 2171 3247 2217 ut
3288 2163 3581 2218 monasterii
3622 2164 3766 2217 Win10-

2298 2230 2503 2283 m'ensis
2532 2232 2735 2285 stat-um
2764 2236 2999 2286 tueatur.

2794 2324 2984 2389 (Anno
3026 2322 3303 2393 1071-73.)

2555 2408 2820 2476 [MABILL
2854 2411 3055 2466 Annal.
3089 2412 3287 2466 Bcned.
3320 2411 3383 2479 V,
3424 2411 3527 2482 36.]

2303 2498 2646 2552 ALEXANDER
2677 2499 3011 2571 episcopus,
3061 2518 3266 2556 servus
3318 2517 3590 2557 servorum
3616 2500 3705 2567 Dei,
3731 2500 3768 2551 in

2228 2583 2455 2639 Christo
2487 2585 2647 2639 fratri
2681 2588 3020 2644 [ΑΜ-’ΒΑΝεο
3053 2589 3491 2645 Cantuariorum
3536 2586 3770 2659 archiepis-

2226 2689 2389 2743 copo,
2428 2674 2676 2729 salutem
2707 2682 2761 2730 et
2791 2677 3173 2748 apostolicam
3208 2679 3647 2734 benedictionem.

2297 2761 2557 2816 Pervenit
2588 2764 2658 2816 ad
2717 2782 2887 2820 aures
2948 2772 3181 2822 nostras
3241 2768 3389 2838 quod
3444 2763 3771 2821 monasterium

2225 2850 2535 2905 Wintoniae
2565 2851 2777 2908 multas
2803 2855 3240 2923 persecutiones
3257 2861 3313 2911 et
3333 2856 3581 2927 indignas
3602 2867 3770 2925 oppres-

2227 2939 2417 2994 siones
2441 2940 2511 2994 ab
2531 2939 2620 2995 his
2643 2941 2929 2996 sustineat
2968 2959 3222 3013 quorum
3265 2946 3618 3000 immoderata
3642 2937 3771 3012 pravi-

2226 3032 2314 3081 tas
2338 3029 2597 3084 ordinem
2621 3036 2675 3084 et
2693 3030 2948 3086 ofﬁcium
2972 3034 3395 3088 monachorum
3416 3033 3535 3087 inde
3553 3031 3713 3098 ejicere
3728 3042 3769 3080 ac

544 3116 666 3205 Qua
692 3116 760 3196 de
786 3139 993 3204 re,zelo
1017 3140 1114 3194 Dei
1145 3116 1452 3210 compulsi,
1477 3140 1824 3195 scrutinium
1850 3116 2112 3212 deprivi-
2145 3126 2186 3191 C
2226 3132 2465 3212 PFPPSUS
2487 3118 2769 3212 βΧΡθῙῙΘῐᾭ
2791 3121 3237 3212 εϐτῐέιίινοῐξυω,
3264 3124 3396 3194 quia
3420 3122 3568 3176 nobis
3589 3116 3772 3212 nonleve

475 3231 644 3301 legiis
668 3228 1054 3283 Ecclesiarum
1086 3227 1209 3282 ﬁeri
1232 3228 1632 3299 praecepimus,
1654 3234 1708 3283 et
1725 3229 1879 3283 venit
1900 3231 1970 3284 ad
1998 3247 2114 3284 ma-

472 3337 584 3375 nus
608 3322 895 3373 statutum
924 3317 1364 3389 praedecessoris
1396 3317 1578 3371 nostri
1613 3318 1792 3373 beatae
1824 3320 2113 3374 memoria:

473 3406 731 3480 Gregorii
755 3407 1011 3476 Majoris,
1036 3407 1105 3460 de
1127 3404 1399 3460 Ecclesiis
1420 3405 1659 3476 Anglim,
1681 3408 1974 3494 qpomodo
2002 3409 2114 3463 sci-

471 3496 606 3552 licet
632 3494 905 3567 prmcepit
926 3494 1273 3565 Augustino,
1298 3494 1489 3564 gentis
1510 3499 1712 3549 vestrae
1735 3495 2017 3565 apostolo,
2051 3501 2115 3550 ut

473 3586 737 3656 ejusdem
759 3583 984 3638 ordinis
1009 3583 1186 3645 viros,
1214 3584 1382 3652 cujus
1415 3586 1471 3637 et
1502 3584 1627 3653 ipse
1674 3584 1937 3637 noscitur
1962 3601 2110 3650 esse,

473 3678 713 3746 poneret
740 3673 799 3727 in
833 3673 1067 3743 praefata
1096 3672 1232 3727 sede
1262 3671 1728 3743 metropolitana.
1756 3672 1935 3740 Cujus
1970 3691 2113 3744 prin-

473 3763 771 3835 ceptiones
801 3761 954 3815 inter
983 3760 1095 3815 alia
1141 3760 1261 3814 haec
1311 3761 1569 3814 subnexa
1598 3766 1789 3829 sunt:
1824 3761 1984 3831 Quia,
2020 3762 2114 3816 in-

473 3853 617 3923 quit,
654 3856 755 3905 tua
786 3850 1120 3904 fraternitas
1152 3850 1486 3904 monasterii
1521 3850 1737 3919 regulis
1770 3852 2016 3921 erudita,
2051 3851 2110 3906 in

474 3937 1216 4009 EcclesiaAnglorum,quaa
1243 3944 1685 4009 nuper,auctore
1700 3939 1911 4003 Deo,ad
1938 3940 2109 3993 ﬁdem

473 4028 756 4098 perducta
784 4027 1056 4092 est,hanc
1091 4027 1260 4081 debet
1291 4028 1787 4081 conversationem
1810 4028 2113 4082 instituere

474 4132 602 4185 qua:
624 4115 681 4168 in
706 4114 871 4168 initio
894 4116 1188 4168 nascentis
1207 4113 1470 4168 Ecclesiae
1493 4115 1883 4169 fuitPatribus
1897 4115 2113 4169 nostris

470 4203 529 4255 in
564 4202 778 4271 quibus
801 4201 999 4255 nullus
1021 4217 1223 4256 eorum
1258 4219 1325 4255 ex
1350 4203 1422 4255 iis
1463 4219 1588 4271 quae
1616 4203 1995 4272 possidebant
2017 4203 2116 4257 ali-

472 4288 609 4359 quid
637 4305 809 4343 suum
832 4305 959 4343 esse
982 4288 1335 4357 dicebat,sed
1353 4294 1514 4343 erant
1540 4290 1620 4343 illi
1644 4291 1840 4345 omnia
1857 4308 2115 4347 commu-

472 4378 599 4432 nia:
621 4399 647 4425 ››
664 4379 847 4441 Quam
867 4377 1297 4432 communionis
1312 4378 1568 4449 regulam
1590 4380 1779 4434 ordini
1803 4383 2114 4436 monacho-

474 4483 603 4521 rum
629 4466 983 4537 permaxime
1006 4483 1343 4538 congruere,
1371 4484 1539 4522 nemo
1563 4468 1660 4538 qui
1692 4469 1941 4524 dubitat.
1968 4471 2112 4525 Hinc
2144 4492 2190 4556 Β

470 4556 717 4611 habetur
740 4554 989 4627 epistola
1011 4556 1309 4626 Bonifacii,
1336 4556 1434 4628 qui
1459 4562 1702 4629 quartus
1726 4575 1758 4611 a
1790 4559 1954 4613 beato
1973 4560 2109 4614 Gre-

470 4645 630 4717 gorio
651 4644 921 4699 Ecclesiae
963 4645 1255 4714 Romanae,
1282 4646 1373 4699 cui
1415 4651 1647 4701 auctore
1687 4647 1801 4702 Deo
1843 4647 2111 4718 praeside-

469 4750 623 4800 mus,
648 4734 1080 4804 prazfuit,quam
1102 4734 1393 4789 Atelberto
1409 4735 1525 4806 regi
1549 4735 1868 4806 Anglorum
1894 4741 1951 4791 et
1967 4737 2113 4791 Lau-

470 4823 654 4876 rentio
679 4823 1087 4893 prmdecessori
1109 4829 1299 4877 vestro
1322 4824 1520 4889 misit;
1545 4824 1601 4877 in
1638 4841 1753 4894 qua
1795 4824 2112 4896 praemissis

470 4911 811 4981 hujusmodi
835 4927 1083 4966 censura
1105 4911 1495 4967 anathematis
1515 4930 1658 4968 usus
1679 4918 1766 4968 est
1792 4931 1803 4968 :
1830 4937 1856 4963 ‹‹
1887 4914 2113 4969 Glorio-

471 5000 771 5070 se,inquit,
796 5000 899 5067 illi,
923 5000 1077 5069 quod
1098 5000 1167 5053 ab
1192 5000 1509 5071 apostolica
1530 5002 1664 5055 sede
1690 5018 1789 5073 per
1821 5003 2112 5073 coepisco-

471 5105 612 5160 pum
656 5093 921 5144 nostrum
961 5088 1245 5143 Mellitum
1298 5088 1863 5160 postulasti,libenti
1919 5091 2112 5147 animo

471 5178 867 5243 concedimus,
889 5179 948 5232 id
972 5182 1077 5242 est,
1107 5183 1170 5232 ut
1187 5183 1374 5233 vestra
1401 5179 1728 5249 benignitas
1750 5180 1807 5233 in
1827 5186 2115 5235 monaste-

473 5266 558 5319 rio
581 5267 1009 5322 Dorobornensi
1036 5268 1264 5322 civitate
1311 5268 1650 5336 constituto,
1678 5269 1831 5340 quod
1876 5275 2113 5325 sanctus

474 5351 673 5407 doctor
686 5361 883 5409 noster
897 5357 958 5425 [ﬂ
973 5398 984 5419 ,
999 5357 1206 5425 vester]
1221 5357 1584 5428 Augustinus
1598 5359 1779 5413 beatae
1798 5359 2109 5428 memoria,

475 5440 732 5511 Gregorii
759 5446 1083 5514 discipulus
1123 5447 1317 5500 Sancti
1339 5446 1654 5501 Salvatoris
1676 5450 1896 5502 nomini
1919 5466 2114 5504 conse-

474 5528 772 5600 cravit,cui
798 5532 868 5586 ad
887 5549 1141 5605 praesens
1163 5551 1413 5615 praesse
1433 5536 1799 5610 dignoscitur
1812 5537 2115 5596 dilectissi-

2227 3206 2451 3260 videtur
2478 3211 2597 3261 tam
2632 3208 2905 3279 antiquas
2936 3210 3405 3277 constitutiones,
3438 3216 3509 3278 et,
3530 3215 3583 3265 ut
3608 3207 3775 3271 dicitur,

2224 3311 2256 3348 a
2287 3294 2454 3350 beato
2484 3297 2809 3367 Augustino
2840 3299 3221 3369 praedicatore
3238 3302 3363 3372 ejus
3384 3306 3534 3357 terra:
3564 3297 3775 3369 profectas

2223 3386 2279 3436 et
2308 3383 2533 3454 ductas,
2568 3385 2763 3439 subita
2810 3390 2865 3441 et
2916 3388 3251 3444 inconsulta
3298 3388 3676 3462 permutatione
3716 3380 3773 3435 di-

2224 3487 2409 3542 ruere,
2448 3489 2555 3527 nec
2604 3490 2700 3528 eas
2756 3475 3050 3531 catholicae
3103 3477 3243 3534 ﬁdei
3294 3476 3675 3534 eruditionibus
3710 3468 3774 3524 ob-

2222 3559 2376 3613 viare
2407 3560 2693 3631 videmus,
2730 3563 3148 3620 fraternitatem
3183 3571 3344 3622 tuam
3377 3564 3607 3639 rogando
3633 3572 3773 3615 mone-

2224 3666 2355 3703 mus
2387 3653 2452 3702 ut
2483 3649 2574 3703 his
2607 3650 2705 3721 qui
2737 3650 2877 3706 talia
2904 3658 3198 3709 conantur
3228 3654 3488 3727 prudenti
3520 3649 3773 3708 defensione

2222 3738 2474 3804 resistat,
2512 3742 2567 3793 et
2598 3740 2901 3809 praefatum
2936 3745 3358 3799 monasterium
3381 3761 3412 3798 a
3436 3747 3575 3799 statu
3601 3743 3646 3795 et
3668 3734 3771 3792 ordi-

2223 3843 2293 3881 ne
2324 3827 2655 3882 monasticm
2688 3832 3154 3901 congregationis
3186 3832 3512 3888 labefactari
3540 3833 3623 3885 aut
3647 3822 3769 3881 desti-

2224 3917 2328 3984 tui,
2363 3918 2551 3987 quoad
2588 3922 2795 3988 potest,
2831 3919 3166 3977 nullatenus
3202 3922 3451 3993 patiatur
3494 3934 3653 3989 neque
3684 3927 3770 3985 per-

2224 4005 2432 4059 mittat.
2457 4006 2736 4061 Praeterea
2756 4008 2826 4061 de
2858 4007 3200 4064 liberatione
3231 4012 3381 4082 capti
3412 3996 3771 4081 episcopi,qu0d

2224 4094 2587 4164 experientia:
2621 4100 2730 4149 tua:
2763 4097 3191 4168 commisimus,
3250 4099 3415 4154 valde
3456 4097 3695 4152 miramur
3725 4100 3772 4141 an

2224 4182 2331 4236 hoc
2363 4186 2463 4236 tua
2492 4185 2929 4253 praetermiserit
2959 4186 3335 4259 negligentia,
3357 4206 3427 4243 an
3449 4186 3587 4258 regis
3611 4189 3774 4254 poenam

2224 4270 2505 4341 adjicicns
2537 4274 2954 4345 contempserit
2996 4276 3405 4333 inohedientia.
3458 4276 3552 4331 Per
3594 4278 3774 4343 presen-

2223 4359 2367 4414 tium
2397 4361 2569 4415 etiam
2604 4360 2844 4417 latorem
2878 4363 3249 4421 dilectionem
3283 4370 3445 4422 tuam
3492 4353 3777 4430 interpellare

2222 4449 2577 4521 curavimus,
2612 4456 2676 4505 ut
2709 4468 2836 4522 qua:
2886 4454 3039 4523 apud
3089 4458 3146 4509 te
3198 4456 3503 4527 impetrare
3540 4444 3775 4505 desiderat.

2223 4539 2542 4594 dummodo
2573 4542 2942 4597 concedenda
2971 4543 3107 4615 sint,
3132 4548 3236 4599 tua
3266 4543 3377 4599 sibi
3406 4536 3775 4611 benignitﬁSPr0

2227 4630 2423 4682 nostra
2450 4627 2727 4685 charitate
2757 4632 3053 4687 concedat.

2923 4756 3153 4813 CXLIV.

2221 4842 2524 4897 Alexandri
2554 4844 2605 4897 II
2630 4845 2975 4919 epistolgad
3022 4851 3493 4919 congregationem
3535 4826 3779 4897 ηιοηαειενίέ

2839 4918 3051 4972 Winton
3062 4918 3177 4973 iens
3184 4918 3249 4975 2'57.

2800 5008 2967 5061 Anno
3002 5010 3283 5077 1071-73.)

2521 5096 2806 5161 [MABILL.,
2847 5097 3069 5168 Annal.,
3102 5098 3324 5166 Bened.,
3358 5097 3424 5161 V,
3454 5094 3554 5163 36.]

2292 5183 2635 5236 ALEXANDER
2665 5184 2993 5256 episcopus.
3031 5204 3232 5243 servus
3264 5200 3545 5244 servorum
3567 5176 3773 5239 Dei,con-

2224 5271 2542 5342 gregationi
2578 5275 2911 5336 monasterii
2946 5276 3277 5345 Wintoniaz,
3314 5276 3547 5332 salutem
3576 5271 3625 5322 et
3655 5270 3776 5331 8P0"

2223 5358 2457 5415 tolicam
2490 5360 2974 5419 benedictionem.
3754 5428 3760 5437 ,

2294 5449 2486 5521 Legati
2522 5452 2724 5517 nostri,
2758 5452 2854 5523 qui
2889 5455 2958 5508 ad
2991 5461 3184 5521 partes
3215 5460 3436 5511 vestras
3468 5444 3609 5505 missi
3645 5447 3777 5493 concl-

2224 5537 2369 5594 lium
2402 5539 2482 5595 ibi
2512 5539 2964 5613 celebraverunt,
2993 5544 3146 5602 sicut
3168 5564 3199 5601 κ
3224 5544 3504 5618 plerisque
3529 5526 3775 5603 majoribus
