4036 6184
231 304 368 363 m7

1383 301 1790 364 EPISTOLIE
1833 303 1931 363 ET
1977 303 2454 364 DlPLOMATA.

3459 309 3616 370 1418

221 438 272 491 et
298 432 727 506 antiquioribus
757 432 946 505 gentis
975 434 1176 488 vestrae
1213 449 1274 489 se
1305 432 1579 489 didicisse
1610 433 1858 490 confessi
1889 435 1942 500 Α
1973 433 2322 489 charissima
2367 435 2562 490 Sancti
2615 435 2765 490 Petri
2823 435 2962 507 ﬁlia,
2995 437 3362 508 imperatrice
3393 441 3616 510 Agnete

221 526 360 590 sunt,
391 521 698 577 ecclesiam
728 527 981 577 vestram
1014 539 1047 576 a
1083 525 1310 577 vetusta
1341 522 1756 578 constitutione
1795 523 1851 576 in

225 612 410 668 ordine
439 615 496 666 et
525 611 714 666 ofﬁcio
736 618 908 682 atque
929 611 1087 666 cultu
1125 611 1543 667 monachorum
1567 612 1856 668 exstitisse

225 701 378 757 nobis
407 700 830 756 indicaverunt.
864 701 1011 755 Sunt
1041 700 1217 755 etiam
1249 699 1517 757 nonnulli
1554 701 1654 772 qui
1699 717 1858 756 asse-

219 794 362 859 runt,
396 789 512 845 fere
542 805 745 844 omnes
778 789 1030 859 majores
1063 789 1343 845 ecclesias
1371 790 1500 860 ejus
1532 793 1695 845 terra;
1726 805 1859 843 con-

220 878 579 936 suetudinem
612 877 923 932 monastici
955 877 1180 932 ordinis
1211 895 1277 933 ex
1307 895 1372 934 eo
1404 877 1628 948 cepisse
1671 881 1727 933 et
1772 881 1856 932 te-

219 968 426 1036 nuisse,
442 967 599 1039 quod
621 967 678 1022 S.
695 966 1080 1039 Augustinus,
1102 966 1329 1039 legatus
1351 965 1671 1022 beatissimi
1696 983 1858 1039 papa:

221 1056 467 1129 Gregorii
493 1061 551 1111 et
572 1057 700 1127 ejus
720 1059 887 1111 terra
919 1056 1285 1127 praedicator,
1315 1072 1464 1127 quos
1495 1059 1767 1126 percepta
1798 1055 1858 1108 fi-

220 1147 284 1201 de
312 1146 382 1201 ad
413 1145 764 1216 obsequium
794 1143 976 1199 divini
1011 1144 1322 1199 ministerii
1355 1148 1412 1199 et
1433 1143 1858 1199 ecclesiasticos

221 1234 443 1290 ordines
473 1235 790 1306 perducere
820 1233 1009 1304 potuit
1037 1232 1097 1288 in
1133 1233 1243 1289 hac
1266 1233 1456 1288 forma
1485 1231 1784 1304 religionis
1804 1235 1861 1287 et

225 1323 374 1378 cultu
407 1323 696 1395 praecipue
723 1321 1029 1377 constituit
1057 1325 1114 1377 et
1143 1322 1452 1377 ordinavit.
1476 1321 1700 1386 Quibus
1723 1337 1862 1393 quo-

223 1412 368 1468 niam
398 1412 570 1484 longe
599 1428 705 1467 nos
735 1411 990 1482 impares
1023 1425 1150 1467 esse
1181 1411 1608 1483 cognoscimur,
1644 1412 1862 1466 statuta

223 1505 440 1556 mutare
463 1499 552 1556 vel
573 1499 889 1572 infringere
916 1499 1228 1571 indignum
1253 1516 1382 1556 esse
1403 1500 1698 1565 ducimus,
1721 1515 1862 1570 prae-

221 1589 412 1646 sertim
443 1605 576 1644 cum
607 1605 676 1645 ea
706 1587 1002 1644 catholicae
1031 1589 1165 1643 ﬁdei
1197 1589 1628 1644 eruditionibus
1658 1589 1862 1644 obesse

221 1695 327 1734 non
357 1678 709 1734 invenimus.
742 1676 906 1732 Unde
937 1692 1039 1749 per
1066 1678 1376 1749 praesentia
1405 1677 1624 1749 scripta
1655 1676 1860 1732 statui-

222 1784 346 1824 mus
391 1772 449 1823 et
477 1768 898 1823 conﬁrmamus
929 1770 995 1821 ut
1025 1765 1269 1822 ecclesia
1294 1769 1488 1822 vestra
1515 1766 1575 1820 in
1606 1783 1671 1821 eo
1703 1769 1858 1820 statu
1891 1802 1937 1866 Β

217 1856 516 1912 monastici
545 1855 792 1922 ordinis,
824 1872 938 1927 quo
987 1855 1270 1911 hactenus
1314 1853 1551 1922 mansit,
1587 1853 1858 1925 deinceps

215 1947 335 2003 sine
360 1946 519 2002 omni
550 1945 785 2000 laesione
835 1949 890 2000 et
939 1945 1377 2016 perturbatione
1407 1943 1710 1999 consistat.
1743 1943 1858 1997 Vos

222 2040 410 2092 autem
444 2039 509 2090 ut
538 2033 915 2090 charissimos
947 2033 1100 2092 ﬁlios
1130 2035 1543 2100 admonemus,
1569 2036 1859 2103 quatenus

219 2123 577 2198 propositum
600 2127 807 2179 vestrae
829 2121 1209 2195 professionis
1226 2138 1294 2177 ea
1316 2121 1650 2177 sinceritate
1667 2124 1725 2176 et
1745 2125 1862 2176 stu-

217 2213 306 2268 dio
355 2213 426 2268 de
470 2212 562 2267 die
608 2213 666 2266 in
708 2211 885 2277 diem,
918 2212 1230 2282 adjuvante
1260 2210 1526 2279 Domino,
1559 2210 1618 2264 in
1651 2209 1861 2265 melius

218 2301 567 2374 proﬁciendo
590 2300 880 2373 peragatis
910 2305 976 2356 ut
1004 2317 1073 2356 ex
1100 2299 1360 2356 interiori
1387 2299 1745 2355 conscientia
1773 2313 1862 2354 ve-

222 2395 340 2447 stra
369 2389 619 2445 servitus
668 2393 726 2444 et
767 2389 992 2444 devotio
1035 2389 1228 2444 divino
1269 2387 1606 2460 conspectui
1641 2387 1864 2458 placeat

216 2484 272 2536 et
300 2477 598 2535 exterioris
629 2477 815 2534 forma
845 2477 1303 2534 conversationis
1353 2476 1499 2532 nulli
1550 2475 1862 2547 reprehen-

217 2568 386 2624 dendi
420 2584 521 2623 vos
550 2567 917 2623 occasionem
949 2567 1188 2636 tribuat,
1223 2567 1323 2622 sed
1363 2564 1639 2620 omnibus
1670 2580 1862 2620 exem-

213 2658 373 2732 plum
407 2655 751 2722 sanctitatis,
776 2659 832 2710 et
851 2672 989 2728 erga
1009 2655 1370 2727 diligentiam
1398 2658 1599 2710 vestrm
1632 2653 1864 2725 religio-

214 2746 307 2802 nis
339 2761 595 2801 amorem
626 2750 684 2800 et
708 2744 1062 2801 desiderium
1094 2745 1507 2800 conﬁrmanda
1535 2741 1864 2799 dilectionis

221 2835 492 2906 praebeat.
527 2833 811 2888 Caeterum
861 2832 910 2888 si
961 2832 1093 2904 quis
1143 2832 1348 2888 audaci
1397 2832 1743 2901 temeritate,
1773 2830 1865 2886 vel

218 2939 392 2995 pravo
424 2923 637 2991 studio,
669 2922 827 2976 hunc
859 2925 1081 2976 statum
1113 2925 1169 2975 et
1197 2920 1457 2976 ordinem
1488 2919 1741 2976 ecclesiae
1770 2937 1865 2974 ve-

221 3018 348 3069 strae
405 3015 633 3066 mutare
689 3010 773 3065 vel
825 3010 1181 3066 confundere
1228 3009 1610 3074 attentaverit,
1664 3008 1871 3080 procul

219 3101 394 3156 dubio
425 3101 573 3156 sciat
621 3116 682 3154 se
724 3099 1088 3154 iracundiam
1123 3098 1451 3170 apostolicae
1483 3098 1639 3153 sedis
1671 3098 1864 3152 incur-

1967 540 2197 594 semper
2223 526 2500 596 Augusta,
2529 525 2823 580 indicante
2848 526 3017 580 nobis
3039 530 3114 590 te,
3138 526 3198 581 in
3231 527 3512 583 suburbio
3541 528 3616 583 ci-

1965 612 2160 666 vitatis
2187 612 2504 683 tum,juxta
2528 618 2762 684 portum
2792 615 3051 685 praedicti
3077 614 3339 672 ﬂuminis
3362 616 3523 684 Oeni,
3541 617 3613 672 ad

1966 717 2338 756 communem
2379 706 2435 756 et
2475 704 2805 774 regularem
2838 704 3251 759 canonicorum
3283 705 3483 772 vitam,
3517 723 3614 761 ec-

1967 790 2203 845 clesiam
2236 790 2654 858 construxisse,
2675 797 2749 862 et,
2779 795 2843 847 ut
2872 810 3022 863 eam,
3048 794 3218 864 juxta
3250 795 3613 866 propositum

1967 883 2079 934 tum
2106 879 2430 935 devotionis
2456 884 2514 935 et
2542 880 2998 950 constitutionis,
3023 881 3358 953 apostolicis
3380 883 3611 953 privile-

1966 967 2078 1040 giis
2096 969 2487 1038 ﬁrmaremus,
2505 973 2629 1024 tum
2654 969 2784 1041 ipsa
2803 974 2996 1040 partes
3013 974 3145 1026 tuas
3167 971 3470 1038 referente,
3483 976 3611 1027 tum

1967 1057 2092 1128 ipso
2125 1074 2226 1128 pro
2257 1061 2313 1112 te
2342 1057 2718 1113 sanctissimo
2748 1059 3038 1114 desiderio
3069 1060 3420 1130 postulante,
3449 1065 3611 1117 tanto

1966 1146 2295 1219 promptius
2324 1147 2630 1218 utriusque
2655 1147 2942 1202 voluntati
2964 1150 3345 1203 annuendum
3368 1165 3495 1204 esse
3517 1150 3612 1220 ju-

1968 1235 2292 1291 dicavimus
2314 1240 2533 1307 quanto
2561 1240 2620 1291 et
2649 1240 2751 1291 tua
2780 1241 2913 1291 vota
2938 1237 3102 1306 justa
3123 1253 3249 1293 esse
3279 1237 3495 1292 certius
3525 1237 3614 1291 in-

1967 1323 2312 1396 telligimus,
2336 1329 2392 1380 et
2418 1324 2576 1380 illius
2602 1325 2891 1381 desideria
2909 1325 3104 1381 divino
3131 1342 3376 1382 accensa
3395 1325 3615 1397 Spiritu
3650 1394 3654 1398 ι

1969 1411 2187 1483 ubique
2208 1414 2535 1485 prosperari
2560 1413 2854 1485 cupimus.
2883 1413 3277 1469 Concedentes
3305 1413 3484 1486 igitur
3507 1411 3615 1468 tibi

1970 1504 2026 1555 et
2056 1501 2304 1572 praefatae
2332 1501 2587 1557 ecclesiae
2619 1502 2799 1572 hujus
2829 1501 3015 1558 nostri
3053 1501 3357 1574 apostolici
3399 1501 3616 1556 decreti

1969 1589 2370 1662 privilegium,
2424 1590 2724 1647 sancimus
2780 1594 2837 1646 et
2893 1591 3212 1663 apostolica
3267 1590 3616 1647 auctoritate

1971 1678 2288 1734 statuimus
2319 1683 2386 1734 ut
2405 1678 2599 1736 clerici
2624 1680 2724 1752 qui
2754 1679 2842 1736 vel
2872 1697 3029 1736 nunc
3055 1681 3115 1735 in
3147 1681 3351 1736 eadem
3373 1679 3618 1735 ecclesia

1970 1772 2108 1823 sunt
2139 1768 2389 1824 ordinati
2440 1770 2550 1824 sub
2591 1770 2890 1824 communi
2921 1786 3152 1840 semper
3191 1770 3307 1825 vita
3349 1773 3407 1824 et
3455 1768 3616 1825 clau-

1970 1855 2134 1912 strali
2157 1857 2598 1912 conversatione
2619 1858 2962 1913 consistant.
2983 1858 3062 1912 Ad
3091 1873 3339 1928 quorum
3363 1873 3620 1912 commu-

1970 1961 2112 2002 num
2127 1961 2295 2000 usum
2311 1945 2728 2000 conﬁrmamus
2739 1950 2794 2000 et
2807 1944 3622 2000 incommutabilitertenenda

1972 2034 2342 2090 decernimus
2374 2034 2758 2090 determinate
2790 2034 3027 2106 quidem
3057 2037 3114 2089 et
3139 2050 3208 2089 ea
3237 2050 3362 2105 qua)
3394 2049 3619 2104 praeno-

1973 2124 2198 2180 minata
2219 2123 2561 2195 imperatrix
2576 2127 2840 2195 Augusta
2865 2140 2968 2196 pro
2992 2123 3250 2178 remedio
3273 2122 3479 2178 animae
3501 2137 3620 2178 suaa

1975 2211 2232 2268 donavit.

2045 2303 2372 2372 (Enumerat
2413 2303 2792 2372 possessiones,
2825 2309 2941 2356 tum
2985 2301 3053 2355 ab
3104 2301 3470 2371 imper-abice,
3507 2303 3624 2354 tum

1973 2391 2043 2446 ab
2073 2392 2316 2461 episcOpo
2345 2391 2477 2446 huic
2503 2390 2738 2446 ecclesia:
2779 2389 3050 2456 donatas.)
3537 2442 3560 2462 ,

2046 2478 2195 2546 Haec,
2231 2478 2496 2550 inquam,
2529 2478 2728 2533 omnia
2769 2483 2825 2534 et
2855 2494 3218 2550 quaecunque
3248 2479 3425 2533 etiam
3457 2477 3623 2531 inno-

1976 2567 2199 2622 minata
2228 2568 2380 2622 bona
2409 2568 2596 2622 eidem
2629 2565 2885 2622 ecclesiae
2916 2566 3002 2622 vel
3034 2584 3191 2622 nunc
3221 2569 3384 2638 juste
3414 2564 3627 2622 collata

1974 2660 2134 2724 sunt,
2169 2655 2254 2710 vel
2286 2656 2344 2710 in
2377 2659 2677 2726 posterum
2708 2655 2824 2710 Deo
2857 2656 3204 2726 disponente
3247 2655 3622 2722 conferenda,

1975 2762 2040 2800 eo
2069 2750 2268 2800 tenore
2311 2749 2368 2800 et
2409 2743 2754 2800 auctoritate
2795 2745 2864 2800 ad
2899 2760 3271 2800 communem
3304 2759 3478 2799 usum
3511 2743 3626 2797 fra-

1975 2838 2134 2889 trum
2168 2833 2387 2888 ibidem
2417 2833 2533 2888 Deo
2567 2831 2978 2887 famulantium
3009 2833 3381 2888 decernimus
3411 2835 3469 2887 et
3499 2847 3626 2886 cor-

1977 2924 2346 2989 roboramus,
2367 2926 2433 2976 ut
2465 2937 2837 2976 communem
2870 2926 2925 2976 et
2946 2923 3276 2992 regularem
3307 2921 3489 2976 vitam
3521 2920 3627 2974 du-

1977 3015 2194 3079 centes,
2229 3009 2372 3065 nihil
2407 3011 2476 3066 de
2506 3010 2677 3066 bonis
2707 3009 2959 3078 ecclesiae
2989 3011 3296 3082 praeposito
3335 3014 3392 3065 et
3420 3009 3630 3081 singu-

1977 3101 2087 3156 lari
2109 3100 2243 3155 usui
2273 3099 2583 3154 vindicent.
2600 3098 2674 3153 Ut
2694 3099 2814 3154 haec
2835 3099 3014 3170 igitur
3039 3102 3239 3155 nostra
3259 3099 3512 3169 decreta,
3535 3098 3633 3154 ad-

219 3206 365 3255 rere,
414 3194 491 3255 el,
541 3188 654 3243 nisi
704 3192 909 3254 cesset,
943 3188 1334 3243 anathematis
1377 3187 1436 3241 in
1477 3204 1538 3242 se
1570 3185 1864 3257 judicium
1897 3171 1939 3237 C
1973 3191 2216 3261 juvante
2244 3187 2506 3253 Domino,
2537 3186 2795 3257 undique
2824 3187 2998 3242 ﬁrma
3025 3187 3370 3258 illibataque
3400 3204 3630 3258 perma-

218 3295 550 3351 provocare.

945 3382 1152 3440 CXLV.

208 3475 520 3532 Alexandri
567 3475 627 3530 ΙΙ
663 3474 1019 3545 privilegium
1043 3489 1158 3545 pro
1199 3473 1424 3528 ecclesia
1455 3471 1520 3528 ab
1551 3472 1866 3537 Altmanno,

283 3548 610 3603 Pataviensi
664 3544 930 3617 episcopo,
980 3544 1068 3600 ad'
1111 3546 1426 3615 regularem
1479 3545 1869 3599 canonicorum

288 3623 458 3674 vitam
503 3617 796 3687 aediﬁcata.

845 3705 1031 3776 (Anno
1064 3705 1246 3772 1073.)

217 3814 460 3888 [MANSI,
503 3813 708 3868 Concil.
752 3810 895 3876 XIX,
914 3812 1054 3937 t976,
1086 3809 1494 3952 ehMetropoli
1523 3809 1868 3883 Salisburg.,

937 3899 1054 3937 om.
1146 3926 1156 3936 .

937 3899 1054 3937 om.
1094 3899 1156 3936 ll.

293 3995 639 4047 ALEXANDER
669 3990 999 4062 episcopus,
1029 4005 1231 4044 servus
1262 4005 1559 4045 servorum
1585 3988 1705 4056 Dei,
1730 3988 1870 4044 dile-

217 4085 316 4137 cto
349 4080 515 4135 fratri
567 4081 625 4134 in
667 4079 893 4134 Christo
922 4081 1234 4133 ALTMANNO
1267 4078 1460 4134 Patav.
1495 4079 1784 4150 episcopo,
1819 4082 1874 4133 et

214 4187 327 4243 per
355 4186 491 4225 eum
523 4168 779 4224 ecclesiae
813 4184 989 4240 quam
1023 4167 1080 4221 in
1113 4167 1406 4222 territorio
1439 4167 1699 4236 ejusdem
1733 4166 1872 4222 civi-

212 4257 365 4313 tatis
390 4257 447 4312 in
480 4261 645 4329 portu
673 4255 813 4312 Oeni
842 4254 1105 4311 ﬂuminis
1131 4255 1475 4324 construxit,
1500 4259 1555 4309 et
1576 4254 1634 4308 in
1659 4255 1874 4310 honore

211 4352 439 4404 sanctae
469 4345 790 4412 Trinitatis,
827 4351 883 4400 et
923 4344 1215 4416 passionis
1249 4342 1474 4398 Domini
1519 4344 1702 4398 nostri
1735 4344 1874 4398 Jesu

212 4433 464 4499 Christi,
487 4439 544 4490 et
575 4438 911 4490 sanctorum
939 4433 1178 4487 Andreae
1210 4430 1476 4502 apostoli,
1509 4430 1875 4486 Pantaleonis

1980 3281 2176 3345 neant,
2199 3275 2516 3347 apostolica
2535 3274 2880 3330 auctoritate
2901 3275 3316 3330 constituimus
3347 3280 3413 3330 ut
3433 3274 3632 3330 nullus

1976 3384 2091 3434 rex,
2125 3366 2460 3437 imperator,
2503 3365 2639 3432 dux,
2683 3379 2899 3434 comes,
2931 3364 3262 3435 episcopus,
3294 3363 3384 3418 vel
3433 3362 3633 3418 archi-

1976 3456 2305 3528 episcopus,
2339 3470 2443 3509 seu
2472 3451 2667 3524 aliqua
2696 3469 2942 3524 persona
2983 3451 3280 3508 smcularis
3313 3455 3414 3507 aut
3444 3450 3624 3506 eccle-

1977 3545 2232 3612 siastica,
2264 3543 2562 3616 praefatam
2595 3541 2900 3597 ecclesiam
2933 3542 3004 3597 ab
3035 3558 3100 3597 eo
3132 3544 3286 3596 statu
3317 3545 3370 3596 et
3403 3539 3629 3606 ordine,

1980 3651 2154 3707 quem
2186 3632 2458 3705 superius
2488 3630 2987 3699 conﬁrmavimus,
3013 3629 3287 3687 divellere
3309 3633 3410 3684 aut
3433 3629 3632 3700 aliqua

1980 3721 2415 3796 perturbatione
2436 3719 2722 3792 impedire
2746 3722 3079 3792 praesumat,
3103 3718 3192 3774 vel
3214 3718 3538 3790 quidquam
3560 3717 3633 3772 de

1979 3813 2155 3869 rebus
2185 3814 2242 3867 et
2269 3809 2440 3866 bonis
2462 3808 2717 3865 ecclesiae
2743 3809 3012 3865 invadere
3043 3812 3144 3864 aut
3174 3807 3522 3874 diminuere,
3543 3804 3633 3861 vel

1981 3903 2052 3957 ab
2085 3918 2196 3956 usu
2218 3901 2515 3955 fructuum
2548 3897 2893 3954 subtrahere
2922 3897 3151 3953 audeat.
3177 3896 3236 3952 Si
3270 3895 3402 3968 quis
3434 3897 3632 3951 autem

1981 3994 2181 4047 contra
2210 3989 2388 4059 hujus
2420 3991 2634 4042 nostrae
2671 3985 2992 4043 sanctionis
3041 3987 3274 4042 decreta
3323 3984 3636 4041 temerario

1982 4097 2129 4136 ausu
2153 4078 2348 4133 venire
2369 4076 2701 4147 tentaverit,
2719 4093 2905 4148 usque
2925 4077 2998 4132 ad
3020 4076 3262 4148 dignam
3285 4074 3635 4130 satisfactio-

1982 4185 2116 4224 nem
2147 4164 2538 4223 anathematis
2571 4164 2779 4236 laqueo
2821 4182 2883 4220 se
2928 4165 3220 4221 irretitum
3250 4163 3494 4220 noverit.
3529 4163 3639 4229 Qui

1980 4275 2113 4313 vero
2170 4256 2289 4311 haec
2347 4256 2551 4311 eadem
2602 4254 2757 4310 ﬁdeli
2815 4255 3118 4311 devotione
3166 4254 3474 4311 observare
3531 4269 3636 4308 cu-

1983 4346 2218 4415 raverit,
2252 4345 2458 4399 divinae
2491 4343 2977 4400 remunerationis
3007 4343 3255 4416 gratiam
3300 4347 3357 4398 et
3399 4345 3638 4415 aposto-

1985 4433 2110 4488 licae
2157 4432 2580 4487 benedictionis
2630 4431 2725 4486 hic
2773 4436 2830 4486 et
2885 4432 2943 4487 in
2995 4433 3191 4486 futuro
3240 4434 3638 4501 consequatur

215 4522 526 4593 martyris,
559 4527 616 4577 et
647 4522 832 4578 sancti
863 4520 1080 4576 Nicolai
1116 4518 1467 4576 confessoris
1498 4520 1876 4586 consecravit,
1908 4539 1954 4603 D
1988 4520 2430 4577 abundantiam.

215 4611 282 4666 in
333 4616 704 4682 perpetuum.

297 4700 582 4755 Convenit
614 4700 928 4773 apostolico
962 4697 1348 4754 moderamini
1395 4696 1681 4768 religiosis
1733 4698 1884 4753 desi-

211 4789 410 4845 deriis
428 4793 484 4844 et
505 4789 884 4862 petitionibus
901 4805 968 4843 ea
992 4786 1348 4858 benignitate
1364 4789 1420 4841 et
1436 4786 1668 4857 pietatis
1689 4787 1885 4842 studio

211 4878 699 4934 condescendere
731 4879 1119 4948 effectumque
1149 4875 1401 4947 praebere
1432 4879 1517 4940 ut,
1542 4875 1682 4929 dum
1715 4875 1886 4945 spiri-

209 4966 409 5022 tualis
441 4967 759 5022 auctoritas
791 4965 969 5022 ofﬁcii
1018 4964 1108 5020 sui
1159 4963 1421 5018 debitum
1465 4964 1710 5035 peragit,
1745 4965 1884 5019 dum

215 5055 328 5128 pia
363 5055 627 5111 ﬁdelium
661 5059 880 5110 statuta
912 5053 1238 5109 roborando
1283 5053 1715 5109 venerabilibus
1746 5053 1888 5110 locis

209 5144 572 5216 praesidium
585 5143 940 5200 defensionis
959 5141 1266 5214 impendit,
1282 5141 1418 5196 hinc
1435 5143 1675 5198 affectus
1693 5160 1889 5215 super-

219 5250 323 5287 nae
360 5232 765 5288 retributionis
797 5233 1056 5288 lucretur
1086 5229 1320 5285 initium
1354 5231 1507 5301 quod
1541 5231 1599 5285 in
1631 5233 1888 5303 parando

216 5319 524 5376 beneﬁcio
573 5338 688 5375 non
738 5320 929 5374 minor
968 5319 1078 5373 fuit
1117 5317 1370 5373 charitas
1401 5335 1576 5388 quam
1610 5325 1887 5391 potestas.

217 5409 361 5465 Hoc
390 5409 546 5465 enim
580 5415 636 5465 et
664 5411 951 5465 bonorum
974 5407 1208 5473 studiis,
1233 5423 1334 5477 spe
1366 5407 1727 5477 proﬁciendi,
1750 5427 1892 5482 aug-

214 5501 509 5554 mentum
532 5498 740 5553 tribuit
761 5502 819 5553 et
843 5513 992 5568 opus
1014 5493 1335 5566 proprium,
1361 5493 1551 5549 fructu
1585 5497 1893 5568 profectio-

212 5586 355 5661 nis,
388 5586 505 5646 Deo
538 5584 892 5660 acceptabile
922 5583 1136 5642 reddit.
1167 5582 1390 5655 Itaque,
1435 5581 1642 5643 dilecte
1694 5587 1889 5661 frater,

565 5714 823 5777 PATROL.
874 5712 1130 5776 CXLVI.

2061 4609 2272 4664 Datum
2304 4608 2520 4672 Romae,
2553 4623 2588 4659 v
2635 4606 2783 4662 Non.
2816 4606 3028 4673 Martii,
3063 4623 3166 4677 per
3213 4622 3426 4662 manus
3468 4604 3641 4677 Petri,

1996 4701 2208 4754 sanctae
2241 4697 2513 4751 Romanae
2538 4694 2804 4750 Ecclesiae
2835 4695 3088 4767 presbyt.
3122 4695 3437 4751 cardinalis
3468 4711 3532 4750 ac
3563 4694 3648 4749 bi-

1996 4785 2379 4853 bliothecarii,
2413 4801 2564 4840 anno
2612 4801 2689 4837 xu
2735 4784 3114 4855 pontiﬁcatus
3144 4784 3368 4841 domini
3398 4784 3642 4840 Alexan-

1996 4876 2086 4931 dri
2116 4876 2163 4931 ΙΙ
2196 4891 2378 4947 papae,
2409 4872 2727 4928 indictione
2756 4890 2836 4928 x1.

2707 4996 2940 5053 CXLVI.

1996 5088 2302 5144 Alexandri
2343 5101 2507 5158 papae
2546 5086 2610 5158 ll
2650 5087 3010 5158 privilegium
3034 5103 3138 5158 pro
3181 5087 3408 5142 ecclesia
3436 5087 3644 5144 Sanclw

2306 5157 2499 5214 Mariae
2535 5157 2865 5226 Magdalenze
2901 5157 3332 5215 chaiilionensi.

2625 5247 2809 5317 (Anno
2843 5248 3025 5318 1073.)

2000 5337 2301 5409 [Memoires
2332 5337 2382 5390 et
2412 5334 2740 5462 (ἰοσαγηεηιίςΙ
2759 5334 2957 5476 ίηΒοΞιιέιῖ
2987 5337 3051 5392 de
3081 5338 3136 5394 la
3166 5336 3412 5394 Franche
3439 5339 3639 5400 Comlé.

2746 5452 2761 5479 ,
2802 5451 2925 5462 ων.

2073 5501 2437 5562 ALEXANDER,
2470 5497 2652 5550 etc....

2075 5586 2290 5642 Notum
2313 5598 2442 5642 esse
2460 5583 2731 5642 volumus
2747 5587 3022 5647 omnibus
3039 5589 3140 5664 qui
3161 5589 3221 5647 in
3236 5589 3464 5649 Christo
3486 5593 3648 5662 sunt,

3255 5719 3330 5789 45
