4036 6184
499 255 653 315 1419

495 404 601 443 nos
630 380 937 443 ecclesiam
968 387 1190 440 Sanctae
1222 383 1414 438 Maria:
1438 382 1815 454 Magdalenen,
1846 381 2019 435 sitam
2048 379 2140 435 Bi-

496 476 673 532 sontii
705 475 857 530 ultra
882 476 1097 529 ﬂumen
1121 472 1589 543 Dubium.juxta
1619 475 1854 543 pontem
1880 470 2143 539 ejusdem

494 564 651 623 ﬂuvii
674 562 1170 631 constitutum,ab
1199 563 1437 633 Hugone
1458 562 1621 617 bona:
1647 560 1961 626 memoriae,
1987 559 2144 628 ejus-

1788 245 2239 306 ALEXANDBI
2287 245 2338 304 ll
2383 244 2609 305 PAPIE

3682 253 3795 313 1420

2172 382 2227 446 Α
2256 379 2388 435 dem
2450 378 2558 433 loci
2616 378 3076 452 archiepiscopo.
3122 421 3136 433 .
3181 422 3193 434 .
3238 421 3251 434 .
3295 420 3307 434 .
3351 422 3362 435 .
3405 423 3416 435 .
3458 423 3469 435 .
3508 422 3520 436 .
3560 424 3572 436 .
3610 425 3620 436 .
3657 426 3668 438 .
3702 426 3755 439 ..

2330 472 2539 522 Datum
2588 467 2871 538 Laterani,
2901 485 2973 523 xv
3020 468 3143 523 Kal.
3194 468 3346 538 Maii,
3379 486 3515 524 anno
3553 487 3621 525 xu
3658 475 3798 545 ponti-

2260 557 2468 610 ﬁcatus
2498 555 2808 611 Alexandri
2840 557 3081 612 secundi
3114 573 3297 629 papae,
3328 556 3613 615 indictione
3635 578 3697 615 χι.

2013 692 2391 777 DUBIA.

1188 846 1448 901 CXLVII.

495 955 802 1012 Alexandri
851 956 905 1010 II
951 953 1179 1025 epistola
1216 952 1293 1025 ad
1330 954 1644 1007 Liemarum
1673 952 2141 1025 Hamburgeuscm

563 1022 1050 1112 qrcbicpiscqpuin.
1085 1056 1152 1112 τ
1181 1024 1275 1112 Illi
1299 1025 1534 1096 pallium
1560 1024 1738 1078 mittit
1766 1031 1817 1079 et
1842 1022 2139 1094 privilegia

564 1097 812 1157 Ecclesia
840 1098 959 1169 ejus
987 1097 1293 1167 conﬁrmat.

1114 1212 1303 1283 (Anno
1334 1210 1517 1280 1073.)

683 1330 1101 1400 [Laena-unane,
1137 1325 1433 1396 Hamburg.
1471 1323 1720 1381 Urkund.
1756 1324 1799 1389 Ι,
1829 1324 1943 1392 90.]

560 1482 906 1535 Acaxaunaa
933 1479 1265 1551 episcopus,
1288 1494 1490 1533 servus
1518 1492 1815 1532 servorum
1840 1476 1963 1541 Dei,
1986 1492 2138 1530 reve-

491 1568 825 1625 rentissimo
850 1572 908 1623 et
926 1567 1303 1623 sanctissimo
1328 1567 1601 1631 LIEMARO,
1626 1569 1838 1621 sanctm
1864 1566 2133 1619 ﬂamma-

489 1658 801 1731 burgensis
820 1656 1090 1713 Ecclesiae
1111 1656 1547 1727 archiepiscopo
1569 1655 1811 1725 suisque
1834 1670 2135 1710 successo-

489 1747 674 1815 ribus,
708 1762 912 1819 pacem
944 1750 1001 1801 et
1036 1744 1288 1801 salutem
1320 1745 1379 1799 in
1412 1748 1779 1815 perpetuum.

558 1836 836 1892 Convenit
855 1833 1172 1907 apostolico
1195 1832 1580 1888 moderamini
1602 1832 1696 1903 pia
1718 1832 1998 1903 religione
2022 1831 2139 1902 pol-

486 1925 745 1979 lentibus
761 1922 1038 1978 benevola
1049 1921 1454 1994 compassione
1472 1937 1809 1976 succurrere
1827 1926 1882 1975 et
1898 1937 2110 1992 poscen
2122 1950 2135 1962 -

485 2013 636 2068 tium
659 2012 873 2068 animis
898 2010 1075 2068 alacri
1096 2011 1400 2067 devotione
1422 2009 1728 2082 impertiri.
1744 2011 1824 2065 Ex
1849 2010 1957 2065 hoc
1976 2010 2133 2065 enim

482 2101 630 2157 lucri
644 2101 1015 2174 potissimum
1029 2099 1325 2173 praemium
1338 2100 1493 2171 apud
1507 2099 1859 2155 conditorem
1870 2100 2134 2154 omnium

477 2191 793 2247 Dominum
824 2189 1025 2262 procul
1055 2190 1232 2245 dubio
1264 2206 1686 2261 promeremur,
1720 2190 1861 2244 dum
1891 2205 2132 2243 venera-

480 2279 621 2335 bilia
635 2278 762 2335 loca
776 2282 1102 2351 opportune
1119 2279 1192 2334 ad
1210 2278 1511 2334 meliorem
1530 2279 1747 2333 fuerint
1767 2282 1986 2333 statum
2004 2277 2131 2332 sine

479 2369 657 2435 dubio
679 2369 981 2441 perducta.
994 2368 1193 2441 Igitur,
1210 2368 1350 2441 quia
1374 2367 1716 2440 postulastis
1736 2384 1771 2423 a
1790 2366 1959 2423 nobis
1978 2383 2122 2438 qua-

480 2462 651 2514 tenus
667 2457 912 2530 pallium
926 2456 1034 2514 tibi
1050 2457 1585 2513 transmitteremus
1597 2460 1654 2512 et
1665 2456 2125 2528 archiepiscopa-

481 2551 609 2603 tum
634 2545 1196 2618 Hammaburgensis
1224 2545 1490 2601 Ecclesiae
1521 2549 1709 2601 totum
1741 2545 1799 2600 in
1830 2545 2124 2617 integrum

480 2634 588 2692 tibi
618 2635 1124 2706 conﬁrmaremus,
1158 2635 1312 2691 sicut
1357 2652 1391 2690 a
1435 2635 1859 2707 praedecessore
1902 2638 2123 2702 nostro,

482 2724 721 2781 domino
751 2723 1006 2793 Nicolao,
1040 2723 1221 2795 hujus
1249 2722 1579 2795 apostolicae
1612 2723 1790 2788 sedis,
1813 2727 1871 2779 et
1902 2723 2126 2779 cmteris

478 2813 918 2870 successoribus
949 2812 1075 2868 suis
1103 2813 1403 2868 decretum
1442 2816 1549 2880 est,
1583 2811 1842 2867 inclinati
1890 2812 2126 2884 petitio-

479 2902 655 2959 nibus
686 2902 885 2957 domni
919 2901 987 2957 Η.
1019 2900 1373 2956 Francorum
1424 2905 1482 2955 et
1522 2901 1917 2957 Romanorum
1949 2902 2123 2974 regis,

477 2989 800 3063 apostolica
828 2989 1171 3045 auctoritate
1210 2988 1698 3045 concedimus.....
1731 2989 2124 3059 decernimus,

480 3083 540 3135 et
569 3079 629 3133 in
652 3077 849 3134 omnia
874 3077 1153 3149 praedicta
1176 3093 1356 3150 regna
1382 3082 1459 3147 te,
1482 3078 1604 3134 vice
1626 3083 1843 3146 nostra,
1869 3078 2126 3152 legatum

480 3165 920 3223 constituimus.
953 3166 1307 3239 Deinceps...
1340 3182 1468 3223 esse
1518 3172 1577 3223 et
1618 3168 1832 3224 vocari.
1867 3170 2128 3241 Legatio-

481 3271 617 3313 nem
670 3272 904 3329 quoque
960 3259 1019 3311 et
1064 3255 1618 3329 archiepiscopalem
1674 3260 2018 3328 potestatem
2069 3258 2129 3312 in

482 3346 682 3401 omnia
701 3361 881 3417 regna
896 3343 1397 3418 septentrionalia,
1416 3349 1706 3401 Danorum
1727 3345 1968 3416 scilicet,
1984 3346 2128 3402 Sue-

482 3436 717 3497 dorum,
748 3434 1168 3499 Norvenorum,
1198 3433 1620 3489 Islandicorum
1651 3439 1709 3490 et
1746 3435 2009 3491 omnium
2041 3436 2128 3491 in-

482 3524 750 3582 sularum
773 3523 846 3579 iis
868 3523 1066 3597 regnis
1082 3524 1474 3593 adjacentium
1494 3523 1599 3577 tibi
1625 3527 1681 3579 et
1700 3524 1976 3580 omnibus
1995 3541 2126 3580 suc-

420 3600 429 3609 \
481 3614 815 3670 cessoribus
834 3612 952 3668 tuis
984 3616 1261 3684 perpetuo
1289 3613 1543 3667 tenenda
1566 3613 1960 3668 concedimus.
1984 3614 2125 3668 Om-

480 3717 615 3758 nem
633 3717 865 3774 quoque
886 3701 1288 3756 adversantem
1306 3699 1395 3756 vel
1417 3700 1933 3769 contradicentem,
1951 3706 2127 3773 atque

479 3790 593 3863 piis
613 3791 831 3847 nostris
853 3789 1066 3845 studiis
1088 3789 1349 3861 quolibet
1367 3790 1539 3844 modo
1559 3787 1957 3861 insidiantem,
1984 3807 2123 3845 ana-

478 3879 757 3935 thematis
776 3894 1054 3934 mucrone
1072 3878 1868 3951 percutimus,perpetuzeque
1885 3879 2125 3935 ultionis

478 3983 645 4024 reum
666 3967 954 4023 diabolica
973 3971 1128 4023 sorte
1149 3968 1534 4037 damnamus;
1561 3972 1625 4021 ut
1642 3967 1871 4023 culmen
1892 3973 2123 4040 aposto-

476 4054 659 4112 licum
700 4072 860 4112 more
910 4056 1403 4127 praedecessorum
1437 4061 1792 4126 nostrorum,
1825 4072 2123 4127 causaque

473 4143 576 4199 Dei
602 4160 704 4215 pro
732 4144 937 4198 affectu
960 4143 1213 4199 zelantes
1236 4143 1307 4201 ab
1337 4143 1595 4198 adversis
1617 4143 1753 4197 hinc
1774 4143 1909 4199 inde
1940 4145 2119 4216 parti-

471 4230 584 4285 bus
624 4230 986 4285 muniamus.
1018 4230 1445 4286 Auctoritate...
1480 4236 1796 4286 mereatur.

540 4317 688 4374 Data
713 4336 767 4373 1v
782 4318 977 4374 Nonas
999 4318 1314 4387 Februarii,
1340 4318 1658 4376 indictione
1677 4337 1730 4388 v,
1752 4337 1853 4392 per
1875 4337 2115 4377 manum

466 4405 866 4476 Hildebrandi,
882 4407 1281 4465 cancellariiS.
1302 4407 1453 4465 Petri
1474 4413 1649 4481 atque
1673 4410 1904 4466 abbatis
1924 4412 2111 4467 sancti

466 4496 655 4553 Pauli.

1137 4641 1432 4698 CXLVIII.

458 4747 762 4832 Alexandri
809 4764 986 4832 “papae
1040 4750 1099 4832 I.I
1121 4792 1135 4817 ,
1176 4750 1558 4832 privilegium
1609 4766 1710 4832 pro
1774 4754 2106 4832 monasterio

708 4819 764 4875 S.
796 4819 1098 4877 Saluatoris
1138 4819 1205 4876 eti
1228 4820 1282 4876 S.
1315 4822 1478 4876 Julia
1518 4819 1853 4879 Brixiensis.

901 4936 1087 5007 (Anno
1118 4936 1277 5006 1063,
1309 4934 1519 5008 Aprilis
1550 4937 1661 5007 19.)

452 5048 827 5127 [Mmoaamr
845 5050 1170 5127 Baliarium
1198 5052 1511 5127 Casjnense,
1542 5054 1686 5127 tom.
1714 5053 1799 5127 ΔΙΙ,
1842 5070 1975 5127 pag.
2006 5057 2099 5127 98,

615 5070 812 5108 GARINI
845 5070 1170 5106 uuuarium
1198 5070 1511 5119 casmense,
1542 5070 1686 5106 tom.
1732 5070 1799 5121 ιι,
1842 5070 1915 5124 pa

615 5141 683 5180 ex
712 5122 966 5180 archivio
998 5128 1250 5179 monast.
1283 5122 1340 5177 S.
1372 5122 1540 5177 Julias
1572 5070 1955 5199 Brixicnsisf

517 5274 859 5331 Anaxsunsn
890 5276 1221 5348 episcopus,
1246 5289 1449 5330 servus
1482 5289 1784 5330 servorum
1812 5275 1934 5340 Dei,
1960 5278 2093 5334 cha-

446 5354 694 5415 rissima:
717 5363 775 5418 in
794 5365 1024 5420 Christo
1044 5364 1178 5419 filiae
1200 5371 1392 5429 Amm,
1417 5362 1731 5419 abbatissae
1756 5369 2094 5422 monasterii

443 5445 675 5502 Domini
701 5449 1037 5524 Salvatoris,
1061 5457 1119 5509 et
1147 5456 1358 5509 sancta:
1376 5450 1547 5507 Juliae
1577 5452 1822 5524 virginis
1851 5459 1908 5510 et
1937 5472 2091 5513 mar-

441 5534 752 5617 yris,quod
778 5539 1004 5603 Novum
1027 5542 1262 5617 dicitur,
1278 5544 1336 5603 et
1354 5540 1416 5599 in
1441 5540 1675 5601 civitate
1688 5542 1885 5604 Brixia
1906 5546 2091 5604 situm

2248 845 2358 906 est,
2393 841 2637 911 ejusque
2667 841 2988 911 sororibus,
3020 845 3138 896 tam
3169 842 3537 913 praesentibus
3562 860 3706 915 quam
3734 846 3794 900 in-

2246 930 2403 985 turis
2434 930 2491 984 in
2536 934 2906 1001 perpetuum.

2317 1018 2593 1075 Convenit
2614 1019 2932 1090 apostolico
2957 1020 3340 1076 moderamini
3358 1020 3449 1091 pia
3461 1019 3698 1093 religione
3712 1024 3796 1094 pol-

2248 1107 2526 1174 lentibus,
2554 1108 2834 1164 benevola
2853 1108 3259 1179 compassione
3286 1124 3622 1176 succurrere,
3641 1114 3685 1166 et
3706 1127 3796 1182 pos-

2247 1196 2504 1251 centium
2520 1213 2587 1251 an
2601 1196 2734 1252 imis
2751 1196 2927 1253 alacri
2941 1196 3245 1253 devotione
3261 1197 3531 1268 impertiri
3546 1214 3796 1255 assensum.

2249 1285 2514 1356 Poposcit
2551 1286 2790 1356 quidem
2839 1303 2873 1341 a
2924 1285 3092 1342 nobis
3137 1287 3427 1342 veneratio
3463 1290 3572 1353 tua,
3602 1286 3801 1359 religiosa

2242 1374 2388 1430 Alda
2406 1374 2726 1443 abbatissa,
2751 1377 3041 1446 quatenus
3063 1375 3477 1432 monasterium
3497 1376 3688 1431 Domini
3709 1376 3796 1431 Sal-

2244 1464 2482 1529 vatoris,
2513 1468 2570 1517 et
2600 1468 2816 1519 sanctae
2846 1464 3015 1519 Julia:
3046 1465 3291 1537 virginis
3321 1468 3377 1520 et
3404 1465 3663 1537 martyris,
3679 1470 3798 1520 cete-

2245 1568 2427 1621 raque
2480 1554 2859 1619 monasteria,
2891 1570 3026 1609 cum
3065 1554 3354 1610 universis
3404 1553 3633 1609 basilicis
3670 1554 3721 1609 ad
3756 1569 3797 1608 se

2246 1640 2695 1711 pertinentibus,
2729 1642 2885 1712 quod
2932 1660 2967 1697 a
3012 1642 3293 1713 piissimae
3324 1646 3489 1698 Ausa:
3515 1642 3796 1713 reginajure

2167 1727 2215 1791 B
2244 1734 2644 1785 constructum
2663 1747 2792 1787 esse
2810 1731 3094 1799 noscitur,
3112 1736 3324 1787 nostris
3345 1731 3669 1787 auctoritatis
3680 1730 3796 1801 privi-

2247 1817 2415 1888 legiis
2436 1824 2496 1873 et
2515 1819 2699 1873 secuti
2722 1819 2794 1874 ab
2817 1820 3289 1875 antecessoribus
3314 1819 3791 1884 nostris,decoretur.

2245 1908 2627 1978 Quapropter,
2658 1907 2772 1977 piis
2805 1908 3113 1963 desideriis
3161 1908 3371 1964 vestris
3401 1894 3700 1975 annuentes,
3721 1906 3791 1960 bac

2244 2001 2444 2051 nostra
2464 1997 2810 2052 auctoritate
2832 1998 2911 2066 id,
2936 1998 3091 2067 quod
3115 2001 3268 2053 recte
3288 1997 3613 2068 exposcitur,
3632 1994 3791 2051 eliectui

2242 2084 2669 2157 mancipamus.
2703 2086 2808 2141 Per
2838 2086 3141 2157 praesentis
3172 2086 3350 2157 igitur
3378 2084 3564 2157 scripti
3591 2084 3790 2156 paginam

2241 2173 2677 2241 constituimus,
2704 2178 2771 2230 ut
2794 2174 2948 2229 idem
2974 2175 3400 2231 monasterium
3422 2174 3522 2230 sub
3545 2171 3791 2245 apostolica

2241 2263 2397 2319 sedis
2429 2263 2806 2334 protectione,
2840 2266 2896 2318 et
2939 2262 3099 2335 regia
3128 2263 3462 2320 defensione
3489 2261 3789 2323 submissum,

2240 2350 2461 2406 nullius
2493 2367 2753 2423 unquam
2787 2352 3026 2406 alterius
3057 2351 3531 2421 juridictionibus
3557 2350 3788 2406 submitta-

2238 2444 2353 2509 tur,
2387 2440 2530 2495 adeo
2562 2443 2626 2494 ut
2656 2441 2968 2511 quisquam
3000 2441 3397 2508 sacerdotum,
3427 2440 3530 2495 nisi
3556 2439 3619 2495 ab
3655 2437 3787 2510 ipsius

2234 2528 2345 2585 loci
2377 2528 2676 2585 abbatissa
2725 2529 2901 2585 fuerit
2930 2530 3235 2601 invitatus,
3271 2546 3375 2585 nec
3424 2530 3694 2585 missarum
3731 2522 3784 2578 ibi

2234 2616 2524 2674 solemnia
2553 2617 2842 2679 celebrare
2872 2622 3211 2688 praesumat.
3245 2617 3624 2675 Possessiones
3645 2619 3782 2670 autem

2231 2706 2420 2779 ipsius
2444 2706 2572 2775 loci,
2602 2724 2727 2779 quas
2756 2707 2828 2762 ab
2850 2706 2981 2763 aliis
3004 2707 3278 2765 fidelibus
3301 2707 3549 2780 legaliter
3572 2717 3783 2762 concessa

2234 2800 2393 2865 sunt,
2421 2796 2547 2862 tibi,
2570 2796 2807 2867 tuisque
2827 2797 3153 2867 sororibus,
3179 2802 3238 2853 et
3266 2797 3358 2853 his
3379 2813 3499 2869 quae
3519 2798 3631 2868 post
3652 2807 3725 2848 vos
3742 2789 3783 2844 in

2233 2885 2433 2941 eadem
2456 2884 2735 2957 religione
2751 2885 3138 2959 susceperint,
3163 2887 3601 2943 conﬁrmamus:
3627 2880 3787 2939 scilicet

2235 2972 2908 3042 curtas,villas,castella,
2923 2992 3057 3030 cum
3083 2976 3364 3032 omnibus
3382 2971 3690 3037 basilicis,in
3705 2973 3783 3024 ter-

2158 3096 2201 3162 ρ
2238 3063 2319 3119 ris
2341 3064 2469 3134 jam
2500 3063 2652 3119 dicto
2680 3064 3031 3120 monasterio
3052 3064 3478 3137 pertinentibus
3500 3056 3786 3119 constructis.

2238 3157 2291 3209 et
2313 3152 2513 3208 omnia
2530 3152 2718 3209 eidem
2742 3154 3093 3209 monasterio
3117 3154 3483 3226 pertinentia.
3505 3155 3786 3219 Quaecunque

2239 3245 2516 3313 praeterea
2530 3241 2590 3295 in
2610 3241 2893 3311 futurum,
2908 3241 3195 3313 largiente
3213 3243 3503 3314 Deo,juste
3519 3243 3663 3311 atque
3675 3248 3788 3291 cano-

2239 3330 2367 3385 nice
2380 3329 2646 3401 poteritis
2663 3329 3225 3402 adipisci,ﬁrmatibi
3245 3332 3475 3403 tuisque
3491 3319 3786 3385 successatri-

2238 3418 2487 3488 cibus,et
2506 3418 2692 3474 eidem
2716 3419 3328 3486 monasterio,illibata
3346 3437 3455 3492 que
3473 3412 3784 3490 permanan

2241 3507 2615 3563 Decernimus
2631 3523 2766 3579 ergo
2789 3511 2853 3562 ut
2872 3507 3073 3564 nullus
3092 3498 3783 3581 episcopus,dux,marchioi

2236 3595 2885 3663 comes,vicecomcs,vel
2915 3597 3112 3668 aliqua
3134 3609 3636 3670 magna,parvaque
3652 3600 3784 3663 perso-

2233 3701 2327 3755 na,
2343 3684 2496 3739 idcm
2515 3685 2865 3740 monasteria
2877 3701 2932 3740 m
2949 3689 3169 3742 temere
3184 3688 3393 3743 audeat
3411 3675 3782 3757 perturbare,aut

2232 3773 2362 3843 ejus
2393 3773 2792 3845 possessiones
2826 3775 3071 3842 auferre,
3095 3774 3190 3831 vel
3220 3776 3440 3832 ablatas
3469 3772 3691 3831 retinere,
3708 3761 3780 3818 ωἱ·

2232 3877 2431 3929 nuere,
2467 3862 2553 3916 vel
2604 3863 2931 3919 temerariis
2983 3866 3389 3921 vexationibus
3434 3863 3670 3933 fatigare;
3713 3854 3779 3906 aut

2232 3949 2418 4005 ullum
2433 3951 2765 4006 districtum
2786 3952 2844 4005 in
2862 3952 3161 4023 aliquibus
3178 3954 3322 4010 locis
3338 3952 3513 4025 ipsius
3525 3937 3777 4005 monasterii

2222 4039 2488 4109 judicare
2505 4058 2518 4095 :
2533 4055 2634 4095 seu
2654 4040 2889 4111 aliquod
2910 4041 3213 4113 placitum,
3229 4044 3446 4114 absque
3463 4032 3779 4095 licentiaabat-

2226 4127 2383 4183 tissae
2415 4127 2628 4183 habere
2659 4132 2975 4200 praesumat
3005 4147 3018 4195 ;
3053 4135 3157 4185 aut
3187 4130 3413 4202 aliquas
3462 4143 3545 4182 res
3585 4118 3776 4194 ejusdem

2228 4217 2565 4272 monasterii
2595 4218 2799 4289 quovis
2822 4219 2994 4275 modo
3023 4218 3299 4283 alienare,
3327 4218 3409 4273 vel
3440 4217 3511 4272 ibi
3532 4207 3775 4270 molestiam

2223 4304 2472 4373 inferre;
2507 4311 2608 4361 aut
2639 4308 2890 4375 fodrum,
2921 4307 3009 4364 vel
3040 4308 3542 4371 mansionaticum,
3563 4317 3644 4357 seu
3666 4295 3772 4365 rip“

2224 4394 2425 4463 ticum,
2462 4399 2563 4449 aut
2592 4401 2844 4467 paratas,
2877 4397 2999 4453 sive
3036 4396 3270 4470 aliquas
3300 4398 3503 4453 audeat
3529 4386 3774 4448 functiones

2140 4465 2187 4530 D
2217 4483 2474 4556 exigere;
2503 4486 2603 4540 sed
2626 4487 2824 4542 omnia
2844 4486 3071 4559 integra
3088 4491 3499 4543 conserventur
3513 4482 3774 4542 earumipl‘0

2219 4589 2467 4643 quarum
2527 4574 2957 4630 sustentatione
3005 4580 3061 4630 et
3109 4574 3523 4647 gubernatione
3570 4571 3774 4623 concessa

2218 4664 2374 4730 sunt,
2396 4661 2604 4717 usibus
2626 4663 2901 4718 omnibus
2928 4665 3256 4735 profutura.
3280 4663 3530 4719 Decimas
3554 4656 3770 4729 prater“,

2216 4752 2274 4803 et
2290 4749 2579 4820 primitias
2599 4750 2870 4807 laborum
2889 4756 3241 4817 vestrorum,
3255 4759 3310 4809 et
3325 4751 3623 4807 districtum
3639 4748 3774 4796 servo-

2215 4854 2367 4905 rum,
2401 4841 2458 4893 et
2505 4838 2900 4896 laboratorum
2932 4842 3002 4896 ad
3033 4845 3294 4897 vestrum
3328 4836 3622 4896 coenobium
3645 4822 3772 4915 perii:

2214 4926 2501 4994 nentium,
2531 4930 2970 4985 confirmamus.
3005 4931 3151 4985 Sane
3183 4929 3475 4986 abbatissa
3514 4921 3668 4995 ipsius
3689 4912 3766 4967 Ιοεῐ

2210 5014 2506 5071 licentiam
2538 5017 2749 5073 habeat
2800 5019 2871 5073 ad
2922 5019 3203 5075 honorem
3258 5018 3358 5074 Dei
3404 5010 3643 5072 ecclesias
3672 5013 3767 5057 con-

2210 5105 2495 5170 struendi,
2530 5110 2871 5175 mercatum,
2899 5112 2957 5163 et
2986 5108 3226 5163 castella
3255 5108 3314 5162 in
3348 5105 3506 5162 torris
3534 5099 3595 5157 ad
3620 5087 3768 5167 ρτεῖν

2207 5197 2332 5248 tum
2365 5194 2784 5250 monasterium
2819 5197 3271 5267 pertinentibus,
3298 5196 3600 5262 ubicunque
3623 5179 3764 5236 volue-

2205 5280 2298 5349 rit,
2315 5298 2415 5352 pro
2438 5282 2688 5338 utilitate
2711 5286 3046 5340 monasterii
3074 5274 3691 5363 construendi.0beuule

2204 5369 2292 5423 vel
2315 5350 2534 5441 aliqua
2582 5371 2768 5442 ipsius
2819 5375 3156 5429 monasterii
3207 5374 3515 5437 abbatissa,
3562 5358 3691 5418 nulla
3712 5350 3763 5405 ibi

2203 5457 2459 5530 qualibet
2480 5459 2872 5531 subreptionis
2894 5462 3110 5519 astutia
3132 5464 3509 5536 praeponatur,
3524 5449 3619 5509 nisi
3635 5451 3761 5519 quiIn

2201 5563 2429 5607 sorores
2454 5548 2753 5608 communi
2785 5566 3099 5631 consensu,
3125 5551 3212 5612 vel
3239 5562 3495 5612 sororum
3519 5554 3636 5621 par!
3656 5545 3756 5594 ωε·
