4036 6184
315 308 467 365 1421

1484 315 1887 375 EPISTOLE
1935 317 2031 376 ET
2076 317 2558 381 DlPLOMA'I‘A.

3561 333 3584 388 1
3598 333 3715 392 422

312 436 429 492 silii
462 438 735 507 sanioris,
767 444 1090 498 secundum
1123 443 1221 498 Dei
1252 444 1523 499 timorem
1555 449 1611 499 et
1649 445 1803 501 beati
1852 450 1956 500 Be-
1990 448 2035 513 Α
2076 464 2226 502 mus.
2252 449 2906 521 Utsenatorconstituit,
2927 455 3365 529 multorumque
3381 465 3716 517 nostrorum

313 527 527 582 nedicti
557 528 821 600 regulam
852 530 1147 602 elegerint.
1182 532 1450 588 Chrisma
1479 550 1732 605 quoque,
1765 535 1958 589 oleum

313 621 584 670 sanctum
616 618 938 672 consecrati
954 619 1072 674 mis
1094 618 1368 674 altarium
1391 625 1565 692 atque
1583 621 1959 678 basilicarum

312 704 701 760 ordinationis
730 706 1063 776 abbatissae,
1083 707 1169 762 vel
1199 711 1623 765 monachorum
1650 713 1767 767 sive
1789 711 1957 767 cleri-

314 810 540 864 corum,
575 795 675 865 qui
708 794 779 848 ad
812 813 1010 851 sacros
1042 798 1259 852 fuerint
1290 799 1521 854 ordines
1559 801 1957 871 promovendi,

314 899 418 938 seu
460 882 745 955 quidquid
767 885 838 938 ad
861 901 1093 940 sacrum
1121 888 1460 957 mysterium
1489 889 1757 959 pertinet,
1781 907 1815 944 a
1836 889 1967 959 qui:

314 972 661 1043 buscunque
685 972 988 1028 catholicis
1006 974 1355 1045 praesulibus
1378 976 1652 1038 malueris
1666 978 1959 1048 postulare

314 1059 497 1132 gratis
509 1061 905 1127 concedimus,
923 1067 979 1116 et
991 1062 1212 1134 absque
1236 1064 1685 1135 reprehensione
1698 1066 1958 1121 tribuen-

312 1149 925 1221 da,sicutAnselperga
938 1151 1127 1223 prima
1138 1152 1439 1207 abbatissa
1453 1154 1716 1223 ejusdem
1731 1170 1958 1209 monas-

310 1238 442 1292 terii
460 1255 493 1292 a
506 1238 682 1293 Paulo
697 1239 876 1294 beatae
891 1242 1185 1296 memoriae
1201 1242 1530 1313 apostolicae
1545 1243 1701 1299 sedis
1726 1244 1958 1316 pontiﬁ-

295 1325 512 1397 'ce,pro
535 1326 846 1397 fragilitate
860 1328 1611 1395 femineiexus,obtinuit.Si
1635 1348 1753 1403 qua
1782 1332 1961 1403 igitur

312 1414 374 1470 in
415 1415 682 1470 futurum
713 1414 1110 1473 ecclesiastica
1162 1416 1530 1474 secularisve
1555 1436 1823 1491 persona,
1869 1423 1959 1474 te-

312 1504 566 1559 merario
594 1520 768 1572 ausu,
802 1506 956 1575 quod
994 1523 1105 1560 non
1138 1512 1434 1577 optamus,
1468 1513 1669 1564 contra
1706 1508 1817 1563 hoc
1856 1524 1960 1563 no-

314 1596 501 1647 strum
518 1591 886 1665 privilegium
910 1598 1125 1650 temere
1148 1596 1344 1652 venire
1368 1596 1958 1665 tentaverit,secundo

310 1682 554 1736 tertiove
594 1681 1028 1748 commonita,si
1086 1700 1200 1738 non
1261 1683 1657 1740 satisfactione
1702 1701 1961 1756 congrua

316 1770 733 1841 emendaverit,
780 1771 1106 1842 potestatis,
1149 1772 1505 1844 honorisque
1535 1773 1627 1828 sui
1676 1774 1960 1844 dignitate

319 1862 533 1924 careat,
566 1874 848 1931 reamque
879 1877 941 1915 se
963 1860 1158 1916 divino
1182 1861 1406 1931 judicio
1436 1861 1684 1917 existere
1713 1863 1783 1917 de
1803 1878 1960 1917 com-

314 1948 501 2004 missa
542 1947 852 2020 iniquitate
901 1954 1237 2020 cognoscat,
1286 1954 1462 2021 atque
1501 1967 1535 2005 a
1562 1950 1961 2006 sacratissimo

315 2036 414 2091 Dei
432 2043 489 2091 et
500 2036 731 2092 Domini
747 2038 840 2092 red
852 2038 1131 2108 emptoris
1146 2040 1328 2094 nostri
1339 2043 1369 2092 J
1377 2055 1476 2093 esu
1492 2038 1704 2095 Christi
1723 2056 1963 2111 corpore

312 2130 369 2181 et
380 2126 669 2197 sanguine
684 2127 874 2182 aliena
886 2127 1083 2193 ﬁat,ac
1097 2127 1155 2181 in
1174 2132 1432 2183 extremo
1455 2128 1719 2183 examine
1731 2128 1961 2183 distric-

288 2218 386 2271 ιω
416 2214 627 2270 ultioni
658 2215 981 2284 subjaceat.
1003 2216 1243 2271 Cunctis
1265 2221 1461 2271 autem
1484 2216 1670 2271 eidem
1691 2215 1815 2272 loco
1825 2218 1963 2286 jura

313 2320 426 2359 sua
456 2304 827 2359 servantibus
857 2304 934 2360 sit
958 2320 1073 2375 pax
1092 2304 1322 2359 Domini
1352 2304 1541 2360 nostri
1563 2305 1704 2360 Jesu
1725 2304 1962 2373 Christi,

312 2396 607 2464 quatenus
629 2397 687 2447 et
716 2392 811 2448 hic
845 2394 1099 2448 fructum
1129 2393 1293 2449 bona
1326 2394 1573 2449 actionis
1619 2393 1961 2465 percipiant,

314 2485 375 2536 et
404 2481 556 2552 apud
591 2481 928 2537 districtum
958 2481 1224 2537 Judicem
1259 2482 1497 2553 prazmia
1530 2486 1757 2538 aeternas
1802 2481 1964 2553 pacis

315 2569 637 2626 inveniant.
665 2571 869 2624 Amen.

388 2658 684 2730 Scriptum
717 2674 821 2729 per
859 2675 1103 2714 manum
1130 2660 1365 2716 Antonii
1398 2659 1709 2732 regionarii
1731 2659 1959 2715 notarii.

320 2754 376 2803 et
399 2746 669 2804 scrinarii
719 2753 937 2803 sanctae
976 2748 1260 2804 Romanae
1311 2749 1596 2821 Ecclesiae,
1646 2749 1963 2805 indictione

320 2836 532 2907 prima.

388 2928 598 2980 Datum
618 2941 723 2979 xm
744 2924 868 2979 Kal.
897 2924 1162 2997 Maii,per
1178 2941 1423 2981 manum
1444 2926 1689 2982 Joannis
1705 2925 1962 2999 episcopi

316 3018 534 3069 sanctae
563 3013 911 3068 Albanensis
940 3013 1201 3069 Ecclesize
1224 3018 1282 3069 et
1302 3014 1725 3070 bibliothecarii
1749 3019 1961 3070 sanctae

318 3101 593 3157 Romana:
624 3101 916 3172 Ecclesiae,
946 3120 1100 3158 anno
1124 3102 1353 3158 Domini
1377 3103 1561 3158 nostri
1589 3105 1725 3158 Jesu
1748 3103 1962 3158 Christi

2070 539 2563 607 prmdecessorum
2596 546 2651 596 et
2671 558 2912 614 regnum
2932 545 3273 600 auctoritate
3290 546 3587 604 firmatum
3605 556 3715 617 est,

2069 624 2231 681 nulla
2251 628 2550 683 abbatissa
2570 628 2690 685 illic
2713 631 3032 696 ordinetur,
3059 633 3171 688 nisi
3195 650 3370 705 quam
3387 639 3714 695 secundum

2069 715 2329 783 regulam
2358 717 2511 772 beati
2534 719 2830 774 Benedicti
2862 721 3134 777 universa
3162 739 3232 778 ex
3252 724 3455 779 eadem
3476 742 3716 798 congre-

2067 804 2299 872 gatione
2329 808 2698 877 congregatio
2726 807 2984 879 elegerit.
3018 812 3086 865 Et
3116 828 3226 878 res,
3279 829 3426 883 quas
3464 810 3713 871 senator

2069 908 2171 962 pro
2194 896 2457 950 mercede
2478 896 2685 950 animae
2707 914 2825 951 sua:
2839 899 2906 951 ad
2924 899 3197 954 alendum
3214 902 3707 976 sanctimoniales,

2065 980 2153 1035 vel
2180 982 2473 1052 quidquid
2507 984 2587 1039 ibi
2620 986 2917 1040 monachae
2947 988 3224 1043 ordinata:
3272 990 3709 1061 acquisiverint,

2065 1067 2154 1122 vel
2186 1069 2285 1124 Dei
2311 1071 2712 1127 misericordia
2731 1074 3031 1144 acquirere
3055 1081 3389 1146 potuerunt,
3415 1083 3481 1133 ut
3502 1080 3711 1136 multo-

2068 1174 2199 1211 rum
2232 1174 2434 1229 regum
2455 1161 2757 1232 praeceptis
2788 1165 3076 1217 statutum
3100 1168 3417 1230 est,nostra
3438 1166 3709 1237 tuitione,

2069 1247 2425 1316 protectione
2454 1254 2627 1321 atque
2656 1266 2815 1317 cura,
2849 1250 3010 1305 omni
3041 1251 3327 1317 molestia,
3384 1255 3712 1324 apostolicae

2068 1334 2226 1389 sedis
2249 1336 2915 1407 auctoritate,immunes
2928 1355 3267 1395 conservare
3287 1340 3711 1413 disposuimus,

2068 1427 2134 1476 ut
2163 1439 2267 1477 nec
2295 1424 2622 1481 Ticinensis
2646 1443 2902 1497 presens
2927 1427 3258 1500 episcopus,
3292 1433 3394 1484 aut
3421 1432 3521 1502 qui
3553 1431 3716 1487 inan-

2069 1521 2162 1566 tea
2180 1512 2307 1582 ejus
2330 1513 2449 1569 vice
2471 1515 2777 1569 ordinatus
2798 1515 3260 1588 fuerit,aliquam
3280 1517 3606 1574 molestiam
3632 1519 3719 1574 in-

2070 1600 2236 1664 ferat,
2270 1618 2376 1655 nec
2408 1602 2593 1657 ullum
2625 1603 2972 1675 dominium,
2998 1620 3103 1659 nec
3123 1605 3381 1677 aliquam
3400 1608 3715 1679 subjectio-

2070 1704 2202 1744 nem
2235 1689 2370 1745 inde
2392 1690 2620 1759 habeat,
2655 1707 2760 1747 nec
2789 1693 2967 1747 etiam
2999 1694 3331 1749 celebrandi
3362 1695 3562 1766 aliqua
3588 1696 3717 1752 ofﬂ-

2070 1777 2160 1831 cia
2192 1777 2347 1832 intra
2374 1782 2642 1834 teneatur
2671 1781 3116 1847 monasterium,
3141 1782 3257 1836 nisi
3289 1799 3467 1839 causa
3486 1784 3716 1840 concilii

2068 1865 2157 1920 vel
2189 1866 2666 1931 consecrationis,
2701 1884 2835 1922 cum
2860 1867 3141 1924 invitatus
3171 1869 3364 1926 fuerit.
3400 1872 3470 1925 Et
3490 1871 3540 1927 si
3569 1872 3719 1927 Tici-

2075 1954 2270 2010 nensis
2299 1970 2557 2026 praesens
2583 1954 2913 2026 episcopus,
2945 1961 3048 2010 aut
3076 1956 3295 2028 aliquis
3327 1974 3394 2013 ex
3422 1975 3721 2016 successo-

2071 2043 2237 2099 ribus
2268 2043 2391 2099 suis
2416 2060 2594 2099 causa
2617 2061 2733 2099 suae
2754 2044 3118 2100 auctoritatis
3139 2045 3228 2100 vel
3250 2047 3722 2117 potentias,aliter

2071 2132 2382 2203 disponere
2398 2132 2485 2186 vel
2506 2131 2777 2187 ordinare
2797 2131 3271 2202 voluerit,statim
3294 2135 3717 2191 monasterium

2071 2235 2175 2291 per
2205 2219 2460 2274 debitam
2494 2220 2888 2275 obedientiam
2920 2226 3132 2275 nostrae
3183 2221 3387 2276 ditioni
3437 2223 3717 2293 dimittat,

2072 2309 2211 2379 quia
2241 2325 2346 2363 nec
2378 2325 2506 2377 nos,
2539 2319 2645 2363 nec
2665 2307 2877 2379 aliquis
2900 2308 3069 2363 aliter
3097 2325 3273 2380 quam
3302 2313 3537 2366 senator
3553 2312 3718 2367 bona)

2073 2398 2390 2468 memoriis,
2415 2415 2547 2452 cum
2571 2398 2688 2453 Deo
2705 2399 3059 2453 constituere
3081 2398 3442 2455 valemus.Et
3463 2415 3555 2456 res
3579 2416 3721 2457 suas

2070 2486 2129 2540 in
2158 2485 2497 2542 Dertonensi
2515 2486 2850 2557 episcopatu
2880 2486 3124 2557 positas,
3144 2488 3214 2542 ad
3232 2486 3544 2543 utilitatem
3567 2505 3723 2546 soro-

2072 2590 2225 2639 rum,
2259 2574 2524 2629 videlicet
2550 2574 2822 2646 Viqueria
2848 2590 2984 2629 cum
3015 2573 3240 2645 capella
3269 2575 3465 2631 Sancti
3490 2576 3721 2647 Hilarii,

2072 2662 2352 2718 cassellas
2366 2667 2426 2718 et
2447 2663 2887 2718 Fauratunrlum
2903 2679 3037 2718 cum
3060 2662 3303 2734 capellis
3323 2664 3550 2720 Sanctae
3573 2666 3720 2721 Mar-

2071 2750 2289 2823 garitae,
2325 2768 2456 2806 cum
2490 2751 2824 2822 integritate
2854 2750 2946 2805 sui
2976 2752 3215 2806 honoris
3246 2752 3370 2808 sine
3399 2753 3559 2809 omni
3590 2771 3715 2811 mo-

2070 2838 2239 2894 lestia
2258 2841 2583 2894 teneant.ln
2599 2839 2900 2895 Parmensi
2915 2839 3205 2895 territorio
3228 2841 3434 2896 Rivum
3470 2843 3715 2915 Nigrum

2070 2932 2128 2983 et
2152 2926 2537 2983 Costicellam.
2572 2928 2634 2982 In
2668 2927 2985 2983 Veronensi
3009 2927 3347 3000 episcopatu
3366 2934 3590 2986 curtem
3613 2932 3715 2987 Co-

2071 3017 2222 3071 dena
2252 3020 2307 3071 et
2335 3016 2712 3081 Ambariana,
2744 3021 2800 3071 et
2831 3021 3070 3081 terram,
3105 3033 3232 3088 quae
3263 3020 3471 3073 Carcer
3517 3019 3714 3092 appel-

2071 3104 2265 3169 latur;
2296 3108 2352 3160 et
2380 3109 2620 3175 terram,
2643 3121 2772 3176 quae
2794 3106 2865 3159 ad
2886 3110 3238 3177 Area-rupta
3254 3106 3498 3173 dicitur;
3525 3112 3581 3163 et
3596 3112 3712 3163 ter-

318 3191 481 3257 1073,
514 3208 669 3247 anno
705 3208 839 3247 vero
870 3191 1248 3263 pontiﬁcatus
1274 3192 1473 3247 domni
1508 3192 1612 3247 PP.
1644 3189 1957 3247 Alexandri
1990 3178 2032 3243 C
2072 3210 2197 3248 ram
2229 3210 2356 3264 qua:
2387 3198 2478 3249 est
2506 3194 2577 3248 ad
2610 3194 2848 3248 Pontem
2872 3195 3044 3264 juxta
3074 3199 3302 3266 portam
3331 3196 3602 3254 civitatis.
3646 3199 3713 3255 In

317 3279 581 3336 Junioris
610 3297 695 3345 111,
736 3280 1055 3336 indictione
1084 3281 1295 3352 prima.

1029 3414 1259 3470 CXLIX.

319 3501 624 3558 Alexandri
649 3503 700 3559 II
728 3503 880 3559 bulla
909 3504 1324 3573 conﬁrmaloria
1352 3504 1602 3559 omnium
1637 3504 1964 3574 privilegio-

392 3591 519 3629 rum
549 3583 600 3629 et
620 3575 839 3643 jurium
862 3578 1190 3630 monasterii
1218 3592 1507 3630 sacrarum
1543 3577 1827 3646 virginum
1884 3576 1964 3629 Ti-

395 3648 724 3715 cinensz'um,
759 3646 900 3719 quod
927 3647 1236 3719 appellatur
1260 3648 1561 3702 Senartorz's.

939 3756 1130 3821 (Anno
1164 3754 1347 3821 1061.)

620 3859 971 3930 [ΜΟΗΑΤΟῈΙ,
1004 3859 1188 3929 Antiq.
1222 3860 1376 3925 Ilal.,
1406 3859 1475 3930 V,
1506 3859 1651 3926 993.]

390 3993 453 4048 In
485 3993 725 4049 nomine
746 3997 959 4049 sanctae
980 3997 1033 4047 et
1050 3992 1960 4063 individuzeTrinitatis,ALExm-

317 4097 430 4135 una
459 4081 809 4136 universalis
846 4098 1016 4152 papa.
1053 4081 1341 4146 Quoniam
1385 4081 1663 4136 universae
1696 4080 1961 4137 Ecclesiae

317 4173 438 4225 toto
462 4170 600 4226 orbe
630 4170 855 4225 dill'usa:
880 4170 1168 4235 studium,
1189 4186 1389 4224 curam
1403 4186 1469 4224 ac
1490 4169 1748 4241 regimen
1766 4170 1965 4225 divina

317 4257 705 4330 dispositione
730 4258 898 4314 nobis
920 4258 1396 4327 habendum,etsi
1418 4258 1961 4328 indigno,commis-

315 4362 451 4402 sum
481 4348 730 4414 videtur,
764 4364 867 4419 pro
890 4348 1083 4419 quiete
1115 4352 1173 4401 et
1199 4364 1338 4417 pace
1368 4345 1753 4400 Ecclesiarum
1784 4346 1837 4399 in
1866 4347 1959 4401 Dei

316 4436 667 4509 peragendis
698 4436 1066 4503 laudibus,et
1096 4440 1359 4491 nostrum
1394 4434 1965 4505 ofﬁcium,peragen-

2075 3281 2344 3337 Brixiano
2358 3282 2696 3353 episcopatu
2719 3283 2921 3337 ﬁctum
2946 3281 3140 3348 olei,et
3152 3287 3362 3339 terram
3375 3300 3522 3354 ,quae
3536 3290 3715 3342 Acar-

2074 3370 2250 3427 ferria
2278 3371 2511 3425 dicitur.
2548 3370 2610 3425 In
2641 3369 2934 3425 Laudensi
2964 3371 3301 3442 episcopatu
3330 3372 3530 3428 villam
3581 3374 3717 3430 Pul-

2073 3460 2414 3532 pignianam
2432 3475 2568 3514 cum
2591 3458 2816 3531 capella
2837 3459 3028 3514 Sancti
3046 3458 3369 3528 Michaelis,
3390 3465 3448 3516 et
3465 3461 3717 3535 Crispia-

2073 3551 2205 3605 dem
2238 3564 2373 3603 cum
2400 3547 2596 3603 Sancti
2630 3548 2890 3613 Andreae,
2915 3552 2972 3602 et
2999 3551 3237 3615 terram,
3269 3565 3396 3619 quae
3419 3550 3490 3605 ad
3510 3555 3717 3607 Becca-

2074 3636 2292 3693 nellum
2325 3640 2382 3690 et
2413 3635 2735 3707 Bagnolum
2762 3635 3028 3691 habetur.
3057 3637 3120 3690 In
3137 3635 3473 3694 Placentino
3495 3639 3719 3711 episco-

2073 3731 2212 3797 patu
2243 3725 2561 3780 Sa-rmitum
2582 3741 2717 3779 eum
2740 3723 2963 3796 capella
2985 3730 3198 3780 sanctas
3216 3726 3406 3780 Mariae
3430 3733 3483 3782 et
3508 3732 3716 3798 terras,

2073 3832 2200 3885 qum
2234 3831 2363 3870 esse
2392 3814 2465 3869 ad
2497 3813 2871 3870 Cantuariam
2902 3814 3210 3881 dicuntur;
3243 3818 3300 3869 et
3329 3831 3566 3871 mansos
3596 3821 3718 3872 tres

2073 3904 2144 3958 ad
2173 3904 2450 3959 Sanctum
2483 3902 2818 3974 Georgium.
2852 3903 2917 3956 In
2948 3906 3205 3957 Cumano
3236 3903 3573 3975 episcopatu
3595 3910 3716 3960 ter-

2072 4009 2197 4047 ram
2231 3992 2406 4047 etiam
2439 4008 2574 4047 cum
2607 3995 2777 4062 portu
2810 3994 2867 4045 et
2887 3994 3112 4046 curtem
3145 4007 3269 4061 qua;
3300 3996 3390 4047 est
3417 3986 3596 4064 supra
3623 3994 3711 4049 1a-

2071 4098 2205 4137 cum
2233 4082 2584 4150 Cumanum,
2617 4096 2750 4134 cum
2786 4079 2944 4133 omni
2977 4096 3084 4134 sua
3114 4078 3467 4151 integritate,
3512 4081 3713 4137 villam

2069 4170 2258 4237 Nessi,
2286 4169 2343 4224 in
2375 4169 2523 4224 valle
2550 4168 2879 4239 Volterinae,
2902 4184 3036 4224 cum
3065 4167 3310 4249 ecclesia
3330 4174 3544 4225 sanctae
3561 4173 3713 4243 Aga-

2070 4260 2184 4315 thre
2215 4261 2287 4314 de
2317 4258 2526 4326 Vcdeo,
2560 4275 2692 4313 cum
2726 4258 3000 4329 piscaria,
3033 4262 3090 4312 et
3119 4274 3251 4313 cum
3285 4264 3480 4314 monte
3501 4261 3573 4315 de
3599 4260 3715 4316 Ve-

2072 4353 2295 4417 terano,
2330 4353 2386 4401 et
2411 4348 2542 4401 aliis
2574 4347 2859 4416 ccclesiis,
2894 4347 3116 4401 scilicet
3157 4350 3368 4403 Sancta
3422 4350 3603 4405 Maria
3645 4351 3720 4406 de

2072 4439 2604 4505 Massemanego,et
2625 4436 2876 4489 Sanctus
2897 4435 3191 4501 Julianus,
3217 4436 3418 4505 quiest
3440 4437 3498 4491 in
3524 4442 3720 4493 monte

319 4524 394 4579 do
425 4526 950 4596 congauderemus,
972 4523 1666 4595 earumquecalamitates
1688 4522 1962 4593 etlapsus
1993 4543 2039 4607 D
2072 4525 2141 4578 de
2174 4528 2633 4593 Massemanego,
2658 4527 2713 4577 et
2729 4527 2979 4576 Sanctus
2998 4522 3291 4589 Quiricus,
3324 4525 3422 4593 qui
3449 4525 3723 4593 estjuxta

306 4612 477 4667 omni
515 4613 821 4669 conanime
851 4613 1174 4685 suppositis
1206 4612 1467 4667 humeris
1496 4610 1959 4682 sublevaremus,

312 4700 515 4755 solerti
546 4702 741 4756 studio
772 4718 992 4772 regere.
1026 4703 1372 4773 gubernare,
1395 4701 1543 4755 tueri
1567 4704 1740 4771 atque
1762 4701 1962 4756 defen-

314 4789 453 4844 dere
482 4806 601 4855 eas,
638 4790 991 4861 competenti
1024 4791 1220 4845 labore
1250 4790 1613 4845 incessanter
1644 4794 1840 4845 nostra
1868 4806 1963 4860 pa-

310 4880 484 4932 terna
513 4882 779 4949 satagere
811 4880 980 4934 debet
1004 4896 1163 4947 cura,
1190 4885 1500 4949 quatenus,
1521 4878 1616 4932 Dei
1641 4878 1963 4949 opitulante

315 4966 650 5033 clementia,
672 4966 991 5037 aluporum
1014 4967 1299 5036 faucibus,
1316 4972 1534 5038 quanto
1553 4966 1684 5039 plus
1707 4966 1963 5037 aliquam

319 5060 658 5111 nostrarum
692 5056 885 5111 ovium
918 5073 1120 5128 rapere
1152 5057 1454 5128 indagant,
1486 5063 1649 5111 tanto
1673 5057 1859 5127 magis
1879 5072 1967 5111 so-

314 5140 452 5196 lerti
484 5145 750 5200 custodia
778 5162 877 5200 eas
911 5152 1305 5217 protegamus,
1328 5151 1389 5199 ut
1417 5145 1484 5200 ad
1511 5144 1708 5200 caulas
1730 5145 1845 5201 veri
1865 5149 1965 5199 Pa-

316 5231 497 5286 storis
526 5232 740 5289 illaasas
770 5236 1084 5306 perducere
1117 5233 1435 5305 possimus.
1482 5236 1558 5289 Ea
1590 5240 1964 5305 propterpro-

318 5319 486 5376 cibus
519 5321 708 5377 Luriae
740 5323 1090 5378 venerabilis
1123 5323 1455 5387 abbatissre,
1498 5323 1770 5377 Romana:
1810 5322 1966 5377 seriis

316 5405 475 5477 ﬁlia},
511 5415 973 5482 cisterarumque
1003 5428 1271 5466 sororum
1294 5411 1424 5480 ejus
1440 5410 1775 5466 monasterii
1796 5412 1969 5465 Sena-

316 5496 486 5564 toris,
518 5498 578 5553 in
613 5498 834 5555 honore
864 5499 1221 5557 beatissima:
1257 5498 1358 5554 Dei
1415 5499 1727 5571 genetricis
1774 5499 1965 5554 Mariae

321 5587 671 5662 constructi,
693 5604 865 5649 aures
886 5592 1120 5649 nostras
1142 5588 1585 5647 accommodare
1606 5604 1722 5646 non
1742 5587 1969 5647 distuli-

2072 4612 2237 4666 illum
2275 4616 2552 4673 montem,
2585 4614 2641 4663 et
2675 4610 3194 4664 continisistarum
3218 4611 3601 4665 ecclesiarum
3632 4617 3723 4666 est

2074 4718 2106 4754 a
2137 4718 2306 4754 mane
2336 4698 2516 4753 curtis
2544 4699 2614 4752 de
2646 4698 2875 4751 Rubino
2908 4697 2964 4749 in
2999 4702 3196 4752 monte
3228 4703 3284 4752 et
3314 4698 3369 4751 in
3419 4698 3593 4769 plano
3634 4703 3726 4754 est

2074 4788 2383 4860 episcopus
2415 4788 2485 4842 de
2511 4787 2726 4850 Laude,
2758 4792 2815 4840 ct
2846 4803 2879 4839 a
2909 4802 3035 4839 sero
3069 4786 3139 4839 de
3170 4786 3451 4857 Coregho,
3489 4792 3547 4841 et
3596 4787 3722 4842 istae

2077 4882 2239 4933 terrae
2264 4877 2506 4930 istarum
2530 4874 2907 4929 ecclesiarum
2924 4874 3278 4929 tenenturab
3296 4875 3568 4930 omnibus
3588 4892 3720 4945 par-

2074 4968 2230 5022 tibus
2263 4981 2448 5037 usque
2482 4965 2539 5018 in
2572 4962 2804 5030 culmis,
2837 4968 2894 5018 et
2926 4980 2959 5017 a
2988 4963 3147 5018 nullo
3191 4964 3330 5018 hora
3371 4968 3573 5018 tenent
3619 4980 3724 5034 per

2078 5061 2262 5111 totum
2299 5070 2483 5123 usque
2515 5053 2572 5106 in
2594 5052 2785 5106 lacum
2820 5096 2833 5119 ,
2858 5053 3191 5107 conseretde
3216 5056 3412 5106 monte
3436 5052 3721 5109 Veterano

2076 5163 2110 5199 a
2142 5150 2338 5198 monte
2354 5142 2536 5197 Vallis
2558 5142 2819 5212 grandis,
2852 5158 2978 5212 qua:
3000 5141 3213 5195 dicitur
3230 5140 3410 5195 Vallis
3435 5141 3639 5211 Major,
3663 5146 3723 5197 et

2075 5250 2247 5303 aqua,
2281 5248 2407 5301 qua:
2440 5230 2657 5285 dicitur
2685 5230 2886 5298 Bidus,
2921 5246 2955 5282 a
2986 5246 3113 5283 sero
3145 5244 3248 5300 per
3302 5233 3491 5284 totum
3538 5229 3723 5287 Vallis

2077 5320 2296 5375 Mallaa
2322 5320 2499 5373 fundo
2525 5319 2935 5389 Aqumgrandre
2954 5334 3139 5388 usque
3164 5318 3234 5372 ad
3261 5316 3516 5389 culmen,
3542 5322 3599 5373 et
3620 5337 3722 5376 us-

2078 5426 2192 5481 que
2223 5408 2281 5462 in
2315 5408 2529 5461 cimam
2563 5406 2859 5461 culminis.
2895 5408 2956 5460 In
2991 5405 3411 5462 Mediolanensi
3434 5407 3726 5480 archiepi-

2079 5501 2319 5571 secpatu
2344 5496 2601 5551 Purlicia
2630 5512 2762 5550 cum
2796 5493 3037 5567 capellis
3068 5500 3220 5562 octo,
3251 5500 3308 5551 et
3331 5496 3506 5569 Alpes
3539 5497 3599 5552 in
3628 5498 3729 5554 Ca-

2079 5587 2325 5660 mussia,
2348 5590 2405 5643 et
2424 5585 2616 5643 lacum
2649 5589 3022 5661 Lugnascum
3053 5601 3187 5643 cum
3219 5585 3440 5663 picaria
3468 5589 3527 5651 et
3575 5599 3722 5647 nave
