3972 6182
416 262 571 322 1423

1703 256 2151 318 ALEXANDRI
2198 257 2248 317 ll
2294 257 2525 317 PAPIE

3573 265 3679 326 1121

416 408 770 465 quocunque
798 391 935 446 velit
964 396 1067 461 ire,
1100 394 1157 445 et
1188 390 1406 444 ﬂumen
1434 390 1613 445 Cusin
1637 405 1769 443 cum
1786 389 2055 460 piscaria.
2088 390 2145 456 Α
2173 389 2358 455 est,ad
2383 388 2739 459 agnitionem
2757 386 3501 459 omnigenarumlinguarum
3517 391 3678 452 hocsub

422 481 485 536 In
518 480 865 535 Taurinensi
894 478 1182 534 territorio
1211 482 1425 533 terram
1459 479 1528 532 de
1558 477 1804 550 Vanglo,
1838 482 1894 533 et
1943 496 2070 549 quae

415 569 476 624 in
508 569 874 624 Sanctadona
905 567 1217 622 habentur.
1253 568 1311 621 In
1335 567 1677 621 monarchia
1694 567 1885 621 adhuc
1911 568 2071 638 regia

418 658 627 728 viginti
651 655 911 727 quinque
933 672 1171 711 mansos
1184 673 1316 711 cum
1340 656 1562 727 capella
1584 656 1781 711 Sancti
1802 655 2067 711 Joannis.

415 746 476 800 in
507 745 799 800 Ticinensi
832 746 1116 800 suburbio
1148 746 1470 800 {ecclesiam
1504 745 1703 800 Sancti
1737 743 1967 817 Georgii
2016 748 2071 798 et

423 834 619 889 Sancti
643 834 899 905 Patricii,
920 834 979 889 in
995 834 1271 890 Roncalia
1289 839 1406 889 tres
1436 835 1801 889 Massaritias
1824 850 1891 887 ex
1907 837 2071 903 parte

425 923 622 996 Regia.
659 924 720 977 In
752 924 907 978 Pado
938 923 1211 994 piscaria,
1259 940 1385 993 qua}
1434 924 1651 977 dicitur
1698 921 2068 977 (Jollateralii.

423 1013 523 1067 Vel
555 1011 841 1083 quidquid
873 1012 1089 1067 habere
1120 1012 1391 1066 videntur
1420 1016 1541 1066 tam
1572 1012 1727 1066 intra
1781 1010 2070 1066 civitatem

419 1100 629 1172 Papiae,
673 1116 969 1171 quamque
1000 1104 1055 1155 et
1084 1101 1245 1167 foris,
1277 1100 1364 1155 vel
1407 1100 1745 1171 ubicunque
1796 1117 1898 1171 per
1946 1100 2071 1155 loca

420 1189 573 1243 infra
601 1188 868 1243 Italicum
890 1205 1134 1259 regnum
1160 1188 1488 1255 babent,vel
1506 1194 1617 1244 Deo
1632 1193 1946 1254 annuente,
1970 1189 2069 1257 ju-

420 1282 507 1333 ste
524 1278 823 1349 acquirere
853 1278 1171 1348 potuerint,
1194 1278 1353 1332 omni
1384 1281 1604 1332 remota
1622 1276 1907 1345 molestia,
1935 1293 2068 1330 cum

419 1366 752 1437 integritate
784 1366 875 1421 sui
894 1366 1382 1422 honoristeneant
1402 1371 1575 1436 atque
1596 1366 2071 1436 possideant,nec

420 1452 542 1508 ulla
568 1469 781 1525 magna
809 1452 895 1509 vel
930 1470 1106 1524 parva
1126 1471 1374 1525 persona
1394 1471 1492 1509 eas
1516 1453 1824 1508 molestare
1847 1470 2070 1524 praesu-

420 1545 560 1597 mat.
584 1542 640 1596 Si
660 1542 794 1612 quis
818 1542 997 1613 hujus
1019 1547 1232 1598 nostrae
1256 1542 1647 1597 institutionis
1668 1543 1943 1613 paginam
1969 1542 2070 1597 ali-

423 1647 536 1701 quo
584 1630 818 1702 ingenio
866 1630 1083 1685 violare
1128 1631 1589 1703 praesumpserit,
1633 1648 1700 1686 ex
1758 1636 1921 1701 parte
1970 1631 2068 1686 Dei

421 1719 840 1790 omnipotentis
864 1720 1108 1775 etbeataa
1129 1720 1390 1791 Virginis
1411 1720 1624 1789 Mariae,
1652 1724 1707 1773 et
1731 1724 2065 1774 sanctorum

420 1808 819 1879 apostolorum
855 1809 1001 1863 Petri
1034 1812 1091 1862 et
1122 1808 1302 1872 Pauli,
1336 1812 1390 1863 et
1431 1808 1693 1862 omnium
1728 1813 2064 1863 sanctorum

423 1912 530 1951 nec
561 1913 674 1950 non
707 1900 763 1950 et
792 1895 1120 1966 apostolicae
1143 1896 1299 1950 sedis
1331 1901 1387 1950 et
1418 1900 1638 1966 nostra,
1664 1896 1809 1951 sciat
1830 1914 1892 1952 se
1922 1914 2065 1952 aua—

422 1984 702 2039 thematis
733 1983 965 2039 vinculo
997 1984 1305 2056 alligatum
1335 2001 1483 2051 esse,
1518 1989 1694 2055 atque
1734 2002 1867 2040 cum
1914 1986 2065 2041 Juda

422 2073 716 2144 proditore
742 2077 799 2127 et
829 2088 961 2126 cum
994 2072 1269 2127 omnibus
1300 2072 1702 2142 reprobis,nisi
1730 2074 2062 2144 resipuerit,

420 2161 479 2215 in
503 2161 935 2231 luturojudicio
959 2164 1092 2215 ante
1116 2161 1616 2216 tribunalDomini
1636 2161 2063 2218 maledictionis

418 2250 767 2305 sententiam
784 2249 1084 2320 percipiat,
1107 2254 1354 2320 etpmnae
1377 2251 1613 2304 nomine
1631 2256 1864 2306 centum
1882 2252 2061 2307 libras

418 2339 544 2393 auri
574 2342 906 2410 componat,
940 2338 1312 2393 medietatem
1346 2355 1503 2409 papae
1527 2340 1858 2411 apostolicae
1882 2342 2057 2412 sedis,

414 2432 472 2482 et
489 2426 855 2482 medietatem
879 2426 1442 2498 monachabus,quae
1462 2426 1607 2482 inibi
1636 2429 1913 2483 ordinatae
1938 2430 2057 2484 fue-

412 2516 553 2570 rint.
585 2515 703 2570 Hoc
748 2532 880 2570 vero
917 2521 977 2569 ut
1024 2515 1309 2570 habeatur
1358 2518 1610 2585 ﬁrmius,
1667 2534 1773 2571 nos
1825 2518 2059 2589 propria

413 2620 591 2659 manu
625 2605 825 2659 subter
854 2604 1240 2673 ﬁrmavimus,
1264 2621 1330 2659 ac
1352 2605 1535 2659 nostri
1561 2605 1737 2675 sigilli
1764 2608 2058 2663 notatione

415 2692 688 2764 insigniri
715 2692 980 2747 fecimus.

480 2782 597 2850 Ego
629 2780 973 2847 Alexander,
998 2780 1242 2835 humilis
1273 2782 1603 2852 apostolicae
1640 2783 1795 2838 sedis
1827 2784 2053 2854 episco-

412 2886 544 2942 pus,
570 2869 678 2925 hoc
691 2869 1061 2941 privilegium
1084 2869 1264 2923 beata:
1288 2869 1478 2925 Mariae
1501 2876 1557 2925 et
1583 2872 1733 2926 beati
1755 2872 2054 2927 Aureliani

413 2975 592 3013 manu
623 2958 859 3030 propria
878 2958 1235 3013 conﬁrmavi.

484 3047 779 3118 Scriptum
811 3062 913 3117 per
934 3063 1145 3101 manus
1165 3046 1407 3102 Joannis
1430 3048 1731 3119 scriptoris
1753 3049 1920 3104 dictae
1942 3050 2051 3104 Ro-

412 3153 597 3193 manae
627 3134 913 3191 Ecclesiae.

483 3226 905 3281 Conﬁrmatum
929 3240 1031 3296 per
1053 3241 1265 3280 manus
1290 3226 1549 3298 Gregorii
1570 3226 1827 3298 episcopi
1862 3232 1919 3282 et
1938 3245 2056 3283 car-

408 3314 622 3371 dinalis
654 3318 863 3370 sanctae
895 3312 1226 3385 apostolicae
1256 3314 1433 3371 sedis.

477 3406 595 3477 Ego
629 3404 903 3473 Joannes,
930 3402 1195 3473 quamvis
1218 3402 1495 3474 indignus
1519 3404 1828 3475 episcopus
1852 3408 1907 3458 et
1929 3420 2051 3458 car-

407 3493 642 3560 dinalis,
675 3491 1023 3562 subscripsi.

477 3583 594 3655 Ego
647 3580 997 3652 Stephanus,
1057 3579 1338 3635 diaconus
1397 3584 1454 3635 et
1511 3580 1850 3649 cardinalis,
1918 3583 2053 3637 sub-

405 3670 636 3743 scripsi.

474 3761 591 3833 Ego
622 3760 990 3827 Benedictus,
1055 3758 1344 3813 diaconus
1388 3763 1447 3813 et
1494 3758 1854 3831 capellanus,
1909 3762 2048 3816 sub-

413 3848 644 3921 scripsi.

478 3940 593 4011 Ego
624 3941 850 4008 Petrus,
878 3937 1274 3993 subdiaconus
1298 3937 1570 3993 Romanis
1593 3936 1883 4006 Ecclesia,
1907 3939 2045 3995 sub-

405 4028 636 4099 scripsi.

475 4117 688 4172 Datum
722 4115 1011 4184 Laterani,
1040 4132 1092 4170 Vl
1128 4115 1414 4170 Kalendas
1439 4115 1597 4178 Maii,
1631 4132 1784 4170 anno
1807 4118 2048 4187 pontiﬁ—

402 4208 568 4260 catus
598 4203 878 4258 antedicti
898 4203 1209 4257 Alexandri
1238 4220 1397 4273 papae
1422 4221 1523 4269 xn,
1560 4221 1711 4259 anno
1738 4205 2050 4262 Dominica:

399 4290 826 4349 Incarnationis
858 4292 1016 4358 1061,
1048 4291 1366 4347 indictione
1388 4308 1510 4345 xm.

1167 4434 1274 4490 CL.

393 4523 698 4581 Alexandri
722 4523 771 4579 II
794 4523 1153 4596 prim'legz'nm
1206 4539 1309 4595 pro
1357 4524 1585 4578 ecclesia
1644 4524 1698 4579 S.
1748 4525 2047 4582 Saluatoris

584 4596 1024 4666 Wissegradensi,
1057 4614 1091 4651 α
1128 4596 1412 4652 ll’ratz's/ao
1443 4596 1579 4650 duce
1621 4596 1862 4651 condita.

1019 4705 1205 4777 (Anno
1238 4702 1419 4773 1063.)

802 4792 1040 4865 [MANSi,
1074 4791 1281 4847 Concz'l.
1315 4791 1463 4857 XIX,
1487 4791 1639 4862 909.]

464 4919 831 4983 ALEXANDER,
865 4932 1066 4972 servus
1115 4932 1412 4971 servorum
1464 4914 1585 4981 Dei,
1637 4914 1800 4969 urbis
1850 4916 2042 4972 Romae

394 5007 684 5077 episcopis
700 5010 755 5061 et
774 5006 941 5077 pupis
963 5006 1088 5061 suis
1108 5003 1565 5070 successoribus,
1591 5020 1695 5059 nec
1711 5021 1823 5059 non
1848 5006 2044 5061 catho-

392 5093 521 5150 licis
551 5096 862 5166 episcopis,
899 5099 1231 5164 sanctasque
1265 5093 1536 5147 Romanae
1556 5091 1822 5147 Ecclesiae
1846 5095 2041 5165 subje-

390 5181 498 5236 ctis
512 5185 761 5248 cunctis,
780 5184 1091 5254 utriusque
1116 5181 1705 5253 vitaaprosperitatem
1730 5188 1785 5236 et
1806 5188 2039 5253 aposto-

388 5267 561 5324 licam
596 5272 1059 5329 benedictionem
1092 5290 1126 5327 a
1157 5287 1390 5327 summo
1427 5275 1535 5325 Dco
1578 5286 1708 5324 cum
1762 5273 2039 5328 omnibus

388 5357 632 5412 sancﬁs.

459 5446 537 5501 Ea
567 5461 694 5516 quae
725 5449 1007 5507 Dominus
1030 5452 1204 5519 Deus,
1231 5468 1399 5506 suam
1424 5464 1526 5521 per
1547 5446 1943 5518 clementiam,
1966 5452 2038 5507 ad

387 5537 768 5611 augmentum
801 5541 1130 5611 apostolica:
1177 5540 1330 5601 sedis
1382 5538 1713 5598 condonare
1762 5539 2038 5615 dignatus

2181 478 2566 549 chirographo
2598 475 2905 548 propagari
2935 475 3217 531 volumus.
3258 476 3484 533 Primum
3522 482 3683 551 quidem

2181 566 2643 621 misericordiam
2676 566 2774 620 Dei
2802 582 2979 635 super
3009 582 3111 619 nos
3142 564 3391 619 dillusam
3416 566 3590 638 liquide
3616 589 3685 626 au-

2181 656 2546 710 nuntiamus.
2580 654 2969 709 Bohemorum
3001 654 3116 707 dux
3144 653 3565 720 Wratislaus,vir
3580 660 3680 713 Chri-

2180 744 2431 810 stianus,
2464 744 2595 799 ﬁdei
2619 743 3031 815 integerrimus
3045 748 3281 809 amator,
3300 744 3452 798 rebus
3471 744 3518 798 iu
3537 746 3685 804 bellicis

2180 832 2527 903 magniﬁcus
2556 832 2975 903 triumphator,
3002 832 3153 902 quod
3186 831 3515 887 serenissime
3541 836 3682 905 ubique

2177 925 2465 975 terrarum
2496 921 2725 984 claruit,
2760 920 2966 975 limina
2984 920 3365 991 apostolorum
3382 922 3508 976 Petri
3527 928 3568 977 et
3586 924 3687 979 Pauli

2179 1010 2453 1065 honestos
2474 1026 2579 1081 per
2596 1010 2833 1065 nuntios
2850 1009 3107 1080 quotidie
3126 1010 3490 1078 visitans,nos,
3509 1018 3692 1068 ceteros-

2181 1116 2291 1169 que
2323 1100 2377 1153 in
2412 1099 2513 1154 Dei
2548 1099 2780 1154 servitio
2798 1098 3201 1154 devotissimos
3222 1098 3693 1158 omnibeueﬁcionou

2182 1187 2419 1241 minime
2451 1188 2784 1258 praeteriens
2817 1187 2922 1257 pia:
2955 1185 3165 1240 mentis
3195 1187 3467 1240 devotione
3493 1186 3692 1240 innotuit:

2181 1275 2361 1330 Multa
2392 1282 2523 1331 ante
2554 1280 2818 1347 tempora
2838 1280 3037 1330 votum
3053 1280 3163 1330 Deo
3185 1275 3303 1329 vovi
3327 1274 3461 1345 quod
3480 1274 3621 1330 adhuc
3637 1290 3698 1329 ue-

2180 1380 2475 1435 quaquam
2492 1364 2749 1435 implevi.
2777 1363 3092 1419 Ecclesiam
3118 1363 3176 1417 in
3200 1363 3455 1417 honorem
3476 1362 3696 1417 Salvatoris

2180 1454 2382 1519 nostri,
2413 1455 2582 1524 cujus
2611 1454 2827 1524 ubique
2880 1454 3235 1524 protectione
3283 1452 3531 1519 munitus,
3568 1457 3698 1506 vestra

2178 1542 2411 1614 pietatis
2433 1541 2648 1598 auxilio
2672 1543 2959 1598 mdiﬁcare
2989 1542 3178 1612 cupio.
3205 1541 3376 1596 Dictis
3396 1540 3574 1595 talibus
3590 1541 3696 1594 audi-

2178 1631 2278 1698 tis,
2305 1630 2657 1702 pontiﬁcalis
2686 1647 2831 1702 apex
2861 1635 2926 1685 ut
2956 1633 3327 1699 accresceret,
3350 1632 3621 1683 sau’ctorum
3638 1628 3702 1682 Pa-

2179 1723 2336 1773 trum
2351 1738 2385 1773 n
2396 1736 2593 1774 umero
2612 1720 2986 1791 septuaginta
3000 1720 3250 1774 duorum
3263 1717 3528 1773 communi
3540 1715 3698 1771 consilio

2178 1808 2411 1879 penitus
2442 1808 2921 1863 collaudavimus.
2960 1807 3141 1879 Igitur
3171 1808 3242 1861 ad
3298 1806 3407 1859 haec
3448 1803 3699 1876 perﬁcienda

2174 1898 2459 1951 Joannem
2482 1898 2821 1968 episcopum
2838 1895 3698 1963 Tusculancnsem,fundamentum

2174 1987 2312 2041 dare
2335 1986 2628 2051 misimus,
2652 1987 2823 2056 cujus
2848 1986 2905 2040 in
2930 1985 3239 2057 przesentia
3261 1985 3378 2056 ipse
3398 1982 3699 2054 praefatusdux

2173 2074 2454 2146 cophinos
2474 2079 2628 2129 terra
2648 2078 2955 2130 onustatos
2967 2075 3276 2130 duodecim
3296 2071 3702 2144 propriishumeris

2173 2167 2439 2234 portasse
2470 2164 2797 2219 videbatur.
2837 2165 3023 2219 Locus
3054 2180 3214 2235 ergo.
3249 2164 3307 2216 in
3336 2178 3439 2232 quo
3466 2164 3537 2215 est
3561 2162 3702 2221 erecta,

2172 2252 2549 2323 Wissegrada
2569 2252 3036 2323 cognominatur,
3077 2253 3235 2322 quod
3270 2254 3429 2306 sonat
3469 2247 3704 2303 litteraliter

2169 2341 2339 2395 altior
2362 2340 2909 2404 civitatibus.Quam
2931 2346 3367 2396 sacrosanctam
3386 2338 3635 2393 Ecclesiam
3654 2340 3703 2388 to-

2168 2430 2288 2483 tius
2316 2429 2624 2501 proviucim
2658 2434 2834 2501 caput
2859 2430 2993 2496 dici,
3024 2429 3286 2485 venerari
3311 2427 3592 2491 sanximus;
3611 2441 3702 2495 pra-

2167 2518 2648 2589 diis,mancipiis,
2674 2535 2834 2581 auro,
2859 2523 3124 2589 argento,
3150 2518 3473 2587 cazterisque
3492 2528 3704 2570 ornamen-

2167 2608 2241 2663 tis
2274 2608 2515 2661 ditatam
2551 2608 2965 2678 comperimus.
3002 2606 3274 2677 Episcopi
3306 2606 3424 2676 ejus
3453 2604 3543 2659 sub
3582 2600 3703 2656 domi.

2165 2697 2261 2751 nio
2292 2696 2416 2750 suis
2448 2697 2518 2750 de
2547 2695 2811 2765 decimis,
2846 2700 3133 2750 trecentos
3161 2695 3416 2749 homines
3436 2693 3496 2748 ad
3519 2690 3702 2747 eamdem

2164 2785 2464 2840 ecclesiam
2499 2789 2987 2856 segregaverunt;
3022 2783 3240 2855 praesul
3262 2781 3542 2855 Pragensis
3558 2780 3703 2835 ducen-

2162 2878 2277 2940 tos,
2300 2873 2705 2928 Olomucensis
2727 2876 2984 2939 centum,
3008 2873 3259 2928 fratrum
3278 2866 3703 2929 suorum,Conradi,

2163 2960 2392 3016 Ottonis
2452 2978 2763 3016 consensu.
2820 2962 2938 3017 Hoc
3023 2963 3168 3017 item
3238 2961 3454 3033 asylum
3512 2952 3706 3013 tutamini

2163 3050 2224 3104 B.
2245 3050 2399 3105 Petri
2417 3050 2697 3121 principis
2713 3048 3535 3121 apostolorum,cunctisquein
3552 3046 3708 3113 ejusse-

2086 3125 2127 3189 C
2168 3140 2236 3193 de
2250 3137 2501 3194 sessuris
2518 3138 2762 3192 ﬁrmiter
2777 3140 3232 3194 commendavit.
3260 3139 3469 3193 Marcas
3489 3152 3552 3190 xu
3576 3134 3629 3187 de
3649 3148 3706 3185 ea-

2166 3229 2298 3282 dem
2330 3226 2573 3281 ecclesia
2603 3228 2672 3280 ad
2700 3227 2877 3298 pedes
2904 3227 3259 3283 universalis
3282 3224 3708 3298 papee,quicunque

2163 3316 2291 3385 erit,
2328 3316 2487 3371 omni
2514 3332 2665 3369 anno
2697 3316 3022 3371 offerendas
3056 3318 3169 3372 sub
3214 3315 3419 3371 Christi
3462 3306 3708 3368 testimonio

2163 3404 2497 3460 destinavit.
2532 3404 2719 3473 Hujus
2745 3422 2877 3460 vero
2935 3405 3294 3461 conditionis
3344 3404 3513 3476 gratia
3552 3395 3708 3454 cunctis

2160 3493 2367 3549 celsior
2397 3494 2455 3548 in
2482 3494 2683 3548 eadem
2717 3494 2951 3564 regione
2968 3493 3344 3549 utvideretur
3366 3488 3709 3558 ecclesiis,qua-

2159 3582 2435 3653 licunquc
2457 3588 2872 3654 apparamento
2890 3584 3117 3653 septem
3141 3581 3455 3638 cardinales
3468 3578 3604 3634 altari
3618 3576 3709 3629 San-

2160 3672 2236 3727 cti
2268 3671 2416 3727 Petri
2432 3672 2764 3727 ministrare
2782 3672 3251 3742 student,mitra,
3276 3659 3709 3733 scandaliis,simili

2160 3762 2331 3816 modo
2390 3760 2577 3833 ipsius
2633 3761 2885 3816 ecclesia:
2917 3762 3323 3833 praepositum,
3372 3759 3707 3833 presbyterum,

2159 3850 2492 3916 diaconum,
2525 3850 2949 3905 subdiaconum
2967 3851 3236 3907 incedere
3253 3849 3600 3923 prmcipimus.
3618 3848 3707 3895 Lau-

2158 3940 2280 4005 des,
2312 3956 2461 4010 quas
2482 3940 2592 3994 sub
2606 3939 2932 3994 diademate
2947 3941 3191 3995 statutis
3214 3940 3415 3996 diebus
3441 3935 3708 4011 proclamare

2159 4027 2435 4097 solemus,
2471 4027 2840 4082 solummodo
2874 4027 2932 4081 in
2964 4028 3077 4083 ista
3111 4028 3360 4083 ecclesia
3397 4027 3589 4082 astante
3612 4020 3706 4073 duce

2159 4133 2394 4171 summa
2415 4115 2718 4188 diligentia
2735 4116 3031 4172 Christum
3051 4116 3389 4173 collaudare
3404 4110 3706 4187 permittimus

2158 4206 2413 4260 chrisma
2428 4205 2785 4276 baptizandi,
2802 4208 3305 4263 consecrationem
3321 4193 3710 4265 clericorum,epi-

2158 4312 2371 4366 scopus
2400 4294 2510 4349 loci
2538 4294 2697 4349 illius
2730 4295 2949 4349 invidia
2979 4295 3199 4351 diaboli
3226 4300 3469 4352 attactus
3503 4292 3710 4357 abnegare

2157 4384 2203 4439 si
2228 4383 2879 4454 prmsumpseritmostri
2903 4384 3358 4456 decretijudicio
3380 4381 3516 4454 apud
3535 4370 3710 4449 quemli-

2075 4492 2121 4555 D
2155 4473 2251 4528 bet
2280 4472 2621 4544 episcopum
2649 4471 2906 4527 inveniat
2934 4478 2990 4527 et
3019 4474 3291 4545 accipiat.
3326 4471 3545 4529 Nomine
3575 4470 3711 4555 autem

2154 4561 2543 4632 praepediente
2564 4576 2797 4615 omnem
2823 4560 3101 4631 injuriam
3125 4562 3187 4617 in
3212 4564 3465 4618 Romana
3482 4548 3707 4629 synodali-

2152 4649 2286 4704 bere
2317 4648 2654 4720 proclamet.
2682 4650 2907 4720 Scripta
2932 4649 3181 4706 istarum
3226 4652 3528 4706 litterarum
3578 4635 3707 4710 sigillo

2155 4738 2442 4809 impresso
2475 4754 2654 4808 supra
2682 4740 3076 4794 venerandum
3109 4758 3326 4811 corpus
3355 4740 3414 4793 B.
3455 4732 3577 4791 Petri
3614 4740 3707 4797 ερο-

2155 4826 2286 4882 stoli
2310 4827 2636 4898 posuimus,
2671 4827 2924 4882 maxime
2963 4844 3031 4883 ea
3073 4845 3180 4899 pro
3228 4846 3403 4884 causa
3446 4829 3501 4879 ut
3541 4821 3579 4876 si
3618 4812 3707 4886 linis

2154 4917 2253 4971 Dei
2284 4915 2559 4971 inimicus
2591 4916 3122 4988 mandatorumque
3153 4919 3286 4989 ejus
3310 4904 3707 4982 contemptorhﬂc

2153 5004 2421 5060 divellere
2433 5005 2855 5075 voluerit,sciat
2877 5022 2939 5060 se
2954 5007 3023 5060 ah
3047 5005 3429 5078 omnipotenti
3448 5004 3546 5058 Deo
3561 4998 3605 5051 in
3621 5006 3709 5065 ρετ·

2152 5100 2391 5167 petuum
2423 5096 2900 5165 condemnatum,
2926 5112 2991 5149 ac
3023 5113 3155 5150 cum
3191 5096 3432 5151 coetibus
3452 5091 3707 5173 sanctorum

2152 5183 2231 5237 nil
2264 5197 2574 5237 commune
2607 5182 2745 5250 fore,
2782 5184 2881 5236 sed
2914 5200 3045 5237 cum
3080 5163 3707 5246 diaboloinexstinguibili

2150 5272 2425 5343 gehennae
2459 5270 2724 5325 incendio
2754 5271 3100 5326 aeternaliter
3130 5268 3498 5327 concremari.
3638 5343 3672 5351 ﬂ

2221 5361 2364 5415 Data
2396 5360 2515 5414 haec
2544 5360 2602 5413 in
2636 5376 2846 5415 manus
2880 5360 3028 5416 Petri
3062 5361 3358 5433 praepositi
3389 5360 3441 5415 S.
3469 5346 3701 5437 Georgii-lu

2150 5450 2365 5522 palatio
2400 5449 2798 5519 Lateranensi,
2832 5450 2941 5504 sub
2972 5450 3221 5506 Henrico
3256 5466 3385 5521 rege
3412 5446 3515 5501 ﬁlio
3533 5433 3699 5496 HenriCi

2149 5538 2558 5615 gloriosissimi
2588 5537 2981 5613 imperatoris,
3014 5556 3090 5596 vn
3122 5539 3261 5599 Idus
3295 5536 3443 5599 Maii.
