4036 6184
337 397 366 457 1
378 397 490 458 425

1093 532 1230 588 CLI.

335 617 644 675 Alexandri
670 618 717 674 II
745 634 907 692 papa
936 621 1297 748 privilegium
1344 639 1446 694 pro
1495 624 1722 679 abbatia
1770 625 1992 679 Montis-

1107 710 1273 748 aszm.

1107 710 1273 749 αιςιηι.

846 782 1032 851 (Anno
1066 783 1222 850 1071,
1256 786 1380 838 Oct.
1407 785 1482 855 1.)

574 870 952 941 [MARGARINI,
985 869 1208 926 Bullar.
1245 871 1453 940 Casin.,
1492 874 1560 941 II,
1601 875 1742 942 103.]

405 980 748 1031 ALEXANDEB
777 977 1105 1048 episcopus,
1141 995 1342 1034 servus
1375 995 1673 1035 servorum
1707 979 1830 1048 Dei,
1865 996 1989 1035 om-

335 1066 516 1121 nibus
557 1065 822 1121 Ecclesize
854 1066 1150 1122 catholica:
1172 1066 1307 1122 filiis
1349 1068 1596 1124 salutem
1629 1073 1685 1124 et
1710 1068 1988 1140 apostoli-

331 1171 460 1211 cam
490 1152 640 1210 b'ene
669 1154 960 1211 lictionem
975 1197 988 1210 .

402 1243 718 1299 Pastoralis
747 1243 1162 1300 sollicitudinis
1214 1250 1424 1302 nostrae
1475 1249 1693 1303 bonum
1728 1249 1775 1303 si
1819 1249 1990 1302 debet

327 1333 658 1407 prospicere
689 1337 744 1388 et
774 1333 1050 1405 proficere
1079 1335 1356 1391 omnibus
1402 1337 1577 1391 etiam
1599 1338 1908 1403 extraneis,
1933 1341 1990 1391 et

333 1422 676 1496 longinquis
708 1422 913 1492 multo,
937 1423 1127 1494 magis
1158 1425 1497 1479 domesticis
1527 1429 1582 1480 et
1619 1425 1984 1498 propinquis.

336 1512 488 1584 Ipsis
519 1513 736 1584 quippe
765 1512 1020 1566 secundo
1043 1513 1227 1584 gradu
1261 1519 1394 1585 post
1415 1514 1594 1568 Deum
1620 1515 1989 1570 admonenda

328 1600 745 1658 estinvisibilis
769 1599 1119 1669 charitas,ut
1139 1617 1374 1673 pereos,
1390 1602 1547 1657 velut
1569 1603 1835 1674 quaedam
1857 1602 1989 1656 visi-

329 1690 468 1745 bilis
502 1691 690 1745 forma
718 1690 1009 1761 gradatim
1028 1690 1098 1744 ad
1128 1691 1468 1746 remotiores
1487 1691 1988 1763 quosquediscur-

327 1784 438 1836 rat.
470 1779 587 1834 Piis
618 1795 754 1850 ergo
785 1777 948 1845 locis,
981 1783 1037 1833 et
1085 1779 1282 1835 divina
1313 1780 1592 1852 religione
1642 1778 1986 1836 venerabili-

324 1871 461 1939 bus,
483 1869 694 1924 debita:
727 1867 1146 1923 consolationis
1174 1873 1231 1923 et
1279 1869 1633 1924 defensionis
1661 1869 1982 1941 porrecturi

327 1975 564 2028 manus,
596 1957 741 2011 illud
766 1957 990 2012 caeteris
1014 1958 1436 2028 praeferendum
1465 1975 1577 2014 non
1605 1959 1984 2030 ambigimus,

330 2048 486 2121 quod
539 2046 876 2102 monasticae
936 2063 1151 2101 normae
1212 2051 1442 2102 constat
1500 2064 1628 2103 esse
1669 2047 1987 2119 principale

328 2135 726 2208 gymnasium,
755 2139 811 2190 et
833 2140 1034 2190 sancto
1059 2135 1244 2202 Petro,
1270 2142 1326 2190 et
1348 2135 1678 2207 apostolicae
1702 2137 1823 2191 sedi
1849 2153 1985 2191 con-

326 2224 578 2296 tiguum,
613 2240 788 2294 quem
819 2223 973 2278 cives
1027 2225 1446 2288 Romanorum,
1490 2225 1688 2280 Patres
1719 2224 1988 2280 videlicet

326 2313 546 2380 eximii,
577 2313 944 2383 Benedictus,
980 2313 1220 2368 Maurus
1251 2318 1308 2368 et
1340 2314 1634 2384 Placidus,
1675 2331 1808 2368 cum
1841 2331 1985 2369 non-

323 2401 525 2471 nullis,
557 2401 688 2456 aliis
729 2401 1150 2468 fundaverunt,
1189 2420 1480 2474 quemque
1512 2421 1546 2457 a
1583 2403 1858 2474 gentibus
1885 2404 1982 2457 de-

321 2496 639 2557 structum,
673 2489 1031 2546 sanctissimi
1066 2492 1520 2562 przedecessores
1551 2493 1734 2548 nostri
1769 2493 1983 2563 Grego—

325 2581 450 2636 rius
484 2585 540 2635 et
587 2579 897 2634 Zacharias
941 2583 1366 2646 restruxerunt,
1419 2585 1476 2636 et
1505 2581 1821 2652 privilegiis
1855 2598 1986 2651 apo-

329 2668 580 2735 stolicis,
602 2667 824 2723 czeteris
857 2669 1134 2724 ccenohiis
1167 2670 1568 2741 praetulerunt,
1619 2674 1835 2741 utpote,
1868 2687 1983 2725 non

331 2758 527 2816 studio
549 2757 880 2827 hominum,
904 2759 1004 2813 sed
1028 2759 1127 2814 Dei
1151 2758 1396 2830 imperio
1419 2764 1475 2814 et
1498 2759 1867 2814 sanctissimo
1891 2776 1986 2831 pa-

330 2854 420 2904 tre
449 2846 759 2902 Benedicto
809 2851 1212 2902 constructum
1244 2853 1366 2917 est;
1400 2865 1650 2918 quorum
1673 2865 1779 2904 nos
1809 2865 1984 2904 sacrae

328 2935 692 2995 auctoritatis
746 2935 898 2990 sicut
926 2939 1186 3008 tempore
1236 2941 1294 2991 et
1321 2936 1446 2992 loco
1477 2938 1870 3007 succedimus,
1903 2937 1987 2992 sic

331 3041 535 3082 eorum
587 3024 893 3096 exemplis,
947 3029 1013 3079 ut
1041 3028 1285 3096 Oportet,
1318 3024 1646 3080 innitimur.
1695 3028 1802 3081 Sed
1850 3026 1990 3097 quia

331 3131 528 3170 rerum
560 3118 857 3186 gestarum
891 3114 1070 3169 series
1101 3115 1172 3169 ad
1206 3114 1313 3169 hoc
1340 3113 1665 3169 litterarum
1691 3115 1990 3170 lideiinni-

332 3208 565 3274 tuntur,
594 3219 666 3258 ne
696 3201 798 3257 illa
818 3202 1034 3257 veritas
1058 3207 1423 3274 posterorum
1447 3203 1740 3258 memoriae
1764 3204 1989 3259 subtra-

331 3293 544 3359 hatur;
577 3308 644 3346 ea
673 3308 800 3362 quae
832 3291 1046 3346 nostris
1103 3292 1467 3363 temporibus
1510 3296 1640 3346 acta
1672 3296 1810 3347 sunt
1840 3310 1982 3364 pan-
2013 3279 2054 3345 C

333 3382 469 3436 dere
503 3396 796 3435 curamus.
831 3380 977 3434 Nam
1001 3396 1133 3434 cum
1159 3380 1405 3435 dilectus
1432 3380 1584 3435 {ilius
1608 3386 1806 3436 noster
1835 3381 1988 3436 Desi-

343 3469 540 3525 derius
563 3469 829 3523 eamdem
857 3474 1158 3523 renovaret
1187 3469 1512 3532 ecclesiam,
1534 3474 1589 3523 et
1611 3470 1822 3524 atrium
1840 3470 1990 3524 basi-

329 3558 454 3615 licae
487 3557 819 3628 disponeret
848 3558 1168 3626 adaequare,
1192 3575 1325 3612 cum
1347 3562 1464 3613 tres
1484 3575 1597 3613 non
1633 3558 1803 3613 ulnas
1836 3559 1988 3612 inte-

331 3663 467 3720 gras
497 3646 742 3701 fodisset
761 3645 821 3699 in
846 3646 1047 3700 dextro
1078 3645 1279 3701 altaris
1302 3646 1503 3718 latere,
1529 3647 1764 3719 reperiit
1785 3651 1987 3701 tumu-

330 3737 456 3793 lum
489 3735 754 3806 ejusdem
785 3735 1135 3790 confessoris
1158 3752 1368 3807 corpus
1382 3736 1986 3802 eontinentem;cum-

333 3841 446 3898 que
468 3825 797 3896 fragmenta
819 3823 1022 3878 altaris
1045 3828 1267 3878 remota
1288 3824 1556 3892 fuissent,
1580 3825 1799 3879 invenit
1816 3840 1990 3895 super

333 3913 645 3986 sepulchra
660 3913 981 3984 syndonem
995 3928 1311 3983 expensam
1344 3913 1843 3981 candidissimam,
1860 3931 1986 3984 quae

336 4015 468 4054 cum
496 4000 849 4069 tangebatur
881 4016 995 4054 non
1031 4000 1428 4055 evanescebat.
1466 4001 1582 4055 Hae
1623 4001 1843 4056 ratione
1873 4018 1990 4055 cer-

333 4087 608 4142 tissimus
625 4088 908 4155 redditus,
927 4088 1172 4144 reserari
1194 4090 1549 4144 sanctissimi
1567 4091 1752 4145 Patris
1775 4107 1985 4162 prace-

331 4176 422 4248 pit
451 4176 749 4230 tumulum
775 4197 788 4245 ς
816 4194 929 4248 qua
957 4178 1128 4246 facto,
1165 4178 1542 4233 sanctissima
1572 4195 1814 4251 corpora
1844 4179 1989 4235 intc-

333 4270 581 4334 merata,
614 4269 671 4320 et
701 4265 1057 4320 indiminuta
1082 4266 1465 4335 invenientes,
1498 4269 1734 4322 nuntios
1758 4273 1986 4323 nostros

347 4353 666 4424 asciscens,
707 4355 1134 4425 pretiosissima
1156 4371 1392 4426 ccrpora
1411 4355 1493 4409 eis
1515 4357 1983 4418 ostendens,tam

332 4448 652 4517 praesentes
686 4462 861 4516 quam
896 4446 1125 4500 futuros
1149 4446 1506 4500 certissimos
1537 4451 1593 4501 et
1624 4447 1894 4502 indubios
1918 4450 1988 4503 de

335 4533 732 4589 sanctissimis
782 4535 1124 4606 corporibus
1174 4534 1442 4588 reddidit.
1504 4535 1682 4605 Igitur
1731 4554 1862 4590 cum
1914 4538 1985 4591 ad

1512 401 1919 465 EPISTOLE
1961 401 2064 464 ET
2107 402 2586 466 DIPLOMA'I‘A.

2018 537 2071 602 Α
2105 541 2206 592 aut
2234 541 2320 592 ter
2351 537 2689 592 admonitus
2720 552 2836 592 non
2859 533 3272 605 emendaverit,
3298 535 3446 593 sciat
3475 550 3536 593 se
3559 540 3728 594 aucto

3597 401 3752 466 1426

2102 625 2270 680 ritate
2293 626 2389 680 Dei
2415 626 2930 697 omnipotentis,’et
2949 626 3128 680 beatae
3152 625 3338 680 Mariae
3369 643 3602 698 semper
3619 625 3749 680 Vir-

2101 715 2277 787 ginis,
2310 719 2366 769 et
2394 716 2697 771 beatorum
2746 714 3146 787 apostolorum
3191 715 3342 770 Petri
3391 719 3448 770 et
3477 714 3660 781 Pauli,
3693 718 3752 770 et

2101 804 2254 858 beati
2288 805 2602 870 Benedicti,
2621 810 2678 859 et
2706 804 2968 860 omnium
2999 808 3505 868 sanctorum,esse
3524 821 3754 859 excom-

2101 893 2561 962 municatum,et
2594 899 2870 965 perpetuo
2903 893 3292 948 anathematis
3322 893 3553 949 vinculo
3584 893 3750 948 inno-

2100 983 2324 1048 datum,
2359 986 2414 1037 et
2445 1000 2478 1038 a
2500 999 2678 1056 regno
2711 982 2816 1037 Dei
2855 982 3193 1045 alienatum,
3228 985 3285 1038 et
3332 999 3464 1037 cum
3497 982 3749 1052 diabolo,

2101 1076 2156 1126 et
2173 1072 2301 1143 ejus
2315 1071 2697 1127 atroeissimis
2710 1071 2960 1144 pompis,
2981 1075 3037 1125 et
3058 1072 3230 1136 Juda,
3243 1075 3382 1126 Jesu
3399 1071 3611 1126 Christi
3637 1073 3752 1127 Do-

2100 1159 2243 1214 mini
2269 1160 2454 1216 nostri
2492 1160 2804 1233 proditore,
2842 1163 3052 1215 azterno
3077 1159 3384 1231 supplicio,
3410 1164 3754 1232 aeternaeque

2101 1249 2494 1304 maledictioni
2531 1251 2910 1320 deputatum;
2965 1253 3020 1303 et
3067 1249 3220 1304 sicut
3246 1247 3493 1303 lucerna
3533 1249 3754 1304 exstin-

2100 1342 2338 1409 guntur,
2374 1339 2454 1394 ita
2486 1344 2618 1393 ante
2648 1339 2832 1394 Deum
2883 1338 3119 1392 lucerna
3148 1336 3311 1392 illius
3343 1337 3750 1409 extinguatur;

2099 1427 2212 1482 nisi
2245 1428 2390 1482 forte
2425 1443 2515 1482 res
2547 1427 2764 1497 injuste
2791 1427 3023 1481 invasas
3053 1429 3256 1480 sancto
3279 1425 3588 1481 Benedicto
3619 1427 3754 1480 red-

2098 1516 2329 1582 diderit,
2363 1520 2420 1570 et
2447 1515 2737 1570 dictorum
2782 1514 3184 1587 paenitentiam
3218 1515 3484 1586 gesserit.
3517 1516 3588 1569 At
3617 1531 3751 1571 vero

2095 1606 2192 1676 qui
2216 1605 2395 1676 hujus
2417 1605 2717 1677 apostolici
2742 1604 3044 1660 constituti
3075 1604 3412 1659 observator
3435 1604 3746 1675 exstiterit,

2098 1693 2791 1766 benedictionnggratiam
2822 1711 2855 1749 a
2886 1693 3132 1749 Domino
3150 1697 3262 1748 Deo
3285 1696 3505 1760 nostro,
3541 1709 3644 1765 per
3665 1693 3749 1748 in-

2096 1783 2514 1838 tercessionem
2546 1783 2701 1838 beati
2735 1782 3026 1838 Benedicti
3048 1786 3459 1854 consequatur,
3491 1786 3550 1837 et
3568 1781 3747 1838 vitam

2097 1875 2371 1927 aeternam
2430 1872 2690 1943 accipere
2748 1876 3062 1927 mereatur.
3093 1872 3420 1927 Statuimus
3475 1870 3651 1926 etiam
3682 1874 3750 1926 ut

2095 1961 2430 2033 quicunque
2459 1963 2700 2016 devotus
2732 1961 2802 2016 ad
2837 1961 3101 2031 ejusdem
3135 1960 3388 2015 ecclesiae
3435 1959 3750 2014 dedicatio-

2095 2067 2228 2106 nem
2251 2049 2583 2105 annualiter
2611 2049 2852 2116 venerit,
2875 2050 2946 2104 de
2979 2048 3231 2120 peccatis
3254 2047 3378 2103 suis
3401 2047 3752 2120 quadragin-

2091 2142 2151 2194 ta
2180 2138 2408 2194 dierum
2441 2139 2845 2195 remissionem
2878 2138 3144 2210 accipiat.

2165 2231 2371 2282 Datum
2404 2228 2463 2282 in
2495 2229 2696 2283 Castro
2727 2227 2953 2293 Casino,
3005 2227 3097 2280 die
3142 2225 3536 2280 Kalendarum
3579 2225 3747 2279 Octo-

2092 2316 2236 2384 bris,
2273 2333 2376 2387 per
2405 2333 2647 2370 manum
2688 2316 2860 2383 Petri,
2891 2320 3105 2370 sanctae
3152 2315 3426 2369 Romanae
3479 2311 3747 2368 Ecclesiae

2095 2405 2462 2475 subdiaconi,
2501 2410 2675 2477 atque
2707 2405 2830 2460 vice
2867 2403 3069 2459 domni
3099 2403 3364 2458 Annonis
3389 2400 3747 2457 Coloniensis

2092 2494 2514 2566 archiepiscopi
2539 2491 2983 2560 bibliothecarii,
3008 2509 3160 2547 anno
3193 2491 3418 2546 decimo
3449 2490 3748 2562 pontiﬁce-

2093 2587 2189 2638 tus
2220 2583 2420 2638 domni
2453 2583 2759 2638 Alexandri
2785 2600 2946 2655 papae
2970 2581 3320 2650 secundi,ab
3345 2579 3747 2635 Incarnatione

2091 2687 2224 2726 vero
2247 2672 2476 2727 Domini
2495 2671 2840 2728 millessimo
2871 2669 3300 2744 septuagesimo
3322 2668 3533 2742 primo,
3561 2667 3748 2724 india-

2091 2761 2248 2817 tione
2279 2778 2449 2816 nona.

2832 2866 2988 2921 CLII.

2095 2958 2259 3013 Bulla
2287 2957 2607 3014 Alexandri
2634 2958 2686 3012 II
2705 2972 2864 3027 papae
2893 2956 3273 3026 confirmantis
3305 2955 3444 3010 bona
3469 2959 3748 3010 monaste-

2567 3030 2643 3082 rii
2673 3027 2730 3082 S.
2775 3027 2960 3083 Severi
2992 3029 3052 3081 in
3083 3027 3284 3081 Classe.

2446 3119 2636 3188 (Anno
2670 3118 2826 3184 1062,
2857 3133 2910 3170 v1
2941 3115 3063 3171 Kal.
3095 3113 3406 3182 Januarii.)

2100 3209 2490 3278 [MITTARELLI,
2513 3206 2714 3260 Annal.
2749 3204 3085 3278 Ca_mald_ul.,
3108 3208 3288 3258 tomo.
3314 3203 3382 3272 II,
3401 3200 3659 3278 col._17_9,
3678 3218 3748 3256 ex

2239 3279 2483 3348 antiquo
2525 3275 2890 3347 autographo
2921 3275 3187 3344 ejusdem
3219 3272 3607 3342 monasterii.]

2169 3391 2514 3438 Anexmoan
2537 3381 2866 3454 episcopus,
2901 3396 3103 3435 servus
3133 3393 3430 3434 servorum
3462 3375 3581 3446 Dei,
3605 3375 3750 3431 dile-

2098 3473 2173 3528 tis
2206 3473 2340 3526 filiis
2374 3473 2602 3539 Boruzo,
2637 3469 2837 3526 abbati
2874 3469 3069 3524 Sancti
3101 3466 3294 3524 Severi
3325 3465 3566 3532 Classis,
3591 3465 3747 3534 ejus-

2099 3579 2210 3634 que
2242 3561 2540 3625 fratribus,
2574 3566 2692 3615 tcm
2727 3558 3114 3630 praesentibus
3161 3572 3336 3625 quam
3387 3553 3620 3622 futuris,
3654 3570 3743 3608 re-

2097 3648 2357 3720 gularem
2390 3647 2568 3701 vitam
2602 3645 2878 3718 professis
2911 3646 2966 3699 in
3000 3648 3372 3716 perpetuum.

2169 3736 2405 3801 Quoties
2435 3753 2467 3790 a
2489 3734 2656 3791 nobis
2680 3735 2897 3806 petitur
2914 3733 3069 3806 quod
3095 3729 3355 3803 religioni
3373 3734 3430 3786 et
3458 3728 3752 3785 honestati

2098 3825 2403 3881 convenire
2427 3823 3015 3895 dignoscitur,animo
3030 3839 3135 3876 nos
3158 3818 3537 3876 deeetlibenti
3559 3833 3758 3872 conce-

2098 3915 2232 3969 dere
2255 3917 2310 3968 et
2326 3913 2647 3984 petentium
2670 3911 2978 3966 desideriis
3005 3910 3273 3966 effectum
3301 3923 3626 3979 congruum
3650 3905 3758 3960 im-

2098 4003 2319 4076 pertiri.
2345 4004 2423 4057 Ea
2453 4008 2708 4074 propter,
2733 4000 2928 4055 dilecti
2952 4000 3010 4054 in
3033 3998 3280 4053 Domino
3294 3995 3757 4066 ﬁlii,vestrisju-

2097 4093 2204 4147 stis
2229 4091 2723 4164 postulationibus
2755 4089 3074 4145 clementer
3099 4087 3438 4151 annuimus,
3463 4089 3521 4141 et
3551 4084 3758 4157 praefa-

2097 4187 2216 4237 tam
2251 4180 2555 4236 ecclesiam
2591 4180 2647 4234 in
2686 4196 2802 4250 qua
2835 4177 3032 4233 divino
3065 4177 3208 4232 estis
3238 4173 3517 4246 obsequio
3539 4173 3760 4229 manci-

2096 4271 2238 4342 pati,
2273 4271 2343 4326 ad
2377 4268 2676 4340 exemplar
2731 4267 2918 4323 felicis
2971 4263 3391 4322 recordationis
3436 4260 3756 4330 Anastasii,

2099 4360 2300 4414 Leonis
2331 4364 2388 4413 et
2418 4357 2738 4424 Benedicti,
2790 4358 3187 4412 Romanorum
3238 4353 3603 4426 pontificum,
3643 4351 3754 4406 sub

2096 4448 2248 4502 beati
2284 4447 2428 4502 Petri
2450 4451 2506 4501 et
2529 4452 2727 4501 nostra
2755 4446 3112 4517 protectione
3133 4443 3512 4513 suscipimus,
3540 4445 3595 4494 et
3617 4457 3755 4511 prae-

2097 4537 2280 4592 sentis
2303 4535 2502 4606 scripti
2538 4533 2836 4606 privilegio
2861 4531 3317 4587 communimus.
3352 4527 3648 4600 Imprimis
3680 4527 3754 4582 si-

333 4623 603 4678 eamdem
636 4622 1017 4678 dedicandam
1040 4624 1476 4678 devenissemus
1509 4624 1834 4695 ecclesiam,
1871 4643 1987 4680 una
2018 4646 2066 4709 D
2099 4625 2336 4696 quidem
2369 4626 2714 4690 statuentes,
2747 4625 2812 4674 ut
2860 4621 3001 4675 ordo
3029 4617 3392 4673 monasticus
3413 4617 3514 4687 qui
3541 4630 3750 4670 secun-

330 4728 469 4769 eum
501 4712 697 4767 decem
732 4712 1209 4784 archiepiscopis,
1242 4717 1297 4766 et
1318 4713 1708 4785 quadraginta
1737 4720 1986 4785 quatuor

331 4801 648 4874 episcopis,
684 4800 953 4873 cleroque
978 4807 1190 4856 sanctae
1218 4806 1488 4856 Romanae
1512 4801 1797 4868 Ecclesiae,
1829 4803 1983 4857 idem

332 4889 495 4945 ﬁlius
514 4894 709 4945 noster
726 4890 1061 4945 Desiderius
1075 4895 1428 4961 conquestus
1442 4894 1684 4961 est,esse
1699 4893 1984 4962 quosdam

339 4995 448 5034 nec
476 4979 661 5034 Deum
713 4979 1008 5044 timentes,
1051 4995 1152 5033 nec
1203 4979 1470 5034 homines
1510 4985 1855 5048 rcverentes,
1889 4979 1988 5051 qui

338 5067 748 5140 possessiones
777 5069 928 5123 beati
961 5068 1255 5124 Benedicti
1288 5085 1389 5139 per
1417 5067 1645 5124 diversa
1675 5070 1801 5124 loca
1831 5070 1986 5124 Casi-

338 5157 507 5212 nensi
541 5156 804 5212 cmnobio
836 5158 1186 5224 auferentes,
1223 5157 1281 5210 in
1315 5174 1489 5212 suum
1523 5163 1854 5230 retorquere
1887 5160 1987 5214 do-

337 5245 592 5301 minium
625 5251 915 5318 satagant.
951 5247 1110 5303 Unde
1143 5245 1618 5318 coepiscOporum
1653 5254 1985 5303 nostrorum

337 5335 741 5408 praesentium,
790 5353 855 5391 ac
899 5334 1286 5391 cardinalium
1319 5336 1560 5390 consilio
1594 5336 1813 5403 habito,
1847 5355 1988 5409 prce-

337 5423 456 5480 fato
487 5424 748 5479 ccenobio
800 5423 1202 5496 possessiones
1261 5440 1398 5477 suas
1442 5426 1875 5493 conﬁrmantes,
1931 5427 1988 5481 in

338 5518 688 5586 perpetuum
722 5513 1023 5568 habendas
1055 5511 1393 5567 statuimus.
1421 5512 1480 5566 Si
1510 5513 1641 5583 quis
1663 5517 1988 5587 vero,quod

350 5619 465 5657 non
487 5606 780 5674 Optamus,
806 5601 1228 5675 possessiones,
1253 5600 1549 5668 ecclesias,
1574 5602 1766 5672 villas,
1789 5604 1988 5659 civita-

350 5694 534 5761 tes,et
560 5696 752 5751 castra
780 5691 1139 5752 sanctissimi
1171 5690 1461 5748 Benedicti
1494 5691 1792 5765 invaserit,
1826 5698 1881 5750 et
1902 5694 1992 5751 bis

2096 4715 2234 4769 dum
2270 4711 2422 4767 beati
2455 4709 2748 4766 Benedicti
2781 4708 3040 4780 regulam
3071 4708 3131 4762 in
3161 4712 3352 4762 vestro
3395 4702 3748 4759 monasterio

2097 4803 2360 4857 noscitur
2378 4795 3266 4869 institutum,perpetuisibidem
3291 4791 3654 4864 temporibus
3670 4790 3753 4844 in-

2094 4890 2438 4946 violabiliter
2459 4890 3104 4944 observetur.Praeterea
3125 4897 3502 4956 quascunque
3526 4895 3751 4952 posses-

2099 4980 2686 5050 siones,quwcunque
2722 4979 2875 5031 bona
2898 4977 3053 5030 idem
3078 4973 3499 5029 monasterium
3521 4970 3581 5024 in
3604 4986 3748 5041 prae-

2098 5069 2418 5125 sentiarum
2434 5069 2598 5138 juste
2620 5071 2676 5121 et
2698 5064 2972 5122 canonice
2989 5064 3378 5136 possidet,aut
3399 5061 3459 5115 in
3482 5061 3746 5114 futurum

2099 5157 2473 5214 concessione
2500 5155 2862 5228 pontificum,
2894 5152 3202 5225 largitione
3232 5166 3434 5223 regum
3464 5147 3552 5204 vel
3586 5147 3747 5220 prin-

2100 5245 2621 5318 eipum,oblatione
2644 5244 3037 5311 ﬁdelium,seu
3059 5240 3374 5310 aliisjustis
3390 5237 3580 5294 modis
3601 5253 3744 5310 prae-

2103 5341 2296 5392 stante
2319 5335 2564 5391 Domino
2588 5333 2798 5406 poterit
2834 5330 3099 5403 adipisci,
3129 5331 3297 5384 firma
3326 5328 3490 5384 vobis
3509 5326 3748 5383 vestris-

2102 5442 2212 5497 que
2238 5424 2678 5480 successoribus
2701 5427 2756 5478 et
2784 5421 3006 5476 illibata
3033 5421 3431 5490 permaneant,
3456 5417 3515 5472 in
3538 5416 3749 5488 quibus

2101 5515 2222 5569 haec
2246 5515 2496 5586 prOpriis
2515 5512 2790 5566 duximus
2821 5508 3199 5581 exprimenda
3222 5505 3547 5562 vocabulis:
3574 5503 3750 5560 eccle-

2101 5603 2250 5660 siam
2284 5604 2576 5676 przefatam
2609 5599 2802 5655 Sancti
2830 5598 3020 5654 Severi
3049 5613 3182 5652 cum
3214 5594 3489 5668 parochia
3509 5598 3565 5648 et
3585 5589 3748 5648 omni

2097 5695 2226 5766 jure
2257 5711 2364 5750 suo
2386 5698 2442 5750 et
2472 5691 2594 5750 suis
2627 5687 3013 5764 pertinentiis,
3042 5691 3098 5743 et
3124 5685 3481 5744 monasteria
3510 5682 3746 5738 Sancto-
