3972 6182
356 326 523 389 1427

1085 323 1534 385 ALEXANDRI
1581 323 1633 386 II
1680 321 1908 383 PAPIE
1950 321 2356 384 EPISTOLxE
2398 322 2498 383 ET
2540 318 3018 383 DIPLOMATA.

3545 328 3656 392 1428

356 477 492 516 rum
522 460 851 530 Gaudentii,
875 458 1479 531 Sergii,Tbeodori,et
1501 456 1723 513 Sanctae
1743 455 2004 527 Agnetis.
2035 459 2091 523 Α
2121 472 2250 525 suo,
2283 461 2340 510 et
2369 455 2495 511 suis
2542 453 2992 525 habitatoribus,
3045 456 3102 508 et
3143 452 3378 509 fundum
3427 455 3655 533 Farnaclo,

359 554 416 606 et
436 550 783 606 Sanctorum
803 549 1025 604 Cosmze
1046 553 1102 603 et
1123 547 1409 614 Damiani,
1425 550 1481 601 et
1497 546 1695 601 omnia
1717 544 1855 599 olim
1881 560 2008 614 quae

360 640 598 694 fuerunt
625 639 739 693 sita
766 637 827 691 in
861 637 1090 693 civitate
1122 635 1339 692 Classis
1361 651 1495 691 cum
1526 633 1802 689 omnibus
1835 632 2011 686 rebus

363 732 420 782 et
442 725 915 797 possessionibus
936 742 1159 795 eorum,
1184 725 1296 780 sita
1314 727 1433 779 tam
1467 723 1524 777 in
1549 720 1799 789 civitate,
1833 735 2010 789 quam

361 821 543 883 extra,
574 814 662 870 vel
694 815 753 870 in
776 815 1006 871 civitate
1030 815 1334 881 Ravennae,
1356 812 1445 868 vel
1466 812 1824 880 ubicumque
1854 808 2009 862 inve-

361 905 608 961 niuntur
633 921 735 975 per
766 904 993 960 diversa
1034 903 1197 970 loca;
1247 908 1305 958 et
1363 900 1786 956 monasterium
1814 896 2011 952 Sancti

357 993 605 1049 Joannis
635 998 692 1048 et
712 993 1017 1065 Stephani,
1050 993 1201 1063 quod
1235 990 1450 1046 dieitur
1493 990 1564 1044 ad
1592 988 1785 1043 Titum
1811 986 2012 1040 funda-

361 1086 487 1138 tum
520 1083 742 1137 dudum
776 1082 1013 1146 Classis,
1049 1082 1104 1135 in
1142 1080 1266 1135 loco
1318 1080 1419 1151 qui
1461 1078 1671 1132 dicitur
1708 1074 2009 1145 Armenia,

360 1172 516 1241 quod
545 1166 711 1226 nunc.
733 1170 1079 1226 demolitum
1112 1186 1237 1225 esse
1268 1168 1518 1237 videtur,
1570 1182 1701 1221 cum
1737 1164 2012 1219 omnibus

318 1278 337 1291 ί
361 1259 739 1331 suisjuribus
763 1267 818 1315 et
847 1258 1320 1331 possessionibus
1337 1258 1550 1327 ejus,et
1565 1250 2011 1326 quidquidjuris

361 1347 570 1403 habuit
596 1348 656 1403 in
686 1348 919 1403 civitate
939 1349 1067 1419 jam
1088 1347 1267 1414 dicta,
1295 1350 1353 1400 et
1374 1346 1431 1399 in
1455 1344 1685 1401 civitate
1716 1343 2009 1397 Ravenna.

359 1435 449 1491 vel
480 1437 537 1491 in
570 1438 850 1491 comitatu
880 1436 1216 1503 Decimano,
1251 1435 1371 1489 sive
1401 1435 1460 1488 in
1511 1433 1792 1488 comitatu
1823 1436 2009 1485 Bono-

362 1525 575 1593 niensi,
608 1530 712 1581 aut
738 1525 798 1579 in
822 1526 1105 1581 comitatu
1137 1522 1538 1579 Corneliensis
1562 1520 1650 1577 vel
1672 1519 2011 1587 Faventino,

363 1617 465 1669 aut
490 1614 764 1685 Liviensi,
797 1614 919 1670 sive
948 1613 1292 1686 Pupulensi,
1327 1627 1554 1668 necnon
1585 1611 1882 1679 Cesenate,
1915 1611 2015 1663 aut

361 1702 700 1759 Ficoclensi.
734 1704 803 1759 Et
858 1703 1165 1759 ecclesiam
1209 1702 1403 1758 Sancti
1434 1699 1640 1771 Angeli
1681 1700 1738 1754 in
1783 1698 2012 1753 civitate

361 1792 613 1849 Arimini
644 1809 779 1847 cum
809 1792 1086 1864 parochia
1115 1796 1172 1847 et
1230 1807 1335 1846 suo
1375 1787 1722 1854 ccemeterio,
1775 1789 1830 1842 et
1877 1802 2009 1840 cum

363 1882 523 1937 omni
542 1882 680 1953 jure
695 1880 1151 1937 suo.Echesiam
1166 1880 1388 1947 Sancta:
1410 1877 1602 1933 Mariae
1616 1876 1677 1931 in
1692 1874 2013 1930 Mariniano

347 1985 497 2025 .cum
522 1969 797 2025 omnibus
840 1970 964 2024 suis
1018 1969 1183 2023 bonis
1211 1978 1266 2023 et
1292 1966 1625 2040 portionem
1648 1966 1718 2020 de
1748 1963 1913 2035 plebe
1943 1965 2014 2018 de

359 2058 681 2113 Cannelara
709 2074 842 2112 cum
869 2058 1145 2113 omnibus
1163 2057 1286 2112 suis
1310 2056 1480 2111 bonis
1504 2073 1517 2123 ;
1542 2053 1844 2109 ecclesiam
1868 2053 2011 2107 San-

359 2146 435 2201 cti
463 2146 645 2202 Jacob
676 2147 737 2201 in
779 2145 1011 2202 civitate
1060 2145 1423 2201 Pesauriensi
1469 2161 1602 2198 cum
1653 2140 1931 2213 parochia
1960 2146 2016 2195 et

357 2235 780 2303 ccemeterio,et
809 2235 1084 2291 omnibus
1115 2235 1240 2290 suis
1262 2232 1714 2305 pertinentiis,et
1736 2230 2014 2286 omnibus

361 2324 541 2380 rebus
571 2329 628 2379 et
658 2324 1154 2396 possessionibus,
1183 2329 1239 2378 et
1269 2340 1402 2377 cum
1425 2322 1697 2376 omnibus
1745 2336 1870 2391 quae
1904 2318 2013 2371 ba-

365 2411 515 2467 betis
546 2411 605 2467 in
629 2414 755 2483 jam
787 2414 942 2467 dicta
963 2412 1216 2477 civitate,
1250 2417 1307 2466 et
1340 2411 1398 2465 in
1431 2411 1558 2481 ejus
1592 2408 2014 2471 comitatu,aut

360 2499 421 2554 in
454 2501 736 2557 comitatu
760 2502 1035 2556 Fanestre
1062 2500 1151 2556 vel
1181 2501 1237 2553 in
1271 2500 1546 2554 comitatu
1590 2494 2013 2567 Senogaliae,vi-

363 2586 590 2644 delicet:
606 2588 913 2645 ecclesiam
928 2587 1422 2644 SanctiBenedicti
1443 2584 2011 2654 deCastaniola,quae

364 2679 454 2731 est
475 2676 719 2732 fundata
740 2678 797 2731 in
821 2678 1001 2732 fundo
1023 2677 1256 2732 Brozale
1279 2694 1409 2731 cum
1435 2675 1711 2731 omnibus
1732 2674 1856 2729 suis
1881 2689 2009 2744 per-

363 2763 649 2836 tinentiis,
682 2770 741 2821 et
769 2783 875 2821 suo
897 2767 1053 2836 jure,
1086 2770 1143 2820 et
1175 2781 1307 2821 cum
1359 2766 1539 2818 tundo
1572 2765 1642 2817 de
1669 2762 2007 2833 lngildruda

365 2867 500 2908 cum
519 2852 871 2909 molendinis
890 2859 947 2910 et
970 2853 1313 2925 aquimolis;
1341 2852 1656 2907 Ecclesiam
1673 2850 1870 2906 Sancti
1894 2853 2009 2904 An-

363 2941 537 3008 dreae,
569 2959 694 3013 quae
726 2948 815 2997 est
865 2943 1109 2997 fundata
1143 2943 1313 3012 juxta
1342 2941 1467 3012 rigo
1499 2941 1570 2995 de
1598 2940 1651 2995 lo
1674 2938 2008 3010 Trepuntio,

362 3033 420 3084 et
448 3028 596 3085 silva
624 3031 695 3085 de
723 3029 1054 3086 Castaniola
1079 3046 1211 3084 cum
1244 3029 1509 3093 decimis,
1533 3027 1724 3094 terris,
1765 3026 1926 3081 silvis
1957 3031 2013 3081 et

362 3117 717 3173 molendinis
748 3135 883 3173 cum
929 3118 1242 3189 aquimolis
1275 3119 1334 3171 in
1383 3118 1505 3189 rigo
1528 3119 1654 3187 jam
1688 3117 1840 3171 dicto
1872 3117 2005 3170 Tre-

2123 546 2372 600 fundum
2403 550 2603 601 Lecese
2632 548 2691 599 et
2721 543 2998 610 Carnolia,
3030 540 3366 608 Taveliesca,
3396 547 3446 599 et
3472 545 3652 605 fundum

2119 634 2171 689 le
2193 635 2347 690 Cone
2376 640 2434 690 et
2465 635 2711 689 fundum
2734 632 2788 689 lo
2808 633 3097 699 Remorto,
3117 648 3248 687 cum
3268 632 3485 687 ecclesia
3501 635 3654 693 Sancta

2122 724 2338 789 Mariae,
2375 740 2501 795 quae
2532 723 2613 777 ibi
2639 726 2727 777 est
2764 721 3026 786 fundata,
3053 736 3184 775 cum
3211 721 3464 792 parochia
3486 728 3534 778 et
3557 725 3657 782 deci-

2123 813 2256 883 mis,
2286 817 2343 868 et
2374 829 2507 867 cum
2538 813 2699 866 omni
2724 813 2860 881 jure
2880 809 3339 877 suo;ecclesiam
3358 810 3662 869 SanctiBlasii

2125 901 2196 955 de
2224 899 2279 955 1a
2306 900 2501 955 insula
2531 898 2659 955 delo
2714 900 2984 955 Remorto
3036 914 3166 953 cum
3195 897 3466 970 parochia,
3509 904 3664 957 etcum

2122 988 2252 1059 ipsa
2270 988 2467 1044 insula
2487 989 2557 1044 de
2576 988 2781 1043 Alama
2799 1004 2968 1043 casco
2986 1002 3117 1042 cum
3141 986 3454 1058 aquimolis,
3475 992 3523 1043 et
3538 991 3668 1045 omni-

2122 1078 2234 1131 bus
2264 1077 2655 1147 pertinentiis,
2706 1077 2953 1131 fundum
2982 1074 3292 1141 Felcareto,
3333 1076 3545 1132 fundum
3569 1078 3668 1136 Rata

2122 1165 2509 1233 Marcanesca,
2539 1165 2786 1220 fundum
2808 1164 3005 1220 Vavile
3034 1164 3289 1220 medium
3311 1181 3431 1219 cum
3458 1166 3669 1222 molendi-

2121 1256 2235 1325 nis,
2265 1255 2610 1311 decursibus
2658 1271 2971 1326 aquarum,
3029 1258 3084 1309 et
3131 1253 3254 1309 suis
3284 1253 3671 1325 pertinentiis,et

2121 1343 2368 1398 fundum
2399 1343 2452 1399 le
2481 1344 2679 1410 Senze,
2712 1347 2769 1399 et
2793 1343 3042 1398 fundum
3072 1341 3126 1397 le
3156 1342 3352 1397 Mad...
3381 1347 3432 1398 et
3457 1344 3662 1399 medieta-

2121 1436 2239 1487 tem
2270 1431 2429 1488 silvae
2458 1432 2529 1487 de
2560 1431 2618 1487 la
2648 1432 3034 1504 Guardengo;
3065 1430 3364 1487 ecclesiam
3393 1432 3560 1489 Sancti
3582 1433 3667 1489 Ste-

2122 1519 2299 1590 phani
2332 1520 2401 1575 de
2434 1519 2615 1576 Li.....
2649 1519 2944 1591 parochia,
2973 1523 3030 1575 et
3054 1519 3377 1575 ccemeterio
3401 1524 3452 1574 et
3477 1520 3670 1588 decimis,

2120 1613 2177 1664 et
2206 1609 2387 1665 fundo
2410 1610 2637 1681 integro
2658 1624 2793 1664 cum
2806 1624 3009 1665 eorum
3023 1606 3320 1664 vocabulis
3338 1613 3523 1664 etcum
3536 1608 3669 1665 suis...

2123 1698 2368 1755 Laureto
2400 1700 2621 1769 majore
2649 1714 2784 1753 cum
2817 1697 3096 1770 parochia
3127 1701 3184 1752 et
3212 1697 3512 1753 coemeterio
3536 1703 3670 1753 et......

2122 1788 2397 1844 omnibus
2418 1787 2543 1844 suis
2558 1787 2949 1860 pertinentiis,
2968 1787 3219 1842 fundum
3242 1786 3456 1843 Fabrati
3471 1802 3575 1842 cum
3592 1786 3673 1843 suis

2124 1874 2511 1947 pertinentiis.
2543 1875 2791 1930 fundum
2823 1874 3119 1941 Albareto,
3140 1890 3274 1931 cum
3320 1874 3435 1931 suis
3458 1875 3672 1945 pertinen-

2122 1964 2586 2033 tiis;ecclesiam
2645 1965 2839 2019 Sancti
2899 1964 3163 2020 Cassiani
3223 1980 3354 2018 cum
3402 1962 3676 2035 parochiaet

2123 2053 2450 2108 cmmeterio
2470 2070 2501 2107 e
2530 2057 2649 2108 toto
2672 2053 2852 2108 fundo
2883 2069 3017 2108 cum
3036 2052 3314 2107 omnibus
3328 2052 3443 2108 suis
3462 2052 3675 2122 pertinen-

2121 2142 2241 2212 tiis,
2275 2142 2523 2197 fundum
2558 2146 2755 2197 monte
2788 2142 2857 2197 de
2884 2140 2940 2197 lo
2961 2141 3125 2208 Vico,
3158 2142 3398 2213 fundum
3426 2138 3677 2209 Fontanele,

2124 2230 2373 2284 fundum
2390 2229 2444 2285 lo
2474 2235 2643 2298 Pozo,
2665 2230 2915 2285 fundum
2936 2230 3140 2287 Sancti
3162 2229 3580 2285 Marcelli...cum
3594 2244 3679 2283 om-

2124 2319 2299 2375 nibus
2327 2319 2453 2375 suis
2484 2319 2874 2391 pertinentiis,
2909 2324 2964 2375 et
3000 2320 3057 2373 in
3084 2318 3361 2374 comitatu
3390 2321 3574 2374 Amone
3596 2332 3675 2371 mo-

2123 2409 2447 2463 nasterium
2481 2409 2704 2464 Sanctae
2731 2409 2920 2464 Mariae
2954 2409 3025 2464 de
3055 2410 3299 2480 Tugano
3328 2425 3450 2463 cum
3481 2405 3675 2471 decimis,

2122 2498 2397 2567 parochia
2415 2503 2473 2553 et
2502 2497 2824 2569 sepultura,
2856 2502 2913 2552 et
2944 2498 3127 2552 fundo
3158 2498 3378 2569 integro
3405 2512 3519 2551 cum
3544 2494 3675 2549 omni-

2121 2586 2234 2641 bus
2264 2586 2388 2641 suis
2420 2585 3092 2657 pertinentiis,videlicet
3112 2587 3358 2642 fundum
3376 2585 3679 2641 deCamorata

2122 2691 2255 2729 cum
2299 2674 2543 2731 ecclesia
2585 2681 2807 2731 Sanctis
2849 2676 3040 2731 Marias
3090 2692 3224 2730 cum
3276 2674 3425 2730 omni
3460 2675 3568 2745 jure
3590 2687 3675 2738 suo,

2124 2764 2486 2819 fundum.....
2528 2769 2586 2818 te
2612 2764 2942 2833 Valentino,
3001 2765 3253 2820 fundum
3310 2762 3555 2837 Lupicelli
3587 2776 3675 2815 cum

2124 2853 2395 2908 cursibus
2420 2868 2729 2924 aquarum,
2762 2852 3011 2907 fundum
3045 2853 3310 2909 Friviano
3342 2859 3396 2908 et
3422 2847 3676 2917 Rivianello,

2122 2943 2373 2997 fundum
2402 2941 2716 2996 Amariano
2749 2946 2805 2996 et
2852 2941 3148 3009 Roveloto,
3200 2943 3436 2998 fundum
3475 2944 3590 2997 Casa
3611 2954 3677 2992 nc

2118 3030 2255 3086 vula
2284 3029 2463 3085 livalli
2488 3034 2683 3085 monte
2701 3030 2771 3085 de
2793 3029 2848 3084 la
2870 3030 3101 3098 abbate,
3128 3032 3372 3086 fundum
3393 3030 3457 3084 de
3473 3028 3678 3084 Salacum

2119 3119 2395 3174 omnibus
2409 3135 2610 3172 eorum
2628 3118 3020 3189 pertinentiis;
3040 3119 3345 3175 ecclesiam
3357 3116 3524 3173 Sancti
3536 3111 3680 3185 Angeli

359 3206 564 3278 puntio
595 3211 653 3263 et
690 3224 825 3262 cum
879 3208 1039 3262 omni
1075 3209 1210 3277 jure
1250 3224 1394 3274 suo;
1450 3206 1756 3261 ecclesiam
1806 3205 2004 3259 Sancti
2038 3190 2080 3255 C
2119 3209 2189 3263 de
2219 3208 2454 3263 Salichu
2488 3225 2620 3262 cum
2652 3207 2928 3278 parochia
2949 3212 3005 3263 et
3034 3208 3303 3276 decimis,
3337 3225 3461 3263 cum
3484 3206 3680 3260 castroet

357 3295 602 3351 Joannis
620 3296 691 3351 de
707 3297 1052 3369 Pergumato
1076 3313 1208 3351 cum
1231 3295 1357 3367 ipso
1379 3296 1579 3362 fundo,
1596 3301 1653 3350 et
1678 3294 2007 3349 melendino

357 3400 492 3440 cum
523 3384 822 3456 aquimolo
846 3402 953 3440 suo
984 3386 1042 3441 in
1065 3385 1188 3457 rigo
1220 3385 1539 3455 Trepuntio
1563 3405 1577 3452 ;
1603 3383 1906 3439 ecclesiam
1938 3384 2009 3437 de

357 3472 560 3529 Orzolo
591 3490 727 3528 cum
757 3473 998 3529 decimis
1021 3479 1078 3529 et
1108 3474 1381 3529 omnibus
1404 3473 1774 3544 pertinentiis
1805 3471 1929 3526 suis
1951 3476 2009 3525 et

358 3561 557 3618 omnia
585 3562 739 3617 bona
768 3578 895 3633 quae
930 3563 1168 3618 fuerunt
1197 3564 1267 3617 de
1290 3562 1584 3617 Bernardo
1607 3561 1868 3617 Carbone
1889 3585 1903 3627 ;
1923 3576 2011 3615 ec-

357 3650 596 3705 clesiam
618 3651 815 3706 Sancti
837 3651 1072 3707 Martini
1093 3653 1165 3707 de
1187 3651 1554 3707 Salmariano
1576 3666 1708 3706 cum
1732 3649 2009 3721 parochia

359 3744 417 3794 et
446 3743 635 3795 castro
657 3740 784 3811 jam
817 3741 973 3796 dicto
1004 3742 1075 3795 de
1104 3740 1468 3796 Salmeria'no
1501 3756 1635 3795 cum
1662 3738 2005 3793 habitatori-

359 3829 472 3884 bus
502 3829 648 3898 suis,
680 3833 738 3885 et
769 3846 902 3885 cum
936 3830 1210 3885 omnibus
1241 3830 1365 3885 suis
1395 3827 1794 3901 pertinentiis;
1817 3832 1873 3882 et
1894 3844 2010 3883 me-

363 3917 639 3974 dietatem
669 3919 740 3974 de
770 3923 931 3974 curte
953 3920 1023 3974 de
1052 3919 1260 3974 Lisano
1284 3936 1417 3974 cum
1437 3918 1711 3973 omnibus
1735 3918 1859 3972 suis
1880 3932 2009 3988 per-

360 4005 625 4062 tinentiis
641 4023 654 4074 ;
670 4005 974 4063 ecclesiam
989 4007 1441 4063 SanctiJoannis
1455 4006 1854 4061 deCornutula
1874 4022 2008 4060 cum

361 4095 640 4166 parochia
667 4102 723 4151 et
751 4096 1020 4162 decimis,
1053 4101 1107 4151 et
1145 4096 1304 4151 omni
1342 4097 1472 4165 jure
1512 4112 1655 4163 suo;
1705 4094 2009 4149 ecclesiam

362 4182 559 4238 Sancti
577 4183 821 4238 Joannis
835 4184 903 4238 de
927 4184 1201 4238 Cassiano
1214 4200 1346 4238 cum
1374 4183 1648 4255 parochia
1671 4188 1728 4237 et
1743 4182 2007 4251 decimis,

362 4274 581 4326 etcum
615 4272 793 4327 fundo
826 4288 932 4327 suo
956 4272 1201 4344 integro,
1227 4278 1283 4327 et
1312 4288 1444 4327 cum
1477 4272 1783 4341 omnijure
1807 4289 1933 4337 suo,
1953 4277 2010 4327 et

360 4363 483 4416 tota
512 4359 706 4416 insula
732 4361 804 4417 de
834 4360 893 4416 1a
921 4360 1109 4416 Phara
1153 4378 1287 4416 cum
1319 4361 1587 4415 dictrictu
1619 4377 1749 4427 suo,
1780 4364 1835 4415 et
1872 4377 2007 4415 cum

361 4448 544 4504 tundo
575 4450 645 4504 de
696 4449 752 4505 lo
785 4450 951 4518 Pozo,
992 4455 1050 4506 et
1094 4450 1378 4521 quidquid
1440 4449 1666 4505 habetis
1714 4450 1773 4503 in
1827 4450 2007 4505 fundo

2119 3297 2395 3352 omnibus
2419 3296 2543 3352 suis
2573 3296 2940 3368 pertinentiis
2971 3300 3026 3351 et
3056 3314 3197 3353 cum
3221 3303 3337 3353 tota
3356 3312 3528 3353 massa
3543 3294 3598 3348 de
3611 3291 3680 3346 Pa-

2119 3385 2283 3441 riano
2304 3402 2437 3440 cum
2460 3402 2664 3441 eorum
2686 3385 3004 3449 vocabulis,
3028 3390 3084 3441 et
3105 3394 3364 3441 castrum
3386 3386 3449 3440 de
3469 3379 3677 3442 Leemosi,

2118 3475 2368 3529 fundum
2403 3473 2600 3542 Faldo,
2633 3490 2767 3528 cum
2795 3472 3039 3530 ecclesia
3066 3475 3264 3530 Sancti
3301 3472 3481 3546 Angeli
3506 3472 3556 3525 in
3578 3470 3678 3525 Tur-

2119 3563 2246 3618 ricli
2291 3580 2427 3618 cum
2484 3562 2762 3618 omnibus
2808 3578 3011 3617 eorum
3060 3562 3435 3633 pertinentiis,
3478 3556 3678 3614 eclesiam

2120 3653 2342 3708 Sanctae
2376 3652 2567 3709 Mariae
2596 3652 2668 3708 de
2690 3652 2949 3708 Mimano
2973 3667 3110 3707 cum
3134 3657 3324 3708 castro
3354 3656 3406 3707 et
3429 3647 3578 3705 fundo
3594 3644 3678 3700 suis

2118 3740 2511 3812 pertinentiis,
2545 3740 2852 3797 ecclesiam
2874 3740 3068 3797 Sancti
3104 3740 3323 3813 Cyriaci
3345 3733 3678 3810 cumparochia

2118 3836 2177 3886 et
2205 3829 2535 3885 cmmeterio
2565 3847 2697 3885 cum
2733 3830 2912 3885 fundo
2937 3829 3188 3902 integro,
3244 3844 3372 3884 cum
3402 3824 3623 3883 omnibus
3640 3822 3678 3875 et

2122 3920 2247 3975 suis
2281 3919 2667 3990 pertinentiis,
2700 3923 2759 3974 et
2803 3918 3052 3974 fundum
3105 3919 3412 3985 Cozziano;
3449 3911 3676 3970 ecclesiam

2120 4010 2345 4064 Sancta:
2376 4008 2570 4063 Mariae
2602 4008 2673 4063 de
2702 4008 2993 4079 Aguliano
3015 4008 3385 4063 medietatem
3407 4020 3523 4060 cum
3547 3995 3675 4056 omni-

2122 4100 2235 4155 bus
2268 4097 2391 4153 suis
2413 4098 2612 4163 bonis;
2633 4096 2937 4152 ecclesiam
2966 4097 3163 4152 Sancti
3181 4096 3416 4152 Joannis
3442 4087 3678 4147 dePalum-

2120 4187 2232 4242 bici
2249 4204 2381 4242 cum
2404 4186 2739 4255 decimis,et
2760 4187 2940 4241 fundo
2960 4186 3220 4258 integro;
3243 4182 3523 4240 ecclesiam
3540 4170 3679 4233 Sancti

2118 4275 2363 4332 Joannis
2396 4275 2466 4330 de
2493 4273 2680 4346 Agelli
2705 4290 2838 4329 cum
2860 4261 3677 4342 decimis,molendinis,etaqui-

2122 4366 2293 4420 molis
2326 4369 2383 4419 et
2425 4364 2607 4419 fundo
2635 4364 2861 4435 integro
2893 4380 3028 4419 cum
3078 4380 3281 4419 eorum
3303 4356 3586 4422 vocabulis;
3611 4366 3675 4406 θοι

2119 4453 2356 4509 clcsiam
2391 4452 2588 4507 Sancti
2620 4452 2865 4506 Androm
2906 4452 2976 4506 de
3029 4452 3080 4507 lo
3129 4441 3673 4523 Sterpeto;ecclesiam

361 4538 432 4594 de
466 4537 522 4594 1a
552 4538 842 4607 Vaccaria,
896 4545 954 4594 et
1008 4539 1065 4594 in
1122 4538 1427 4603 Catiliano,
1486 4543 1542 4591 et
1570 4538 1629 4592 in
1675 4536 2004 4606 Albiniano,
2038 4558 2084 4621 Β
2119 4543 2314 4598 Sancti
2336 4541 2627 4597 Laurentii
2650 4542 2721 4595 de
2743 4540 3347 4608 Laureto;ecclesiam
3368 4524 3673 4621 Suadebat-i-

360 4631 418 4683 et
463 4634 733 4700 quartam
786 4633 1010 4700 partem
1070 4629 1140 4683 de
1196 4628 1252 4682 la
1308 4627 1585 4695 Colliula;
1647 4632 1703 4681 et
1755 4627 2007 4682 medieta

360 4721 481 4774 tem
514 4718 585 4772 de
633 4716 882 4772 ecclesia
939 4717 1135 4772 Sancti
1187 4715 1311 4770 Gali
1372 4733 1503 4771 cum
1552 4716 1827 4771 omnibus
1884 4716 2010 4771 suis

361 4806 569 4874 bonis;
621 4811 678 4861 et
727 4807 976 4861 fundum
1033 4807 1102 4860 de
1154 4807 1435 4877 Campore
1483 4822 1617 4860 cum
1676 4805 1866 4872 terris,
1925 4805 2007 4859 vi-

364 4895 489 4951 neis
518 4899 575 4950 et
607 4896 882 4951 omnibus
931 4894 1056 4950 suis
1104 4896 1504 4967 pertinentiis;
1539 4901 1595 4949 et
1638 4893 2007 4949 medietatem

363 4984 434 5040 de
463 4990 652 5041 castro
686 4986 756 5041 de
806 4989 1033 5061 Luzano
1083 5002 1216 5039 cum
1274 4985 1548 5039 omnibus
1580 4985 1704 5038 suis
1733 4983 1921 5053 bonis,
1953 4988 2010 5037 et

362 5075 515 5143 quod
539 5075 767 5132 habetis
784 5075 842 5129 in
870 5074 1049 5130 tundo
1074 5074 1337 5129 Rubiono
1358 5078 1414 5128 et
1434 5073 1492 5127 in
1518 5073 1695 5128 fundo
1719 5071 1777 5126 la
1798 5071 2003 5140 Plana;

360 5161 665 5218 ecclesiam
689 5162 884 5219 Sancti
917 5162 1067 5218 Petri
1100 5163 1157 5217 in
1190 5162 1450 5229 Caniani,
1477 5178 1610 5215 cum
1642 5160 1839 5215 omnia
1856 5161 2008 5216 bona

361 5266 469 5306 sua
499 5252 657 5322 (sic);
718 5251 1024 5308 ecclesiam
1081 5253 1274 5307 Sancti
1330 5250 1564 5306 Martini
1620 5250 1690 5303 de
1738 5250 2001 5317 Muruco,

358 5342 628 5410 quartam
663 5344 885 5410 partem
917 5358 1050 5396 cum
1084 5339 1377 5412 parochia,
1413 5345 1466 5395 et
1499 5355 1632 5393 cum
1663 5338 1823 5394 omni
1853 5338 2006 5395 bona

356 5445 496 5497 sua;
531 5432 587 5484 et
615 5428 669 5481 in
707 5428 981 5484 comitatu
1006 5430 1165 5485 Esini
1186 5430 1603 5486 monasterium
1636 5427 1831 5483 Sancti
1856 5428 2001 5484 Lau-

358 5519 527 5574 rentii
560 5519 627 5572 de
662 5518 1008 5585 Castaniola,
1059 5521 1211 5590 quod
1257 5526 1345 5575 est
1376 5522 1685 5575 lundatum
1730 5518 1787 5572 in
1823 5519 2001 5573 fundo

360 5608 628 5681 Laptula,
658 5622 791 5661 cum
835 5608 1107 5677 parochia
1135 5613 1191 5664 ct
1239 5611 1587 5676 cmmeterio,
1634 5626 1767 5666 cum
1811 5612 2001 5665 castro

2114 4631 2213 4685 leae
2231 4648 2363 4686 cum
2383 4630 2657 4685 omnibus
2671 4646 2873 4684 earum
2892 4624 3493 4702 pertinentiis,etquod
3509 4613 3673 4676 habetis

2120 4720 2178 4774 in
2205 4720 2487 4774 comitatu
2516 4720 2861 4788 Auximano,
2884 4723 2942 4774 et
2963 4717 3020 4773 in
3044 4718 3320 4773 comitatu
3349 4708 3570 4771 Callemi,
3588 4718 3670 4759 m0-

2118 4809 2440 4864 nasterium
2468 4808 2668 4864 Sancti
2696 4807 2949 4873 Abundi,
2974 4811 3032 4861 et
3052 4806 3217 4879 plebe
3245 4804 3427 4861 Sancti
3451 4793 3612 4869 Angeli
3631 4790 3671 4843 in

2117 4896 2411 4953 Claudcda
2443 4912 2575 4950 cum
2608 4894 3132 4962 omnibusjuribus
3155 4908 3371 4958 earum,
3394 4892 3441 4945 et
3466 4881 3588 4957 quod
3606 4879 3672 4931 ha-

2117 4984 2267 5040 betis
2298 4986 2354 5038 in
2380 4987 2660 5039 comitatu
2675 4983 3115 5055 Eugubiensi,et
3135 4983 3189 5037 in
3213 4966 3617 5035 civitateCastelli
3632 4966 3671 5019 et

2117 5073 2175 5127 in
2206 5074 2483 5129 comitatu
2517 5090 2624 5128 suo
2656 5078 2916 5127 castrum
2966 5072 3037 5126 de
3083 5070 3239 5126 Alt‘ra
3268 5084 3391 5124 cum
3419 5056 3612 5120 ecclesia
3630 5055 3670 5105 ei

2116 5162 2389 5218 omnibus
2420 5164 2545 5218 suis
2574 5160 2976 5234 pertinentiis;
3029 5175 3165 5215 sane
3218 5154 3485 5213 novalium
3509 5147 3667 5238 vestl‘O'

2116 5269 2180 5306 ru
2192 5268 2268 5319 m,
2289 5268 2438 5323 quos
2452 5251 2704 5323 propriis
2729 5250 3003 5305 manibus
3016 5253 3118 5304 aut
3136 5246 3375 5303 servitiis
3394 5237 3567 5300 colitis,
3583 5237 3667 5286 sive

2115 5341 2184 5395 de
2236 5340 2608 5395 nutrimentis
2662 5338 3012 5393 animalium
3050 5342 3384 5404 vestrarum,
3451 5323 3605 5384 nullus
3640 5330 3664 5369 α

2111 5429 2275 5485 vobis
2306 5429 2563 5485 decimas
2596 5428 2824 5499 exigere
2855 5427 2942 5482 vel
2975 5429 3308 5497 extorquere
3333 5412 3610 5495 praesumat.

2185 5518 2378 5573 Liceat
2392 5535 2624 5590 quoque
2644 5517 2808 5572 vobis
2842 5532 3119 5587 personas
3140 5514 3344 5569 liberas
3362 5514 3413 5566 et
3429 5499 3656 5563 absole

2112 5626 2141 5663 c
2157 5607 2365 5664 smculo
2387 5607 2673 5680 fugientes
2696 5608 2767 5663 ad
2790 5604 3279 5663 conversationem
3294 5592 3653 5671 recipereiete”
