3972 6182
246 373 400 434 1429

1323 374 1719 436 APPENDIX
1762 376 1863 435 AD
1910 373 2459 435 ALEXANDRUM
2506 373 2581 435 II.

3497 370 3653 432 U30

240 507 461 577 absque
481 504 943 563 contradictione
975 506 1174 580 aliqua
1203 508 1474 564 retinere.
1522 510 1665 565 Cum
1698 512 1893 564 autem
1922 510 1977 575 Α
2008 506 2431 577 divinojudicio
2448 502 3656 578 existeredeperpetratainiquitatecogno-

239 596 902 669 generaleinterdictum
937 603 1098 652 terrae
1122 597 1315 663 fuerit,
1339 596 1512 653 liceat
1533 599 1715 663 vobis,
1740 597 1894 651 clau-

240 684 321 741 sis
339 683 561 755 januis,
596 700 711 739 non
750 684 999 756 pulsatis
1030 687 1353 758 campanis,
1394 686 1646 743 exclusis
1670 702 1895 741 excom-

239 772 556 829 municatis
572 777 628 828 et
646 772 994 841 interdictis,
1022 792 1339 846 suppressa
1362 793 1522 847 voce,
1549 776 1745 831 divina
1762 777 1889 831 offi-

236 862 325 917 cia
337 860 1026 933 celebrare.Sepulturam
1040 869 1313 934 praeterea
1325 864 1511 937 ipsius
1523 865 1631 920 loci
1646 865 1890 920 liberam

234 967 362 1007 esse
392 950 784 1018 decernimus,
832 955 897 1005 ut
943 967 1151 1019 eorum
1198 954 1485 1009 devotioni
1541 960 1598 1009 et
1618 960 1889 1009 extremas

232 1037 515 1095 voluntati
539 1039 638 1111 qui
659 1056 720 1095 se
743 1039 862 1096 illic
880 1041 1111 1113 sepeliri
1129 1042 1598 1111 deliberaverint,
1615 1043 1729 1099 nisi
1745 1045 1889 1099 forte

236 1129 727 1184 excommunicati
759 1129 848 1186 vel
877 1129 1170 1187 interdicti
1220 1131 1358 1203 sint,
1392 1132 1589 1189 nullus
1619 1133 1886 1201 obsistat,

233 1216 394 1273 salva
404 1222 602 1274 tamen
610 1218 849 1290 justitia
866 1219 1289 1292 parochialium
1316 1222 1695 1278 ecclesiarum
1710 1240 1743 1278 a
1756 1223 1888 1294 qui-

233 1307 346 1363 bus
359 1311 730 1364 mortuorum
744 1311 1671 1381 corporaassumunturﬂbeunte
1684 1328 1817 1367 vero
1830 1314 1888 1366 te

236 1412 392 1451 nunc
412 1397 679 1468 ejusdem
701 1396 813 1453 loci
832 1398 1065 1467 abbate,
1087 1398 1179 1455 vel
1200 1405 1436 1456 tuorum
1463 1399 1724 1474 quolibet
1753 1418 1886 1457 suc-

235 1499 558 1553 cessorum,
593 1485 791 1543 nullus
814 1487 893 1543 ibi
913 1487 1171 1559 qualibet
1189 1489 1588 1561 subreptionis
1606 1489 1763 1546 vel...
1784 1506 1887 1546 seu

233 1572 513 1631 violentia
536 1579 928 1648 praeponatur,
959 1576 1075 1634 nisi
1106 1593 1282 1650 quem
1334 1579 1545 1635 fratres
1586 1579 1886 1647 communi

235 1677 549 1733 consensu,
578 1663 667 1720 vel
700 1665 947 1721 fratrum
978 1683 1115 1738 pars
1137 1667 1365 1723 consilii
1388 1668 1659 1735 sanioris,
1683 1685 1885 1725 secun-

233 1749 377 1804 dum
411 1750 510 1805 Dei
530 1751 803 1808 timorem
824 1757 881 1808 et
919 1754 1071 1809 beati
1104 1754 1402 1811 Benedicti
1430 1756 1714 1828 regulam,
1748 1773 1885 1828 pro-

230 1836 710 1911 videanteligere.
850 1841 1195 1898 auctoritate
1212 1842 1531 1914 apostolica
1545 1844 1882 1900 inhibemus

227 1925 373 1980 utin
410 1941 513 1982 vos
559 1926 649 1982 vel
696 1927 934 1984 clericos
976 1935 1229 1998 vestros,
1262 1935 1364 1986 aut
1392 1931 1450 1985 in
1483 1931 1759 1989 ecclesias
1791 1950 1882 1989 ve-

231 2018 381 2070 stras
413 2017 1041 2074 excommunicationis
1072 2019 1157 2074 vel
1210 2019 1503 2076 interdicti
1536 2024 1886 2077 sententiam

236 2103 458 2176 absque
487 2105 802 2161 manifesta
834 2110 890 2162 et
919 2108 1249 2164 rationabili
1297 2127 1475 2165 causa
1524 2110 1723 2167 nullus
1754 2129 1884 2183 pro-

233 2193 473 2266 mulget,
500 2210 605 2250 nec
627 2212 807 2252 novas
832 2200 933 2252 aut
952 2196 1244 2254 indebitas
1270 2198 1670 2255 exsecutiones
1694 2217 1889 2256 mona-

235 2282 410 2338 sterio
432 2287 646 2355 vestro,
692 2283 781 2339 vel
824 2284 1086 2342 ecclesiis
1126 2287 1272 2359 ipsis
1313 2288 1594 2360 imponat.
1620 2288 1889 2344 Decerni-

239 2387 371 2427 mus
393 2388 529 2443 ergo
543 2376 608 2427 ut
624 2372 771 2428 nulli
796 2375 1037 2430 omnino
1058 2375 1366 2431 hominum
1392 2376 1561 2432 liceat
1582 2377 1888 2449 praefatum

240 2461 664 2516 monasterium
694 2466 911 2518 temere
942 2464 1302 2535 perturbare,
1351 2469 1453 2520 aut
1493 2466 1621 2536 ejus
1652 2482 1891 2538 posses-

244 2548 439 2605 siones
484 2550 730 2619 aul'erre,
762 2550 850 2606 vel
901 2552 1127 2608 ablatas
1175 2554 1445 2624 retinere,
1497 2555 1758 2611 minuere
1787 2572 1890 2610 seu

244 2638 607 2710 quibuslibet
623 2639 1027 2696 vexationibus
1048 2641 1313 2713 fatigare,
1332 2643 1431 2698 sed
1456 2644 1651 2699 omnia
1670 2645 1893 2713 integra

243 2733 656 2783 conserventur
682 2745 882 2783 eorum
932 2747 1034 2801 pro
1082 2747 1333 2801 quorum
1376 2733 1797 2803 gubernatione
1827 2749 1892 2787 ac

241 2817 667 2871 sustentatione
721 2833 999 2873 concessa
1055 2824 1213 2885 sunt,
1275 2819 1482 2875 usibus
1538 2822 1893 2877 omnimodis

242 2905 565 2977 profutura,
591 2905 751 2961 salva
772 2907 927 2961 sedis
949 2908 1279 2979 apostolicae
1303 2908 1643 2964 auctoritate
1665 2916 1721 2964 et
1746 2910 1894 2965 dicc-

242 2992 435 3048 ccsani
466 2993 724 3065 episcopi
756 2996 1036 3049 canonica
1076 2996 1332 3065 justitia.
1380 2997 1437 3051 Si
1470 3014 1586 3068 qua
1624 3000 1804 3069 igitur
1832 2999 1893 3055 in

241 3082 506 3137 futurum
564 3082 961 3138 ecclesiastica
1018 3084 1383 3140 saecularisve
1440 3102 1689 3157 persona
1742 3088 1895 3143 hanc

242 3174 455 3226 nostris
485 3171 918 3227 constitutionis
963 3173 1239 3244 paginam
1296 3173 1488 3229 sciens
1533 3180 1734 3230 contra
1763 3193 1889 3231 eam

2005 601 2253 661 scat,eta
2270 595 2667 652 sacratissimo
2680 609 2918 666 corpore
2935 593 3388 665 etsangnineDei
3400 594 3655 650 etDomi-

2002 685 2061 739 ni
2077 686 2479 756 Redemptoris
2496 684 2715 740 nostriJ
2719 701 2821 740 esu
2835 682 3048 739 Christi
3061 682 3250 739 aliena
3262 683 3382 748 fiat,
3399 687 3572 754 atque
3587 683 3648 739 in

2001 778 2263 829 extremo
2292 775 2557 829 examine
2586 773 2866 829 districtos
2896 771 3103 828 ultioni
3142 771 3463 843 subjaceat.
3495 772 3647 827 Cun-

1999 864 2108 918 ctis
2139 868 2332 918 autem
2364 863 2553 919 eidem
2574 863 2700 919 loco
2724 879 2833 918 sua
2846 863 2985 933 jura
3005 861 3392 927 servantibus,
3417 860 3495 916 sit
3513 878 3648 932 pars

1998 951 2231 1007 Domini
2255 951 2438 1008 nostri
2459 955 2489 1006 J
2495 968 2599 1007 esu
2621 951 2859 1020 Christi,
2886 953 3178 1022 quatenus
3199 953 3256 1005 et
3274 949 3369 1005 hic
3390 949 3646 1005 fructum

1997 1042 2161 1096 boum
2193 1041 2440 1097 actionis
2471 1041 2816 1113 percipiant,
2847 1044 2904 1096 et
2932 1039 3086 1111 apud
3117 1039 3449 1095 districtum
3477 1037 3646 1096 Judi-

2002 1145 2126 1186 cem
2160 1130 2400 1202 praemia
2428 1135 2658 1186 aeternae
2689 1128 2849 1201 pacis
2877 1127 3194 1184 inveniant.
3223 1129 3428 1184 Amen.

2275 1273 2553 1329 Salutaris
2582 1276 2785 1328 noster.
2816 1271 3027 1342 Adjuva
3053 1287 3175 1338 nos,
3204 1273 3367 1327 Deus.

2068 1402 2099 1463 1
2144 1398 2263 1469 Ego
2318 1396 2663 1465 Alexander,
2742 1394 3041 1453 catholica:
3113 1394 3379 1451 Ecclesiae
3428 1392 3647 1466 episco-

1994 1502 2127 1557 pus,
2160 1503 2240 1542 ss.

2065 1579 2096 1643 τι
2139 1579 2255 1647 Ego
2284 1574 2589 1641 Henricus,
2639 1574 2977 1631 Portuensis
3022 1574 3247 1630 Sancta:
3294 1571 3516 1629 Ruﬁne
3547 1588 3642 1629 se-

1992 1661 2105 1733 dis,
2133 1679 2211 1719 ss.

2064 1756 2095 1816 +
2138 1751 2251 1822 Ego
2300 1738 2437 1820 Leo,
2520 1751 2820 1823 presbyter
2894 1749 3210 1807 cardinalis
3292 1748 3384 1805 tit.
3444 1747 3640 1805 Sancti

1992 1840 2191 1911 Marci,
2224 1856 2306 1896 ss.

2069 1933 2099 1995 λγ
2142 1929 2260 2001 Ego
2282 1928 2509 1996 Petrus,
2533 1926 2848 1984 cardinalis
2868 1927 2959 1983 tit.
2982 1927 3211 1983 Sanctia
3230 1927 3535 1995 Susanna,
3559 1943 3640 1983 ss.

2070 2023 2099 2083 τι
2143 2018 2259 2090 Ego
2288 2018 2567 2088 Joannes,
2594 2017 2896 2090 presbyter
2942 2015 3255 2073 cardinalis
3286 2015 3539 2073 basilicae
3563 2029 3645 2072 xu

1996 2106 2418 2179 apostolorum,
2451 2124 2530 2163 ss.

2069 2200 2099 2262 ψ
2140 2196 2260 2267 Ego
2290 2194 2571 2263 Ubaldus,
2604 2195 2906 2267 presbyter
2933 2192 3249 2251 cardinalis
3279 2194 3501 2249 Sancta}
3530 2192 3650 2248 Ma-

1999 2282 2098 2339 riae
2125 2283 2551 2352 transtiberim,
2584 2284 2674 2339 tit.
2705 2282 2927 2349 Calisti,
2960 2299 3042 2339 ss.

2076 2378 2105 2439 τι
2175 2374 2292 2444 Ego
2321 2373 2493 2445 Wgo,
2543 2373 2737 2428 Sancti
2793 2371 3069 2444 Stephani
3128 2370 3189 2426 in
3246 2369 3421 2428 Caelio
3452 2374 3649 2427 monte

2001 2462 2320 2533 presbyter
2348 2462 2532 2529 card.,
2565 2478 2643 2517 ss.

2074 2554 2103 2615 τι
2146 2551 2265 2621 Ego
2310 2555 2439 2618 Leo,
2499 2550 2781 2607 diaconus
2839 2550 2998 2607 card.
3055 2549 3278 2606 Sanctae
3330 2546 3524 2605 Mariae
3554 2563 3648 2604 co-

2001 2640 2250 2711 smydyn
2281 2655 2362 2694 ss.

2076 2728 2262 2797 +~Ego
2295 2727 2610 2792 Rubertus,
2642 2727 2924 2783 diaconus
2953 2726 3147 2783 Sancti
3176 2725 3463 2783 Theodori
3490 2742 3572 2781 ss.

2075 2819 2104 2880 ψ
2148 2816 2265 2887 Ego
2293 2816 2671 2887 Arduvimus,
2695 2817 3044 2872 Sanctorum
3063 2817 3283 2873 Cosma
3305 2818 3362 2871 et
3379 2814 3646 2872 Damiani

2003 2903 2286 2958 diaconus
2316 2904 2474 2959 card.
2507 2921 2591 2960 ss.

2074 2997 2286 3048 Datum
2317 2993 2658 3064 Anagnimae
2682 3009 2784 3064 per
2804 3010 3045 3049 manum
3070 2991 3288 3050 Alberti
3310 2998 3525 3050 sanctae
3547 2992 3655 3049 Ro-

2008 3108 2195 3145 manae
2216 3090 2485 3147 Ecclesiae
2519 3091 2842 3164 presbyteri
2864 3090 3182 3147 cardinalis
3222 3095 3279 3147 et
3300 3089 3653 3157 cancellarii,

2007 3178 2061 3232 vi
2088 3178 2206 3233 Kal.
2242 3179 2530 3245 Januarii,
2558 3180 2872 3236 indictione
2891 3197 2983 3251 xv,
3007 3180 3430 3236 Incarnationis
3460 3179 3656 3236 Domi-

244 3260 438 3316 venire
459 3260 788 3327 tentaverit,
814 3262 1072 3316 secundo
1112 3261 1350 3317 tertiove
1380 3265 1756 3333 commonita,
1782 3266 1895 3321 nisi
1928 3244 1971 3308 (ἶ
2012 3266 2153 3321 uicae
2178 3283 2330 3321 anno
2356 3268 2512 3337 1062,
2538 3268 2914 3339 pontificatus
2953 3283 3087 3323 vero
3116 3268 3321 3323 Domni
3341 3267 3653 3324 Alexandri

246 3354 475 3404 reatum
497 3366 673 3406 suum
697 3366 957 3422 congrua
991 3350 1389 3407 satisfactione
1434 3354 1763 3421 correxerit,
1797 3371 1899 3426 po-

249 3437 485 3494 testatis
502 3437 861 3510 honorisque
885 3439 978 3495 sui
998 3443 1191 3495 careat
1210 3440 1515 3512 dignitate,
1538 3458 1814 3514 reamque
1841 3460 1903 3499 se

2012 3372 2172 3427 papa:
2203 3356 2251 3410 II
2282 3372 2435 3411 anno
2464 3356 2741 3411 secundo.

2538 3570 2803 3577 __—_—_.

248 3562 2804 3595 Mt

1527 3692 2355 3823 APPENDIX

880 3913 983 3973 AD
1028 3913 1456 3975 EPISTOLAS
1503 3915 1603 3976 ET
1654 3916 2112 3977 DIPLOMATA
2158 3920 2608 3982 ALEXANDRI
2653 3921 2706 3983 II
2749 3921 2998 3982 PAPIE.

1716 4048 2139 4060 α*-

652 4142 1417 4238 EPISTOLfE
1527 4147 1962 4241 BEATI
2066 4151 2489 4245 PETRI
2595 4152 3227 4250 DAMIANI

1416 4323 1506 4378 AD
1559 4324 2051 4383 ALEXANDRUM
2103 4328 2153 4383 II
2205 4329 2472 4387 PAPAM.

1030 4465 1184 4537 (Vide
1214 4467 1364 4522 inter
1396 4466 1575 4538 Opera
1604 4468 1666 4520 B.
1694 4468 1857 4523 Petri
1884 4469 2145 4527 Damiani
2171 4472 2522 4544 Patrologiaz,
2556 4478 2595 4530 t.
2626 4476 2865 4546 CXLIV.)

1840 4600 2042 4618 ῃ

892 4754 903 4769 κ
1584 4710 2295 4799 EPISTOLZE

1008 4863 1587 4980 SIGEFRIDI
1654 4866 2173 4982 EPISCOPI
2238 4870 2876 4985 MOGUNTINI

1569 5038 1667 5094 AD
1708 5037 2195 5096 ALEXANDRUM
2234 5041 2303 5097 Il.
2768 5119 2777 5127 .

1055 5161 1245 5234 (Apud
1281 5162 1489 5236 LABBB,
1526 5162 1731 5221 Concil.
1765 5170 1904 5223 tom.
1938 5166 2030 5237 IX,
2080 5184 2210 5241 pag.
2262 5170 2419 5241 1199,
2454 5170 2610 5242 1206,
2642 5172 2825 5243 1234.)

1741 5298 2130 5313 _

749 5394 1095 5451 EPISTULA
1135 5394 1381 5455 PRIMA.
1409 5384 1412 5387 λ

244 5491 381 5562 Regi
412 5486 649 5547 Henrico
679 5501 735 5540 se
762 5486 824 5562 iii
849 5485 1048 5562 faciem
1076 5484 1341 5562 restitisse
1369 5487 1472 5549 ait,
1504 5489 1555 5540 et
1581 5486 1895 5541 minitatum

326 5555 442 5619 esse
471 5558 1095 5616 excommunicationem
1113 5555 1415 5620 ,‘2'ndiclmn
1444 5563 1629 5612 tamen
1654 5576 1685 5613 a
1710 5562 1895 5623 coepi-

328 5635 503 5706 scopis
539 5633 677 5701 suis,
711 5629 782 5687 ad
808 5645 925 5686 rem
959 5628 1365 5701 disceptandam
1413 5647 1474 5685 ac
1502 5631 1891 5703 deﬁniendum,

1922 5403 1969 5466 D
2070 5400 2449 5477 Moguntinum
2497 5403 2811 5477 concilium.
2858 5403 2939 5459 Ad
2976 5412 3310 5474 extremum,
3339 5402 3648 5477 pontiﬁcem

2077 5477 2231 5550 rogat
2268 5480 2329 5528 ut
2355 5475 2567 5550 aliquos
2594 5475 2661 5530 de
2689 5476 2857 5531 latere
2884 5492 2985 5532 suo
3027 5480 3211 5533 mittat
3238 5475 3495 5550 qui‘huie
3520 5491 3647 5532 con-

2072 5545 2143 5598 si!
2150 5547 2200 5599 io
2234 5548 2483 5616 praesint.

2076 5633 2322 5691 Domino
2344 5634 2682 5693 beatissimo
2707 5640 2765 5694 et
2780 5653 2910 5695 vere
2932 5638 3235 5711 apostolici
3256 5636 3531 5696 culminis
3543 5634 3643 5690 ho-
