3972 6182
420 331 571 394 1431

756 331 1088 392 APPEND.
1123 331 1225 390 AD
1256 329 1427 390 EPP.
1463 322 1690 388 ALEX.
1724 325 1886 387 lI.——
1910 322 2300 386 SIGEFRIDI
2333 323 2684 387 MOGUN'I‘.
2709 322 3077 386 ARCHIEP.
3112 320 3509 386 EPISTOLAE.

3606 331 3622 389 l
3633 331 3707 392 432

421 481 562 520 nore
584 465 894 520 reverendo
918 470 1262 519 Ansxnnnao
1297 463 1364 530 ΙΙ,
1391 463 1680 527 SIFRIDUS,
1713 459 2067 532 Moguntina:
2098 459 2150 524 Α
2181 456 2420 513 insolita
2444 462 2500 514 et
2530 457 2709 514 dubia
2738 475 2799 514 re
2828 462 3022 514 vestra
3043 456 3377 512 auctoritate
3396 458 3643 528 posteritas
3657 464 3711 519 in-

420 552 754 625 speculator
783 552 1072 617 Ecclesiae,
1126 552 1331 607 debitae
1376 549 1755 621 subjectionis
1805 564 2072 604 reveren-

422 642 587 708 tiam,
622 641 973 695 omnimodae
1007 642 1306 696 servitutis
1337 640 1733 712 obsequelam.

492 730 648 785 Licet
679 729 1025 785 universalis
1056 730 1323 785 Ecclesias
1376 735 1560 785 status
1610 728 1957 801 generaliter
1986 728 2072 781 in-

422 820 644 876 nitatur
686 836 863 890 super
918 820 1363 875 fundamentum
1409 819 1802 891 apostolorum
1853 822 1910 871 et
1942 833 2072 887 pro-

421 908 761 981 phetarum,
782 913 839 963 et
863 910 919 963 in
943 909 1069 981 ipso
1090 909 1181 964 sui
1202 909 1434 963 verticis
1458 908 1711 962 culmine
1735 906 2073 977 angularem

424 1001 619 1069 gestet
644 997 921 1068 lapidem,
947 998 1260 1052 Dominum
1286 997 1509 1053 scilicet
1533 997 1732 1052 Jesum
1757 995 2073 1064 Christum,

425 1086 758 1157 specialiter
780 1091 970 1140 tamen
1001 1104 1251 1157 magnus
1278 1086 1370 1141 ille
1390 1091 1615 1152 Petrus,
1643 1086 1813 1155 juxta
1846 1084 2076 1139 solidis-

425 1176 635 1231 simam
663 1176 751 1229 sui
779 1175 1033 1229 nominis
1058 1177 1418 1241 firmitatem,
1444 1181 1496 1229 et
1520 1174 1920 1229 ﬁrmissimam
1944 1172 2078 1226 fidei

425 1269 481 1319 et
503 1263 883 1319 confessionis
910 1281 1028 1319 sua:
1046 1263 1421 1327 soliditatem,
1443 1265 1570 1331 ejus
1590 1268 1766 1317 totam
1788 1266 2079 1317 sustentat

429 1353 752 1407 fabricam:
792 1353 860 1406 ad
895 1353 1004 1407 hoc
1046 1352 1281 1424 quidem
1332 1352 1551 1407 electus
1601 1370 1632 1406 a
1682 1352 1945 1417 Domino,
1979 1350 2077 1404 ubi

430 1439 682 1496 dicitur:
744 1442 919 1513 Super
975 1444 1114 1497 hanc
1166 1446 1381 1513 petram
1447 1441 1727 1512 aediﬁcabo
1785 1441 2080 1496 Ecclesium

428 1530 825 1598 meam(Matth.
842 1531 1131 1599 xv1).1nde
1147 1548 1399 1601 namque
1418 1532 1609 1585 omnis
1626 1530 2077 1601 apostolicorum

428 1622 668 1672 Patrum
692 1619 858 1673 beata
881 1619 1193 1683 successio,
1237 1618 1579 1672 auctoritate
1613 1616 1800 1689 ipsius
1822 1615 2078 1683 Domini,

429 1707 551 1762 sedi
574 1708 721 1778 ejus,
748 1708 1021 1762 Romana:
1044 1706 1266 1762 scilicet
1302 1705 1586 1773 Ecclesia),
1623 1706 1771 1760 hanc
1794 1705 2080 1759 dedicavit

430 1794 851 1861 excellentiam,
884 1802 939 1850 et
968 1796 1028 1849 in
1060 1796 1288 1850 cunctis
1320 1812 1548 1866 semper
1578 1794 1757 1864 hujus
1790 1792 2077 1865 privilegii

431 1885 677 1941 servavit
708 1885 1114 1951 reverentiam,
1150 1889 1214 1938 ut
1264 1885 1487 1954 majora
1530 1882 1796 1938 Ecclesia:
1829 1882 2080 1952 negotia,

433 1978 491 2029 et
520 1972 878 2029 difﬁciliores
909 1989 1219 2028 causarum
1252 1973 1462 2039 exitus,
1489 1973 1557 2027 ad
1582 1972 1792 2043 ipsam,
1825 1970 1983 2026 velut
2012 1971 2084 2026 ad

434 2066 628 2133 caput,
659 2062 1004 2133 referantur,
1031 2062 1514 2133 ejusquejudicio
1537 2065 1748 2116 cuncta
1769 2060 2085 2116 salubriter

434 2151 784 2216 examinata,
811 2151 868 2205 in
894 2155 1127 2221 portum
1165 2149 1377 2205 salutis
1397 2150 1747 2222 dirigantur.
1779 2150 1926 2213 Quia
1952 2165 2084 2204 vero

433 2238 638 2293 divinae
664 2238 1061 2293 miserationis
1101 2238 1289 2309 gratia
1335 2255 1435 2294 vos
1478 2238 1533 2292 in
1568 2238 1718 2293 hanc
1766 2241 1962 2293 sedem
1996 2238 2083 2291 in-

430 2326 799 2393 thronizavit,
818 2331 871 2381 et
892 2326 1012 2381 vice
1033 2327 1221 2399 ipsius
1238 2327 1389 2382 Petri
1407 2326 1670 2382 omnium
1694 2326 2085 2382 Ecclesiarum

431 2414 887 2472 sollicitudinem
920 2415 1223 2486 imposuit,
1258 2416 1651 2471 necessarium
1686 2415 1961 2470 duximus
1990 2432 2085 2470 ve-

432 2510 552 2561 stro
578 2504 1120 2575 reservarijudicio,
1154 2521 1301 2576 quas
1322 2505 1592 2559 novimus
1616 2521 1720 2559 nec
1759 2520 1948 2575 posse,
1983 2520 2087 2559 nec

432 2594 661 2659 debere,
687 2593 814 2648 sine
833 2596 1026 2648 vestra
1046 2592 1390 2648 auctoritate
1416 2599 1615 2649 nostro
1638 2593 1939 2648 terminari
1957 2597 2085 2648 stu-

433 2682 549 2738 dio.

506 2774 661 2827 Inter
689 2770 1043 2826 multimoda
1066 2771 1332 2827 Ecclesiae
1385 2773 1637 2844 negotia,
1670 2788 1799 2842 quae
1828 2775 2086 2826 vestrum

433 2865 773 2933 exspectant
817 2876 1080 2928 examen,
1132 2860 1511 2915 sollicitudini
1561 2864 1761 2915 vestrae
1806 2861 2089 2931 quiddam

434 2950 549 3004 tale
582 2948 870 3013 incubuit,
905 2950 1059 3019 quod
1106 2954 1163 3002 et
1205 2948 1611 3003 ecclesiasticis
1652 2948 1893 3019 judiciis
1926 2947 2090 3003 valde

442 3042 530 3092 est
560 3036 884 3104 insolitum,
919 3044 972 3091 et
1023 3037 1179 3091 omni
1232 3038 1494 3092 moderni
1542 3038 1821 3108 temporis
1852 3038 2004 3092 aetati
2036 3041 2093 3091 et

440 3122 735 3181 memoriae
759 3142 902 3197 pene
926 3127 1279 3181 inauditum.
1309 3127 1489 3182 Filius
1510 3129 1666 3182 enim
1689 3132 1897 3194 vester,
1924 3127 2093 3182 Hein-

2181 551 2460 602 struatur.

2252 635 2511 708 Denique
2542 638 2751 691 fratres
2784 637 2989 703 nostri,
3023 636 3123 707 qui
3167 639 3303 691 tunc
3348 635 3471 690 huic
3515 638 3577 691 rei
3597 639 3707 697 inter-

2183 728 2366 791 erant,
2401 724 2783 780 condixerunt
2805 729 2870 780 ut
2904 723 3218 780 concilium
3243 724 3388 795 quod
3406 729 3544 780 tanto
3562 734 3709 799 negotio

2188 818 2559 885 competeret,
2592 815 2651 868 in
2684 816 2826 869 urbe
2857 818 3057 868 nostra
3086 817 3542 884 congregaretur:
3572 820 3612 869 et
3632 820 3713 871 utri-

2186 919 2317 973 que,
2348 904 2465 972 regi
2499 903 2721 959 scilicet
2747 908 2801 958 et
2846 902 3079 974 reginae,
3141 902 3214 956 ad
3272 902 3572 973 synodalem
3593 908 3711 961 venire

2186 991 2565 1058 audientiam,
2594 998 2650 1047 et
2671 1008 2848 1064 super
2864 992 2973 1047 hac
3011 1008 3071 1046 re
3091 990 3450 1046 terminalem
3469 991 3623 1046 subire
3638 1010 3715 1048 sen-

2186 1081 2426 1135 tentiam
2453 1081 2821 1136 indiceretur.
2848 1081 2964 1137 Nos
2991 1086 3185 1137 autem
3210 1079 3386 1134 dubia
3403 1084 3550 1134 tantae
3566 1082 3625 1136 rei
3640 1100 3719 1138 ρους

2188 1169 2539 1225 sideratione
2557 1170 2779 1236 habita,
2806 1169 3140 1224 nullomodo
3166 1169 3275 1223 hoc
3298 1168 3415 1223 sine
3430 1175 3589 1223 vestra
3601 1177 3721 1225 aucto

2188 1259 2356 1312 ritate
2389 1259 2511 1313 fieri
2544 1259 2929 1328 decrevimus,
2966 1263 3021 1313 et
3062 1257 3245 1312 totius
3277 1256 3473 1327 negotii
3502 1258 3721 1313 terminum

2188 1348 2259 1401 ad
2290 1352 2494 1402 vestrae
2529 1348 3020 1419 exspectationem
3056 1345 3356 1402 sententiae
3392 1348 3721 1417 suspendimus,

2186 1436 2554 1507 postulantes
2603 1436 2974 1491 sanctitatem
3035 1439 3295 1491 vestram
3351 1439 3431 1500 ut,
3481 1434 3524 1489 si
3567 1433 3609 1489 id
3630 1437 3721 1506 quod

2187 1524 2369 1579 instat
2435 1529 2628 1581 ratum
2686 1525 2920 1594 ducitis,
2979 1541 3079 1596 per
3158 1541 3265 1579 nos
3326 1522 3623 1595 synodaliter
3658 1530 3725 1578 ter-

2189 1613 2422 1679 minari,
2450 1614 2519 1668 de
2549 1614 2728 1669 latere
2776 1618 2965 1669 vestro
3013 1628 3295 1685 personas
3336 1628 3459 1666 cum
3482 1610 3657 1683 scriptis
3673 1628 3723 1666 ve

2188 1706 2319 1757 straa
2353 1703 2719 1758 auctoritatis
2746 1704 2818 1757 ad
2850 1718 3092 1758 examen
3138 1708 3197 1757 et
3237 1701 3508 1773 judicium
3535 1707 3658 1755 tante
3677 1702 3724 1755 rei

2189 1791 2417 1847 mittere
2439 1791 2781 1863 dignemini,
2809 1808 3055 1863 quorum
3080 1796 3139 1846 et
3176 1789 3462 1845 audientis
3481 1788 3722 1844 reSventile-

2194 1885 2309 1948 tur,
2341 1886 2398 1937 et
2427 1884 2444 1904 ¹
2478 1880 2781 1937 conventia
2825 1880 2884 1935 in
2933 1879 3302 1952 beneplacito
3350 1879 3441 1933 Dei
3468 1878 3723 1933 terminetur.

2793 1969 3133 2024 EPISTOLA
3182 1968 3253 2023 II.

2334 2062 2409 2115 De
2440 2059 2632 2115 Carolo
2665 2059 3074 2114 Constantiensi
3106 2059 3359 2129 episcopo
3387 2055 3641 2124 designato.

2266 2148 2597 2220 Apostolico
2624 2147 2931 2218 sacerdoti,
2966 2152 3023 2202 et
3052 2144 3371 2202 universali
3401 2144 3725 2217 pape,SictraI-

2194 2254 2325 2305 nus,
2362 2237 2715 2309 Moguntina
2759 2236 3090 2309 speculator
3138 2235 3423 2300 Ecclesiae,
3468 2234 3674 2296 debitam,
3693 2236 3729 2285 ut

2198 2326 2370 2393 Patri,
2404 2326 2807 2392 reverentiam,
2848 2330 2906 2381 et
2935 2330 3295 2397 promptam,
3328 2327 3391 2378 ut
3416 2326 3552 2377 tanto
3574 2321 3725 2393 pastori,

2196 2415 2607 2472 obedientiam.

2268 2504 2611 2561 Altissimus
2644 2503 2740 2559 ille
2762 2505 3003 2559 deorum
3026 2503 3211 2573 Deus,
3234 2502 3331 2573 qui
3357 2499 3571 2556 ccelestis
3589 2496 3729 2552 militis

2198 2594 2430 2649 ordines
2453 2594 2534 2648 ita
2564 2592 2874 2664 disposuit,
2908 2596 2973 2647 ut
3006 2591 3158 2647 alter
3188 2590 3346 2647 alteri
3380 2588 3729 2662 praeminente

2199 2682 2269 2738 ad
2298 2683 2673 2753 obsequium.
2706 2681 3037 2738 Conditoris
3095 2680 3296 2735 minor
3350 2679 3570 2750 dignitas
3597 2671 3727 2742 majori

2199 2777 2418 2843 pareat,
2450 2772 2576 2843 ipse
2628 2772 2685 2825 in
2748 2770 3001 2826 Ecclesia
3058 2786 3172 2824 sua
3225 2771 3305 2824 ita
3358 2765 3585 2823 distinxit
3606 2760 3727 2823 caelos,

2200 2877 2374 2933 opera
2407 2861 2727 2932 digitorum
2782 2876 3048 2924 suorum,
3105 2862 3176 2913 ut
3233 2858 3382 2913 sicut
3428 2848 3730 2911 stellaastellt

2201 2949 2392 3004 differt
2423 2949 2482 3003 in
2515 2949 2799 3016 claritate,
2830 2948 2911 3002 ita
2942 2947 3088 3002 alter
3142 2946 3389 3001 alterum
3437 2941 3659 3016 praecedat
3675 2954 3728 2992 ex-

2202 3037 2481 3094 cellentiae
2511 3038 2816 3109 dignitate.
2842 3041 3004 3092 Hanc
3030 3040 3232 3091 autem
3258 3035 3523 3107 graduum
3540 3026 3729 3085 etot’ﬁcio

2203 3145 2334 3182 rum
2367 3127 2760 3182 diversitatem
2792 3126 2872 3180 ita
2902 3126 2971 3181 ad
3004 3142 3189 3180 unam
3232 3121 3444 3179 reducit
3468 3116 3728 3176 concordiam

440 3215 597 3269 ricus
629 3219 845 3282 noster,
874 3219 1009 3270 ante
1041 3232 1257 3287 paucos
1290 3217 1414 3272 dies
1452 3218 1760 3287 conjugem
1794 3233 1960 3271 suam
1991 3233 2088 3271 νο·
2123 3204 2165 3270 C
2206 3218 2400 3271 unitas
2418 3215 2744 3279 charitatis,
2771 3220 2853 3284 ut,
2878 3215 3031 3269 sicut
3064 3215 3125 3268 in
3173 3213 3389 3269 sanctis
3408 3208 3609 3281 angelis,
3630 3205 3733 3258 itaet

438 3303 548 3358 luit
579 3304 891 3369 dimittere,
927 3309 983 3358 et
1012 3322 1139 3359 eam
1174 3322 1347 3376 quam
1382 3305 1658 3377 legitimis
1690 3305 2088 3377 sponsalibus,

438 3393 733 3464 conjugali
758 3394 909 3463 dote,
943 3393 1121 3465 regali
1150 3395 1607 3460 consecratione,
1629 3400 1685 3450 et
1708 3395 1956 3466 publicis
1979 3410 2089 3449 nu-

437 3481 595 3553 ptiis,
622 3481 801 3553 regali
824 3498 1039 3537 corona
1061 3487 1118 3537 et
1140 3488 1506 3538 sacramenta
1520 3483 1628 3539 sibi
1666 3484 1957 3538 ﬁrmatam
1997 3500 2091 3539 so-

437 3569 627 3637 ciavit,
654 3570 872 3625 nullam
900 3572 1087 3643 primo
1107 3572 1483 3643 interponens
1502 3572 1730 3627 discidii
1756 3573 1988 3644 culpam
2004 3573 2091 3629 vel

437 3676 697 3728 causam,
734 3660 971 3714 omnino
1027 3678 1059 3714 a
1118 3678 1178 3716 se
1236 3678 1505 3731 separare
1544 3660 1747 3715 voluit.
1810 3663 1929 3727 Quo
1962 3678 2089 3733 nos,

433 3748 614 3804 veluti
642 3752 904 3803 monstro
933 3750 1182 3817 attoniti,
1213 3754 1269 3804 et
1290 3750 1525 3804 insolita
1548 3750 1629 3804 rei
1650 3750 1795 3804 facie
1818 3751 2089 3821 permoti,

437 3836 685 3892 consilio
718 3843 1084 3910 magnatum,
1134 3843 1420 3910 quotquot
1458 3843 1596 3893 tunc
1628 3840 1869 3893 aderant
1897 3840 1953 3893 in
1987 3856 2089 3911 pa-

437 3926 598 3996 latio,
633 3927 689 3979 in
723 3927 929 3982 faciem
962 3928 1010 3982 ei
1046 3928 1409 3997 restitimus;
1444 3934 1500 3983 et
1532 3928 1643 3983 nisi
1670 3933 1887 3983 certam
1918 3946 2089 4000 expo-

439 4020 601 4070 neret
627 4016 855 4070 discidii
900 4034 1160 4083 causam,
1206 4018 1331 4073 sine
1355 4023 1619 4089 respectu
1646 4019 1814 4089 regiae
1837 4023 2089 4089 potesta-

438 4103 537 4171 tis,
570 4103 695 4159 sine
745 4111 906 4160 metu
952 4106 1131 4177 gladii
1182 4107 1567 4176 imminentis,
1620 4123 1777 4172 eum,
1823 4106 1868 4161 si
1902 4112 2093 4163 vestra

440 4192 789 4261 prmcederet
818 4194 1154 4262 auctoritas,
1188 4212 1220 4249 a
1251 4196 1383 4250 sinu
1415 4199 1470 4249 et
1501 4212 1533 4249 a
1563 4194 1975 4251 communione
1996 4197 2093 4251 Ec-

442 4277 631 4332 clesiae
667 4297 772 4334 nos
805 4286 1212 4353 segregaturos
1247 4284 1639 4354 prrediximus.

511 4366 611 4421 Ille
642 4383 777 4423 vero
805 4368 1005 4424 retulit
1036 4370 1205 4426 nobis
1236 4388 1303 4425 ea
1334 4372 1404 4427 de
1448 4389 1625 4427 causa
1655 4372 1725 4427 ab
1758 4390 1824 4427 ea
1856 4390 1917 4428 se
1945 4372 2091 4429 velle

441 4457 697 4527 separari
732 4458 869 4529 quia
898 4475 1011 4514 non
1045 4465 1242 4532 posset
1271 4461 1318 4515 ei
1355 4466 1472 4515 tam
1504 4461 1752 4516 naturali
1775 4478 1949 4532 quam
1974 4480 2092 4517 ma-

2203 3306 2299 3361 hic
2330 3323 2443 3361 non
2506 3304 2580 3359 sit
2632 3304 2852 3358 invidia
2904 3303 3149 3374 imparis
3208 3300 3492 3358 claritatis.
3523 3294 3730 3361 Quiaergo

2200 3395 2355 3450 idem
2384 3394 2723 3449 Altissimus
2743 3408 2867 3461 vos,
2891 3392 2969 3446 mi
2992 3392 3305 3447 reverenda
3328 3391 3496 3454 Pater,
3522 3378 3727 3440 constituit

2202 3484 2258 3538 in
2282 3484 2391 3538 hac
2413 3500 2543 3538 arce
2591 3480 2972 3554 praelationis,
3021 3484 3088 3535 ut
3114 3480 3241 3535 vice
3286 3478 3435 3534 illius
3459 3472 3614 3546 magni
3637 3464 3729 3524 Petti

2203 3573 2331 3628 sitis
2362 3577 2535 3645 caput
2564 3572 2745 3627 totius
2796 3570 3209 3626 ecclesiasticae
3247 3566 3540 3641 dignitatis,
3564 3577 3609 3616 se
3629 3555 3730 3611 vobis

2202 3662 2393 3717 omnis
2424 3662 2664 3716 inferior
2694 3661 2834 3716 ordo
2867 3659 3188 3726 submittit,
3223 3658 3418 3714 merito
3448 3650 3601 3710 omnis
3618 3660 3728 3702 mem-

2201 3752 2440 3807 brorum
2474 3749 2789 3805 articulata
2819 3748 3108 3804 contextio
3140 3747 3306 3803 vobis
3336 3751 3394 3801 ut
3422 3740 3566 3813 capiti
3590 3732 3726 3793 obedit,

2195 3842 2363 3911 juxta
2396 3841 2549 3911 quod
2584 3840 2844 3911 praecipit
2890 3838 3005 3892 Vas
3059 3836 3395 3892 electionis:
3438 3829 3593 3887 Omnis
3613 3822 3725 3879 monia

2196 3930 2548 4001 potestatibus
2574 3929 2988 3983 sublimioribus
3017 3926 3240 3982 subdita
3262 3929 3331 3979 sit
3355 3923 3510 3993 (Rom.
3530 3915 3639 3985 xm).

2272 4018 2359 4071 Ad
2385 4018 2533 4072 hanc
2558 4033 2693 4088 ergo
2728 4018 2978 4071 formam
3019 4032 3153 4069 cum
3198 4014 3356 4068 vobis
3391 3996 3725 4093 exhiberem

2202 4108 2331 4163 bitas
2356 4105 2733 4176 subjectionis
2756 4105 3174 4173 obedientiam,
3217 4101 3412 4157 multis
3444 4110 3559 4153 sane
3578 4091 3723 4159 injllms

2202 4197 2444 4251 affectus
2468 4212 2622 4266 sum,
2647 4193 2833 4250 multa
2869 4194 3032 4249 vobis
3059 4193 3302 4265 indigna
3322 4195 3374 4245 et
3406 4185 3527 4243 mihi
3547 4176 3725 4273 intolera-

2204 4286 2341 4340 bilia
2371 4302 2581 4357 passus
2614 4302 2768 4341 sum.
2795 4284 3061 4354 Namque
3084 4283 3230 4337 mihi
3260 4283 3440 4336 Romae
3467 4271 3626 4361 posite;

2200 4356 2447 4440 voce,iet
2476 4379 2679 4447 postea
2737 4371 3058 4445 apostolica
3108 4370 3410 4445 legatione,
3456 4356 3724 4447 interdixislti

2201 4482 2270 4519 ne
2302 4482 2433 4519 eum
2466 4464 2565 4535 qui
2599 4463 2941 4535 designatus
2974 4466 3063 4517 est
3092 4461 3153 4517 in
3201 4454 3629 4535 Constantiensem
3651 4454 3725 4535 θρι-

440 4544 596 4601 ritali
655 4547 841 4602 coitus
901 4548 1111 4604 foedere
1169 4549 1448 4621 copulari.
1509 4551 1669 4613 Quod
1714 4550 2087 4621 inquisitum,
2122 4577 2165 4639 Π
2204 4570 2472 4625 scopum,
2506 4552 2626 4608 ullo
2652 4552 2822 4607 modo
2852 4567 3279 4620 consecrarem,
3305 4547 3429 4620 quia
3456 4525 3729 4639 audistiselo’

442 4650 575 4690 cum
607 4641 663 4691 et
693 4638 820 4709 ipsa
850 4637 1149 4705 fateretur,
1184 4639 1447 4694 omnium
1492 4643 1827 4695 nostrorum
1861 4640 2089 4697 animos

444 4724 625 4780 nimio
650 4743 894 4781 mmrore
925 4727 1135 4798 affecit,
1169 4733 1224 4782 et
1253 4728 1381 4800 ipsa
1428 4728 1507 4783 rei
1541 4729 1882 4801 magnitudo
1913 4729 2094 4786 nimia

442 4813 739 4870 dubietate
760 4816 1037 4870 turbavit.
1062 4819 1243 4889 Super
1269 4836 1383 4890 qua
1405 4835 1463 4873 re
1487 4817 1927 4873 sanctissimum
1953 4836 2091 4890 apo-

440 4901 716 4958 stolatum
738 4908 1021 4971 vestrum,
1046 4906 1199 4961 sicut
1223 4906 1483 4961 divinum
1509 4906 1872 4962 consulimus
1893 4925 2093 4962 oracu-

366 5000 371 5003 '
439 4990 583 5055 lum,
610 4996 667 5045 et
705 4991 861 5047 velut
900 4995 1163 5048 membra
1205 5000 1261 5049 et
1296 5000 1488 5065 caput,
1524 5000 1750 5050 tantum
1785 4996 2091 5052 referimus

440 5082 763 5151 negotium.
800 5082 869 5136 Et
901 5082 1038 5153 quia
1065 5083 1173 5138 hoc
1223 5083 1386 5138 valde
1436 5102 1632 5139 rarum
1669 5086 2091 5157 quaestionibus

441 5171 695 5225 occurrit
724 5170 1154 5240 ecclesiasticis,
1188 5178 1244 5228 et
1277 5175 1347 5229 de
1378 5174 1551 5246 regiis
1582 5193 1729 5247 pene
1762 5176 2089 5231 inauditum

438 5258 530 5309 est
550 5259 1060 5326 personis,vestrae
1091 5262 1414 5317 sanctitatis
1437 5263 1544 5318 erit
1568 5264 1705 5335 quid
1733 5280 1908 5336 super
1930 5269 2092 5321 tanta

440 5358 499 5398 re
531 5343 680 5397 facto
711 5364 858 5417 opus
890 5349 965 5404 sit
1012 5351 1340 5418 decernere,
1395 5358 1451 5407 et
1493 5354 1563 5408 ad
1598 5352 1864 5409 consulta
1894 5359 2091 5409 nostra

441 5432 511 5487 de
545 5437 875 5491 sanctuario
902 5439 1050 5493 sacri
1086 5441 1334 5511 pectoris
1382 5442 1558 5497 vestri
1612 5443 1970 5514 responsalia
2002 5460 2090 5499 re-

442 5522 672 5576 mittere
702 5540 712 5575 :
745 5528 807 5575 ut
838 5530 893 5578 et
925 5526 1155 5583 instans
1204 5531 1525 5602 negotium,
1577 5533 1645 5587 ad
1682 5533 1929 5588 salutem
1964 5550 2085 5587 mo-

442 5612 633 5667 derna:
663 5610 871 5680 aetatis,
906 5612 1297 5673 ecclesiastica
1318 5635 1457 5688 pace
1490 5619 1746 5690 ﬁniatur,
1781 5624 1838 5675 et
1866 5622 1935 5675 de
1968 5626 2085 5677 tam

2204 4624 2673 4715 gioSimoniacm
2731 4641 3019 4696 hrrreseos
3076 4656 3211 4695 eum
3268 4632 3563 4693 notabilem.
3590 4624 3722 4715 lnquo

2204 4712 2341 4805 quia
2368 4731 2532 4786 vobis
2590 4729 2837 4798 obediVi,
2899 4727 3103 4796 multa,
3156 4733 3222 4783 ut
3277 4722 3591 4798 prazmissum
3613 4712 3724 4804 es.“

2204 4821 2440 4875 domino
2472 4836 2601 4875 meo
2636 4817 2909 4883 sustinui,
2942 4817 3235 4888 timeoque
3263 4831 3350 4869 me
3370 4811 3530 4867 adhuc
3546 4805 3722 4896 gemo”

2204 4925 2540 4982 passurum,
2563 4913 2620 4963 et
2639 4906 2903 4962 Ecclesia:
2927 4923 3065 4961 mea
3084 4919 3360 4977 magnum
3381 4902 3483 4955 fore
3501 4894 3720 4982 detrimnen'

2201 5002 2351 5067 tum,
2386 4997 2495 5052 nisi
2532 4996 2817 5068 benignus
2845 4994 2941 5049 ille
2975 4999 3180 5050 Petrus
3211 4992 3360 5048 clave
3389 5003 3479 5043 sua
3500 4995 3571 5035 me
3592 4970 3718 5069 ἀθξεη·

2203 5089 2322 5155 dat,
2347 5091 2402 5142 et
2423 5090 2625 5140 vestrm
2650 5084 3015 5140 auctoritatis
3051 5088 3303 5155 potestas
3323 5080 3559 5134 adversus
3574 5068 3716 5161 rem?

2202 5148 2571 5249 potestatem,
2594 5173 2712 5229 zelo
2722 5172 2965 5245 justitiaa
2986 5148 3077 5227 me
3096 5167 3448 5244 protegendo,
3462 5148 3715 5252 εςδρςὶηεξξι

2276 5265 2481 5336 Accepi
2506 5268 2698 5319 autem
2740 5262 2967 5317 litteras
3013 5264 3209 5316 vestrm
3258 5245 3717 5340 sanctitatisqn‘l‘f

2201 5356 2311 5410 bus
2332 5333 2738 5409 continebatur
2759 5356 2822 5405 ut
2842 5368 2911 5405 ex
2931 5354 3214 5423 praecepto
3236 5350 3409 5402 vestro
3428 5333 3711 5423 Coloniensent

2203 5443 2702 5515 archiepiscopum
2737 5440 3065 5507 invitarem,
3121 5444 3177 5496 et
3206 5428 3502 5494 convocatis
3527 5411 3710 5517 irdlﬂbf

2200 5533 2511 5589 concilium
2547 5531 2922 5595 celebrarem,
2982 5529 3039 5584 in
3098 5546 3210 5601 quo
3256 5522 3487 5597 ejusdem
3514 5504 3704 5601 designati}

2199 5621 2453 5695 episcopi
2489 5638 2663 5678 causa
2688 5622 2853 5692 juxta
2881 5618 3181 5676 veritatem
3211 5611 3561 5673 discuteretur,
3589 5584 3702 5650 limi
