4036 6184
577 284 606 340 1
617 283 731 341 443

1629 272 2005 333 DEODUINI
2053 271 2515 332 LEODIENSIS
2565 271 2917 333 EPISCOPI

3718 290 3817 349 illi

573 414 646 468 lis
677 413 1003 479 alumnum,
1039 407 1149 462 nisi
1192 421 1384 476 regem
1417 405 1736 461 dixerimus
1773 405 2078 460 Dominum
2113 422 2212 458 no-
2245 409 2297 471 Α
2329 405 2656 474 speratione
2687 404 2907 459 labitur
2936 405 2993 459 in
3027 405 3193 475 iram,
3225 411 3279 462 et
3324 425 3416 479 pro
3452 413 3673 481 precibus
3697 418 3817 475 solitis

575 507 760 557 strum
775 501 801 554 ?
819 503 1000 565 Quam
1020 497 1159 550 dum
1183 499 1397 550 sancta:
1414 495 1506 549 Dei
1526 495 1820 565 genitricis
1841 494 2216 548 beatissimaa-

574 607 686 662 que
717 587 970 643 ecclesia:
1001 585 1275 657 martyris
1306 585 1381 655 (4)
1432 584 1818 654 mancipando
1869 583 2212 652 substernit,

572 678 711 750 quid
731 677 886 731 aliud
911 674 1021 730 nisi
1049 673 1396 729 indomitam
1421 672 1641 727 rabiem
1666 673 1720 726 in
1754 672 2024 727 melleum
2053 688 2216 740 sapo-

571 783 693 822 rem
711 764 1033 820 convertit?
1059 780 1123 818 ac
1145 764 1518 834 postmodum
1546 778 1682 832 pace
1699 762 2011 816 informata
2033 761 2212 814 hisre-

569 857 828 926 dumque
858 852 1224 909 successione
1253 851 1507 915 exclusa.
1542 850 1811 922 pretiosis
1844 850 2009 920 quasi
2052 849 2210 903 invo-

569 945 692 1000 luta
746 943 1028 999 contextis
1081 941 1442 1011 requiescere
1499 940 1656 995 novit
1712 955 1930 993 secum.
1985 938 2078 991 Sic
2131 938 2213 991 sic

567 1033 737 1090 xenia
755 1035 968 1095 vestra,
983 1029 1172 1084 dulcis
1191 1030 1394 1095 amice,
1412 1045 1526 1082 non
1552 1034 1671 1083 tam
1692 1033 1830 1082 sunt
1847 1029 2017 1094 dona,
2034 1044 2210 1097 quam

568 1123 738 1194 signa
765 1119 1094 1191 significata
1121 1135 1220 1188 per
1240 1116 1541 1172 charitatis
1568 1117 1861 1185 affectum,
1886 1116 1986 1169 sed
2020 1114 2212 1185 potius

570 1210 724 1266 edita
755 1225 856 1280 per
882 1207 1162 1278 Spiritum
1190 1211 1462 1260 sanctum
1489 1223 1502 1270 ;
1537 1222 1601 1259 ac
1650 1222 1720 1259 ne
1767 1204 1905 1274 quid
1949 1203 2111 1258 vobis
2142 1204 2211 1258 de

562 1298 934 1370 jucunditate
973 1295 1154 1350 nostri
1201 1299 1518 1350 conventus
1569 1293 1935 1362 subtraham,
1971 1309 2037 1347 ea
2085 1308 2211 1362 quae

569 1388 818 1460 gloriose
837 1386 988 1440 facta
1011 1387 1149 1439 sunt
1165 1385 1315 1455 apud
1342 1400 1448 1438 nos
1473 1383 1563 1436 his
1586 1383 1794 1436 diebus
1818 1381 2065 1436 fideliter
2085 1397 2213 1452 ape-

569 1477 734 1531 riam.
771 1478 906 1529 Post
938 1472 1156 1528 multas
1187 1472 1443 1543 corporis
1475 1471 1798 1526 beatissimi
1850 1470 2100 1524 Remacli
2134 1472 2210 1539 (5)

538 1565 954 1637 'repulsiones,
981 1561 1365 1633 exquisitione
1398 1562 1682 1632 bonorum
1712 1559 2208 1614 Malmundarien-

566 1656 722 1710 sium
745 1654 920 1709 etiam
945 1668 1100 1706 nunc
1122 1650 1276 1721 apud
1301 1667 1405 1704 nos
1428 1653 1714 1704 retentare
1743 1649 1852 1702 fuit
1872 1647 2206 1713 consilium,

565 1748 631 1799 ut
660 1743 829 1814 quasi
855 1741 1010 1813 quod
1034 1756 1135 1811 per
1165 1756 1227 1793 se
1260 1755 1373 1793 non
1405 1741 1648 1809 poterat,
1677 1737 1860 1807 pietas
1885 1737 2080 1790 divina
2110 1752 2210 1806 per

562 1835 992 1902 cooperatorem
1015 1827 1315 1898 suppleret
1338 1828 1733 1880 Lambertum.
1755 1826 2002 1879 Ventum
2025 1828 2114 1878 est
2137 1825 2205 1878 ad

563 1938 670 1976 nos
697 1936 830 1975 cum
861 1915 1195 1973 admirabili
1218 1915 1404 1986 plebis
1428 1913 1804 1968 multitudine
1827 1913 2007 1967 simul
2031 1930 2095 1967 ac
2117 1914 2210 1968 de-

561 2009 811 2074 votione,
838 2008 1232 2074 feretrumque
1255 2005 1544 2072 jactatum
1573 2019 1750 2072 super
1778 2019 2042 2056 mensam
2073 2019 2206 2056 cum

564 2096 884 2163 devotione,
918 2111 1048 2149 cum
1101 2109 1172 2147 ne
1222 2092 1305 2146 sic
1351 2092 1584 2162 quidem
1626 2108 1724 2144 cor
1754 2091 1927 2157 redis,
1962 2092 2115 2162 quod
2148 2091 2206 2145 in

563 2203 740 2242 manu
772 2185 872 2240 Dei
903 2187 1012 2250 est,
1037 2183 1108 2236 ad
1141 2179 1600 2236 misericordiam
1632 2181 2068 2246 devolVeretur;
2105 2181 2206 2235 sed

561 2274 758 2346 potius
780 2274 849 2328 ad
882 2271 1244 2326 iracundiam
1268 2269 1615 2333 concitatus,
1641 2268 1915 2324 exsiliens
1936 2270 2007 2323 de
2037 2287 2208 2324 accu-

559 2364 684 2418 bitu
718 2360 1094 2431 conclavique
1128 2362 1395 2428 receptus
1445 2373 1647 2412 secum
1697 2357 2164 2412 stomacharetur
2193 2384 2206 2424 ;

559 2469 676 2524 qua
704 2449 1310 2523 perturbatione-grex
1340 2451 1511 2502 antea
1535 2445 1864 2512 devolutus,
1887 2447 1974 2501 vel
2009 2464 2078 2501 ex
2108 2448 2204 2501 de-

1403 2599 1588 2608 ——-————

629 2731 704 2802 (4)
739 2727 1006 2800 Martyris
1036 2729 1095 2782 S.
1130 2723 1422 2781 Lamberti
1455 2723 1792 2780 Leodiensis
1823 2721 2078 2779 ecclesiae
2108 2739 2206 2794 pa-

559 2808 1033 2945 ιιἹῖἒῖηῐρεῐιειῐη
1064 2866 1352 2938 triumphi
1389 2867 1445 2921 S.
1480 2865 1732 2920 Remacli
1763 2865 2067 2920 historiam
2100 2864 2204 2920 ha-

2325 510 2557 548 omnem
2576 495 2884 548 verborum
2909 494 3182 564 ingerunt
3197 498 3570 555 contumeliam
3585 519 3595 554 :
3611 504 3686 558 Vel
3703 522 3818 576 nunc,

2325 582 2617 650 inquiunt,
2638 582 3012 654 ignavissimo
3035 599 3226 650 senex,
3249 584 3370 640 luce
3391 587 3576 644 clarius
3595 598 3711 661 patet
3728 596 3817 664 quid

2324 671 2536 740 valeas,
2571 674 2803 743 quando
2857 672 2912 726 in
2964 674 3212 728 adventu
3261 679 3355 729 tuo
3403 678 3586 731 nedum
3621 683 3818 750 postulata

2323 764 2711 829 consummet,
2745 762 2919 815 etiam
2953 761 3077 816 loco
3111 767 3260 816 stare
3289 763 3590 835 indignatur
3615 772 3725 839 regia
3754 789 3818 842 po-

2322 854 2524 904 testas.
2559 850 2660 903 His
2693 855 2866 920 atque
2897 851 3189 906 similibus
3219 851 3440 922 hymnis
3483 853 3534 908 in
3570 857 3722 912 eodem
3741 859 3817 914 loco

2323 943 2547 993 noctem
2571 939 3039 994 circumsccviunt
3063 957 3260 1007 unam,
3289 957 3415 996 cum
3445 959 3592 998 mane
3613 945 3818 1001 vixextor-

2322 1027 2484 1098 queri
2518 1032 2729 1097 posset,
2755 1033 2819 1081 ut
2852 1029 3158 1083 referretur
3189 1029 3245 1082 in
3275 1029 3569 1099 ecclesiam,
3590 1033 3666 1086 ubi
3689 1050 3817 1088 conso-

2320 1115 2484 1170 ciatis
2516 1115 2781 1186 praesulis
2814 1117 3118 1188 utriusque
3165 1117 3404 1185 meritis,
3433 1123 3573 1173 tanta
3614 1123 3820 1177 confestim

2319 1205 2634 1260 subsecuta
2663 1209 2751 1259 est
2779 1205 2989 1275 gratia,
3023 1211 3086 1260 ut
3116 1222 3324 1260 manus
3355 1223 3414 1260 ac
3460 1207 3611 1278 pedes
3635 1212 3819 1263 contracti

2321 1293 2699 1362 solverentur,
2725 1295 2939 1348 orbatae
2971 1293 3234 1348 mulieris
3258 1294 3405 1350 oculi
3431 1296 3736 1367 aperirentur,
3751 1297 3823 1352 Ble-

2320 1382 2513 1438 celluti
2545 1384 2853 1452 cujusdam
2883 1383 3057 1453 pedes
3078 1383 3306 1438 distorti
3331 1384 3684 1450 relocarentur,
3702 1387 3740 1438 in
3756 1403 3822 1456 quo

2321 1471 2466 1526 nulli
2491 1472 2734 1526 dubium
2760 1472 2870 1526 fuit
2891 1472 3240 1527 Trinitatem
3267 1478 3512 1528 sanctam
3532 1472 3737 1529 ﬁdelibus
3751 1475 3822 1528 suis

2319 1560 2612 1615 evidenter
2641 1560 2918 1626 adfuisse,
2955 1560 3053 1615 ubi
3100 1577 3203 1631 per
3244 1562 3445 1616 merita
3472 1567 3732 1616 sanctorum
3756 1568 3822 1616 tres

2319 1649 2402 1703 illi
2436 1653 2564 1704 sani
2594 1649 2941 1705 videbantur
2970 1655 3179 1704 astare.
3208 1651 3295 1704 Fit
3324 1649 3676 1705 inenarrabilis
3698 1649 3822 1721 populi

2318 1738 2650 1808 commotio,
2685 1742 2880 1792 cantat
2930 1738 3193 1804 ecclesia,
3237 1739 3604 1793 contremiscit
3639 1738 3747 1806 aula,
3766 1755 3822 1792 rex

2319 1827 2570 1881 accurrit
2600 1826 2872 1892 anhelus,
2896 1828 3049 1882 bona
3079 1844 3206 1898 quas
3238 1827 3541 1883 abstulerat
3566 1827 3822 1881 sanctissimo

2317 1915 2543 1986 corpori
2592 1915 2856 1985 utrisque
2910 1920 3288 1986 repraesentat
3337 1916 3600 1971 manibus.
3629 1913 3822 1982 Ende,mi

2318 2004 2492 2057 frater
2517 2007 2574 2058 et
2594 2003 2849 2068 domine,
2873 2005 2986 2070 cui,
3010 2005 3217 2059 Jesum
3248 2009 3443 2070 testor,
3466 2006 3619 2060 debeo
3636 2001 3821 2074 quidquid

2316 2092 2453 2146 boni
2501 2092 2698 2146 deberi
2748 2096 2940 2163 potest
2987 2093 3213 2147 homini
3246 2093 3318 2148 ab
3350 2093 3585 2158 homine,
3610 2092 3656 2146 in
3679 2107 3824 2146 summa

2317 2198 2558 2236 niunere
2589 2198 2748 2250 rogo,
2783 2187 2846 2234 ut
2895 2181 3042 2236 meis
3083 2183 3276 2236 verbis
3307 2182 3546 2236 divinam
3575 2182 3823 2251 maiestatem

2316 2271 2558 2324 adorare
2588 2270 2776 2325 velitis
2809 2287 2985 2340 super
3023 2270 3131 2326 hoc
3173 2270 3398 2342 duplici
3430 2271 3648 2342 negotio,
3672 2267 3824 2340 quodin

2315 2363 2578 2430 tempore
2611 2359 2794 2414 nostri
2814 2359 3189 2430 episcopatus
3219 2365 3338 2414 tam
3372 2359 3672 2414 mirabiliter
3686 2355 3825 2428 Operm

2317 2447 2377 2501 in
2413 2448 2580 2502 nobis
2610 2448 2887 2519 dignatus
2917 2453 3004 2503 est
3052 2448 3361 2504 Dominus.

2314 2725 2414 2779 bes
2463 2725 2615 2794 apud
2669 2723 3117 2795 Chapeavillam,
3149 2727 3222 2780 ad
3277 2727 3485 2781 calcem
3526 2724 3644 2780 torni
3677 2720 3830 2795 secundi

2314 2795 2386 2849 de
2431 2794 3082 2869 GestisLepis’coporum
3133 2797 3536 2853 Leodiensium
3580 2794 3830 2867 (Patrologiz

2312 2871 2456 2920 tom.
2498 2866 2753 2921 CXLIX).

1293 3051 2122 3151 DEODUINE
2225 3050 3232 3153 LBODIENSIS

1833 3248 2684 3336 PllIVILEGIUM

1390 3398 1527 3452 PRO
1566 3397 2016 3452 COLLEGIATA
2053 3398 2113 3451 B.
2157 3397 2404 3453 MARUE
2444 3399 2779 3454 ECCLESIA
2820 3400 3126 3456 HOIENSI.

2059 3521 2243 3590 (Anno
2277 3523 2459 3591 1066.)

855 3649 1270 3722 Amplissimam
1300 3648 1352 3702 ei
1386 3647 1521 3717 facit
1548 3645 1896 3700 donationem
1929 3645 1985 3699 in
2017 3644 2194 3714 ipsius
2223 3644 2580 3716 dedicatione,
2615 3663 2845 3717 eamque
2875 3649 3034 3718 eligit
3057 3665 3156 3720 pro
3187 3650 3492 3722 sepulturus
3519 3651 3630 3704 loco.

2177 3727 2192 3750 ς

1599 3769 1766 3839 (Dom
1800 3769 2085 3836 Mauram,
2117 3769 2369 3839 Ampliss.
2415 3768 2662 3838 ϐοηθοίη
2691 3771 2733 3838 I,
2767 3773 2915 3841 467.)

621 4009 684 4062 In
716 4006 954 4061 nomine
985 4007 1198 4059 saneta:
1249 4006 1305 4056 et
1348 4001 1657 4055 individua:
1686 4001 2010 4055 Trinitatis.
2044 4001 2201 4055 Bona
2232 4002 2272 4067 C
2317 4006 2513 4056 notata
2549 4020 2560 4056 :
2611 4002 2917 4058 ecclesiam
2967 4005 3038 4059 de
3089 4005 3326 4074 Houslc,
3359 4004 3633 4062 ecclesiam
3675 4001 3726 4054 de
3755 3996 3832 4049 Fre-

547 4094 675 4148 vitce
709 4093 1012 4164 praesentis
1044 4091 1320 4146 omnibus
1363 4088 1463 4159 qui
1518 4104 1646 4143 eam
1701 4088 1954 4159 diligunt
2007 4105 2194 4152 avare,

548 4180 774 4235 nullam
801 4181 1073 4248 salutem,
1100 4179 1199 4233 sed
1226 4182 1471 4232 mortem
1498 4177 1732 4247 pariunt
1755 4177 2192 4247 sempiternam.

548 4267 655 4332 Qui
703 4273 898 4322 autem
948 4283 1051 4337 per
1102 4265 1303 4320 eadem
1350 4265 1503 4318 bona
1551 4264 1823 4335 operibus
1863 4265 2193 4319 misericor-

549 4355 656 4410 dias
689 4355 891 4411 ﬂorere
923 4354 1280 4418 studuerint,
1315 4358 1519 4408 serunt
1567 4353 1801 4424 quidem
1850 4354 2196 4424 temporalia

549 4443 820 4514 centuplo
860 4443 1052 4498 fructu
1104 4444 1230 4498 sine
1283 4443 1398 4496 ﬁne
1454 4459 1754 4497 mansura.
1795 4442 2038 4497 Proinde
2088 4443 2194 4515 igi-

545 4539 644 4588 tur
675 4550 779 4606 ego
822 4532 1148 4588 Dietwinus
1196 4531 1533 4586 Leodiensis
1583 4529 1768 4601 gratia
1821 4530 1915 4586 Uei
1967 4531 2194 4602 episco-

546 4638 658 4694 pus
717 4620 979 4693 exemplo
1039 4620 1240 4675 domni
1299 4619 1576 4684 Richarii,
1640 4620 1888 4687 Evracri,
1935 4619 2190 4692 Notgeri,

550 4710 916 4781 aliorumque
938 4709 1298 4764 diversorum
1323 4708 1502 4778 hujus
1534 4708 1708 4777 sedis,
1736 4709 1831 4779 qui
1857 4725 1970 4762 non
2003 4707 2191 4763 solum

548 4799 910 4854 extrinsecus
934 4797 1263 4868 acquisitis,
1288 4798 1387 4850 sed
1423 4796 1606 4851 multa
1628 4798 1802 4851 etiam
1833 4796 1944 4851 sibi
1975 4801 2032 4851 et
2060 4814 2190 4852 suc-

551 4885 1701 4953 cessoribusdetrahentes,laborantibus
1726 4884 1921 4955 inopia
1951 4902 2190 4957 congre-

541 4976 881 5048 gationibus
934 4976 1028 5046 pie
1080 4979 1136 5030 et
1183 4974 1639 5029 misericorditer
1683 4975 2096 5041 subvenerunt,
2131 4975 2189 5029 in

543 5063 797 5120 salutem
831 5067 888 5118 et
919 5061 1380 5133 redemptionem
1412 5062 1622 5116 animze
1652 5077 1793 5116 mem
1822 5061 2099 5116 ecclesias
2130 5063 2189 5115 in

541 5151 684 5208 Heio
738 5157 957 5207 sanctae
1009 5152 1103 5206 Dei
1159 5150 1467 5205 Genitricis
1518 5151 1709 5206 Mariae
1760 5152 1835 5222 (6)
1886 5151 2191 5222 sanctique

543 5240 856 5296 Domitiani
889 5239 1107 5294 contuli
1141 5239 1211 5293 ad
1243 5254 1386 5294 usus
1418 5239 1664 5293 fratrum
1698 5239 1817 5292 haec
1859 5239 2061 5294 subter
2090 5240 2188 5293 ad-

615 5382 690 5451 (6)
721 5382 1035 5437 Ecclesium
1068 5381 1376 5436 Hoiensem
1418 5382 1598 5436 beata:
1649 5380 1837 5435 Maria:
1885 5398 1920 5434 a
1967 5381 2189 5436 Bosone

547 5451 953 5526 archidiacono
987 5471 1089 5526 pro
1139 5452 1227 5526 XV
1273 5452 1566 5526 canonicis
1598 5453 1923 5519 fundatam,
1957 5468 2008 5526 aA
2043 5452 2187 5526 Deo-

544 5521 724 5583 duino
754 5521 1023 5602 episcopo
1053 5523 1352 5582 Leodiensi
1385 5528 1797 5595 restauratam,
1830 5528 1888 5582 et
1918 5540 1952 5582 a
1983 5523 2188 5581 funda-

2309 4089 2620 4158 deis-villa,
2652 4090 2934 4161 capellam
2985 4094 3054 4148 de
3109 4098 3164 4147 S.
3223 4087 3830 4156 Petri-monte,teloneum

2307 4178 2377 4231 de
2427 4177 2774 4250 IIavelange,
2810 4181 3094 4251 praedium
3152 4185 3311 4254 quod
3367 4184 3569 4238 ibidem
3617 4184 3660 4234 et
3699 4183 3832 4229 terram

2309 4283 2482 4336 quam
2544 4267 2602 4320 in
2657 4267 2989 4322 Heristallio
3048 4271 3356 4342 acquisivi,
3416 4277 3646 4327 octavam
3691 4265 3832 4335 partem

2304 4353 2500 4409 allodii
2532 4355 2591 4409 in
2624 4355 2760 4409 villa
2792 4357 3104 4424 Hisemale,
3141 4360 3427 4429 prmdium
3458 4359 3598 4431 quod
3626 4344 3833 4423 acquisivi.

2305 4442 2364 4496 in
2413 4441 2537 4497 loco
2588 4443 2860 4514 Ungravi,
2897 4451 3119 4516 partem
3154 4449 3391 4503 comitis
3423 4442 3696 4505 Godefridi,
3722 4448 3833 4509 quam

2304 4531 2510 4585 habuit
2555 4532 2612 4585 in
2665 4532 2820 4588 villis
2878 4541 3128 4607 Langen,
3166 4537 3566 4605 Lettal‘ambre,
3596 4523 3834 4603 Eugelrode.

2301 4623 2356 4672 et
2404 4619 2459 4673 in
2514 4620 2758 4675 ecclesia
2805 4639 2931 4693 quae
2985 4628 3072 4678 est
3120 4625 3178 4678 in
3231 4625 3370 4680 villa
3403 4625 3660 4697 Reymest,
3687 4619 3728 4670 in
3751 4609 3834 4663 ulla

2298 4707 2586 4762 Taolieres
2621 4725 2856 4765 mansos
2887 4711 3053 4780 duos,
3088 4715 3313 4766 curtem
3363 4711 3552 4767 Lustin
3581 4723 3690 4764 cum
3713 4697 3832 4758 eccle-

2301 4795 2388 4850 sia
2438 4800 2493 4850 et
2541 4797 2817 4853 omnibus
2867 4800 3221 4870 appenditiis
3274 4802 3420 4866 suis,
3462 4799 3699 4854 allodium
3736 4785 3831 4859 qut"d

2300 4884 2506 4938 habuit
2537 4885 2697 4939 Hane
2750 4885 2809 4940 in
2849 4887 2986 4942 villa
3026 4888 3271 4960 Hirgeis,
3309 4889 3593 4944 dimidiam
3621 4877 3832 4940 ecclesiam

2301 4974 2371 5027 de
2393 4973 2806 5030 Wenterluche
2837 4993 2970 5030 cum
3003 4979 3160 5031 omni
3199 4979 3444 5042 familia,
3465 4983 3520 5032 et
3546 4981 3649 5030 tota
3673 4963 3834 5031 doteip’

2299 5062 2441 5116 sius.
2477 5063 2623 5126 Quia
2671 5081 2803 5119 vero
2856 5066 2982 5136 ipsa
3026 5067 3236 5122 domus
3277 5075 3488 5123 sanctae
3516 5064 3676 5119 Mariis
3701 5050 3833 5112 multis

2298 5150 2613 5221 impendiis
2663 5169 2808 5222 opus
2859 5153 3054 5221 habet,
3102 5156 3406 5211 ecclesiam
3461 5157 3526 5210 de
3573 5147 3758 5206 Allecba
3789 5138 3830 5192 ad

2298 5240 2624 5294 custodiam
2659 5241 3073 5315 delegavimus,
3107 5250 3164 5298 et
3215 5246 3286 5300 ad
3342 5245 3445 5300 has
3491 5238 3830 5298 necessitatcsa

2299 5381 2511 5436 mentis
2532 5387 2805 5450 erectam,
2827 5385 3042 5440 additis
3075 5386 3249 5442 etiam
3274 5388 3363 5444 XV
3392 5382 3678 5447 canonicis,
3697 5366 3829 5432 scribil

2297 5453 2537 5526 Egidius
2568 5455 2639 5510 de
2667 5455 3078 5514 Aurea-Valle.
