4036 6184
223 290 374 348 1445

1175 281 1182 288 ’
1241 285 1588 347 DIPLOMA
1632 287 1784 346 PRO
1832 286 2199 348 ECCLESIA
2251 288 2591 350 HOIENSI.

3462 301 3484 355 1
3499 301 3618 358 446

217 419 513 493 prehenda
542 419 793 474 fratrum
815 418 1214 486 distinximus,
1275 418 1472 489 itaque
1529 419 1861 474 distinctam
1895 427 1950 490 Α
1978 420 2377 474 Cameracensi
2408 421 3024 492 episcopo,Gosbertus
3038 425 3480 482 archidiaconus
3501 429 3619 484 alta

214 514 490 582 perpetuo
525 525 761 563 manere
781 507 1053 564 volumus
1085 509 1155 562 ab
1190 508 1434 564 ecclesia
1479 509 1675 564 Sancti
1735 510 1860 563 Ste-

214 598 416 671 phani,
450 615 636 669 usque
658 599 730 653 ad
763 601 997 668 pontem
1029 598 1200 652 Mosae.
1242 599 1299 651 in
1359 601 1573 652 atrium
1634 598 1864 653 dedica-

214 704 368 755 mus,
405 687 466 742 in
491 704 606 758 quo
646 686 758 741 nisi
783 688 989 741 domos
1017 687 1264 740 fratrum
1311 692 1367 742 et
1414 686 1700 757 hospitale
1744 686 1868 740 fieri

213 777 322 831 sub
352 775 726 830 anathemate
756 773 1189 829 interdiximus.
1214 773 1320 828 Ubi
1364 774 1563 838 etiam,
1598 775 1738 846 quia
1783 773 1867 829 lo-

215 881 316 920 cus
339 869 465 919 erat
496 869 689 934 aptus,
712 880 950 918 cursum
998 880 1159 934 aqua:
1220 862 1582 934 adjicientes,
1645 863 1864 917 molen-

217 954 419 1008 dinum
447 953 694 1007 fratrum
725 952 848 1007 ﬁeri
883 951 1265 1006 decrevimus.
1299 951 1583 1013 Quoniam
1616 967 1750 1005 vero
1809 951 1865 1004 in

215 1043 418 1098 eadem
449 1040 695 1097 ecclesia
724 1039 984 1112 requiem
1017 1040 1162 1111 elegi
1193 1039 1252 1094 in
1310 1039 1593 1096 sazeulum
1653 1039 1870 1110 saeculi,

217 1149 346 1188 eam
383 1147 515 1186 cum
558 1129 1004 1202 appendicibus,
1063 1128 1348 1199 ecclesiis,
1395 1133 1451 1184 et
1508 1130 1668 1184 omni
1717 1128 1870 1183 clero

218 1223 290 1277 ab
322 1220 482 1276 omni
516 1219 877 1288 subiectione
910 1218 1333 1284 archidiaconi,
1394 1218 1519 1289 ipso
1573 1221 1869 1272 annuente

212 1315 270 1366 et
295 1311 433 1379 {tota
481 1307 749 1363 Lodiensi
798 1306 1060 1372 ecclesia,
1115 1306 1494 1374 absolvimus,
1555 1310 1611 1362 et
1668 1322 1869 1360 eorum

214 1398 482 1453 omnium
515 1413 714 1452 curam
747 1397 963 1452 decano
985 1397 1250 1466 ejusdem
1281 1395 1702 1467 delegavimus.
1760 1395 1870 1448 De-

215 1488 507 1543 erevimus
537 1486 716 1542 etiam
747 1490 812 1541 ut
842 1502 1032 1557 neque
1093 1485 1315 1540 familia
1371 1486 1441 1540 ad
1498 1484 1678 1540 altare
1736 1500 1871 1554 per-

217 1577 435 1640 tinens,
469 1591 658 1646 neque
689 1575 983 1646 possessio
1016 1574 1214 1645 aliqua
1255 1574 1436 1629 libere
1494 1574 1708 1628 tradita
1765 1589 1868 1628 sae-

219 1665 481 1720 cularem
510 1663 598 1720 vel
624 1663 1011 1720 substitutum
1058 1663 1299 1718 haberet
1356 1663 1720 1726 advocatum,
1772 1662 1871 1716 sed

217 1752 522 1824 legitimus
551 1753 864 1806 advocatus
895 1751 979 1807 eis
1011 1755 1285 1821 praeesset
1314 1751 1385 1805 ad
1449 1750 1869 1817 defensionem,

221 1859 339 1897 non
373 1842 444 1896 ad
473 1841 849 1896 exactionem.
886 1840 1015 1894 Hac
1046 1840 1245 1894 omnia
1273 1855 1406 1893 vero
1451 1843 1683 1909 peracta
1741 1839 1868 1909 ipso

220 1931 316 1986 die
349 1947 461 2001 quo
491 1928 798 1984 ecclesiam
830 1927 1114 1997 dedicavi,
1145 1928 1454 1998 adjuvantc
1486 1925 1860 1996 Lietberto(7)

295 2075 372 2143 (7)
403 2072 728 2127 Lietbertus
759 2087 911 2126 anno
936 2071 1071 2143 1049
1101 2067 1653 2143 Gerardo_epis_copo
1672 2069 1869 2143 (Iamcf

217 2140 449 2200 racensi
480 2143 756 2198 suffectus
777 2146 866 2197 est
897 2160 909 2208 ;
943 2141 1236 2197 abbatiam
1267 2145 1322 2195 S.
1355 2140 1615 2211 Sepulcri
1646 2140 1868 2194 ordinis

1435 2386 2412 2575 DEODUINI

1901 1794 1948 1858 B

1978 523 2115 561 voce
2138 505 2400 560 recitavit
2431 507 2557 562 sine
2607 510 3086 566 contradictione.
3147 513 3262 584 Ego
3320 520 3515 570 autem
3565 522 3623 571 et

1979 595 2287 666 praedictus
2319 596 2627 668 episc0pus
2652 602 2927 669 perpetuo
2951 600 3321 657 anathemate
3343 603 3623 676 obligavi-

1979 700 2110 737 mus
2143 683 2414 754 quisquis
2443 683 2664 755 aliquid
2706 701 2910 742 eorum
2959 688 3175 743 violare
3228 707 3614 764 praasumpse-

1978 772 2072 842 rit,
2106 778 2168 826 ut
2198 777 2441 828 mternos
2471 775 2764 830 cruciatus
2804 793 2936 831 cum
3001 778 3230 832 diabolo
3289 786 3345 835 et
3397 782 3620 854 angelis

1978 861 2103 931 ejus
2139 863 2405 932 perferat,
2457 863 2570 917 nisi
2629 864 2698 918 de
2757 864 2971 934 injuria
3019 868 3354 924 satisfaciat.
3417 870 3621 928 Visum

1978 955 2065 1004 est
2112 956 2304 1004 autem
2339 955 2396 1005 et.
2445 952 2790 1006 advocatum
2836 959 2894 1008 et
2952 959 3130 1011 testes
3185 958 3386 1012 subter
3441 977 3623 1015 anno-

1980 1042 2104 1093 tare
2135 1038 2616 1107 archidiaconos;
2653 1040 3048 1097 Herimannus
3080 1047 3446 1115 praepositus,
3509 1048 3627 1103 Go-

1980 1126 2304 1197 descalcus,
2338 1128 2750 1193 Godescalcus,
2777 1131 3166 1186 Godescalcus
3198 1135 3426 1201 tertius,
3454 1136 3620 1203 Boso,

1980 1215 2346 1271 Dietwimus.
2384 1217 2663 1273 Praeterea
2689 1217 3028 1274 Wolbertus
3061 1221 3623 1288 decanus,Asculf'us

1979 1308 2197 1370 cantor,
2238 1306 2454 1360 Franco
2487 1305 2891 1361 scholasticus.
2921 1308 3066 1362 Laici
3095 1325 3225 1364 vero
3249 1327 3442 1366 comes
3463 1311 3626 1366 Adel-

1981 1393 2201 1458 bertus,
2257 1409 2451 1449 comes
2508 1395 2816 1461 Henricus,
2868 1413 3061 1451 comes
3117 1397 3294 1468 Cone,
3353 1399 3624 1455 Walche-

1982 1500 2082 1536 rus
2117 1484 2431 1537 advocatus
2454 1483 2731 1550 ecclesiae,
2767 1483 3154 1540 Godescalcus
3213 1488 3284 1541 de
3338 1492 3626 1556 Cennaco,

1983 1571 2332 1626 Godefridus
2357 1575 2415 1625 et
2436 1571 2719 1627 Arnulfus
2751 1573 2821 1628 de
2852 1574 3120 1642 Florinis,
3155 1576 3516 1632 Theodricus
3557 1579 3627 1633 de

1983 1659 2244 1715 Goreftize
2267 1664 2322 1714 et
2352 1660 2527 1715 frater
2559 1662 2686 1730 ejus
2711 1661 3061 1718 Christinus.
3107 1665 3496 1722 Herimannus
3555 1668 3625 1722 de

1983 1749 2144 1812 Gers,
2177 1748 2508 1818 Stephanus
2539 1749 2609 1803 de
2642 1749 2832 1805 Faule.
2883 1751 3055 1806 Facta
3111 1759 3250 1808 sunt
3297 1754 3416 1809 hac
3473 1773 3625 1810 anno

1980 1837 2353 1908 episcopatus
2377 1837 2576 1891 domni
2608 1837 2878 1892 Dietwini
2910 1857 3071 1907 xvm,
3106 1843 3259 1913 regis
3288 1860 3422 1898 vero
3476 1845 3624 1899 flen-

1977 1925 2082 1979 rici
2113 1942 2265 1980 anno
2297 1943 2373 1979 x1.
2409 1926 2524 1995 Ego
2557 1926 2772 1980 Franco
2805 1927 3192 1984 scholasticus
3225 1934 3551 2002 recognovi.

1977 2068 2033 2122 S.
2069 2067 2386 2131 Benedicti,
2411 2068 2466 2120 in
2491 2085 2605 2138 qua
2635 2068 2905 2124 conditus
2930 2071 3104 2139 jacet,
3134 2070 3400 2126 fundavit
3434 2091 3447 2139 ;
3479 2076 3622 2131 obiit

1979 2139 2202 2193 meritis
2235 2139 2444 2209 plenus
2475 2156 2627 2194 anno
2657 2141 2812 2193 1076.

2963 2314 3212 2320 __-————-
3221 2316 3612 2325 *ηις-νῇ*

1681 2669 2187 2756 DIPLOMA

930 2843 1043 2912 Quo
1094 2842 1158 2897 in
1182 2840 1410 2896 ecclesia
1438 2839 1660 2895 Hoicnsi
1686 2854 1783 2894 scn
1811 2839 2001 2894 Hiemi
2027 2837 2339 2908 quindecim
2367 2841 2651 2896 canonicos
2671 2843 2931 2898 instituit.

1738 2981 1924 3052 (Anno
1957 2981 2138 3050 1066.)

1272 3123 1568 3196 (MIRzEUS,
1602 3122 1734 3194 Opp,
1763 3122 2014 3194 diplom,
2046 3127 2190 3178 tom.
2228 3126 2269 3195 Ι,
2302 3140 2435 3196 pag.
2469 3096 2583 3197 δὲ.)

303 3383 379 3455 (8)
412 3382 527 3453 Ego
557 3376 1019 3448 Deoduinus,Dei
1043 3375 1230 3448 gratia
1261 3372 1631 3429 Leodicensis
1653 3373 1878 3445 episeo-
1912 3373 1954 3439 C
1994 3373 2368 3445 postmodum
2402 3373 2750 3430 dimidiavit.

231 3475 582 3546 pus,notum
615 3485 742 3524 esse
763 3467 890 3522 volo
912 3471 1030 3522 tam
1061 3463 1446 3537 praesentibus
1469 3478 1646 3533 quam
1673 3462 1885 3518 futuris

236 3561 509 3634 qualiter,
541 3567 670 3630 post
712 3557 1039 3612 libertatem
1093 3553 1362 3608 Hoicnsis
1393 3551 1673 3617 ecclesiae,
1708 3567 1886 3623 quam

240 3652 542 3708 Maternus
574 3648 751 3702 beata
787 3643 1080 3700 memoriae
1141 3643 1449 3714 episcopus
1499 3641 1887 3696 consecrando

243 3737 610 3813 primitiavit,
637 3734 949 3805 adjecerim
983 3731 1311 3787 libertatem
1334 3730 1510 3785 etiam
1544 3729 1710 3784 villae.
1745 3735 1890 3784 Prce-

243 3830 430 3884 fatam
453 3825 747 3897 siquidem
779 3822 1083 3878 ecclesiam
1141 3837 1174 3875 a
1222 3819 1620 3874 fundamentis
1673 3819 1743 3873 ad
1801 3819 1890 3878 la-

244 3916 507 3989 quearia,
540 3932 573 3968 a
605 3913 978 3984 laquearibus
1011 3914 1067 3965 et
1089 3909 1243 3963 ultra
1289 3907 1652 3978 remdifieavi,
1713 3924 1888 3978 quam

241 4006 427 4061 etiam
457 4005 515 4058 in
539 4019 702 4070 auro,
726 3998 1244 4072 argento,gemmis
1275 4001 1329 4052 et
1350 3997 1603 4068 praediis,
1643 4013 1744 4068 pro
1775 4013 1894 4052 mo-

245 4093 388 4150 dulo
420 4109 548 4147 meo
580 4090 841 4158 ditavi,et
870 4090 940 4144 de
967 4091 1120 4160 Agar
1148 4091 1348 4142 Saram
1380 4102 1509 4141 esse
1549 4086 1677 4140 feci.

320 4179 746 4237 Praenominata
773 4194 906 4234 vero
935 4176 1074 4231 villa
1102 4192 1204 4248 pro
1224 4175 1488 4230 libertate
1506 4192 1613 4229 sua
1629 4176 1700 4230 ad
1733 4192 1892 4230 sum-

243 4277 389 4346 ptus
411 4269 662 4326 ecclesiae
686 4263 1272 4332 necessarios,omnia
1304 4263 1542 4317 mobilia
1571 4280 1678 4318 sua
1710 4264 1893 4334 primo

243 4360 399 4418 mihi
432 4357 686 4414 tertiavit
709 4375 723 4426 ;
749 4373 866 4427 qua
894 4354 1161 4410 libertate
1191 4356 1256 4407 ut
1285 4350 1539 4422 amplius
1587 4351 1893 4416 frueretur,

319 4502 395 4571 (8)
425 4500 748 4556 Tiieoduini
808 4497 1090 4571 diploma,
1121 4495 1222 4551 sed
1245 4566 1255 4571 _
1277 4492 1575 4571 mutilum,
1605 4493 1898 4571 ﬂ/Egidius

239 4564 435 4630 Vallis
462 4575 662 4627 Aurea
696 4564 1042 4634 monachus,
1065 4565 1477 4623 Brusthemius
1508 4570 1566 4619 et
1595 4564 1890 4635 Chappea-

240 4644 448 4709 villus,
481 4659 676 4698 rerum
706 4641 1083 4696 Lodiensium
1105 4637 1440 4709 scriptores,
1466 4636 1712 4692 recitant
1743 4637 1894 4706 quod

245 4717 491 4791 quidem
523 4715 949 4791 signarunt,_ut
975 4711 1153 4766 iidem
1212 4709 1527 4780 scriptores
1586 4711 1894 4763 asserunt:

324 4783 694 4843 Hermannus
725 4783 1192 4850 archidiaconus,

323 4857 756 4913 Godeschalcus
789 4855 1154 4927 praepositus,

325 4927 669 4985 Wolbortus
691 4929 973 4996 decanus,

323 4999 678 5071 Aistulphus
708 5003 930 5071 cantor,

323 5069 546 5127 Franco
580 5069 989 5134 scholasticus,

323 5143 484 5198 Bono
508 5142 846 5207 canonicus,
875 5141 1017 5194 Eme
1048 5140 1106 5191 et
1135 5136 1445 5202 Wolbodo,

325 5214 678 5270 Godefridus
711 5204 1009 5276 barbatus,
1065 5208 1279 5274 senior,
1313 5208 1429 5262 dux
1488 5204 1897 5277 Lotharingite,

321 5285 596 5341 Albertus
629 5300 823 5338 comes
854 5279 1293 5345 Namurcensis,

326 5357 616 5412 Henricus
648 5371 845 5410 eomes
879 5350 1368 5423 Lueeburgensis,

327 5429 486 5484 Ceno
503 5444 698 5482 comes
721 5427 932 5481 Montis
956 5423 1143 5488 Acuti,

330 5499 628 5555 Walterus
659 5498 976 5554 advocatus
1006 5495 1271 5566 ejusdem
1299 5490 1470 5564 villas,

328 5568 761 5632 Godeschalcus
786 5571 858 5628 de
882 5572 1143 5626 Cannaco

2063 3460 2262 3515 Prima
2292 3459 2528 3516 libertas
2561 3462 2680 3517 haec
2710 3466 2816 3530 est,
2852 3465 3004 3535 quod
3062 3466 3334 3525 defuncto
3379 3469 3439 3525 in
3497 3489 3638 3544 pace

1993 3550 2482 3621 episcopo,usque
2495 3551 2565 3605 ad
2582 3550 2902 3621 plenariam
2921 3551 3164 3610 alterius
3183 3557 3636 3631 institutionem,

1998 3640 2321 3710 Burgenses
2340 3637 2507 3702 villae,
2537 3639 2689 3694 bona
2714 3640 2826 3695 fide
2853 3645 2909 3695 et
2931 3642 3082 3698 bono
3112 3645 3638 3718 consilio,castrum

1998 3727 2246 3781 Hoiense
2279 3727 2350 3782 de
2381 3727 2663 3782 reditibus
2711 3727 2857 3782 villae
2907 3733 3354 3792 conservabunt.
3404 3737 3462 3789 Si
3507 3754 3640 3792 vero

2000 3816 2220 3880 nos,vel
2244 3815 2456 3888 aliquis
2469 3833 2875 3872 successorum
2894 3826 3227 3877 nostrorum
3245 3825 3642 3896 praescriptam

2001 3905 2350 3971 libertatem,
2381 3904 2466 3958 vel
2491 3905 2840 3977 aliquajura
2860 3923 3057 3962 eorum
3091 3911 3270 3981 (quod
3315 3912 3490 3984 absit)
3549 3914 3641 3968 in-

2001 3994 2255 4064 fringere
2302 3993 2629 4064 tentaverit,
2677 3995 3055 4051 concedimus
3103 4002 3159 4052 et
3209 4001 3529 4057 statuimus
3578 4006 3642 4057 ut

2003 4084 2118 4137 dux
2146 4082 2550 4154 Lotharingiaa,
2584 4090 2639 4138 et
2660 4083 2755 4137 alii
2785 4088 2901 4138 tam
2935 4085 3122 4140 clerici
3147 4104 3324 4158 quam
3351 4089 3481 4144 laici
3514 4092 3648 4146 sub-

2002 4172 2185 4227 notati
2211 4173 2281 4226 ad
2315 4173 2769 4227 conservandam
2803 4173 3152 4244 libertatem,
3187 4183 3242 4233 et
3263 4180 3401 4249 jura
3443 4196 3646 4236 eorum

2003 4260 2423 4332 (admonitione
2452 4265 2646 4314 tamen
2677 4261 2999 4332 praemissa)
3032 4263 3115 4319 eis
3139 4265 3452 4322 efficaciter
3506 4268 3652 4323 assi-

2005 4354 2156 4406 stere
2188 4365 2302 4403 non
2325 4348 2618 4403 emittant.

2077 4489 2424 4544 Godefridus
2455 4494 2510 4543 et
2541 4489 2823 4561 Arnulfus
2853 4493 2922 4545 de
2953 4491 3232 4561 Florines,

2078 4560 2425 4615 Godefridus
2457 4561 2526 4614 de
2563 4559 2845 4627 Floref'fia,

2077 4630 2444 4687 Christianus
2478 4631 2604 4701 ejus
2629 4631 2824 4684 frater.

2079 4703 2361 4757 Caeterum
2397 4703 2540 4757 Bozo
2574 4701 3121 4766 archidiaconus,et
3151 4705 3332 4760 abbas
3361 4711 3417 4762 S.
3456 4706 3650 4761 Marias

1927 4751 1971 4813 Ι)
2006 4775 2072 4848 15
2101 4774 2412 4848 canonicos
2439 4773 2502 4848 in
2536 4773 2774 4848 Huiensi
2797 4751 3055 4848 S.Marize
3086 4777 3330 4832 ecclesia
3351 4751 3648 4848 ιῖὀεᾰέἰῖεὶἱῖ

2008 4845 2106 4899 His
2137 4845 2282 4919 alios
2308 4845 2551 4919 totidem
2583 4844 2959 4919 Theoduinus
2982 4847 3290 4919 episcopus
3317 4844 3564 4919 addidit,
3598 4854 3655 4904 et

2006 4917 2270 4972 eamdem
2295 4916 2665 4990 ecclesiam,a
2693 4915 3088 4990 fundamentis
3112 4915 3296 4990 usque
3319 4920 3389 4974 ad
3421 4915 3655 4990 laquea-

2008 4989 2094 5062 ria
2126 5006 2158 5062 a
2188 5005 2248 5041 se
2265 4987 2599 5062 perfectam,
2635 5003 2783 5062 anno
2812 4987 2949 5062 1966
2998 4987 3307 5051 dedicavit,
3368 4987 3656 5062 praesente

2007 5058 2293 5133 Lietberto
2324 5058 3078 5133 gemer‘acensi‘cpiscopo.’
3123 5062 3300 5116 Iidem
3347 5058 3649 5133 pontifices

2010 5148 2220 5202 corpus
2236 5132 2288 5183 S.
2325 5129 2638 5202 Domitiani
2670 5128 2948 5202 episcopi,
2978 5132 3047 5185 ad
3081 5134 3295 5187 dictam
3347 5128 3654 5188 ecclesiam

2009 5219 2076 5282 ea
2098 5199 2417 5282 ecclesiola,
2451 5217 2552 5271 per
2583 5200 2639 5254 S.
2674 5199 3022 5286 Maternum,
3060 5205 3314 5286 primum
3349 5205 3652 5286 Tungren-

2013 5274 2165 5328 sium
2186 5272 2557 5345 episcopum,
2583 5276 2937 5345 constructa,
2970 5272 3372 5330 transtulerun
3402 5281 3466 5330 ut
3486 5272 3656 5332 idem

2011 5342 2272 5415 zEgidius
2305 5344 2360 5396 in
2395 5342 2582 5415 Gcstis
2616 5342 3025 5415 episcoporum
3060 5346 3502 5402 Leodicensium
3537 5353 3652 5405 tra~

2015 5414 2532 5493 dit,AThe0duinus
2555 5414 2864 5485 episcopus
2898 5415 3039 5493 obiit
3072 5434 3222 5493 anno
3252 5419 3410 5493 1076,
3460 5423 3516 5477 et
3565 5436 3656 5479 se-

2015 5485 2218 5561 pultus
2248 5491 2338 5544 est
2359 5485 2420 5542 in
2444 5484 2769 5543 memorata
2797 5484 3044 5544 ecclesia
3071 5488 3313 5548 Huensi.
