4036 6184
221 351 379 410 1449

1783 352 1989 412 VITA.

3473 363 3630 423 1450

217 482 506 538 Rodulfus
529 499 682 538 anno
716 484 958 539 1138.0e
979 484 1070 538 his
1096 482 1438 539 consulendi
1473 483 1876 556 hagiographi,
1907 486 1959 550 Α
1992 483 2182 555 inquit
2215 485 2480 540 Raissius
2514 486 2570 540 in
2597 487 2855 558 Belgieca
2883 488 3118 554 Christ,
3144 507 3197 561 p.
3225 491 3320 546 Ill.
3342 492 3486 548 Huic
3508 494 3628 564 epi-

216 571 475 627 maxime
505 571 646 626 socii
681 571 1059 628 Bollandiani.
1096 573 1402 643 Depositus
1435 577 1521 628 est
1561 572 1617 626 in
1668 589 1871 627 mona-

1985 589 2160 644 SCOpo
2179 573 2344 629 Ursio
2365 575 3033 634 abbasAltismontensis
3056 581 3412 651 nuncupavit
3437 582 3624 637 histo-

217 660 400 717 sterio
429 661 486 716 S.
522 661 784 733 Sepuleri
815 662 887 716 ab
913 662 1036 734 ipso
1096 661 1353 728 condito,
1407 661 1505 716 ubi
1557 661 1874 733 quotannis
1985 661 2132 715 riam
2166 663 2237 716 de
2267 663 2328 716 S.
2364 663 2657 730 Marcello,
2693 681 2820 737 quae
2852 665 3063 738 legitur
3092 669 3248 740 apud
3276 669 3623 728 Bollandum

217 749 400 807 habet
422 749 480 805 in
500 749 593 805 die
623 749 818 806 obitus
848 749 1078 822 vigilias
1128 751 1420 806 solemnes
1479 754 1872 816 mortuorum,

1983 753 2055 806 ad
2079 751 2234 806 diem
2268 753 2334 806 16
2362 752 2648 808 Januarii.

860 1162 1269 1284 VITA
1392 1105 1988 1286 SANCTI
2099 1163 2983 1290 LIETBERTI

1461 1435 1996 1495 CAMERACENSIS
2045 1437 2357 1494 EPISCOPI
2367 1481 2377 1494 .

1113 1629 1450 1687 AUCTORE
1493 1631 1877 1688 RODULPHO
1914 1633 2194 1690 ABBATE
2236 1636 2294 1691 S.
2338 1635 2724 1693 TRUDONIS.

1161 1819 1353 1890 (Apud
1385 1821 1721 1890 ACHERIUM,
1756 1819 2050 1892 Spicilegii
2068 1823 2210 1877 tom.
2245 1821 2334 1889 IX,
2368 1838 2498 1894 pag.
2532 1825 2684 1891 675.)

747 2169 976 2225 CAPUT
1020 2168 1331 2224 PRIMUM.

466 2261 538 2314 De
569 2258 758 2314 0tlone
785 2263 837 2313 et
887 2259 1124 2314 Henrico
1171 2258 1610 2328 imperatoribus.

287 2347 533 2404 Romani
552 2347 914 2419 principatus
936 2345 1235 2417 imperiale
1258 2346 1471 2400 solium
1496 2345 1734 2401 brachio
1758 2346 1863 2401 mi-

210 2437 367 2494 litari
400 2436 770 2492 sustentabat
801 2435 931 2490 Otto
963 2434 1190 2504 Junior,
1226 2449 1547 2506 regumque
1599 2439 1859 2489 veterum

216 2525 537 2600 potentiam
558 2522 1169 2594 relegens,mobilitate
1185 2521 1462 2593 juvenilis
1483 2522 1663 2576 animi
1689 2538 1861 2578 cona-

207 2619 387 2672 batur
417 2613 681 2670 omnium
716 2613 838 2668 ﬁeri
872 2611 1182 2683 potentior.
1227 2611 1298 2666 Ut
1330 2616 1522 2666 autem
1583 2611 1863 2666 meditata

212 2702 550 2776 compleret,
579 2701 926 2757 admittebat
957 2699 1217 2754 consiliis
1250 2698 1658 2770 imperialibus
1704 2716 1862 2754 com-

211 2791 611 2849 mercatricem
641 2790 1037 2845 Romanorum
1067 2788 1395 2843 barbariem
1425 2787 1487 2860 [ί.
1515 2788 1861 2858 avaritiam],

213 2883 390 2938 donis
421 2886 476 2936 et
506 2878 806 2936 beneficiis
837 2883 1100 2933 saturare
1132 2877 1389 2950 gestiens
1420 2893 1620 2932 eorum
1671 2876 1863 2948 inglu-

214 2971 362 3027 viem
394 2986 405 3025 :
440 2971 536 3025 sed
569 2967 840 3040 palatinis
873 2967 1139 3036 canibus,
1179 2971 1241 3019 ut
1271 2965 1504 3031 assolet,
1555 2966 1866 3020 accedebat

214 3077 284 3116 ex
318 3058 602 3130 frequenti
636 3054 980 3112 assiduitate
1010 3059 1322 3109 contumax
1354 3052 1687 3122 insolentia,
1721 3057 1864 3108 etex

215 3148 399 3202 nimia
428 3146 818 3201 familiaritate
850 3148 1240 3214 contemptus.
1275 3143 1428 3198 Adeo
1471 3141 1747 3197 efferbuit
1776 3142 1859 3195 fa-

219 3237 484 3292 ctionum
516 3235 768 3300 insania,
801 3238 865 3288 ut
896 3232 1210 3305 pelleretur
1240 3233 1312 3287 ab
1356 3233 1499 3287 urbe
1548 3231 1866 3301 imperator

219 3343 332 3381 non
367 3325 491 3380 sine
521 3328 706 3379 morte
737 3338 996 3378 suorum.
1033 3326 1177 3376 Dum
1204 3320 1358 3392 cogit
1385 3321 1456 3375 ad
1480 3319 1864 3375 vindicandas

219 3414 467 3485 injurias
499 3413 754 3468 militum
780 3415 992 3478 castra,
1019 3411 1157 3465 dum
1183 3411 1362 3482 stipat
1383 3408 1718 3482 imperiales
1740 3411 1862 3462 tur-

220 3501 741 3575 mas,del‘ungitur;
763 3504 937 3571 atque
959 3516 1090 3554 cum
1107 3498 1265 3553 luctu
1284 3502 1340 3553 et
1361 3513 1605 3552 maerore
1620 3512 1862 3551 suorum

221 3592 438 3649 honore
471 3591 626 3665 regio
659 3590 715 3645 in
748 3589 993 3645 ecclesia
1023 3585 1378 3659 Aquisgrani
1419 3584 1716 3657 sepelitur.

289 3680 367 3737 Eo
398 3682 469 3736 de
503 3680 693 3735 medio
727 3681 875 3734 facto
907 3677 1211 3732 Heinricus
1241 3673 1636 3730 Baioariorum
1697 3673 1866 3728 ducis

217 3770 470 3826 Heinrici
504 3769 662 3824 filius
694 3769 770 3839 (4)
804 3771 948 3822 nutu
971 3764 1397 3837 etprovidentia
1416 3763 1508 3818 Dei
1533 3779 1600 3817 ex
1623 3762 1864 3817 consilio

216 3858 689 3916 Lothariensium
721 3871 980 3928 purpura
1010 3853 1254 3909 vestitus
1286 3852 1464 3924 regia,
1501 3851 1679 3906 armis
1719 3851 1862 3906 insi-

218 3948 418 4022 gnitur
441 3945 844 4018 imperialibus
869 3944 997 4014 ;qui
1015 3959 1191 4015 quam
1214 3941 1544 4012 prudenter,
1561 3956 1738 4010 quam
1754 3939 1865 3994 for-

219 4039 372 4105 titer,
408 4053 582 4108 quam
610 4034 867 4107 paciﬁca,
897 4049 1072 4104 quam
1093 4031 1374 4086 catholice
1393 4046 1566 4086 suum
1593 4029 1737 4083 rexit
1758 4022 1866 4083 im-

218 4126 470 4198 perium,
506 4127 793 4180 monstrat
824 4121 1080 4177 nominis
1135 4119 1320 4191 ipsius
1369 4118 1710 4187 intitulatio,
1764 4135 1866 4189 per

217 4232 395 4288 quam
422 4232 535 4269 non
559 4213 732 4268 modo
755 4214 1054 4283 Augustus
1077 4213 1134 4264 et
1164 4212 1481 4280 imperator
1499 4207 1597 4262 sed
1625 4207 1865 4277 insuper

215 4303 586 4359 Orthodoxus
617 4306 792 4372 atque
810 4301 1092 4354 Pacificus
1116 4296 1460 4352 attitulatur.
1486 4295 1714 4349 Sedatis
1737 4295 1863 4349 sine

215 4392 505 4464 sanguine
534 4387 942 4456 bostibus,sibi
959 4402 1182 4458 suoque
1205 4389 1408 4456 potens
1431 4383 1569 4437 vixit
1594 4382 1858 4454 imperio,

217 4481 349 4554 plus
384 4480 510 4552 paci
541 4483 597 4535 et
626 4478 827 4552 pietati
858 4478 1100 4533 studens
1131 4491 1306 4545 quam
1341 4471 1581 4541 militiae,
1603 4471 1736 4543 plus
1767 4489 1861 4526 ca-

215 4570 443 4626 tholica:
476 4573 532 4624 et
551 4567 883 4639 apostolicae
906 4563 1166 4635 religioni
1194 4561 1450 4618 serviens
1475 4576 1652 4631 quam
1682 4560 1861 4615 furori

215 4659 442 4716 Martio.

858 4744 1088 4800 CAPUT
1152 4743 1218 4797 ll.

519 4839 594 4893 De
625 4835 858 4892 Gerardo
884 4835 1130 4904 episCOpo
1161 4833 1556 4888 Cameracensi.

1899 2183 1946 2246 Β
1979 2170 2324 2225 restauratio
2347 2171 2654 2226 domorum
2679 2177 2891 2227 sanctae
2912 2175 3116 2231 matris
3133 2176 3412 2246 Ecclesia,
3452 2181 3627 2237 index

1979 2263 2068 2312 est
2099 2259 2464 2314 Florinarum
2497 2260 2689 2315 nobile
2716 2262 3069 2333 coenobium,
3101 2267 3159 2318 in
3191 2265 3408 2322 honore
3438 2268 3536 2324 Dei
3569 2275 3627 2326 et

1974 2347 2254 2402 memoria
2278 2348 2689 2405 beatiJoannis
2711 2354 2767 2405 et
2790 2350 3002 2406 indicis
3024 2351 3262 2419 Christi,
3284 2357 3618 2428 sumptibus

1975 2435 2102 2505 ejus
2116 2439 2538 2503 constructum,
2566 2438 2937 2510 paternisque
2956 2439 3392 2498 hereditatibus
3423 2444 3618 2499 adhin-

1973 2523 2328 2578 reditatum:
2367 2530 2656 2581 monstrat
2685 2527 3120 2584 Cameracensis
3161 2531 3327 2586 sedes
3359 2547 3465 2603 ope
3504 2537 3624 2588 stu-

1973 2611 2185 2682 dioque
2219 2613 2405 2683 ipsius
2434 2614 2708 2669 nobiliter
2740 2616 3048 2683 decorata;
3084 2635 3307 2673 necnon
3340 2619 3399 2674 in
3440 2621 3625 2692 capite

1974 2699 2130 2754 sedis
2163 2701 2425 2768 ejusdem
2451 2703 2860 2772 pontificaliter
2882 2705 3133 2760 exaltata
3158 2724 3169 2760 :
3191 2711 3438 2763 testatur
3459 2714 3626 2766 Atre-

1974 2787 2234 2843 batensis
2265 2788 2529 2856 ecclesia,
2567 2809 2667 2862 per
2696 2793 2965 2848 eumdem
3017 2795 3355 2865 pontificem
3409 2797 3624 2855 melius

1974 2875 2396 2948 pulchriusque
2415 2896 2587 2950 quam
2612 2882 2796 2936 fuerat
2820 2887 3142 2940 restaurata
3164 2890 3294 2957 post
3311 2888 3626 2960 conﬂagra-

1975 2965 2188 3020 tionem
2224 2966 2471 3022 caelestis
2505 2968 2778 3023 incendii.
2813 2971 2994 3039 Cujus
3028 2973 3106 3027 rei
3139 2975 3402 3030 ordinem
3458 2982 3625 3032 caele-

1973 3070 2290 3126 rorumque
2320 3055 2467 3111 bene
2497 3062 2797 3128 gestorum
2846 3061 2996 3116 scire
3043 3062 3323 3132 volentes,
3370 3066 3441 3120 ad
3495 3067 3625 3137 ejus

1971 3141 2113 3196 Vita:
2145 3147 2368 3198 textum
2403 3145 2750 3217 dirigimus:
2785 3165 2891 3203 nos
2926 3149 2984 3203 in
3015 3155 3252 3222 sumpto
3281 3154 3435 3210 fasce
3455 3156 3627 3210 desu-

1973 3230 2270 3287 dabimus.

2603 3323 2832 3379 CAPUT
2893 3325 2986 3379 ΙΙΙ.

1975 3411 2047 3465 De
2072 3415 2197 3466 orlu
2227 3410 2418 3467 domni
2442 3413 2809 3488 Lieloerti,_et
2836 3413 2902 3468 de
2927 3416 3180 3485 profectu
3229 3417 3345 3488 ejus
3400 3420 3459 3474 in
3506 3423 3621 3475 stu-

2560 3485 2661 3539 dia
2702 3484 3033 3540 litterarum.

2051 3588 2414 3659 Tripudabat
2435 3589 2806 3646 Christianus
2841 3592 3000 3647 orbis
3032 3593 3258 3664 paciﬁci
3309 3595 3462 3665 regis
3494 3610 3622 3651 sus-

1978 3680 2235 3731 tentatus
2268 3677 2537 3744 brachio;
2572 3678 2867 3750 gaudebat
2889 3685 3075 3736 mater
3105 3681 3362 3737 Ecclesia
3393 3687 3620 3739 sancto-

1976 3781 2106 3818 rum
2143 3767 2412 3820 concordi
2436 3767 2682 3838 justitia,
2717 3768 2788 3823 de
2817 3769 3029 3824 virtute
3057 3769 3114 3823 in
3162 3770 3435 3826 virtutem
3490 3788 3622 3843 gra-

1976 3852 2274 3908 dientibus
2296 3854 2521 3909 cunctis
2547 3871 2558 3908 :
2581 3855 2692 3910 sub
2716 3855 2962 3911 evidenti
2988 3856 3238 3913 cmlestis
3259 3858 3469 3929 Sponsi
3491 3876 3624 3914 can-

1973 3941 2087 3994 tico
2112 3957 2123 3994 :
2162 3941 2335 4008 Quam
2362 3943 2584 4012 pulchri
2619 3946 2746 3997 sunt
2774 3960 2984 4014 gressus
3015 3948 3098 4000 tui
3125 3946 3184 4000 in
3212 3947 3616 4015 calceamentis,

1973 4029 2091 4097 ﬁlia
2120 4031 2426 4099 principis!
2449 4032 2631 4099 (Cant.
2651 4049 2748 4100 vn,
2785 4034 2856 4103 1.)
2883 4034 2944 4087 In
2968 4033 3076 4088 hoc
3098 4051 3232 4106 ergo
3278 4037 3437 4107 pacis
3459 4042 3620 4092 tran-

1983 4116 2411 4190 quillitatisque
2435 4119 2853 4191 solstitio,bene
2871 4122 2980 4176 sibi
3006 4123 3504 4180 consentientibus
3527 4142 3618 4181 re—

1974 4221 2088 4275 gno
2121 4223 2252 4261 cum
2287 4208 2631 4272 sacerdotio,
2667 4210 2924 4281 praeclari
2958 4212 3184 4267 decoris
3207 4213 3386 4282 jubar
3402 4213 3620 4270 effulsit

1971 4293 2028 4346 in
2057 4294 2431 4351 Brachatensi
2457 4299 2635 4368 (vulgo
2663 4300 2918 4370 Brakele)
2944 4302 3261 4372 provincia,
3295 4303 3505 4358 nobilis
3537 4304 3620 4357 in-

1974 4383 2102 4436 fans
2136 4384 2314 4438 nobili
2349 4391 2512 4440 ortus
2547 4390 2813 4458 prosapia
2839 4397 3117 4446 consueto
3147 4408 3305 4446 more
3335 4391 3618 4448 Christia-

1974 4471 2175 4526 nitatis
2211 4473 2461 4527 traditur
2480 4473 2890 4530 ecclesiasticis
2921 4479 3342 4544 sanctionibus,
3374 4486 3620 4550 postque

1974 4565 2239 4615 sanctum
2277 4561 2574 4632 baptisma
2615 4561 2950 4618 chrismatis
2995 4567 3252 4637 unguine
3301 4567 3618 4637 delibutus,

1973 4649 2169 4705 divino
2201 4649 2484 4721 praesagio
2517 4667 2726 4705 nomen
2763 4652 2983 4722 accepit
3033 4654 3378 4724 Lietbertus,
3412 4660 3468 4710 et
3508 4673 3624 4712 me-

1975 4738 2086 4792 rito
2119 4739 2335 4810 quippe
2368 4739 2468 4810 qui
2501 4739 2855 4796 liberaturus
2885 4746 3009 4796 erat
3040 4743 3264 4813 plebem
3297 4745 3408 4799 sibi
3461 4762 3621 4801 com-

1976 4828 2322 4883 mittendam
2343 4829 2410 4883 de
2426 4829 2635 4883 hostiis
2652 4830 2834 4883 rabidi
2855 4831 3105 4886 versutis
3121 4832 3376 4888 hiatibus
3391 4839 3621 4890 tantum

291 4930 448 4983 Inter
477 4926 598 4982 haec
627 4924 868 4979 Erluino
893 4921 1397 4977 Cameracensium
1434 4920 1708 4992 pontifice
1762 4919 1860 4974 de-
1894 4920 1939 4984 Ι)
1971 4916 2301 4989 reipublicae
2328 4916 2928 4988 studuitlibertati,ut
2952 4919 3445 4992 suisimaginibus
3478 4925 3621 4979 Liet-

215 5017 439 5086 functo,
475 5015 600 5087 ipse
630 5013 904 5069 dominus
935 5013 1253 5082 imperator
1283 5026 1524 5065 suorum
1556 5025 1701 5064 usus
1751 5025 1865 5063 non

216 5103 672 5177 segniconsilio,
707 5101 961 5157 Gerardo
1013 5116 1118 5155 suo
1160 5098 1480 5170 capellano,
1531 5097 1868 5153 Lotharien-

214 5195 372 5250 sium
393 5199 568 5264 atque
589 5189 958 5246 Karleneium
982 5187 1324 5261 parentibus
1337 5188 1490 5242 edito
1514 5204 1626 5242 non
1650 5186 1870 5240 inlimis

214 5298 528 5339 assensum
551 5279 801 5352 praebuit
823 5295 1000 5350 super
1021 5277 1300 5334 electione
1323 5277 1392 5331 de
1415 5293 1480 5331 eo
1504 5277 1652 5330 facta
1673 5275 1870 5330 Came-

211 5371 483 5426 racensis
515 5368 789 5441 episcopi.
827 5367 932 5432 Qui
965 5368 1158 5421 factus
1191 5365 1445 5436 pontifex
1469 5381 1642 5435 quam
1674 5368 1872 5419 sancte

211 5460 446 5527 vixerit,
482 5475 660 5530 quam
693 5455 970 5512 canonice
996 5453 1313 5509 Ecclesiam
1345 5452 1452 5508 sibi
1492 5452 1869 5507 commissam

208 5548 451 5616 rexerit,
498 5551 678 5603 testes
742 5561 919 5601 sacrae
971 5540 1272 5614 religionis
1320 5540 1608 5608 homines,
1655 5541 1870 5596 nostris

209 5637 412 5696 adhuc
452 5635 818 5694 temdoribus
849 5631 1219 5704 superstites,
1250 5633 1428 5686 testes
1456 5628 1801 5686 instauratio
1816 5633 1872 5687 et

539 5763 806 5825 Pyram“
857 5757 1112 5823 CXLVI.

1981 5007 2159 5061 berlus
2189 5007 2411 5078 publica
2438 5006 2826 5078 tranquillitas
2841 5009 3189 5064 ascribatur.

2051 5097 2356 5151 Ablactato
2381 5113 2578 5167 puero,
2606 5095 2834 5150 nullum
2859 5098 2925 5151 fit
2956 5098 3297 5166 discidium,
3320 5102 3442 5172 pari
3493 5118 3624 5157 con-

1981 5200 2154 5238 sensu
2173 5183 2752 5255 parentisutriusque
2774 5184 3079 5240 elementis
3102 5187 3624 5259 imprimiturlitte~

1980 5288 2176 5326 rarum
2206 5291 2218 5339 ;
2254 5275 2308 5326 et
2337 5288 2673 5342 quanquam
2706 5273 2903 5344 generi
2938 5282 3290 5347 repugnaret
3329 5277 3625 5344 nobilitas,

1980 5359 2347 5431 militemque
2362 5363 2738 5432 magisquam
2757 5362 3029 5418 clericum
3047 5369 3628 5434 quaereretmaterna-

1981 5465 2109 5504 rum
2134 5453 2624 5520 paternarumque
2649 5449 2912 5505 multifor
2927 5451 3038 5505 mis
3053 5453 3492 5521 possessionum
3510 5453 3627 5510 haz-

1979 5539 2216 5606 reditas,
2251 5538 2381 5592 forti
2415 5538 2751 5610 supervenit
2774 5539 2994 5606 fortior,
3031 5542 3133 5612 qui
3182 5541 3339 5613 potis
3370 5548 3459 5598 est
3487 5559 3633 5600 vasa

1979 5627 2144 5684 fortis
2171 5625 2455 5700 diripere;
2490 5643 2716 5700 suoque
2742 5628 2967 5704 corpori
2997 5631 3381 5690 sanctissimo
3415 5631 3629 5690 coadu-

3234 5761 3314 5824 46
