4036 6184
475 326 623 384 “Si

1450 320 1514 377 S.
1563 318 1970 377 LlETBERTl
2018 317 2607 377 CtMEitACICNSIS
2655 318 2902 378 EPIStl.

3662 327 3775 385 14ὅὲ

469 473 608 511 nare
638 452 1114 521 discit,auditque
1136 467 1279 521 puer
1309 449 1599 516 doeibilis,
1626 456 1681 503 et
1704 449 1951 504 docilem
1978 468 2113 521 pue-
2143 457 2195 516 Α
2226 450 2565 504 collaudans
2591 451 3078 520 munificentiam,
3105 452 3247 505 Votis
3273 451 3601 523 supplicibus
3616 458 3778 514 auditis

466 560 599 598 rum
624 541 835 598 vicinia
864 543 1073 594 cuncta
1104 538 1491 593 reclamanies
1545 539 1799 592 audiunt
1848 544 2114 609 parentes

468 636 525 688 et
554 628 886 703 prepinqui,
920 632 976 682 et
1005 627 1488 699 congratulantur
1520 626 1590 681 ei.
1631 628 1717 681 Ita
1749 643 1983 681 rumore
2024 643 2113 680 se-

471 720 661 775 cundo
681 717 1016 773 insinuatur
1030 716 1445 787 przenominato
1460 716 1712 771 Gerardo
1728 714 2112 787 praesuli,car-

470 808 562 863 nis
585 822 794 879 genere
816 806 925 860 sibi
955 806 1313 876 propinquo:
1344 821 1475 859 mox
1491 805 1560 858 ad
1586 804 1779 857 audita
1798 804 2113 874 requisitus

466 896 975 969 puertransfertur
994 895 1334 949 educandus
1360 894 1415 947 in
1432 894 1565 947 aula
1582 893 1921 964 pontificali,
1945 894 2111 946 datu-

468 1002 570 1042 rus
589 986 762 1041 tritici
786 1000 1125 1062 mensuram
1144 1000 1249 1038 suo
1268 982 1325 1036 in
1340 986 1599 1053 tempore
1623 982 1851 1035 familiae
1892 981 2111 1035 domini

468 1076 581 1130 sui.
617 1074 894 1129 Traditur
924 1072 1252 1145 paedagogis
1296 1072 1407 1126 sub
1458 1070 1705 1124 scholari
1754 1069 2111 1139 magisterio,

470 1166 808 1218 servaturus
840 1161 1115 1233 pastorali
1154 1168 1311 1214 “cura
1363 1175 1568 1230 greges
1622 1163 1925 1213 tonsarum
1985 1175 2111 1228 qua:

466 1250 854 1307 ascenderunt
883 1250 953 1305 de
982 1248 1226 1303 lavacro.
1260 1248 1507 1302 Ducitur
1550 1246 1848 1301 sitibundo
1882 1252 2110 1317 pectore

465 1355 709 1395 currens
732 1340 801 1394 ad
835 1339 1051 1393 fontem
1077 1335 1482 1408 philosOphiae,
1507 1341 1563 1390 et
1584 1335 1809 1406 saporis
1834 1336 2108 1406 tripertiti

466 1433 689 1501 septem
722 1429 873 1482 rivos
906 1425 1167 1496 ebibens,
1202 1425 1373 1479 modo
1399 1425 1591 1479 studet
1614 1424 1829 1495 logica),
1850 1440 2003 1477 nunc
2027 1425 2109 1477 in-

470 1518 643 1573 sudat
672 1514 945 1588 physicae,
965 1513 1048 1569 sic
1064 1513 1374 1569 intendens
1391 1517 1556 1568 vacat
1580 1513 1814 1567 ethicis:
1841 1512 2107 1566 miranti-

460 1607 572 1661 bus
603 1604 900 1676 magistris
932 1606 1195 1674 penetrat
1235 1602 1598 1673 labyrinthos
1648 1601 2103 1672 Scripturarum,

460 1700 517 1749 et
546 1694 849 1749 conferens
866 1708 1000 1746 cum
1024 1690 1263 1761 collegis
1286 1690 1571 1745 dissoluta
1587 1690 1846 1759 colligat,
1871 1696 1927 1743 et
1947 1706 2105 1743 com-

461 1783 681 1855 plicata
709 1781 977 1836 disserat.
1003 1780 1089 1834 Fit
1109 1780 1386 1850 magister
1406 1795 1473 1832 ex
1491 1778 1859 1849 discipulo,et
1880 1778 1976 1848 qui
2003 1780 2102 1831 do-

461 1874 692 1927 cundus
725 1873 979 1936 venerat,
1014 1869 1183 1923 docet
1207 1869 1442 1922 doctore
1464 1867 1690 1937 judicio
1713 1883 1725 1933 ;
1752 1884 1784 1920 a
1808 1866 2104 1937 magistris

461 1960 737 2016 recitatur
766 1957 1026 2029 pontiﬁci
1050 1956 1120 2011 de
1142 1955 1526 2010 adolescentis
1550 1956 1860 2019 industria,
1888 1955 1958 2009 de
1982 1971 2103 2010 mo-

464 2049 653 2117 ribus,
686 2049 756 2102 de
783 2045 1048 2113 scientia,
1082 2044 1153 2099 de
1183 2044 1459 2115 religione
1484 2045 1724 2099 munda.

1103 2133 1331 2187 CAPUT
1372 2132 1463 2187 IV.

636 2227 733 2282 Ubi
762 2225 1009 2280 scientiae
1036 2225 1230 2277 merito
1259 2221 1629 2277 archischolus
1672 2222 1931 2292 efﬁcitur.

534 2316 739 2371 Domni
772 2312 1031 2385 episcopi
1056 2313 1230 2382 jussu
1260 2312 1645 2380 omniumque
1676 2328 1917 2365 suorum
1964 2311 2104 2365 fide-

458 2406 605 2461 lium
638 2418 883 2459 assensu
910 2399 1226 2473 praeficitur
1276 2400 1501 2454 cunctis
1554 2398 1918 2454 scholaribus
1968 2416 2105 2469 pru-

462 2493 622 2550 denti
642 2491 1169 2564 dispensatione,ut
1190 2490 1247 2542 in
1266 2489 1375 2543 hoc
1397 2488 1739 2559 probaretur
1761 2492 1957 2542 utrum
1978 2504 2106 2558 per-

462 2584 752 2639 severaret
779 2579 840 2634 in
872 2579 1095 2634 devotis
1126 2577 1408 2632 moribus.
1469 2577 1736 2647 Suscepit
1783 2576 2105 2647 magisterii

461 2669 746 2727 scholaris
763 2668 1155 2733 dominatum;
1178 2666 1279 2721 sed
1300 2682 1371 2719 ne
1388 2664 1619 2719 solliciti
1642 2664 1858 2719 laboris
1882 2664 2103 2719 studio-

465 2776 601 2816 sum
634 2758 866 2831 pondus
898 2756 1150 2827 abjicero
1179 2754 1489 2821 videretur,
1524 2758 1726 2808 contra
1757 2770 1923 2824 spem
1956 2769 2105 2823 quo-

458 2847 733 2905 rumdam
767 2843 1116 2900 columbinis
1148 2842 1333 2897 oculis
1365 2842 1580 2913 gaudet
1600 2858 1667 2896 ex
1700 2858 1958 2896 munere.
2011 2842 2101 2894 In-

458 2932 1052 3010 grediturimperialis
1075 2931 1346 3003 magistri
1371 2932 1514 2984 bene
1535 2930 1822 3001 pudorata
1849 2929 2104 3000 gravitas

464 3023 797 3082 scholarum
828 3019 1062 3092 palatia,
1096 3020 1265 3089 cujus
1297 3018 1367 3073 ad
1400 3023 1703 3089 aspestum
1753 3017 2105 3089 pallentibus

457 3112 631 3168 labiis
653 3114 995 3166 cunctorum
1020 3106 1352 3178 suspiciunt
1372 3106 1635 3160 obtutus:
1656 3110 1994 3176 exspectant
2016 3106 2103 3159 in-

2230 539 2469 594 meliora
2502 546 2790 609 precatur.

2869 628 3099 684 CAPUT
3168 628 3237 681 V.

2386 718 2486 771 Ubi
2510 724 2842 788 procurator
2867 718 3061 773 domus
3090 720 3321 789 episcopi
3339 722 3669 775 constituitur.

2297 806 2405 859 Sed
2432 809 2709 876 quoniam
2744 808 2888 861 tanti
2923 807 3080 861 senis
3113 812 3250 861 aetas
3284 808 3339 861 in
3371 808 3485 862 dies
3505 810 3566 862 ad
3582 810 3774 881 decrepi~

2227 897 2349 947 tum
2382 896 2672 964 vergebat,
2703 912 3027 966 prcccavens
3061 897 3214 965 quod
3247 896 3452 951 assolet
3480 897 3529 950 in
3560 915 3615 951 ea
3640 905 3774 963 atate,

2224 982 2446 1038 scilicet
2467 984 2663 1037 minus
2688 985 2923 1055 provide
2941 1002 3049 1039 sua
3072 985 3397 1055 disponere,
3420 986 3661 1040 deliberat
3680 1005 3775 1057 pru-

2224 1071 2382 1125 denti
2416 1072 2660 1128 consilio
2697 1073 2863 1126 iilum
2893 1073 2961 1127 de
2994 1074 3161 1142 cujus
3194 1073 3534 1144 gloriabatur
3561 1076 3776 1145 praeconio

2224 1159 2347 1213 suis
2379 1160 2714 1215 domesticis
2748 1163 3058 1232 praeficere.
3092 1162 3415 1217 Deliberata
3459 1163 3774 1233 complentur;

2223 1247 2437 1302 scholis
2470 1249 2849 1319 abstrahitur,
2886 1255 2940 1303 et
2964 1250 3111 1304 inter
3133 1249 3415 1321 palatinos
3436 1268 3663 1322 proceres
3681 1270 3776 1322 pon-

2220 1336 2451 1391 tificalis
2501 1338 2713 1393 domus
2763 1344 3104 1409 procurator
3146 1338 3447 1394 exaltatur.
3495 1340 3628 1395 Felix
3666 1342 3777 1411 regia

2221 1424 2299 1491 [id
2328 1434 2425 1489 est,
2458 1426 2739 1495 palatium
2774 1427 3053 1498 episcopi]
3079 1428 3235 1482 tanio
3261 1430 3613 1483 sustentanda
3630 1446 3776 1499 procu-

2220 1518 2407 1568 ratoro
2425 1514 2543 1568 lsed
2570 1513 2791 1569 felicior
2810 1515 3033 1569 familia
3055 1519 3173 1569 tam
3198 1515 3460 1587 prudenti
3478 1516 3775 1588 gubernanda

2220 1602 2531 1671 provisere.
2568 1603 2776 1659 Doctor
2806 1620 3120 1674 puerorum
3153 1604 3217 1658 ﬁt
3250 1604 3446 1659 consul
3484 1604 3774 1676 populorum.

2218 1691 2438 1761 Quippe
2471 1691 2837 1746 concuticbat
2860 1696 3163 1763 crepantes
3191 1692 3405 1747 ferulas
3427 1693 3564 1747 inter
3583 1693 3775 1748 carmina

2216 1784 2540 1849 poetarum,
2576 1780 2851 1834 discernit
2882 1782 2969 1850 [/.,
3004 1780 3196 1849 discit]
3231 1798 3405 1851 super
3432 1780 3604 1835 civiles
3632 1780 3772 1834 multi-

2216 1865 2453 1937 plicium
2470 1884 2781 1922 causarum
2801 1868 3535 1939 querimoniasjudicare...
3552 1868 3771 1939 legumor-

2213 1956 2439 2010 diuaria
2458 1957 3203 2028 jura.Benedictioperituri
3220 1976 3393 2029 super
3412 1974 3533 2013 eum
3549 1958 3767 2018 veniebat,

2215 2048 2273 2099 et
2294 2062 2394 2098 cor
2412 2045 2595 2099 vidua:
2619 2046 2952 2101 consolatur
2980 2072 2993 2113 ;
3016 2051 3072 2101 et
3093 2048 3423 2102 conterebat
3444 2047 3607 2101 molas
3626 2045 3773 2114 iniqui,

2215 2138 2271 2187 et
2300 2134 2571 2189 dentibus
2603 2136 2729 2204 ejus
2762 2134 3021 2206 rapiebat
3070 2137 3363 2203 praedam:
3413 2136 3651 2207 quodque
3688 2151 3770 2187 ma-

2215 2220 2301 2290 gis
2332 2226 2593 2292 stupeas,
2620 2225 2692 2278 ab
2725 2224 2885 2278 omni
2918 2240 3158 2279 munere
3194 2243 3405 2280 manus
3444 2223 3730 2278 excutiebat.

2846 2330 3076 2385 CAPUT
3137 2332 3232 2385 Vl.

2219 2418 2317 2472 Ubi
2346 2434 2473 2472 cum
2499 2421 2883 2489 prwpositura
2913 2418 3087 2543 thHttN'
3142 2424 3197 2475 ei
3244 2420 3683 2475 archidiaconutu:
3716 2416 3783 2468 Iri-

2973 2509 3025 2543 uz
3059 2509 3143 2543 ur.

2973 2509 3143 2545 Πῖῑαν.

2288 2578 2541 2631 Tertiam
2567 2580 2692 2647 jam
2726 2583 2951 2634 estatem
2986 2580 3295 2635 hominum
3326 2580 3557 2648 vivebat,
3590 2594 3671 2631 nec
3702 2576 3781 2629 erat

2215 2664 2263 2719 ei
2297 2666 2616 2721 verendum
2652 2684 2724 2721 ne
2753 2685 2883 2723 vera
2912 2668 3239 2739 pradicans
3273 2669 3553 2724 videretur
3593 2663 3777 2719 insolens

2215 2754 2637 2824 autloquax,ex
2660 2757 2829 2825 cujus
2854 2773 2953 2810 ore
2974 2756 3199 2811 dulcior
3224 2757 3393 2812 melle
3419 2756 3617 2811 fluebat
3633 2752 3775 2807 oratio.

2215 2842 2301 2894 Ad
2335 2842 2671 2911 praeclaram
2697 2845 2853 2898 enim
2888 2846 3359 2914 magnitudinem
3391 2842 3558 2899 animi
3584 2837 3777 2896 doctrina

2214 2931 2447 2984 uberior
2477 2938 2819 2997 accesserat,
2844 2938 2899 2987 et
2921 2933 3065 2986 illud
3088 2934 3329 2988 omnino
3352 2942 3603 2987 canorum
3624 2930 3668 2982 in
3684 2940 3773 2980 voce

2213 3018 2675 3089 splendescebat.
2700 3020 2980 3075 Liberalis
3002 3023 3396 3092 procuratoris
3421 3026 3530 3074 tam
3550 3014 3772 3071 liberalem

2214 3106 2544 3162 libertatem
2578 3109 2901 3180 percipiens
2933 3115 3137 3165 saneta
3168 3114 3355 3164 mater
3372 3107 3614 3171 Ecclesia,
3644 3103 3771 3157 tilium

451 3201 597 3258 tenti
622 3199 761 3271 quid
791 3196 1101 3267 velit,quid
1132 3194 1502 3265 innuat,quid
1521 3194 1934 3248 velcuisubeat
1958 3212 1969 3261 ;
1989 3194 2100 3248 fer-
2135 3182 2176 3246 C
2216 3212 2389 3266 quem
2416 3197 2825 3253 sibinutrierat
2850 3200 3253 3253 substractum
3280 3193 3773 3269 suspirat,vineisque

450 3294 545 3347 vet
574 3284 1135 3357 studium,prazc1pit
1166 3283 1414 3355 quisque
1440 3283 1549 3338 sibi
1574 3283 1797 3337 locum:
1834 3282 2105 3353 ingerun-

449 3384 548 3435 tur
578 3376 934 3448 multiplices
980 3375 1341 3429 diversarum
1372 3372 1691 3427 lectionum
1724 3372 2101 3443 quaestiones,

449 3468 725 3525 omnibus
755 3465 827 3521 ad
861 3464 1059 3519 omnia
1081 3461 1576 3534 prudentissimus
1600 3462 1800 3515 doctor
1820 3478 2103 3532 responsa

450 3561 659 3630 parat;
694 3554 909 3626 quippe
938 3552 1183 3608 scientia
1212 3552 1382 3621 cujus
1413 3556 1535 3604 erat
1573 3554 1761 3604 crater
1808 3549 2095 3604 tornatilis

450 3660 756 3717 nunquam
779 3642 1048 3713 indigens
1074 3640 1320 3712 poculis,
1343 3639 1422 3693 ita
1446 3637 1829 3709 multiplicem
1857 3654 2097 3692 sensum

460 3733 801 3807 peritissimi
832 3731 1022 3787 cordis
1057 3735 1395 3801 temperans
1428 3728 1753 3794 aifabiliter,
1789 3744 1935 3798 quos
1966 3744 2098 3780 eru-

450 3824 699 3879 diendos
730 3824 1085 3892 susceperat,
1120 3819 1360 3874 inservit
1407 3817 1743 3888 diligenter;
1769 3816 2095 3887 diligenter,

469 3926 715 3982 nquam,
734 3908 1189 3964 introducendus
1211 3905 1270 3960 in
1286 3906 1623 3961 cubiculum
1652 3905 1821 3976 Regis
1845 3903 2094 3959 dormie-

448 3999 551 4055 bat
590 4005 925 4069 «tanquam
970 4002 1174 4069 potens
1240 3995 1578 4066 crapulatus
1610 4012 1642 4047 a
1671 3994 1803 4047 vino
1830 4017 1856 4042 ››
1915 3992 2091 4064 (Ρδαι.

449 4089 818 4159 Lxxv1,65),«
852 4088 1001 4141 inter
1053 4086 1275 4140 medios
1324 4085 1509 4138 cleros
1558 4100 1759 4154 pennae
1811 4082 2092 4137 columba:

452 4177 861 4246 deargentatm,
897 4174 1065 4243 cujus
1117 4172 1274 4226 dorsi
1325 4172 1646 4242 posteriora
1691 4171 1746 4223 in
1805 4170 2093 4223 viriditate

450 4264 619 4321 auri;
686 4264 854 4333 (Psal.
918 4279 1085 4330 LXVII,
1148 4261 1257 4331 14),
1316 4259 1538 4314 scilicet
1608 4260 1757 4313 inter
1820 4259 2094 4330 mysteria

444 4355 756 4425 utriusque
769 4350 1420 4418 Testamenti,servante
1437 4348 1593 4403 enim
1616 4348 1921 4419 gentilium
1947 4348 2092 4403 litte-

442 4460 641 4500 rarum
666 4440 979 4512 disciplina
1001 4438 1296 4495 rutilantis
1321 4437 1536 4508 eloquii
1565 4438 1908 4509 praclarum
1930 4436 2090 4507 lepo-

2214 3285 2549 3341 forensibus
2579 3288 2879 3341 custodem
2912 3288 3170 3357 positum
3206 3292 3534 3358 conquesta,
3561 3290 3613 3338 ut
3648 3280 3771 3335 etiam

2212 3390 2379 3428 suam
2415 3375 2641 3430 vineam
2674 3376 2986 3441 custodiat,
3025 3376 3288 3431 ordinari
3340 3376 3443 3431 sibi
3489 3369 3771 3427 archidiaco-

2215 3480 2353 3516 num
2379 3464 2637 3534 deposcit
2662 3482 2776 3535 quo
2795 3465 3052 3522 carebat.
3076 3466 3245 3519 Senio
3277 3468 3618 3537 gravescente
3640 3456 3769 3512 defes-

2212 3569 2311 3605 sus
2338 3552 2460 3620 jam
2489 3553 2711 3607 dudum
2745 3554 3001 3624 pontifex
3032 3560 3267 3610 veretur
3299 3554 3577 3615 invidiam,
3629 3543 3767 3619 profu-

2210 3641 2409 3710 sisque
2442 3641 2714 3712 lacrymis
2747 3660 2923 3714 super
2942 3643 3049 3698 hac
3070 3660 3126 3698 re
3141 3643 3395 3699 caelestis
3418 3638 3613 3697 oraculi
3632 3648 3768 3690 recur-

2208 3729 2281 3783 rit
2312 3731 2382 3783 ad
2416 3748 2608 3785 aream
2639 3749 2649 3786 :
2678 3734 2913 3786 tandem
2943 3739 3261 3804 apparente
3293 3733 3443 3787 nube
3459 3720 3767 3784 diviniconsi-

2205 3818 2268 3871 lii
2300 3818 2544 3890 suscipit
2566 3837 2935 3891 responsum,
2961 3839 3072 3876 non
3096 3822 3351 3876 absurde
3377 3822 3612 3875 sanctam
3633 3808 3767 3868 Eccle-

2205 3906 2352 3961 siam
2377 3925 2551 3962 suum
2571 3925 2870 3978 reposcere
2890 3910 3097 3963 tilium.
3126 3911 3217 3964 Fit
3239 3908 3543 3964 discidium
3565 3899 3765 3976 praedica-

2206 3994 2338 4062 bile,
2375 3999 2439 4049 tit
2466 3996 2779 4050 divortium
2813 3998 3227 4066 memorabile;
3259 3997 3428 4053 aulici
3457 3990 3673 4067 potentia
3689 3983 3763 4040 mi-

2203 4084 2357 4138 litari
2382 4101 2555 4139 suum
2574 4090 2865 4140 retentant
2889 4087 3289 4157 prmpositum,
3319 4085 3562 4141 cleruset
3580 4073 3762 4151 poplilus

2194 4173 2328 4242 jure
2359 4173 2641 4228 catholico
2673 4174 2782 4229 sibi
2813 4175 3055 4230 viriliter
3101 4179 3446 4246 extorquent
3490 4165 3761 4227 archidiaco-

2202 4280 2364 4316 num.
2396 4263 2623 4335 Diuque
2651 4266 2909 4335 pensatis
2940 4265 3046 4318 viri
3078 4265 3415 4325 virtutibus.
3450 4263 3649 4328 accepto
3674 4266 3763 4305 con-

2202 4352 2352 4419 silio,
2383 4354 2477 4407 Dei
2512 4358 2655 4407 nutu
2680 4354 2981 4423 judicatur
3012 4354 3230 4425 dignus
3260 4348 3552 4409 sublimari
3580 4361 3670 4401 non
3697 4354 3759 4393 50-

2200 4442 2321 4495 lum
2352 4444 2743 4513 prae-positurae
2766 4442 3045 4511 dominio,
3072 4444 3171 4497 sed
3202 4443 3439 4514 insuper
3459 4430 3759 4507 insigniriar-

438 4550 583 4601 rem,
618 4532 904 4588 retinebat
927 4530 1082 4586 intra
1111 4546 1341 4585 sacrum
1375 4528 1567 4583 cordis
1597 4526 1749 4582 docti
1767 4527 2086 4581 armarium
2120 4555 2165 4616 D
2198 4531 2641 4585 ehidiaconatus
2678 4532 2888 4586 ofﬁcio.
2924 4533 2992 4586 Et
3014 4532 3299 4602 quiaeum
3320 4532 3503 4586 divina
3523 4516 3759 4580 clementia

439 4622 769 4678 divinarum
802 4620 1238 4691 Scripturarum
1260 4618 1596 4673 testimonio
1624 4616 1894 4671 doctrinae
1918 4616 2087 4670 cmle-

436 4712 543 4768 stis
572 4728 816 4767 aureum
849 4712 1119 4766 nitorem.
1150 4708 1307 4764 Felix
1325 4714 1381 4763 et
1408 4708 1663 4778 prudens
1696 4706 1940 4761 scientia
1958 4722 2082 4775 quas

431 4808 573 4857 tunc
596 4801 972 4857 assuescebat
1002 4801 1060 4853 in
1094 4797 1451 4853 scholarium
1480 4796 1711 4861 studiis,
1772 4813 1897 4866 qua:
1952 4800 2082 4866 post

433 4891 831 4947 declamatura
858 4894 981 4944 erat
1010 4889 1069 4943 in
1102 4887 1371 4959 pepulis;
1402 4886 1675 4956 quodque
1696 4884 1925 4939 dicatur
1953 4883 2076 4953 pla-

432 4980 591 5048 nius,
625 4985 757 5050 post
788 4980 1085 5049 peractum
1115 4976 1292 5030 studii
1343 4974 1625 5030 scholaris
1676 4972 2077 5042 magisterium

432 5072 830 5124 commutatus
862 5071 951 5122 est
989 5066 1046 5119 in
1100 5065 1318 5119 honore
1369 5063 1547 5135 regio,
1598 5062 1950 5115 sublimatus
2005 5061 2074 5114 ad

432 5158 651 5213 summi
672 5156 979 5213 sacerdotii
1010 5154 1239 5211 cceleste
1265 5152 2075 5216 ministerium,intercurren-

431 5247 577 5301 tium
609 5245 950 5301 nuntiorum
974 5242 1531 5313 relationejucunda
1558 5240 1869 5310 replicatur
1887 5239 2075 5310 ponti-

430 5334 523 5387 ﬁci
557 5335 694 5404 quid
727 5340 924 5390 noster
952 5332 1351 5389 archiscbolus
1377 5334 1525 5402 agat,
1571 5328 1820 5402 qualiter
1870 5346 1931 5383 se
1972 5328 2074 5383 ha-

427 5423 600 5479 beat:
634 5424 983 5492 praedicatur
1022 5422 1337 5478 indicibilis
1371 5420 1635 5485 scientia,
1689 5418 2074 5489 praedicabilis

426 5510 711 5575 doctrina,
744 5512 1073 5568 sollicitudo
1103 5530 1217 5568 non
1273 5512 1456 5583 pigra,
1504 5508 1703 5581 religio
1751 5510 1971 5563 munda
2018 5514 2075 5563 et

423 5597 824 5683 immaculata.
857 5601 1097 5659 Miratur
1136 5600 1393 5676 pontifex
1441 5603 1497 5657 et
1534 5596 1805 5667 exsultat,
1854 5598 2071 5671 Deique

2198 4624 2254 4673 et
2285 4620 2571 4689 sapientia
2601 4625 2657 4674 et
2688 4620 2999 4675 virtutibus
3047 4621 3416 4695 exaltayerat,
3463 4608 3757 4695 commodtltIl

2196 4709 2361 4763 duxit
2390 4708 2697 4780 episcopus
2728 4726 2860 4763 eum
2894 4710 3292 4781 magniﬁcare,
3320 4708 3596 4763 conferens
3620 4690 3754 4751 archl'

2194 4798 2565 4852 diaconatum
2598 4814 2729 4852 cum
2761 4798 3085 4853 ministerio
3120 4799 3520 4870 praepositum.

2183 4886 2190 4893 ’
2810 4887 3035 4942 CAPUT
3092 4888 3212 4941 ΥΠ.

2191 4979 2368 5044 Quam
2396 4984 2584 5031 sancte
2612 4986 2660 5031 et
2692 4977 2945 5044 religiose
2980 4979 3037 5029 in
3085 4976 3169 5030 his
3225 4978 3422 5047 ofﬁciis
3466 4989 3517 5027 se
3544 4958 3750 5047 Ιιαιίίιῖνξξί·

2258 5066 2522 5131 Acceptis
2556 5066 2876 5120 honoribus
2908 5065 2988 5119 ita
3021 5044 3295 5120 utebatur
3353 5069 3413 5118 ut
3459 5044 3751 5132 per-fruendis

2189 5155 2508 5223 majoribus
2533 5154 2763 5224 dignior
2785 5154 3157 5223 judicaretur.
3190 5155 3409 5224 ltecipit
3430 5153 3593 5205 mater
3611 5133 3749 5195 Eccle-

2187 5243 2271 5296 sia
2292 5260 2403 5296 non
2433 5243 2738 5313 prodigum
2766 5242 2972 5307 tilium,
2991 5261 3295 5314 porcorum
3316 5227 3749 5310 siliquasesurien-

2188 5336 2324 5401 tem,
2353 5333 2451 5385 sed
2484 5332 2778 5385 Simanem
2806 5331 2883 5401 [id
2929 5337 3023 5395 cst,
3058 5333 3292 5387 Petrum
3343 5316 3652 5400 apostolum]
3677 5324 3747 5365 ΠΟ·

2183 5427 2371 5478 strum
2406 5420 2687 5476 columbae
2716 5420 3108 5491 septemplicis
3130 5421 3338 5487 ﬁlium,
3358 5421 3479 5491 post
3499 5422 3637 5466 esum

2184 5518 2424 5584 pentum
2458 5489 2874 5581 reptiliumque
2905 5489 3223 5565 Caesaream
3256 5489 3738 5584 introeuntemgtd‘d-

2181 5574 2254 5671 in,
2286 5603 2341 5672 6)
2367 5618 2379 5671 ;
2415 5574 3074 5675 ΩοτῖιεΙὶἱᾳυέόοωυω,
3096 5598 3314 5657 scilicet
3340 5596 3577 5655 sanctam
3603 5574 3740 5640 Eccle-
