  <div class='ocr_page' id='page_1' title='image "/cluster/home/n/w/nwhite01/storage/ocr_20150623/146/hvd.32044054760053/732.png"; bbox 0 0 4036 6184; ppageno 0'>
   <div class='ocr_carea' id='block_1_1' title="bbox 174 340 417 421">
    <p class='ocr_par' dir='ltr' id='par_1_1' title="bbox 174 340 417 421">
     <span class='ocr_line' id='line_1_1' title="bbox 174 340 417 421; baseline 0.016 -25"><span class='ocrx_word' id='word_1_1' title='bbox 174 407 188 421; x_wconf 10' lang='grc' dir='ltr'>θ </span> <span class='ocrx_word' id='word_1_2' title='bbox 264 340 417 400; x_wconf 69' lang='lat'>1453</span> 
     </span>
    </p>
   </div>
   <div class='ocr_carea' id='block_1_2' title="bbox 1857 353 2066 412">
    <p class='ocr_par' dir='ltr' id='par_1_2' title="bbox 1857 353 2066 412">
     <span class='ocr_line' id='line_1_2' title="bbox 1857 353 2066 412; baseline -0.01 0"><span class='ocrx_word' id='word_1_3' title='bbox 1857 353 2066 412; x_wconf 84' lang='lat' dir='ltr'>VlTA.</span> 
     </span>
    </p>
   </div>
   <div class='ocr_carea' id='block_1_3' title="bbox 3515 362 3668 421">
    <p class='ocr_par' dir='ltr' id='par_1_3' title="bbox 3515 362 3668 421">
     <span class='ocr_line' id='line_1_3' title="bbox 3515 362 3668 421; baseline 0.013 -5"><span class='ocrx_word' id='word_1_4' title='bbox 3515 362 3668 421; x_wconf 68' lang='lat'>“54</span> 
     </span>
    </p>
   </div>
   <div class='ocr_carea' id='block_1_4' title="bbox 265 470 3671 561">
    <p class='ocr_par' dir='ltr' id='par_1_4' title="bbox 265 470 3671 561">
     <span class='ocr_line' id='line_1_4' title="bbox 265 470 3671 561; baseline 0.006 -36"><span class='ocrx_word' id='word_1_5' title='bbox 265 471 432 561; x_wconf 81' lang='lat' dir='ltr'>siam,</span> <span class='ocrx_word' id='word_1_6' title='bbox 465 470 622 526; x_wconf 91' lang='lat' dir='ltr'>verbi</span> <span class='ocrx_word' id='word_1_7' title='bbox 657 471 756 528; x_wconf 87' lang='lat' dir='ltr'>Dei</span> <span class='ocrx_word' id='word_1_8' title='bbox 788 474 1000 545; x_wconf 92' lang='lat' dir='ltr'>pabulo</span> <span class='ocrx_word' id='word_1_9' title='bbox 1043 476 1377 532; x_wconf 88' lang='lat' dir='ltr'>satiantem.</span> <span class='ocrx_word' id='word_1_10' title='bbox 1432 479 1668 535; x_wconf 83' lang='lat' dir='ltr'>Videres</span> <span class='ocrx_word' id='word_1_11' title='bbox 1700 481 1758 536; x_wconf 94' lang='lat' dir='ltr'>in</span> <span class='ocrx_word' id='word_1_12' title='bbox 1791 499 1906 537; x_wconf 91' lang='lat' dir='ltr'>uno</span> <span class='ocrx_word' id='word_1_13' title='bbox 1941 488 1991 551; x_wconf 79' lang='grc' dir='ltr'><strong>Α</strong></span> <span class='ocrx_word' id='word_1_14' title='bbox 2026 485 2310 554; x_wconf 86' lang='lat' dir='ltr'>nequiret,</span> <span class='ocrx_word' id='word_1_15' title='bbox 2345 501 2532 556; x_wconf 87' lang='lat' dir='ltr'>neque</span> <span class='ocrx_word' id='word_1_16' title='bbox 2559 486 2865 556; x_wconf 85' lang='lat' dir='ltr'>disponere</span> <span class='ocrx_word' id='word_1_17' title='bbox 2887 487 3025 558; x_wconf 90' lang='lat' dir='ltr'>quid</span> <span class='ocrx_word' id='word_1_18' title='bbox 3054 489 3207 559; x_wconf 90' lang='lat' dir='ltr'>quod</span> <span class='ocrx_word' id='word_1_19' title='bbox 3231 488 3342 543; x_wconf 83' lang='lat' dir='ltr'>sibi</span> <span class='ocrx_word' id='word_1_20' title='bbox 3365 488 3449 543; x_wconf 84' lang='lat' dir='ltr'>vel</span> <span class='ocrx_word' id='word_1_21' title='bbox 3475 490 3671 561; x_wconf 84' lang='lat' dir='ltr'>reipu-</span> 
     </span>
    </p>
   </div>
   <div class='ocr_carea' id='block_1_5' title="bbox 266 559 1986 640">
    <p class='ocr_par' dir='ltr' id='par_1_5' title="bbox 266 559 1986 640">
     <span class='ocr_line' id='line_1_5' title="bbox 266 559 1986 640; baseline 0.008 -27"><span class='ocrx_word' id='word_1_22' title='bbox 266 559 499 616; x_wconf 90' lang='lat' dir='ltr'>homine</span> <span class='ocrx_word' id='word_1_23' title='bbox 525 561 768 617; x_wconf 90' lang='lat' dir='ltr'>Mariam</span> <span class='ocrx_word' id='word_1_24' title='bbox 801 567 856 617; x_wconf 92' lang='lat' dir='ltr'>et</span> <span class='ocrx_word' id='word_1_25' title='bbox 904 564 1214 631; x_wconf 90' lang='lat' dir='ltr'>Martham,</span> <span class='ocrx_word' id='word_1_26' title='bbox 1267 583 1423 622; x_wconf 90' lang='lat' dir='ltr'>nunc</span> <span class='ocrx_word' id='word_1_27' title='bbox 1455 568 1605 623; x_wconf 89' lang='lat' dir='ltr'>circa</span> <span class='ocrx_word' id='word_1_28' title='bbox 1639 570 1914 640; x_wconf 83' lang='lat' dir='ltr'>frequens</span> <span class='ocrx_word' id='word_1_29' title='bbox 1984 569 1986 576; x_wconf 58' lang='grc'><strong>“</strong></span> 
     </span>
    </p>
   </div>
   <div class='ocr_carea' id='block_1_6' title="bbox 266 647 1911 726">
    <p class='ocr_par' dir='ltr' id='par_1_6' title="bbox 266 647 1911 726">
     <span class='ocr_line' id='line_1_6' title="bbox 266 647 1911 726; baseline 0.006 -23"><span class='ocrx_word' id='word_1_30' title='bbox 266 647 657 704; x_wconf 80' lang='lat' dir='ltr'>ministerium</span> <span class='ocrx_word' id='word_1_31' title='bbox 690 656 1054 723; x_wconf 88' lang='lat' dir='ltr'>satagentem</span> <span class='ocrx_word' id='word_1_32' title='bbox 1096 671 1251 708; x_wconf 91' lang='lat' dir='ltr'>nunc</span> <span class='ocrx_word' id='word_1_33' title='bbox 1285 655 1355 710; x_wconf 91' lang='lat' dir='ltr'>ad</span> <span class='ocrx_word' id='word_1_34' title='bbox 1389 657 1566 726; x_wconf 86' lang='lat' dir='ltr'>pedes</span> <span class='ocrx_word' id='word_1_35' title='bbox 1607 657 1744 712; x_wconf 88' lang='lat' dir='ltr'>Jesu</span> <span class='ocrx_word' id='word_1_36' title='bbox 1777 675 1911 713; x_wconf 90' lang='lat' dir='ltr'>cum</span> 
     </span>
    </p>
   </div>
   <div class='ocr_carea' id='block_1_7' title="bbox 267 737 1916 815">
    <p class='ocr_par' dir='ltr' id='par_1_7' title="bbox 267 737 1916 815">
     <span class='ocr_line' id='line_1_7' title="bbox 267 737 1916 815; baseline 0.006 -24"><span class='ocrx_word' id='word_1_37' title='bbox 267 737 539 809; x_wconf 76' lang='lat' dir='ltr'>lacrymis</span> <span class='ocrx_word' id='word_1_38' title='bbox 570 743 627 792; x_wconf 88' lang='lat' dir='ltr'>et</span> <span class='ocrx_word' id='word_1_39' title='bbox 655 740 894 795; x_wconf 81' lang='lat' dir='ltr'>attentis</span> <span class='ocrx_word' id='word_1_40' title='bbox 917 742 1282 798; x_wconf 81' lang='lat' dir='ltr'>orationibus</span> <span class='ocrx_word' id='word_1_41' title='bbox 1313 761 1412 798; x_wconf 92' lang='lat' dir='ltr'>cor</span> <span class='ocrx_word' id='word_1_42' title='bbox 1434 750 1755 815; x_wconf 83' lang='lat' dir='ltr'>pectusque</span> <span class='ocrx_word' id='word_1_43' title='bbox 1786 751 1916 800; x_wconf 92' lang='lat' dir='ltr'>tun-</span> 
     </span>
    </p>
   </div>
   <div class='ocr_carea' id='block_1_8' title="bbox 267 826 1914 900">
    <p class='ocr_par' dir='ltr' id='par_1_8' title="bbox 267 826 1914 900">
     <span class='ocr_line' id='line_1_8' title="bbox 267 826 1914 900; baseline 0.006 -20"><span class='ocrx_word' id='word_1_44' title='bbox 267 826 456 881; x_wconf 89' lang='lat' dir='ltr'>dendo</span> <span class='ocrx_word' id='word_1_45' title='bbox 483 826 827 898; x_wconf 88' lang='lat' dir='ltr'>suppliciter</span> <span class='ocrx_word' id='word_1_46' title='bbox 847 831 1328 900; x_wconf 85' lang='lat' dir='ltr'>procumbentem</span> <span class='ocrx_word' id='word_1_47' title='bbox 1351 851 1364 900; x_wconf 92' lang='lat'><strong>;</strong></span> <span class='ocrx_word' id='word_1_48' title='bbox 1391 834 1562 888; x_wconf 93' lang='lat' dir='ltr'>modo</span> <span class='ocrx_word' id='word_1_49' title='bbox 1585 851 1715 889; x_wconf 92' lang='lat' dir='ltr'>cum</span> <span class='ocrx_word' id='word_1_50' title='bbox 1739 837 1914 891; x_wconf 75' lang='lat' dir='ltr'>Iacob</span> 
     </span>
    </p>
   </div>
   <div class='ocr_carea' id='block_1_9' title="bbox 269 914 1913 994">
    <p class='ocr_par' dir='ltr' id='par_1_9' title="bbox 269 914 1913 994">
     <span class='ocr_line' id='line_1_9' title="bbox 269 914 1913 994; baseline 0.006 -26"><span class='ocrx_word' id='word_1_51' title='bbox 269 914 327 969; x_wconf 90' lang='lat' dir='ltr'>in</span> <span class='ocrx_word' id='word_1_52' title='bbox 361 931 498 986; x_wconf 89' lang='lat' dir='ltr'>agro</span> <span class='ocrx_word' id='word_1_53' title='bbox 529 917 840 973; x_wconf 84' lang='lat' dir='ltr'>contrariis</span> <span class='ocrx_word' id='word_1_54' title='bbox 871 919 1022 974; x_wconf 90' lang='lat' dir='ltr'>aeris</span> <span class='ocrx_word' id='word_1_55' title='bbox 1049 922 1496 991; x_wconf 84' lang='lat' dir='ltr'>tempestatibus</span> <span class='ocrx_word' id='word_1_56' title='bbox 1528 923 1913 994; x_wconf 90' lang='lat' dir='ltr'>afﬁciebatur,</span> 
     </span>
    </p>
   </div>
   <div class='ocr_carea' id='block_1_10' title="bbox 270 1004 1916 1084">
    <p class='ocr_par' dir='ltr' id='par_1_10' title="bbox 270 1004 1916 1084">
     <span class='ocr_line' id='line_1_10' title="bbox 270 1004 1916 1084; baseline 0.005 -26"><span class='ocrx_word' id='word_1_57' title='bbox 270 1004 443 1059; x_wconf 92' lang='lat' dir='ltr'>modo</span> <span class='ocrx_word' id='word_1_58' title='bbox 476 1005 706 1061; x_wconf 89' lang='lat' dir='ltr'>rediens</span> <span class='ocrx_word' id='word_1_59' title='bbox 736 1006 976 1063; x_wconf 91' lang='lat' dir='ltr'>domum</span> <span class='ocrx_word' id='word_1_60' title='bbox 1008 1008 1176 1064; x_wconf 91' lang='lat' dir='ltr'>lactis</span> <span class='ocrx_word' id='word_1_61' title='bbox 1200 1010 1476 1081; x_wconf 76' lang='lat' dir='ltr'>co:igulos</span> <span class='ocrx_word' id='word_1_62' title='bbox 1501 1012 1808 1084; x_wconf 83' lang='lat' dir='ltr'>mellisque</span> <span class='ocrx_word' id='word_1_63' title='bbox 1831 1014 1916 1067; x_wconf 91' lang='lat' dir='ltr'>fa-</span> 
     </span>
    </p>
   </div>
   <div class='ocr_carea' id='block_1_11' title="bbox 268 1093 1917 1166">
    <p class='ocr_par' dir='ltr' id='par_1_11' title="bbox 268 1093 1917 1166">
     <span class='ocr_line' id='line_1_11' title="bbox 268 1093 1917 1166; baseline 0.006 -20"><span class='ocrx_word' id='word_1_64' title='bbox 268 1109 368 1147; x_wconf 90' lang='lat' dir='ltr'>vos</span> <span class='ocrx_word' id='word_1_65' title='bbox 391 1093 590 1164; x_wconf 91' lang='lat' dir='ltr'>pueris</span> <span class='ocrx_word' id='word_1_66' title='bbox 615 1095 978 1166; x_wconf 89' lang='lat' dir='ltr'>partiebatur</span> <span class='ocrx_word' id='word_1_67' title='bbox 1002 1115 1014 1165; x_wconf 90' lang='lat'><strong>;</strong></span> <span class='ocrx_word' id='word_1_68' title='bbox 1045 1115 1200 1153; x_wconf 92' lang='lat' dir='ltr'>nunc</span> <span class='ocrx_word' id='word_1_69' title='bbox 1222 1099 1282 1152; x_wconf 91' lang='lat' dir='ltr'>in</span> <span class='ocrx_word' id='word_1_70' title='bbox 1305 1100 1434 1154; x_wconf 85' lang='lat' dir='ltr'>navi</span> <span class='ocrx_word' id='word_1_71' title='bbox 1453 1101 1713 1156; x_wconf 89' lang='lat' dir='ltr'>residens</span> <span class='ocrx_word' id='word_1_72' title='bbox 1737 1101 1917 1156; x_wconf 91' lang='lat' dir='ltr'>diver-</span> 
     </span>
    </p>
   </div>
   <div class='ocr_carea' id='block_1_12' title="bbox 268 1187 1910 1261">
    <p class='ocr_par' dir='ltr' id='par_1_12' title="bbox 268 1187 1910 1261">
     <span class='ocr_line' id='line_1_12' title="bbox 268 1187 1910 1261; baseline 0.005 -25"><span class='ocrx_word' id='word_1_73' title='bbox 268 1198 469 1237; x_wconf 82' lang='lat' dir='ltr'>sarum</span> <span class='ocrx_word' id='word_1_74' title='bbox 491 1187 914 1254; x_wconf 88' lang='lat' dir='ltr'>tempestatum</span> <span class='ocrx_word' id='word_1_75' title='bbox 937 1187 1183 1242; x_wconf 89' lang='lat' dir='ltr'>marinis</span> <span class='ocrx_word' id='word_1_76' title='bbox 1207 1188 1484 1244; x_wconf 86' lang='lat' dir='ltr'>ﬂuctibus</span> <span class='ocrx_word' id='word_1_77' title='bbox 1505 1191 1910 1261; x_wconf 87' lang='lat' dir='ltr'>premebatur;</span> 
     </span>
    </p>
   </div>
   <div class='ocr_carea' id='block_1_13' title="bbox 269 1271 1915 1349">
    <p class='ocr_par' dir='ltr' id='par_1_13' title="bbox 269 1271 1915 1349">
     <span class='ocr_line' id='line_1_13' title="bbox 269 1271 1915 1349; baseline 0.006 -25"><span class='ocrx_word' id='word_1_78' title='bbox 269 1288 426 1326; x_wconf 92' lang='lat' dir='ltr'>nunc</span> <span class='ocrx_word' id='word_1_79' title='bbox 456 1271 830 1329; x_wconf 90' lang='lat' dir='ltr'>introductus</span> <span class='ocrx_word' id='word_1_80' title='bbox 860 1274 919 1329; x_wconf 94' lang='lat' dir='ltr'>in</span> <span class='ocrx_word' id='word_1_81' title='bbox 953 1274 1156 1330; x_wconf 85' lang='lat' dir='ltr'>cellam</span> <span class='ocrx_word' id='word_1_82' title='bbox 1187 1276 1494 1343; x_wconf 87' lang='lat' dir='ltr'>vinariam,</span> <span class='ocrx_word' id='word_1_83' title='bbox 1521 1295 1625 1349; x_wconf 91' lang='lat' dir='ltr'>per</span> <span class='ocrx_word' id='word_1_84' title='bbox 1656 1279 1915 1334; x_wconf 91' lang='lat' dir='ltr'>dilectio-</span> 
     </span>
    </p>
   </div>
   <div class='ocr_carea' id='block_1_14' title="bbox 268 1354 1914 1437">
    <p class='ocr_par' dir='ltr' id='par_1_14' title="bbox 268 1354 1914 1437">
     <span class='ocr_line' id='line_1_14' title="bbox 268 1354 1914 1437; baseline 0.005 -23"><span class='ocrx_word' id='word_1_85' title='bbox 268 1375 402 1414; x_wconf 88' lang='lat' dir='ltr'>nem</span> <span class='ocrx_word' id='word_1_86' title='bbox 432 1354 544 1416; x_wconf 44' lang='lat' dir='ltr'>Dei&#39;</span> <span class='ocrx_word' id='word_1_87' title='bbox 563 1363 880 1418; x_wconf 88' lang='lat' dir='ltr'>extendens</span> <span class='ocrx_word' id='word_1_88' title='bbox 913 1380 976 1419; x_wconf 86' lang='lat' dir='ltr'>se</span> <span class='ocrx_word' id='word_1_89' title='bbox 1003 1363 1062 1418; x_wconf 90' lang='lat' dir='ltr'>in</span> <span class='ocrx_word' id='word_1_90' title='bbox 1103 1381 1362 1420; x_wconf 88' lang='lat' dir='ltr'>amorem</span> <span class='ocrx_word' id='word_1_91' title='bbox 1395 1367 1664 1437; x_wconf 87' lang='lat' dir='ltr'>proximi,</span> <span class='ocrx_word' id='word_1_92' title='bbox 1701 1373 1914 1422; x_wconf 74' lang='lat' dir='ltr'>sanctae</span> 
     </span>
    </p>
   </div>
   <div class='ocr_carea' id='block_1_15' title="bbox 269 1448 1913 1526">
    <p class='ocr_par' dir='ltr' id='par_1_15' title="bbox 269 1448 1913 1526">
     <span class='ocr_line' id='line_1_15' title="bbox 269 1448 1913 1526; baseline 0.004 -22"><span class='ocrx_word' id='word_1_93' title='bbox 269 1448 574 1505; x_wconf 88' lang='lat' dir='ltr'>charitatis</span> <span class='ocrx_word' id='word_1_94' title='bbox 604 1451 908 1506; x_wconf 86' lang='lat' dir='ltr'>exercebat</span> <span class='ocrx_word' id='word_1_95' title='bbox 954 1453 1203 1508; x_wconf 89' lang='lat' dir='ltr'>fructus.</span> <span class='ocrx_word' id='word_1_96' title='bbox 1253 1455 1335 1508; x_wconf 91' lang='lat' dir='ltr'>En</span> <span class='ocrx_word' id='word_1_97' title='bbox 1391 1461 1588 1510; x_wconf 83' lang='lat' dir='ltr'>ucster</span> <span class='ocrx_word' id='word_1_98' title='bbox 1617 1456 1913 1526; x_wconf 91' lang='lat' dir='ltr'>Salomon,</span> 
     </span>
    </p>
   </div>
   <div class='ocr_carea' id='block_1_16' title="bbox 267 1538 1917 1616">
    <p class='ocr_par' dir='ltr' id='par_1_16' title="bbox 267 1538 1917 1616">
     <span class='ocr_line' id='line_1_16' title="bbox 267 1538 1917 1616; baseline 0.005 -25"><span class='ocrx_word' id='word_1_99' title='bbox 267 1538 384 1594; x_wconf 89' lang='lat' dir='ltr'>veri</span> <span class='ocrx_word' id='word_1_100' title='bbox 417 1538 595 1594; x_wconf 88' lang='lat' dir='ltr'>David</span> <span class='ocrx_word' id='word_1_101' title='bbox 630 1539 805 1606; x_wconf 87' lang='lat' dir='ltr'>ﬁlius,</span> <span class='ocrx_word' id='word_1_102' title='bbox 839 1541 1127 1611; x_wconf 88' lang='lat' dir='ltr'>templum</span> <span class='ocrx_word' id='word_1_103' title='bbox 1151 1542 1382 1598; x_wconf 91' lang='lat' dir='ltr'>Domini</span> <span class='ocrx_word' id='word_1_104' title='bbox 1411 1545 1706 1616; x_wconf 86' lang='lat' dir='ltr'>sapienter</span> <span class='ocrx_word' id='word_1_105' title='bbox 1730 1545 1917 1600; x_wconf 89' lang='lat' dir='ltr'>admi-</span> 
     </span>
    </p>
   </div>
   <div class='ocr_carea' id='block_1_17' title="bbox 270 1627 1918 1700">
    <p class='ocr_par' dir='ltr' id='par_1_17' title="bbox 270 1627 1918 1700">
     <span class='ocr_line' id='line_1_17' title="bbox 270 1627 1918 1700; baseline 0.005 -19"><span class='ocrx_word' id='word_1_106' title='bbox 270 1627 500 1695; x_wconf 85' lang='lat' dir='ltr'>nistrat,</span> <span class='ocrx_word' id='word_1_107' title='bbox 533 1628 593 1684; x_wconf 91' lang='lat' dir='ltr'>in</span> <span class='ocrx_word' id='word_1_108' title='bbox 625 1629 796 1700; x_wconf 86' lang='lat' dir='ltr'>cujus</span> <span class='ocrx_word' id='word_1_109' title='bbox 825 1635 1122 1685; x_wconf 81' lang='lat' dir='ltr'>structura</span> <span class='ocrx_word' id='word_1_110' title='bbox 1157 1649 1257 1686; x_wconf 92' lang='lat' dir='ltr'>nec</span> <span class='ocrx_word' id='word_1_111' title='bbox 1280 1633 1502 1688; x_wconf 89' lang='lat' dir='ltr'>securis</span> <span class='ocrx_word' id='word_1_112' title='bbox 1536 1643 1639 1688; x_wconf 79' lang='lat' dir='ltr'>nec</span> <span class='ocrx_word' id='word_1_113' title='bbox 1673 1633 1918 1689; x_wconf 89' lang='lat' dir='ltr'>malleus</span> 
     </span>
    </p>
   </div>
   <div class='ocr_carea' id='block_1_18' title="bbox 271 1717 1917 1789">
    <p class='ocr_par' dir='ltr' id='par_1_18' title="bbox 271 1717 1917 1789">
     <span class='ocr_line' id='line_1_18' title="bbox 271 1717 1917 1789; baseline 0.003 -19"><span class='ocrx_word' id='word_1_114' title='bbox 271 1719 461 1771; x_wconf 89' lang='lat' dir='ltr'>sonat.</span> <span class='ocrx_word' id='word_1_115' title='bbox 495 1717 576 1772; x_wconf 88' lang='lat' dir='ltr'>En</span> <span class='ocrx_word' id='word_1_116' title='bbox 595 1733 768 1772; x_wconf 85' lang='lat' dir='ltr'>verus</span> <span class='ocrx_word' id='word_1_117' title='bbox 791 1717 1020 1789; x_wconf 80' lang='lat' dir='ltr'>Moyses</span> <span class='ocrx_word' id='word_1_118' title='bbox 1047 1719 1230 1774; x_wconf 83' lang='lat' dir='ltr'>sacris</span> <span class='ocrx_word' id='word_1_119' title='bbox 1254 1719 1430 1774; x_wconf 89' lang='lat' dir='ltr'>undis</span> <span class='ocrx_word' id='word_1_120' title='bbox 1463 1726 1747 1789; x_wconf 85' lang='lat' dir='ltr'>servatur,</span> <span class='ocrx_word' id='word_1_121' title='bbox 1781 1726 1837 1776; x_wconf 92' lang='lat' dir='ltr'>et</span> <span class='ocrx_word' id='word_1_122' title='bbox 1858 1721 1917 1775; x_wconf 91' lang='lat' dir='ltr'>in</span> 
     </span>
    </p>
   </div>
   <div class='ocr_carea' id='block_1_19' title="bbox 270 1805 1915 1882">
    <p class='ocr_par' dir='ltr' id='par_1_19' title="bbox 270 1805 1915 1882">
     <span class='ocr_line' id='line_1_19' title="bbox 270 1805 1915 1882; baseline 0.002 -23"><span class='ocrx_word' id='word_1_123' title='bbox 270 1806 512 1860; x_wconf 92' lang='lat' dir='ltr'>domum</span> <span class='ocrx_word' id='word_1_124' title='bbox 531 1805 849 1862; x_wconf 88' lang='lat' dir='ltr'>Pharaonis</span> <span class='ocrx_word' id='word_1_125' title='bbox 867 1807 1240 1875; x_wconf 90' lang='lat' dir='ltr'>constitutus,</span> <span class='ocrx_word' id='word_1_126' title='bbox 1262 1807 1454 1880; x_wconf 90' lang='lat' dir='ltr'>gladio</span> <span class='ocrx_word' id='word_1_127' title='bbox 1473 1809 1735 1880; x_wconf 90' lang='lat' dir='ltr'>spiritus,</span> <span class='ocrx_word' id='word_1_128' title='bbox 1761 1811 1915 1882; x_wconf 92' lang='lat' dir='ltr'>quod</span> 
     </span>
    </p>
   </div>
   <div class='ocr_carea' id='block_1_20' title="bbox 271 1893 1920 1970">
    <p class='ocr_par' dir='ltr' id='par_1_20' title="bbox 271 1893 1920 1970">
     <span class='ocr_line' id='line_1_20' title="bbox 271 1893 1920 1970; baseline 0.004 -22"><span class='ocrx_word' id='word_1_129' title='bbox 271 1897 358 1948; x_wconf 87' lang='lat' dir='ltr'>est</span> <span class='ocrx_word' id='word_1_130' title='bbox 388 1893 628 1950; x_wconf 89' lang='lat' dir='ltr'>verbum</span> <span class='ocrx_word' id='word_1_131' title='bbox 658 1894 874 1950; x_wconf 91' lang='lat' dir='ltr'>Dei.....</span> <span class='ocrx_word' id='word_1_132' title='bbox 926 1895 1140 1950; x_wconf 85' lang='lat' dir='ltr'>transit</span> <span class='ocrx_word' id='word_1_133' title='bbox 1169 1897 1239 1952; x_wconf 92' lang='lat' dir='ltr'>de</span> <span class='ocrx_word' id='word_1_134' title='bbox 1270 1902 1438 1967; x_wconf 90' lang='lat' dir='ltr'>porta</span> <span class='ocrx_word' id='word_1_135' title='bbox 1481 1898 1540 1952; x_wconf 90' lang='lat' dir='ltr'>in</span> <span class='ocrx_word' id='word_1_136' title='bbox 1574 1903 1822 1970; x_wconf 90' lang='lat' dir='ltr'>portam,</span> <span class='ocrx_word' id='word_1_137' title='bbox 1857 1905 1920 1954; x_wconf 91' lang='lat' dir='ltr'>ut</span> 
     </span>
    </p>
   </div>
   <div class='ocr_carea' id='block_1_21' title="bbox 276 1982 1918 2058">
    <p class='ocr_par' dir='ltr' id='par_1_21' title="bbox 276 1982 1918 2058">
     <span class='ocr_line' id='line_1_21' title="bbox 276 1982 1918 2058; baseline 0.004 -22"><span class='ocrx_word' id='word_1_138' title='bbox 276 1983 558 2051; x_wconf 88' lang='lat' dir='ltr'>destruat,</span> <span class='ocrx_word' id='word_1_139' title='bbox 593 1982 817 2050; x_wconf 81' lang='lat' dir='ltr'>evellet,</span> <span class='ocrx_word' id='word_1_140' title='bbox 851 1987 909 2038; x_wconf 90' lang='lat' dir='ltr'>et</span> <span class='ocrx_word' id='word_1_141' title='bbox 937 1983 1180 2040; x_wconf 70' lang='lat' dir='ltr'>tediﬁcet</span> <span class='ocrx_word' id='word_1_142' title='bbox 1208 1988 1264 2039; x_wconf 92' lang='lat' dir='ltr'>et</span> <span class='ocrx_word' id='word_1_143' title='bbox 1295 1984 1532 2055; x_wconf 92' lang='lat' dir='ltr'>plantet.</span> <span class='ocrx_word' id='word_1_144' title='bbox 1561 1986 1918 2058; x_wconf 89' lang='lat' dir='ltr'>Temporum</span> 
     </span>
    </p>
   </div>
   <div class='ocr_carea' id='block_1_22' title="bbox 279 2069 1920 2146">
    <p class='ocr_par' dir='ltr' id='par_1_22' title="bbox 279 2069 1920 2146">
     <span class='ocr_line' id='line_1_22' title="bbox 279 2069 1920 2146; baseline 0.004 -22"><span class='ocrx_word' id='word_1_145' title='bbox 279 2069 508 2127; x_wconf 88' lang='lat' dir='ltr'>labente</span> <span class='ocrx_word' id='word_1_146' title='bbox 521 2071 1068 2128; x_wconf 89' lang='lat' dir='ltr'>curriculoGerardo</span> <span class='ocrx_word' id='word_1_147' title='bbox 1088 2073 1345 2144; x_wconf 89' lang='lat' dir='ltr'>pontiﬁci</span> <span class='ocrx_word' id='word_1_148' title='bbox 1360 2075 1732 2146; x_wconf 84' lang='lat' dir='ltr'>vergentibus</span> <span class='ocrx_word' id='word_1_149' title='bbox 1748 2077 1920 2132; x_wconf 91' lang='lat' dir='ltr'>annis</span> 
     </span>
    </p>
   </div>
   <div class='ocr_carea' id='block_1_23' title="bbox 275 2161 1916 2236">
    <p class='ocr_par' dir='ltr' id='par_1_23' title="bbox 275 2161 1916 2236">
     <span class='ocr_line' id='line_1_23' title="bbox 275 2161 1916 2236; baseline 0.003 -21"><span class='ocrx_word' id='word_1_150' title='bbox 275 2161 344 2215; x_wconf 91' lang='lat' dir='ltr'>ad</span> <span class='ocrx_word' id='word_1_151' title='bbox 376 2176 648 2215; x_wconf 89' lang='lat' dir='ltr'>occasum</span> <span class='ocrx_word' id='word_1_152' title='bbox 680 2167 888 2232; x_wconf 88' lang='lat' dir='ltr'>quarta</span> <span class='ocrx_word' id='word_1_153' title='bbox 912 2167 1217 2234; x_wconf 88' lang='lat' dir='ltr'>supererat</span> <span class='ocrx_word' id='word_1_154' title='bbox 1246 2164 1529 2218; x_wconf 88' lang='lat' dir='ltr'>senectuti</span> <span class='ocrx_word' id='word_1_155' title='bbox 1561 2181 1758 2230; x_wconf 89' lang='lat' dir='ltr'>causa,</span> <span class='ocrx_word' id='word_1_156' title='bbox 1791 2181 1916 2236; x_wconf 69' lang='lat' dir='ltr'>qua:</span> 
     </span>
    </p>
   </div>
   <div class='ocr_carea' id='block_1_24' title="bbox 274 2249 1915 2321">
    <p class='ocr_par' dir='ltr' id='par_1_24' title="bbox 274 2249 1915 2321">
     <span class='ocr_line' id='line_1_24' title="bbox 274 2249 1915 2321; baseline 0.003 -18"><span class='ocrx_word' id='word_1_157' title='bbox 274 2249 525 2304; x_wconf 88' lang='lat' dir='ltr'>maxime</span> <span class='ocrx_word' id='word_1_158' title='bbox 541 2266 753 2320; x_wconf 83' lang='lat' dir='ltr'>angere</span> <span class='ocrx_word' id='word_1_159' title='bbox 774 2254 949 2321; x_wconf 91' lang='lat' dir='ltr'>atque</span> <span class='ocrx_word' id='word_1_160' title='bbox 970 2250 1281 2307; x_wconf 88' lang='lat' dir='ltr'>sollicitam</span> <span class='ocrx_word' id='word_1_161' title='bbox 1306 2251 1517 2307; x_wconf 88' lang='lat' dir='ltr'>habere</span> <span class='ocrx_word' id='word_1_162' title='bbox 1538 2268 1663 2307; x_wconf 87' lang='lat' dir='ltr'>eam</span> <span class='ocrx_word' id='word_1_163' title='bbox 1689 2256 1915 2308; x_wconf 68' lang='lat' dir='ltr'>aetatem</span> 
     </span>
    </p>
   </div>
   <div class='ocr_carea' id='block_1_25' title="bbox 272 2338 1917 2413">
    <p class='ocr_par' dir='ltr' id='par_1_25' title="bbox 272 2338 1917 2413">
     <span class='ocr_line' id='line_1_25' title="bbox 272 2338 1917 2413; baseline 0.005 -23"><span class='ocrx_word' id='word_1_164' title='bbox 272 2338 519 2403; x_wconf 88' lang='lat' dir='ltr'>videtur,</span> <span class='ocrx_word' id='word_1_165' title='bbox 553 2338 1040 2410; x_wconf 87' lang='lat' dir='ltr'>appropinquatio</span> <span class='ocrx_word' id='word_1_166' title='bbox 1063 2339 1286 2395; x_wconf 90' lang='lat' dir='ltr'>scilicet</span> <span class='ocrx_word' id='word_1_167' title='bbox 1308 2341 1535 2406; x_wconf 89' lang='lat' dir='ltr'>mortis,</span> <span class='ocrx_word' id='word_1_168' title='bbox 1561 2358 1688 2413; x_wconf 82' lang='lat' dir='ltr'>quae</span> <span class='ocrx_word' id='word_1_169' title='bbox 1710 2346 1863 2397; x_wconf 90' lang='lat' dir='ltr'>certe</span> <span class='ocrx_word' id='word_1_170' title='bbox 1884 2360 1917 2398; x_wconf 89' lang='lat' dir='ltr'>a</span> 
     </span>
    </p>
   </div>
   <div class='ocr_carea' id='block_1_26' title="bbox 269 2428 1916 2500">
    <p class='ocr_par' dir='ltr' id='par_1_26' title="bbox 269 2428 1916 2500">
     <span class='ocr_line' id='line_1_26' title="bbox 269 2428 1916 2500; baseline 0.004 -20"><span class='ocrx_word' id='word_1_171' title='bbox 269 2431 566 2482; x_wconf 90' lang='lat' dir='ltr'>senectute</span> <span class='ocrx_word' id='word_1_172' title='bbox 597 2445 708 2481; x_wconf 91' lang='lat' dir='ltr'>non</span> <span class='ocrx_word' id='word_1_173' title='bbox 746 2432 932 2497; x_wconf 89' lang='lat' dir='ltr'>potest</span> <span class='ocrx_word' id='word_1_174' title='bbox 981 2428 1150 2500; x_wconf 89' lang='lat' dir='ltr'>longe</span> <span class='ocrx_word' id='word_1_175' title='bbox 1182 2429 1420 2497; x_wconf 91' lang='lat' dir='ltr'>abesse;</span> <span class='ocrx_word' id='word_1_176' title='bbox 1453 2431 1553 2484; x_wconf 89' lang='lat' dir='ltr'>sed</span> <span class='ocrx_word' id='word_1_177' title='bbox 1588 2430 1916 2486; x_wconf 86' lang='lat' dir='ltr'>Lietbertus</span> 
     </span>
    </p>
   </div>
   <div class='ocr_carea' id='block_1_27' title="bbox 269 2515 1912 2590">
    <p class='ocr_par' dir='ltr' id='par_1_27' title="bbox 269 2515 1912 2590">
     <span class='ocr_line' id='line_1_27' title="bbox 269 2515 1912 2590; baseline 0.002 -22"><span class='ocrx_word' id='word_1_178' title='bbox 269 2515 442 2571; x_wconf 88' lang='lat' dir='ltr'>levita</span> <span class='ocrx_word' id='word_1_179' title='bbox 473 2515 846 2586; x_wconf 87' lang='lat' dir='ltr'>magniﬁcus,</span> <span class='ocrx_word' id='word_1_180' title='bbox 879 2516 1051 2571; x_wconf 76' lang='lat' dir='ltr'>curiae</span> <span class='ocrx_word' id='word_1_181' title='bbox 1084 2517 1437 2588; x_wconf 85' lang='lat' dir='ltr'>pontiﬁcalis</span> <span class='ocrx_word' id='word_1_182' title='bbox 1463 2519 1724 2590; x_wconf 88' lang='lat' dir='ltr'>provisor</span> <span class='ocrx_word' id='word_1_183' title='bbox 1755 2519 1912 2573; x_wconf 88' lang='lat' dir='ltr'>solli-</span> 
     </span>
    </p>
   </div>
   <div class='ocr_carea' id='block_1_28' title="bbox 269 2605 1912 2677">
    <p class='ocr_par' dir='ltr' id='par_1_28' title="bbox 269 2605 1912 2677">
     <span class='ocr_line' id='line_1_28' title="bbox 269 2605 1912 2677; baseline 0.004 -20"><span class='ocrx_word' id='word_1_184' title='bbox 269 2605 440 2674; x_wconf 89' lang='lat' dir='ltr'>citus,</span> <span class='ocrx_word' id='word_1_185' title='bbox 466 2621 636 2676; x_wconf 89' lang='lat' dir='ltr'>quem</span> <span class='ocrx_word' id='word_1_186' title='bbox 662 2605 984 2660; x_wconf 89' lang='lat' dir='ltr'>honoribus</span> <span class='ocrx_word' id='word_1_187' title='bbox 1006 2607 1376 2677; x_wconf 86' lang='lat' dir='ltr'>exultaverat,</span> <span class='ocrx_word' id='word_1_188' title='bbox 1399 2608 1459 2662; x_wconf 92' lang='lat' dir='ltr'>in</span> <span class='ocrx_word' id='word_1_189' title='bbox 1483 2609 1758 2663; x_wconf 89' lang='lat' dir='ltr'>omnibus</span> <span class='ocrx_word' id='word_1_190' title='bbox 1779 2625 1912 2663; x_wconf 92' lang='lat' dir='ltr'>eum</span> 
     </span>
    </p>
   </div>
   <div class='ocr_carea' id='block_1_29' title="bbox 268 2693 844 2765">
    <p class='ocr_par' dir='ltr' id='par_1_29' title="bbox 268 2693 844 2765">
     <span class='ocr_line' id='line_1_29' title="bbox 268 2693 844 2765; baseline -0.002 -17"><span class='ocrx_word' id='word_1_191' title='bbox 268 2693 561 2764; x_wconf 88' lang='lat' dir='ltr'>sapienter</span> <span class='ocrx_word' id='word_1_192' title='bbox 581 2693 844 2765; x_wconf 88' lang='lat' dir='ltr'>juvabat.</span> 
     </span>
    </p>
   </div>
   <div class='ocr_carea' id='block_1_30' title="bbox 884 2801 1296 2857">
    <p class='ocr_par' dir='ltr' id='par_1_30' title="bbox 884 2801 1296 2857">
     <span class='ocr_line' id='line_1_30' title="bbox 884 2801 1296 2857; baseline 0.005 -2"><span class='ocrx_word' id='word_1_193' title='bbox 884 2801 1111 2857; x_wconf 88' lang='lat' dir='ltr'><strong>CAPUT</strong></span> <span class='ocrx_word' id='word_1_194' title='bbox 1151 2801 1296 2857; x_wconf 91' lang='lat' dir='ltr'>VIII.</span> 
     </span>
    </p>
   </div>
   <div class='ocr_carea' id='block_1_31' title="bbox 269 2888 1914 2959">
    <p class='ocr_par' dir='ltr' id='par_1_31' title="bbox 269 2888 1914 2959">
     <span class='ocr_line' id='line_1_31' title="bbox 269 2888 1914 2959; baseline 0.003 -16"><span class='ocrx_word' id='word_1_195' title='bbox 269 2889 341 2944; x_wconf 85' lang='lat' dir='ltr'>De</span> <span class='ocrx_word' id='word_1_196' title='bbox 393 2889 622 2945; x_wconf 82' lang='lat' dir='ltr'>Wallero</span> <span class='ocrx_word' id='word_1_197' title='bbox 655 2888 1035 2945; x_wconf 75' lang='lat' dir='ltr'>Cameracensi</span> <span class='ocrx_word' id='word_1_198' title='bbox 1081 2891 1400 2959; x_wconf 84' lang='lat' dir='ltr'>castellano,</span> <span class='ocrx_word' id='word_1_199' title='bbox 1441 2900 1493 2946; x_wconf 80' lang='lat' dir='ltr'>et</span> <span class='ocrx_word' id='word_1_200' title='bbox 1519 2893 1728 2947; x_wconf 81' lang='lat' dir='ltr'>Joanne</span> <span class='ocrx_word' id='word_1_201' title='bbox 1757 2893 1914 2949; x_wconf 75' lang='lat' dir='ltr'>Atre-</span> 
     </span>
    </p>
   </div>
   <div class='ocr_carea' id='block_1_32' title="bbox 831 2961 1353 3017">
    <p class='ocr_par' dir='ltr' id='par_1_32' title="bbox 831 2961 1353 3017">
     <span class='ocr_line' id='line_1_32' title="bbox 831 2961 1353 3017; baseline 0.004 -2"><span class='ocrx_word' id='word_1_202' title='bbox 831 2961 1040 3016; x_wconf 79' lang='lat' dir='ltr'>batensi</span> <span class='ocrx_word' id='word_1_203' title='bbox 1078 2961 1353 3017; x_wconf 84' lang='lat' dir='ltr'>advocato.</span> 
     </span>
    </p>
   </div>
   <div class='ocr_carea' id='block_1_33' title="bbox 339 3049 1917 3122">
    <p class='ocr_par' dir='ltr' id='par_1_33' title="bbox 339 3049 1917 3122">
     <span class='ocr_line' id='line_1_33' title="bbox 339 3049 1917 3122; baseline 0.003 -19"><span class='ocrx_word' id='word_1_204' title='bbox 339 3053 474 3104; x_wconf 85' lang='lat' dir='ltr'>Erat</span> <span class='ocrx_word' id='word_1_205' title='bbox 494 3053 634 3104; x_wconf 88' lang='lat' dir='ltr'>tunc</span> <span class='ocrx_word' id='word_1_206' title='bbox 656 3050 933 3122; x_wconf 91' lang='lat' dir='ltr'>temporis</span> <span class='ocrx_word' id='word_1_207' title='bbox 954 3049 1248 3106; x_wconf 88' lang='lat' dir='ltr'>Walterus</span> <span class='ocrx_word' id='word_1_208' title='bbox 1264 3052 1697 3108; x_wconf 89' lang='lat' dir='ltr'>Cameracensis</span> <span class='ocrx_word' id='word_1_209' title='bbox 1713 3052 1917 3108; x_wconf 87' lang='lat' dir='ltr'>castel-</span> 
     </span>
    </p>
   </div>
   <div class='ocr_carea' id='block_1_34' title="bbox 269 3137 1915 3214">
    <p class='ocr_par' dir='ltr' id='par_1_34' title="bbox 269 3137 1915 3214">
     <span class='ocr_line' id='line_1_34' title="bbox 269 3137 1915 3214; baseline 0.003 -22"><span class='ocrx_word' id='word_1_210' title='bbox 269 3137 460 3204; x_wconf 87' lang='lat' dir='ltr'>lanus,</span> <span class='ocrx_word' id='word_1_211' title='bbox 484 3139 580 3209; x_wconf 91' lang='lat' dir='ltr'>qui</span> <span class='ocrx_word' id='word_1_212' title='bbox 611 3145 684 3193; x_wconf 91' lang='lat' dir='ltr'>ob</span> <span class='ocrx_word' id='word_1_213' title='bbox 709 3139 950 3194; x_wconf 90' lang='lat' dir='ltr'>nimiam</span> <span class='ocrx_word' id='word_1_214' title='bbox 975 3140 1065 3194; x_wconf 92' lang='lat' dir='ltr'>sui</span> <span class='ocrx_word' id='word_1_215' title='bbox 1093 3141 1278 3194; x_wconf 88' lang='lat' dir='ltr'>fastus</span> <span class='ocrx_word' id='word_1_216' title='bbox 1297 3140 1653 3211; x_wconf 88' lang='lat' dir='ltr'>superbiam,</span> <span class='ocrx_word' id='word_1_217' title='bbox 1678 3158 1915 3214; x_wconf 72' lang='lat' dir='ltr'>suaeque</span> 
     </span>
    </p>
   </div>
   <div class='ocr_carea' id='block_1_35' title="bbox 1949 1854 1997 1917">
    <p class='ocr_par' dir='ltr' id='par_1_35' title="bbox 1949 1854 1997 1917">
     <span class='ocr_line' id='line_1_35' title="bbox 1949 1854 1997 1917; baseline 0 0"><span class='ocrx_word' id='word_1_218' title='bbox 1949 1854 1997 1917; x_wconf 91' lang='lat' dir='ltr'><strong>B</strong></span> 
     </span>
    </p>
   </div>
   <div class='ocr_carea' id='block_1_36' title="bbox 270 3217 1986 3298">
    <p class='ocr_par' dir='ltr' id='par_1_36' title="bbox 270 3217 1986 3298">
     <span class='ocr_line' id='line_1_36' title="bbox 270 3217 1986 3298; baseline 0.001 -17"><span class='ocrx_word' id='word_1_219' title='bbox 270 3227 537 3298; x_wconf 66' lang='lat' dir='ltr'>potentiae</span> <span class='ocrx_word' id='word_1_220' title='bbox 568 3227 927 3283; x_wconf 89' lang='lat' dir='ltr'>indicibilem</span> <span class='ocrx_word' id='word_1_221' title='bbox 977 3227 1349 3284; x_wconf 84' lang='lat' dir='ltr'>insolentiam</span> <span class='ocrx_word' id='word_1_222' title='bbox 1384 3229 1456 3283; x_wconf 91' lang='lat' dir='ltr'>ab</span> <span class='ocrx_word' id='word_1_223' title='bbox 1504 3229 1757 3285; x_wconf 90' lang='lat' dir='ltr'>inimicis</span> <span class='ocrx_word' id='word_1_224' title='bbox 1789 3231 1913 3286; x_wconf 88' lang='lat' dir='ltr'>suis</span> <span class='ocrx_word' id='word_1_225' title='bbox 1943 3217 1986 3282; x_wconf 86' lang='lat' dir='ltr'>C</span> 
     </span>
    </p>
   </div>
   <div class='ocr_carea' id='block_1_37' title="bbox 271 3316 1915 3388">
    <p class='ocr_par' dir='ltr' id='par_1_37' title="bbox 271 3316 1915 3388">
     <span class='ocr_line' id='line_1_37' title="bbox 271 3316 1915 3388; baseline 0.003 -19"><span class='ocrx_word' id='word_1_226' title='bbox 271 3316 846 3372; x_wconf 87' lang='lat' dir='ltr'>interfectusinteriit</span> <span class='ocrx_word' id='word_1_227' title='bbox 863 3343 874 3384; x_wconf 88' lang='lat'><strong>;</strong></span> <span class='ocrx_word' id='word_1_228' title='bbox 893 3317 1250 3388; x_wconf 90' lang='lat' dir='ltr'>unicumque</span> <span class='ocrx_word' id='word_1_229' title='bbox 1267 3317 1452 3373; x_wconf 90' lang='lat' dir='ltr'>ﬁlium</span> <span class='ocrx_word' id='word_1_230' title='bbox 1469 3335 1600 3372; x_wconf 92' lang='lat' dir='ltr'>cum</span> <span class='ocrx_word' id='word_1_231' title='bbox 1619 3335 1792 3374; x_wconf 82' lang='lat' dir='ltr'>uxore</span> <span class='ocrx_word' id='word_1_232' title='bbox 1807 3337 1915 3375; x_wconf 90' lang='lat' dir='ltr'>sua</span> 
     </span>
    </p>
   </div>
   <div class='ocr_carea' id='block_1_38' title="bbox 269 3405 1915 3478">
    <p class='ocr_par' dir='ltr' id='par_1_38' title="bbox 269 3405 1915 3478">
     <span class='ocr_line' id='line_1_38' title="bbox 269 3405 1915 3478; baseline 0.002 -19"><span class='ocrx_word' id='word_1_233' title='bbox 269 3405 619 3476; x_wconf 87' lang='lat' dir='ltr'>superstites</span> <span class='ocrx_word' id='word_1_234' title='bbox 634 3405 874 3477; x_wconf 86' lang='lat' dir='ltr'>reliquit</span> <span class='ocrx_word' id='word_1_235' title='bbox 895 3423 906 3473; x_wconf 90' lang='lat'>;</span> <span class='ocrx_word' id='word_1_236' title='bbox 925 3423 1052 3477; x_wconf 72' lang='lat' dir='ltr'>qua:</span> <span class='ocrx_word' id='word_1_237' title='bbox 1077 3407 1316 3478; x_wconf 89' lang='lat' dir='ltr'>quidem</span> <span class='ocrx_word' id='word_1_238' title='bbox 1338 3408 1915 3474; x_wconf 81' lang='lat' dir='ltr'>uxor,Ermentrudis</span> 
     </span>
    </p>
   </div>
   <div class='ocr_carea' id='block_1_39' title="bbox 271 3493 1918 3568">
    <p class='ocr_par' dir='ltr' id='par_1_39' title="bbox 271 3493 1918 3568">
     <span class='ocr_line' id='line_1_39' title="bbox 271 3493 1918 3568; baseline 0.002 -20"><span class='ocrx_word' id='word_1_239' title='bbox 271 3493 529 3562; x_wconf 91' lang='lat' dir='ltr'>nomine,</span> <span class='ocrx_word' id='word_1_240' title='bbox 553 3496 624 3548; x_wconf 92' lang='lat' dir='ltr'>ab</span> <span class='ocrx_word' id='word_1_241' title='bbox 657 3493 887 3550; x_wconf 89' lang='lat' dir='ltr'>insania</span> <span class='ocrx_word' id='word_1_242' title='bbox 911 3495 1101 3550; x_wconf 89' lang='lat' dir='ltr'>mariti</span> <span class='ocrx_word' id='word_1_243' title='bbox 1125 3496 1216 3549; x_wconf 91' lang='lat' dir='ltr'>sui</span> <span class='ocrx_word' id='word_1_244' title='bbox 1251 3512 1363 3550; x_wconf 93' lang='lat' dir='ltr'>non</span> <span class='ocrx_word' id='word_1_245' title='bbox 1388 3497 1674 3567; x_wconf 88' lang='lat' dir='ltr'>cessabat,</span> <span class='ocrx_word' id='word_1_246' title='bbox 1700 3497 1799 3552; x_wconf 91' lang='lat' dir='ltr'>sed</span> <span class='ocrx_word' id='word_1_247' title='bbox 1826 3515 1918 3568; x_wconf 88' lang='lat' dir='ltr'>pc-</span> 
     </span>
    </p>
   </div>
   <div class='ocr_carea' id='block_1_40' title="bbox 260 3579 1915 3655">
    <p class='ocr_par' dir='ltr' id='par_1_40' title="bbox 260 3579 1915 3655">
     <span class='ocr_line' id='line_1_40' title="bbox 260 3579 1915 3655; baseline 0.002 -18"><span class='ocrx_word' id='word_1_248' title='bbox 260 3583 394 3653; x_wconf 88' lang='lat' dir='ltr'>jora</span> <span class='ocrx_word' id='word_1_249' title='bbox 415 3600 657 3655; x_wconf 71' lang='lat' dir='ltr'>quaeque</span> <span class='ocrx_word' id='word_1_250' title='bbox 679 3584 764 3654; x_wconf 62' lang='lat'>[[1,</span> <span class='ocrx_word' id='word_1_251' title='bbox 787 3585 1043 3655; x_wconf 86' lang='lat' dir='ltr'>quoque]</span> <span class='ocrx_word' id='word_1_252' title='bbox 1062 3601 1312 3655; x_wconf 89' lang='lat' dir='ltr'>operans</span> <span class='ocrx_word' id='word_1_253' title='bbox 1332 3579 1524 3640; x_wconf 87' lang='lat' dir='ltr'>mariti</span> <span class='ocrx_word' id='word_1_254' title='bbox 1546 3585 1799 3640; x_wconf 89' lang='lat' dir='ltr'>malitias</span> <span class='ocrx_word' id='word_1_255' title='bbox 1817 3603 1915 3641; x_wconf 85' lang='lat' dir='ltr'>su-</span> 
     </span>
    </p>
   </div>
   <div class='ocr_carea' id='block_1_41' title="bbox 270 3671 1918 3746">
    <p class='ocr_par' dir='ltr' id='par_1_41' title="bbox 270 3671 1918 3746">
     <span class='ocr_line' id='line_1_41' title="bbox 270 3671 1918 3746; baseline 0.001 -18"><span class='ocrx_word' id='word_1_256' title='bbox 270 3671 733 3744; x_wconf 87' lang='lat' dir='ltr'>perexcellebat:</span> <span class='ocrx_word' id='word_1_257' title='bbox 782 3678 840 3727; x_wconf 86' lang='lat' dir='ltr'>et</span> <span class='ocrx_word' id='word_1_258' title='bbox 889 3673 1025 3742; x_wconf 91' lang='lat' dir='ltr'>quia</span> <span class='ocrx_word' id='word_1_259' title='bbox 1073 3679 1138 3727; x_wconf 92' lang='lat' dir='ltr'>ut</span> <span class='ocrx_word' id='word_1_260' title='bbox 1188 3673 1577 3743; x_wconf 88' lang='lat' dir='ltr'>desiderabat,</span> <span class='ocrx_word' id='word_1_261' title='bbox 1632 3675 1688 3729; x_wconf 92' lang='lat' dir='ltr'>id</span> <span class='ocrx_word' id='word_1_262' title='bbox 1721 3691 1824 3746; x_wconf 90' lang='lat' dir='ltr'>per</span> <span class='ocrx_word' id='word_1_263' title='bbox 1855 3691 1918 3730; x_wconf 90' lang='lat' dir='ltr'>se</span> 
     </span>
    </p>
   </div>
   <div class='ocr_carea' id='block_1_42' title="bbox 270 3761 1918 3836">
    <p class='ocr_par' dir='ltr' id='par_1_42' title="bbox 270 3761 1918 3836">
     <span class='ocr_line' id='line_1_42' title="bbox 270 3761 1918 3836; baseline 0.001 -20"><span class='ocrx_word' id='word_1_264' title='bbox 270 3761 591 3833; x_wconf 88' lang='lat' dir='ltr'>adimplere</span> <span class='ocrx_word' id='word_1_265' title='bbox 620 3777 732 3816; x_wconf 90' lang='lat' dir='ltr'>non</span> <span class='ocrx_word' id='word_1_266' title='bbox 757 3761 968 3832; x_wconf 90' lang='lat' dir='ltr'>potuit,</span> <span class='ocrx_word' id='word_1_267' title='bbox 994 3761 1151 3816; x_wconf 91' lang='lat' dir='ltr'>ﬁlius</span> <span class='ocrx_word' id='word_1_268' title='bbox 1173 3763 1327 3817; x_wconf 91' lang='lat' dir='ltr'>enim</span> <span class='ocrx_word' id='word_1_269' title='bbox 1353 3764 1480 3833; x_wconf 89' lang='lat' dir='ltr'>ejus</span> <span class='ocrx_word' id='word_1_270' title='bbox 1504 3780 1646 3834; x_wconf 88' lang='lat' dir='ltr'>puer</span> <span class='ocrx_word' id='word_1_271' title='bbox 1667 3769 1808 3829; x_wconf 90' lang='lat' dir='ltr'>erat,</span> <span class='ocrx_word' id='word_1_272' title='bbox 1833 3770 1918 3836; x_wconf 77' lang='lat' dir='ltr'>ty-</span> 
     </span>
    </p>
   </div>
   <div class='ocr_carea' id='block_1_43' title="bbox 273 3850 1917 3923">
    <p class='ocr_par' dir='ltr' id='par_1_43' title="bbox 273 3850 1917 3923">
     <span class='ocr_line' id='line_1_43' title="bbox 273 3850 1917 3923; baseline 0.002 -19"><span class='ocrx_word' id='word_1_273' title='bbox 273 3866 524 3904; x_wconf 90' lang='lat' dir='ltr'>rannum</span> <span class='ocrx_word' id='word_1_274' title='bbox 580 3850 897 3921; x_wconf 88' lang='lat' dir='ltr'>quemdam</span> <span class='ocrx_word' id='word_1_275' title='bbox 950 3851 1184 3905; x_wconf 88' lang='lat' dir='ltr'>nomine</span> <span class='ocrx_word' id='word_1_276' title='bbox 1231 3851 1539 3923; x_wconf 89' lang='lat' dir='ltr'>Joannem,</span> <span class='ocrx_word' id='word_1_277' title='bbox 1574 3853 1917 3908; x_wconf 87' lang='lat' dir='ltr'>advocatum</span> 
     </span>
    </p>
   </div>
   <div class='ocr_carea' id='block_1_44' title="bbox 274 3939 1919 4012">
    <p class='ocr_par' dir='ltr' id='par_1_44' title="bbox 274 3939 1919 4012">
     <span class='ocr_line' id='line_1_44' title="bbox 274 3939 1919 4012; baseline 0.004 -20"><span class='ocrx_word' id='word_1_278' title='bbox 274 3940 734 4009; x_wconf 87' lang='lat' dir='ltr'>Atrebatensem,</span> <span class='ocrx_word' id='word_1_279' title='bbox 769 3940 825 3994; x_wconf 90' lang='lat' dir='ltr'>in</span> <span class='ocrx_word' id='word_1_280' title='bbox 858 3939 1198 4012; x_wconf 89' lang='lat' dir='ltr'>conjugium</span> <span class='ocrx_word' id='word_1_281' title='bbox 1232 3940 1340 3995; x_wconf 90' lang='lat' dir='ltr'>sibi</span> <span class='ocrx_word' id='word_1_282' title='bbox 1374 3939 1681 4012; x_wconf 84' lang='lat' dir='ltr'>copulavit,</span> <span class='ocrx_word' id='word_1_283' title='bbox 1716 3959 1919 3998; x_wconf 92' lang='lat' dir='ltr'>suum-</span> 
     </span>
    </p>
   </div>
   <div class='ocr_carea' id='block_1_45' title="bbox 271 4027 1920 4098">
    <p class='ocr_par' dir='ltr' id='par_1_45' title="bbox 271 4027 1920 4098">
     <span class='ocr_line' id='line_1_45' title="bbox 271 4027 1920 4098; baseline 0.001 -16"><span class='ocrx_word' id='word_1_284' title='bbox 271 4044 387 4098; x_wconf 92' lang='lat' dir='ltr'>que</span> <span class='ocrx_word' id='word_1_285' title='bbox 418 4032 476 4082; x_wconf 93' lang='lat' dir='ltr'>et</span> <span class='ocrx_word' id='word_1_286' title='bbox 507 4027 608 4082; x_wconf 89' lang='lat' dir='ltr'>ﬁlii</span> <span class='ocrx_word' id='word_1_287' title='bbox 633 4028 726 4083; x_wconf 85' lang='lat' dir='ltr'>sui</span> <span class='ocrx_word' id='word_1_288' title='bbox 751 4031 999 4083; x_wconf 92' lang='lat' dir='ltr'>tutorem</span> <span class='ocrx_word' id='word_1_289' title='bbox 1019 4045 1147 4084; x_wconf 91' lang='lat' dir='ltr'>esse</span> <span class='ocrx_word' id='word_1_290' title='bbox 1169 4029 1495 4084; x_wconf 88' lang='lat' dir='ltr'>constituit.</span> <span class='ocrx_word' id='word_1_291' title='bbox 1525 4029 1704 4084; x_wconf 85' lang='lat' dir='ltr'>Filius</span> <span class='ocrx_word' id='word_1_292' title='bbox 1726 4035 1920 4086; x_wconf 90' lang='lat' dir='ltr'>autem</span> 
     </span>
    </p>
   </div>
   <div class='ocr_carea' id='block_1_46' title="bbox 273 4116 1921 4191">
    <p class='ocr_par' dir='ltr' id='par_1_46' title="bbox 273 4116 1921 4191">
     <span class='ocr_line' id='line_1_46' title="bbox 273 4116 1921 4191; baseline 0.002 -21"><span class='ocrx_word' id='word_1_293' title='bbox 273 4116 372 4172; x_wconf 91' lang='lat' dir='ltr'>ille</span> <span class='ocrx_word' id='word_1_294' title='bbox 404 4133 538 4172; x_wconf 84' lang='lat' dir='ltr'>mox</span> <span class='ocrx_word' id='word_1_295' title='bbox 567 4123 815 4172; x_wconf 89' lang='lat' dir='ltr'>mortem</span> <span class='ocrx_word' id='word_1_296' title='bbox 867 4117 1027 4187; x_wconf 87' lang='lat' dir='ltr'>obiit,</span> <span class='ocrx_word' id='word_1_297' title='bbox 1071 4119 1396 4174; x_wconf 90' lang='lat' dir='ltr'>secundum</span> <span class='ocrx_word' id='word_1_298' title='bbox 1447 4119 1599 4189; x_wconf 92' lang='lat' dir='ltr'>quod</span> <span class='ocrx_word' id='word_1_299' title='bbox 1633 4119 1921 4191; x_wconf 89' lang='lat' dir='ltr'>scriptum</span> 
     </span>
    </p>
   </div>
   <div class='ocr_carea' id='block_1_47' title="bbox 273 4207 1922 4278">
    <p class='ocr_par' dir='ltr' id='par_1_47' title="bbox 273 4207 1922 4278">
     <span class='ocr_line' id='line_1_47' title="bbox 273 4207 1922 4278; baseline 0.001 -18"><span class='ocrx_word' id='word_1_300' title='bbox 273 4210 404 4260; x_wconf 89' lang='lat' dir='ltr'>est:</span> <span class='ocrx_word' id='word_1_301' title='bbox 440 4207 707 4276; x_wconf 75' lang='lat' dir='ltr'>Cognatzo</span> <span class='ocrx_word' id='word_1_302' title='bbox 736 4207 1033 4278; x_wconf 75' lang='lat' dir='ltr'>impiorum</span> <span class='ocrx_word' id='word_1_303' title='bbox 1056 4208 1260 4277; x_wconf 77' lang='lat' dir='ltr'>peribit</span> <span class='ocrx_word' id='word_1_304' title='bbox 1300 4207 1485 4276; x_wconf 85' lang='lat' dir='ltr'>(Prov.</span> <span class='ocrx_word' id='word_1_305' title='bbox 1518 4225 1574 4274; x_wconf 85' lang='lat' dir='ltr'>x,</span> <span class='ocrx_word' id='word_1_306' title='bbox 1605 4208 1717 4276; x_wconf 85' lang='lat'>28).</span> <span class='ocrx_word' id='word_1_307' title='bbox 1749 4208 1922 4262; x_wconf 83' lang='lat' dir='ltr'>Joan-</span> 
     </span>
    </p>
   </div>
   <div class='ocr_carea' id='block_1_48' title="bbox 274 4295 1922 4366">
    <p class='ocr_par' dir='ltr' id='par_1_48' title="bbox 274 4295 1922 4366">
     <span class='ocr_line' id='line_1_48' title="bbox 274 4295 1922 4366; baseline 0.001 -18"><span class='ocrx_word' id='word_1_308' title='bbox 274 4311 382 4361; x_wconf 84' lang='lat' dir='ltr'>nes</span> <span class='ocrx_word' id='word_1_309' title='bbox 395 4298 590 4349; x_wconf 91' lang='lat' dir='ltr'>autem</span> <span class='ocrx_word' id='word_1_310' title='bbox 605 4295 908 4366; x_wconf 84' lang='lat' dir='ltr'>satagebat</span> <span class='ocrx_word' id='word_1_311' title='bbox 925 4310 1276 4365; x_wconf 90' lang='lat' dir='ltr'>quocunque</span> <span class='ocrx_word' id='word_1_312' title='bbox 1290 4299 1512 4365; x_wconf 86' lang='lat' dir='ltr'>poterat</span> <span class='ocrx_word' id='word_1_313' title='bbox 1526 4299 1659 4366; x_wconf 90' lang='lat' dir='ltr'>post</span> <span class='ocrx_word' id='word_1_314' title='bbox 1678 4301 1922 4350; x_wconf 89' lang='lat' dir='ltr'>mortem</span> 
     </span>
    </p>
   </div>
   <div class='ocr_carea' id='block_1_49' title="bbox 275 4382 1925 4455">
    <p class='ocr_par' dir='ltr' id='par_1_49' title="bbox 275 4382 1925 4455">
     <span class='ocr_line' id='line_1_49' title="bbox 275 4382 1925 4455; baseline 0 -19"><span class='ocrx_word' id='word_1_315' title='bbox 275 4383 526 4455; x_wconf 84' lang='lat' dir='ltr'>privigni</span> <span class='ocrx_word' id='word_1_316' title='bbox 558 4383 992 4439; x_wconf 88' lang='lat' dir='ltr'>castellaturam</span> <span class='ocrx_word' id='word_1_317' title='bbox 1028 4382 1137 4437; x_wconf 92' lang='lat' dir='ltr'>sibi</span> <span class='ocrx_word' id='word_1_318' title='bbox 1187 4386 1602 4448; x_wconf 84' lang='lat' dir='ltr'>transducere;</span> <span class='ocrx_word' id='word_1_319' title='bbox 1648 4384 1800 4454; x_wconf 84' lang='lat' dir='ltr'>quod</span> <span class='ocrx_word' id='word_1_320' title='bbox 1835 4383 1925 4437; x_wconf 86' lang='lat' dir='ltr'>lex</span> 
     </span>
    </p>
   </div>
   <div class='ocr_carea' id='block_1_50' title="bbox 273 4471 1924 4544">
    <p class='ocr_par' dir='ltr' id='par_1_50' title="bbox 273 4471 1924 4544">
     <span class='ocr_line' id='line_1_50' title="bbox 273 4471 1924 4544; baseline 0.001 -19"><span class='ocrx_word' id='word_1_321' title='bbox 273 4471 443 4536; x_wconf 88' lang='lat' dir='ltr'>nulla</span> <span class='ocrx_word' id='word_1_322' title='bbox 472 4471 880 4544; x_wconf 89' lang='lat' dir='ltr'>permittebat:</span> <span class='ocrx_word' id='word_1_323' title='bbox 917 4472 1189 4527; x_wconf 88' lang='lat' dir='ltr'>obstabat</span> <span class='ocrx_word' id='word_1_324' title='bbox 1211 4471 1452 4542; x_wconf 84' lang='lat' dir='ltr'>insuper</span> <span class='ocrx_word' id='word_1_325' title='bbox 1473 4475 1660 4527; x_wconf 90' lang='lat' dir='ltr'>rector</span> <span class='ocrx_word' id='word_1_326' title='bbox 1689 4471 1924 4542; x_wconf 86' lang='lat' dir='ltr'>sapien-</span> 
     </span>
    </p>
   </div>
   <div class='ocr_carea' id='block_1_51' title="bbox 2026 573 3673 647">
    <p class='ocr_par' dir='ltr' id='par_1_51' title="bbox 2026 573 3673 647">
     <span class='ocr_line' id='line_1_51' title="bbox 2026 573 3673 647; baseline 0.003 -21"><span class='ocrx_word' id='word_1_327' title='bbox 2026 573 2268 628; x_wconf 71' lang='lat' dir='ltr'>bublicre</span> <span class='ocrx_word' id='word_1_328' title='bbox 2290 573 2430 628; x_wconf 88' lang='lat' dir='ltr'>utile</span> <span class='ocrx_word' id='word_1_329' title='bbox 2448 577 2609 630; x_wconf 80' lang='lat' dir='ltr'>foret.</span> <span class='ocrx_word' id='word_1_330' title='bbox 2638 575 2894 630; x_wconf 87' lang='lat' dir='ltr'>Libertas</span> <span class='ocrx_word' id='word_1_331' title='bbox 2914 581 3107 630; x_wconf 88' lang='lat' dir='ltr'>autem</span> <span class='ocrx_word' id='word_1_332' title='bbox 3132 576 3330 647; x_wconf 82' lang='lat' dir='ltr'>patriae</span> <span class='ocrx_word' id='word_1_333' title='bbox 3349 576 3673 632; x_wconf 88' lang='lat' dir='ltr'>Lictbertus</span> 
     </span>
    </p>
   </div>
   <div class='ocr_carea' id='block_1_52' title="bbox 2024 664 3670 738">
    <p class='ocr_par' dir='ltr' id='par_1_52' title="bbox 2024 664 3670 738">
     <span class='ocr_line' id='line_1_52' title="bbox 2024 664 3670 738; baseline 0.004 -23"><span class='ocrx_word' id='word_1_334' title='bbox 2024 678 2155 716; x_wconf 93' lang='lat' dir='ltr'>cum</span> <span class='ocrx_word' id='word_1_335' title='bbox 2191 679 2254 716; x_wconf 85' lang='lat' dir='ltr'>eo</span> <span class='ocrx_word' id='word_1_336' title='bbox 2289 664 2562 719; x_wconf 88' lang='lat' dir='ltr'>assiduus</span> <span class='ocrx_word' id='word_1_337' title='bbox 2595 680 2721 719; x_wconf 80' lang='lat' dir='ltr'>esse</span> <span class='ocrx_word' id='word_1_338' title='bbox 2754 682 2869 719; x_wconf 90' lang='lat' dir='ltr'>non</span> <span class='ocrx_word' id='word_1_339' title='bbox 2925 670 3170 736; x_wconf 87' lang='lat' dir='ltr'>poterat,</span> <span class='ocrx_word' id='word_1_340' title='bbox 3204 666 3481 736; x_wconf 85' lang='lat' dir='ltr'>quoniam</span> <span class='ocrx_word' id='word_1_341' title='bbox 3516 667 3670 738; x_wconf 89' lang='lat' dir='ltr'>apud</span> 
     </span>
    </p>
   </div>
   <div class='ocr_carea' id='block_1_53' title="bbox 2025 750 3674 825">
    <p class='ocr_par' dir='ltr' id='par_1_53' title="bbox 2025 750 3674 825">
     <span class='ocr_line' id='line_1_53' title="bbox 2025 750 3674 825; baseline 0.004 -21"><span class='ocrx_word' id='word_1_342' title='bbox 2025 750 2248 804; x_wconf 85' lang='lat' dir='ltr'>Novum</span> <span class='ocrx_word' id='word_1_343' title='bbox 2280 751 2598 806; x_wconf 84' lang='lat' dir='ltr'>Castellum</span> <span class='ocrx_word' id='word_1_344' title='bbox 2628 754 2757 823; x_wconf 88' lang='lat' dir='ltr'>ejus</span> <span class='ocrx_word' id='word_1_345' title='bbox 2789 753 3068 808; x_wconf 69' lang='lat' dir='ltr'>custodiae</span> <span class='ocrx_word' id='word_1_346' title='bbox 3093 755 3440 825; x_wconf 89' lang='lat' dir='ltr'>deputatum</span> <span class='ocrx_word' id='word_1_347' title='bbox 3475 771 3674 810; x_wconf 88' lang='lat' dir='ltr'>mane-</span> 
     </span>
    </p>
   </div>
   <div class='ocr_carea' id='block_1_54' title="bbox 2025 839 3674 914">
    <p class='ocr_par' dir='ltr' id='par_1_54' title="bbox 2025 839 3674 914">
     <span class='ocr_line' id='line_1_54' title="bbox 2025 839 3674 914; baseline 0.003 -22"><span class='ocrx_word' id='word_1_348' title='bbox 2025 839 2142 893; x_wconf 90' lang='lat' dir='ltr'>bat.</span> <span class='ocrx_word' id='word_1_349' title='bbox 2180 839 2259 893; x_wconf 92' lang='lat' dir='ltr'>Ibi</span> <span class='ocrx_word' id='word_1_350' title='bbox 2295 839 2462 895; x_wconf 90' lang='lat' dir='ltr'>miles</span> <span class='ocrx_word' id='word_1_351' title='bbox 2493 839 2705 896; x_wconf 90' lang='lat' dir='ltr'>Christi</span> <span class='ocrx_word' id='word_1_352' title='bbox 2738 842 2916 896; x_wconf 88' lang='lat' dir='ltr'>totius</span> <span class='ocrx_word' id='word_1_353' title='bbox 2960 842 3267 913; x_wconf 73' lang='lat' dir='ltr'>provinciae</span> <span class='ocrx_word' id='word_1_354' title='bbox 3316 847 3550 914; x_wconf 88' lang='lat' dir='ltr'>propter</span> <span class='ocrx_word' id='word_1_355' title='bbox 3578 843 3674 897; x_wconf 91' lang='lat' dir='ltr'>in-</span> 
     </span>
    </p>
   </div>
   <div class='ocr_carea' id='block_1_55' title="bbox 2027 927 3672 1001">
    <p class='ocr_par' dir='ltr' id='par_1_55' title="bbox 2027 927 3672 1001">
     <span class='ocr_line' id='line_1_55' title="bbox 2027 927 3672 1001; baseline 0.004 -20"><span class='ocrx_word' id='word_1_356' title='bbox 2027 928 2389 983; x_wconf 89' lang='lat' dir='ltr'>cursantium</span> <span class='ocrx_word' id='word_1_357' title='bbox 2417 927 2714 984; x_wconf 90' lang='lat' dir='ltr'>latronum</span> <span class='ocrx_word' id='word_1_358' title='bbox 2749 931 3003 1001; x_wconf 88' lang='lat' dir='ltr'>rapinas,</span> <span class='ocrx_word' id='word_1_359' title='bbox 3040 935 3396 1001; x_wconf 91' lang='lat' dir='ltr'>opportunas</span> <span class='ocrx_word' id='word_1_360' title='bbox 3427 931 3672 987; x_wconf 81' lang='lat' dir='ltr'>viciniae</span> 
     </span>
    </p>
   </div>
   <div class='ocr_carea' id='block_1_56' title="bbox 2025 1017 3666 1089">
    <p class='ocr_par' dir='ltr' id='par_1_56' title="bbox 2025 1017 3666 1089">
     <span class='ocr_line' id='line_1_56' title="bbox 2025 1017 3666 1089; baseline 0.002 -18"><span class='ocrx_word' id='word_1_361' title='bbox 2025 1017 2348 1083; x_wconf 87' lang='lat' dir='ltr'>tutabatur,</span> <span class='ocrx_word' id='word_1_362' title='bbox 2371 1019 2441 1072; x_wconf 90' lang='lat' dir='ltr'>de</span> <span class='ocrx_word' id='word_1_363' title='bbox 2462 1020 2630 1088; x_wconf 77' lang='lat' dir='ltr'>cujus</span> <span class='ocrx_word' id='word_1_364' title='bbox 2644 1019 3000 1073; x_wconf 87' lang='lat' dir='ltr'>defensionis</span> <span class='ocrx_word' id='word_1_365' title='bbox 3014 1019 3358 1074; x_wconf 82' lang='lat' dir='ltr'>auxiliotam</span> <span class='ocrx_word' id='word_1_366' title='bbox 3379 1020 3467 1074; x_wconf 90' lang='lat' dir='ltr'>sui</span> <span class='ocrx_word' id='word_1_367' title='bbox 3488 1036 3666 1089; x_wconf 88' lang='lat' dir='ltr'>quam</span> 
     </span>
    </p>
   </div>
   <div class='ocr_carea' id='block_1_57' title="bbox 2025 1105 3661 1178">
    <p class='ocr_par' dir='ltr' id='par_1_57' title="bbox 2025 1105 3661 1178">
     <span class='ocr_line' id='line_1_57' title="bbox 2025 1105 3661 1178; baseline 0.002 -19"><span class='ocrx_word' id='word_1_368' title='bbox 2025 1105 2398 1171; x_wconf 85' lang='lat' dir='ltr'>externi,tam</span> <span class='ocrx_word' id='word_1_369' title='bbox 2421 1107 2593 1159; x_wconf 89' lang='lat' dir='ltr'>vicini</span> <span class='ocrx_word' id='word_1_370' title='bbox 2613 1123 2789 1176; x_wconf 90' lang='lat' dir='ltr'>quam</span> <span class='ocrx_word' id='word_1_371' title='bbox 2823 1106 3126 1176; x_wconf 83' lang='lat' dir='ltr'>longinqui</span> <span class='ocrx_word' id='word_1_372' title='bbox 3157 1106 3575 1178; x_wconf 89' lang='lat' dir='ltr'>gloriabantur.</span> <span class='ocrx_word' id='word_1_373' title='bbox 3601 1108 3661 1162; x_wconf 93' lang='lat' dir='ltr'>Si</span> 
     </span>
    </p>
   </div>
   <div class='ocr_carea' id='block_1_58' title="bbox 2026 1194 3670 1266">
    <p class='ocr_par' dir='ltr' id='par_1_58' title="bbox 2026 1194 3670 1266">
     <span class='ocr_line' id='line_1_58' title="bbox 2026 1194 3670 1266; baseline 0.003 -20"><span class='ocrx_word' id='word_1_374' title='bbox 2026 1195 2318 1263; x_wconf 91' lang='lat' dir='ltr'>quomodo</span> <span class='ocrx_word' id='word_1_375' title='bbox 2342 1194 2588 1263; x_wconf 89' lang='lat' dir='ltr'>quilibet</span> <span class='ocrx_word' id='word_1_376' title='bbox 2608 1195 2793 1249; x_wconf 90' lang='lat' dir='ltr'>hostis</span> <span class='ocrx_word' id='word_1_377' title='bbox 2822 1195 3132 1250; x_wconf 89' lang='lat' dir='ltr'>incursans</span> <span class='ocrx_word' id='word_1_378' title='bbox 3159 1195 3346 1266; x_wconf 91' lang='lat' dir='ltr'>ipsius</span> <span class='ocrx_word' id='word_1_379' title='bbox 3369 1196 3670 1266; x_wconf 68' lang='lat' dir='ltr'>provinciae</span> 
     </span>
    </p>
   </div>
   <div class='ocr_carea' id='block_1_59' title="bbox 2027 1281 3675 1353">
    <p class='ocr_par' dir='ltr' id='par_1_59' title="bbox 2027 1281 3675 1353">
     <span class='ocr_line' id='line_1_59' title="bbox 2027 1281 3675 1353; baseline 0.003 -19"><span class='ocrx_word' id='word_1_380' title='bbox 2027 1281 2169 1337; x_wconf 89' lang='lat' dir='ltr'>ﬁnes</span> <span class='ocrx_word' id='word_1_381' title='bbox 2203 1283 2421 1353; x_wconf 88' lang='lat' dir='ltr'>positos</span> <span class='ocrx_word' id='word_1_382' title='bbox 2452 1283 2748 1348; x_wconf 90' lang='lat' dir='ltr'>intrasset,</span> <span class='ocrx_word' id='word_1_383' title='bbox 2773 1283 2990 1338; x_wconf 89' lang='lat' dir='ltr'>auditis</span> <span class='ocrx_word' id='word_1_384' title='bbox 3015 1283 3123 1337; x_wconf 89' lang='lat' dir='ltr'>viri</span> <span class='ocrx_word' id='word_1_385' title='bbox 3153 1283 3469 1338; x_wconf 83' lang='lat' dir='ltr'>virtutibus</span> <span class='ocrx_word' id='word_1_386' title='bbox 3495 1287 3552 1338; x_wconf 93' lang='lat' dir='ltr'>et</span> <span class='ocrx_word' id='word_1_387' title='bbox 3576 1301 3675 1339; x_wconf 90' lang='lat' dir='ltr'>no-</span> 
     </span>
    </p>
   </div>
   <div class='ocr_carea' id='block_1_60' title="bbox 2026 1369 3671 1442">
    <p class='ocr_par' dir='ltr' id='par_1_60' title="bbox 2026 1369 3671 1442">
     <span class='ocr_line' id='line_1_60' title="bbox 2026 1369 3671 1442; baseline 0.001 -18"><span class='ocrx_word' id='word_1_388' title='bbox 2026 1369 2202 1439; x_wconf 89' lang='lat' dir='ltr'>mine,</span> <span class='ocrx_word' id='word_1_389' title='bbox 2238 1370 2434 1425; x_wconf 90' lang='lat' dir='ltr'>statim</span> <span class='ocrx_word' id='word_1_390' title='bbox 2463 1372 2836 1442; x_wconf 86' lang='lat' dir='ltr'>retrogradus</span> <span class='ocrx_word' id='word_1_391' title='bbox 2868 1377 3151 1442; x_wconf 88' lang='lat' dir='ltr'>tanquam</span> <span class='ocrx_word' id='word_1_392' title='bbox 3179 1373 3368 1427; x_wconf 89' lang='lat' dir='ltr'>viator</span> <span class='ocrx_word' id='word_1_393' title='bbox 3395 1371 3518 1426; x_wconf 89' lang='lat' dir='ltr'>viso</span> <span class='ocrx_word' id='word_1_394' title='bbox 3549 1389 3671 1428; x_wconf 86' lang='lat' dir='ltr'>ser-</span> 
     </span>
    </p>
   </div>
   <div class='ocr_carea' id='block_1_61' title="bbox 2028 1459 3676 1530">
    <p class='ocr_par' dir='ltr' id='par_1_61' title="bbox 2028 1459 3676 1530">
     <span class='ocr_line' id='line_1_61' title="bbox 2028 1459 3676 1530; baseline 0.002 -18"><span class='ocrx_word' id='word_1_395' title='bbox 2028 1465 2195 1528; x_wconf 90' lang='lat' dir='ltr'>pente</span> <span class='ocrx_word' id='word_1_396' title='bbox 2229 1459 2461 1530; x_wconf 86' lang='lat' dir='ltr'>refugit,</span> <span class='ocrx_word' id='word_1_397' title='bbox 2488 1476 2715 1514; x_wconf 89' lang='lat' dir='ltr'>necnon</span> <span class='ocrx_word' id='word_1_398' title='bbox 2746 1459 2901 1514; x_wconf 90' lang='lat' dir='ltr'>intra</span> <span class='ocrx_word' id='word_1_399' title='bbox 2926 1476 3161 1514; x_wconf 89' lang='lat' dir='ltr'>securas</span> <span class='ocrx_word' id='word_1_400' title='bbox 3184 1460 3436 1515; x_wconf 87' lang='lat' dir='ltr'>latebras</span> <span class='ocrx_word' id='word_1_401' title='bbox 3457 1460 3676 1516; x_wconf 87' lang='lat' dir='ltr'>accele-</span> 
     </span>
    </p>
   </div>
   <div class='ocr_carea' id='block_1_62' title="bbox 2027 1547 3681 1620">
    <p class='ocr_par' dir='ltr' id='par_1_62' title="bbox 2027 1547 3681 1620">
     <span class='ocr_line' id='line_1_62' title="bbox 2027 1547 3681 1620; baseline 0.002 -19"><span class='ocrx_word' id='word_1_402' title='bbox 2027 1548 2208 1602; x_wconf 88' lang='lat' dir='ltr'>rando</span> <span class='ocrx_word' id='word_1_403' title='bbox 2241 1564 2368 1602; x_wconf 88' lang='lat' dir='ltr'>sese</span> <span class='ocrx_word' id='word_1_404' title='bbox 2396 1548 2619 1618; x_wconf 87' lang='lat' dir='ltr'>recipit.</span> <span class='ocrx_word' id='word_1_405' title='bbox 2645 1548 2808 1602; x_wconf 89' lang='lat' dir='ltr'>Pacis</span> <span class='ocrx_word' id='word_1_406' title='bbox 2832 1553 2956 1602; x_wconf 91' lang='lat' dir='ltr'>erat</span> <span class='ocrx_word' id='word_1_407' title='bbox 2987 1547 3343 1614; x_wconf 90' lang='lat' dir='ltr'>subsidium,</span> <span class='ocrx_word' id='word_1_408' title='bbox 3367 1548 3529 1604; x_wconf 88' lang='lat' dir='ltr'>salus</span> <span class='ocrx_word' id='word_1_409' title='bbox 3553 1566 3681 1620; x_wconf 89' lang='lat' dir='ltr'>pro-</span> 
     </span>
    </p>
   </div>
   <div class='ocr_carea' id='block_1_63' title="bbox 2029 1635 3673 1707">
    <p class='ocr_par' dir='ltr' id='par_1_63' title="bbox 2029 1635 3673 1707">
     <span class='ocr_line' id='line_1_63' title="bbox 2029 1635 3673 1707; baseline 0.001 -19"><span class='ocrx_word' id='word_1_410' title='bbox 2029 1635 2248 1700; x_wconf 63' lang='lat' dir='ltr'>vincize,</span> <span class='ocrx_word' id='word_1_411' title='bbox 2268 1652 2365 1705; x_wconf 89' lang='lat' dir='ltr'>pes</span> <span class='ocrx_word' id='word_1_412' title='bbox 2385 1636 2611 1704; x_wconf 86' lang='lat' dir='ltr'>claudo,</span> <span class='ocrx_word' id='word_1_413' title='bbox 2629 1636 2826 1691; x_wconf 90' lang='lat' dir='ltr'>lumen</span> <span class='ocrx_word' id='word_1_414' title='bbox 2844 1635 3030 1704; x_wconf 74' lang='lat' dir='ltr'>caecis,</span> <span class='ocrx_word' id='word_1_415' title='bbox 3048 1637 3308 1691; x_wconf 79' lang='lat' dir='ltr'>defensio</span> <span class='ocrx_word' id='word_1_416' title='bbox 3326 1653 3673 1707; x_wconf 89' lang='lat' dir='ltr'>pauperum,</span> 
     </span>
    </p>
   </div>
   <div class='ocr_carea' id='block_1_64' title="bbox 2028 1723 3672 1796">
    <p class='ocr_par' dir='ltr' id='par_1_64' title="bbox 2028 1723 3672 1796">
     <span class='ocr_line' id='line_1_64' title="bbox 2028 1723 3672 1796; baseline 0.001 -19"><span class='ocrx_word' id='word_1_417' title='bbox 2028 1740 2162 1794; x_wconf 89' lang='lat' dir='ltr'>spes</span> <span class='ocrx_word' id='word_1_418' title='bbox 2192 1724 2522 1793; x_wconf 85' lang='lat' dir='ltr'>viduarum,</span> <span class='ocrx_word' id='word_1_419' title='bbox 2557 1725 2838 1796; x_wconf 90' lang='lat' dir='ltr'>protectio</span> <span class='ocrx_word' id='word_1_420' title='bbox 2871 1723 3251 1795; x_wconf 90' lang='lat' dir='ltr'>pupillorum,</span> <span class='ocrx_word' id='word_1_421' title='bbox 3282 1724 3456 1778; x_wconf 90' lang='lat' dir='ltr'>timor</span> <span class='ocrx_word' id='word_1_422' title='bbox 3486 1725 3672 1780; x_wconf 90' lang='lat' dir='ltr'>hostis</span> 
     </span>
    </p>
   </div>
   <div class='ocr_carea' id='block_1_65' title="bbox 2029 1812 3672 1879">
    <p class='ocr_par' dir='ltr' id='par_1_65' title="bbox 2029 1812 3672 1879">
     <span class='ocr_line' id='line_1_65' title="bbox 2029 1812 3672 1879; baseline 0.001 -14"><span class='ocrx_word' id='word_1_423' title='bbox 2029 1816 2084 1866; x_wconf 87' lang='lat' dir='ltr'>et</span> <span class='ocrx_word' id='word_1_424' title='bbox 2114 1829 2278 1866; x_wconf 89' lang='lat' dir='ltr'>arma</span> <span class='ocrx_word' id='word_1_425' title='bbox 2309 1829 2574 1867; x_wconf 87' lang='lat' dir='ltr'>suorum.</span> <span class='ocrx_word' id='word_1_426' title='bbox 2608 1813 2722 1867; x_wconf 89' lang='lat' dir='ltr'>Nec</span> <span class='ocrx_word' id='word_1_427' title='bbox 2755 1812 2909 1867; x_wconf 93' lang='lat' dir='ltr'>enim</span> <span class='ocrx_word' id='word_1_428' title='bbox 2932 1812 3413 1879; x_wconf 63' lang='lat' dir='ltr'>incursione,nec</span> <span class='ocrx_word' id='word_1_429' title='bbox 3440 1814 3672 1868; x_wconf 89' lang='lat' dir='ltr'>eminus</span> 
     </span>
    </p>
   </div>
   <div class='ocr_carea' id='block_1_66' title="bbox 2030 1900 3666 1972">
    <p class='ocr_par' dir='ltr' id='par_1_66' title="bbox 2030 1900 3666 1972">
     <span class='ocr_line' id='line_1_66' title="bbox 2030 1900 3666 1972; baseline 0.001 -17"><span class='ocrx_word' id='word_1_430' title='bbox 2030 1900 2217 1955; x_wconf 90' lang='lat' dir='ltr'>hostis</span> <span class='ocrx_word' id='word_1_431' title='bbox 2248 1905 2350 1955; x_wconf 89' lang='lat' dir='ltr'>aut</span> <span class='ocrx_word' id='word_1_432' title='bbox 2405 1901 2672 1956; x_wconf 91' lang='lat' dir='ltr'>cominus</span> <span class='ocrx_word' id='word_1_433' title='bbox 2704 1901 2915 1972; x_wconf 89' lang='lat' dir='ltr'>gladiis</span> <span class='ocrx_word' id='word_1_434' title='bbox 2969 1901 3260 1966; x_wconf 90' lang='lat' dir='ltr'>utebatur,</span> <span class='ocrx_word' id='word_1_435' title='bbox 3290 1901 3390 1955; x_wconf 91' lang='lat' dir='ltr'>sed</span> <span class='ocrx_word' id='word_1_436' title='bbox 3423 1902 3666 1968; x_wconf 87' lang='lat' dir='ltr'>ratione,</span> 
     </span>
    </p>
   </div>
   <div class='ocr_carea' id='block_1_67' title="bbox 2031 1989 3671 2059">
    <p class='ocr_par' dir='ltr' id='par_1_67' title="bbox 2031 1989 3671 2059">
     <span class='ocr_line' id='line_1_67' title="bbox 2031 1989 3671 2059; baseline 0 -16"><span class='ocrx_word' id='word_1_437' title='bbox 2031 1989 2272 2044; x_wconf 88' lang='lat' dir='ltr'>conﬁsio</span> <span class='ocrx_word' id='word_1_438' title='bbox 2305 1993 2361 2044; x_wconf 88' lang='lat' dir='ltr'>et</span> <span class='ocrx_word' id='word_1_439' title='bbox 2393 1989 2654 2044; x_wconf 89' lang='lat' dir='ltr'>scientia.</span> <span class='ocrx_word' id='word_1_440' title='bbox 2687 1989 2755 2043; x_wconf 86' lang='lat' dir='ltr'>Et</span> <span class='ocrx_word' id='word_1_441' title='bbox 2782 1989 3052 2059; x_wconf 90' lang='lat' dir='ltr'>quamvis</span> <span class='ocrx_word' id='word_1_442' title='bbox 3083 1990 3152 2043; x_wconf 90' lang='lat' dir='ltr'>ad</span> <span class='ocrx_word' id='word_1_443' title='bbox 3188 1993 3529 2044; x_wconf 90' lang='lat' dir='ltr'>cunctorum</span> <span class='ocrx_word' id='word_1_444' title='bbox 3564 2006 3671 2043; x_wconf 88' lang='lat' dir='ltr'>nu-</span> 
     </span>
    </p>
   </div>
   <div class='ocr_carea' id='block_1_68' title="bbox 2030 2077 3674 2149">
    <p class='ocr_par' dir='ltr' id='par_1_68' title="bbox 2030 2077 3674 2149">
     <span class='ocr_line' id='line_1_68' title="bbox 2030 2077 3674 2149; baseline 0.001 -18"><span class='ocrx_word' id='word_1_445' title='bbox 2030 2081 2156 2132; x_wconf 92' lang='lat' dir='ltr'>tum</span> <span class='ocrx_word' id='word_1_446' title='bbox 2181 2078 2459 2149; x_wconf 90' lang='lat' dir='ltr'>penderet</span> <span class='ocrx_word' id='word_1_447' title='bbox 2481 2082 2538 2131; x_wconf 91' lang='lat' dir='ltr'>et</span> <span class='ocrx_word' id='word_1_448' title='bbox 2561 2077 2888 2143; x_wconf 87' lang='lat' dir='ltr'>arbitrium,</span> <span class='ocrx_word' id='word_1_449' title='bbox 2915 2078 3253 2148; x_wconf 65' lang='lat' dir='ltr'>praeferebat</span> <span class='ocrx_word' id='word_1_450' title='bbox 3279 2083 3469 2133; x_wconf 87' lang='lat' dir='ltr'>tamen</span> <span class='ocrx_word' id='word_1_451' title='bbox 3492 2078 3674 2132; x_wconf 91' lang='lat' dir='ltr'>omni-</span> 
     </span>
    </p>
   </div>
   <div class='ocr_carea' id='block_1_69' title="bbox 2031 2164 3696 2237">
    <p class='ocr_par' dir='ltr' id='par_1_69' title="bbox 2031 2164 3696 2237">
     <span class='ocr_line' id='line_1_69' title="bbox 2031 2164 3696 2237; baseline -0.001 -17"><span class='ocrx_word' id='word_1_452' title='bbox 2031 2166 2140 2220; x_wconf 92' lang='lat' dir='ltr'>bus</span> <span class='ocrx_word' id='word_1_453' title='bbox 2171 2165 2371 2219; x_wconf 90' lang='lat' dir='ltr'>domni</span> <span class='ocrx_word' id='word_1_454' title='bbox 2403 2165 2695 2236; x_wconf 84' lang='lat' dir='ltr'>pontiﬁcis</span> <span class='ocrx_word' id='word_1_455' title='bbox 2729 2164 3061 2236; x_wconf 89' lang='lat' dir='ltr'>imperium,</span> <span class='ocrx_word' id='word_1_456' title='bbox 3092 2182 3265 2236; x_wconf 88' lang='lat' dir='ltr'>quem</span> <span class='ocrx_word' id='word_1_457' title='bbox 3291 2165 3503 2237; x_wconf 59' lang='lat' dir='ltr'>sapius</span> <span class='ocrx_word' id='word_1_458' title='bbox 3526 2167 3696 2230; x_wconf 85' lang='lat' dir='ltr'>revi-__</span> 
     </span>
    </p>
   </div>
   <div class='ocr_carea' id='block_1_70' title="bbox 2028 2252 3670 2321">
    <p class='ocr_par' dir='ltr' id='par_1_70' title="bbox 2028 2252 3670 2321">
     <span class='ocr_line' id='line_1_70' title="bbox 2028 2252 3670 2321; baseline 0 -13"><span class='ocrx_word' id='word_1_459' title='bbox 2028 2255 2211 2321; x_wconf 88' lang='lat' dir='ltr'>sebat,</span> <span class='ocrx_word' id='word_1_460' title='bbox 2250 2270 2470 2308; x_wconf 83' lang='lat' dir='ltr'>necnon</span> <span class='ocrx_word' id='word_1_461' title='bbox 2504 2254 2952 2308; x_wconf 89' lang='lat' dir='ltr'>amaritudinem</span> <span class='ocrx_word' id='word_1_462' title='bbox 2989 2252 3256 2308; x_wconf 89' lang='lat' dir='ltr'>dolorum</span> <span class='ocrx_word' id='word_1_463' title='bbox 3279 2258 3336 2307; x_wconf 90' lang='lat' dir='ltr'>et</span> <span class='ocrx_word' id='word_1_464' title='bbox 3361 2254 3670 2308; x_wconf 82' lang='lat' dir='ltr'>inﬁrmita-</span> 
     </span>
    </p>
   </div>
   <div class='ocr_carea' id='block_1_71' title="bbox 2025 2341 3667 2413">
    <p class='ocr_par' dir='ltr' id='par_1_71' title="bbox 2025 2341 3667 2413">
     <span class='ocr_line' id='line_1_71' title="bbox 2025 2341 3667 2413; baseline 0 -16"><span class='ocrx_word' id='word_1_465' title='bbox 2025 2348 2172 2411; x_wconf 92' lang='lat' dir='ltr'>tum,</span> <span class='ocrx_word' id='word_1_466' title='bbox 2209 2343 2797 2413; x_wconf 89' lang='lat' dir='ltr'>conturbationesque</span> <span class='ocrx_word' id='word_1_467' title='bbox 2843 2358 3153 2397; x_wconf 88' lang='lat' dir='ltr'>causarum</span> <span class='ocrx_word' id='word_1_468' title='bbox 3203 2341 3667 2397; x_wconf 88' lang='lat' dir='ltr'>consolationum</span> 
     </span>
    </p>
   </div>
   <div class='ocr_carea' id='block_1_72' title="bbox 2027 2430 3670 2486">
    <p class='ocr_par' dir='ltr' id='par_1_72' title="bbox 2027 2430 3670 2486">
     <span class='ocr_line' id='line_1_72' title="bbox 2027 2430 3670 2486; baseline 0 -1"><span class='ocrx_word' id='word_1_469' title='bbox 2027 2449 2270 2486; x_wconf 90' lang='lat' dir='ltr'>suarum</span> <span class='ocrx_word' id='word_1_470' title='bbox 2323 2431 2559 2486; x_wconf 90' lang='lat' dir='ltr'>mellitis</span> <span class='ocrx_word' id='word_1_471' title='bbox 2610 2431 3124 2486; x_wconf 80' lang='lat' dir='ltr'>rei‘ocillationibus</span> <span class='ocrx_word' id='word_1_472' title='bbox 3175 2430 3546 2485; x_wconf 89' lang='lat' dir='ltr'>dulcorabat:</span> <span class='ocrx_word' id='word_1_473' title='bbox 3605 2435 3670 2485; x_wconf 93' lang='lat' dir='ltr'>ut</span> 
     </span>
    </p>
   </div>
   <div class='ocr_carea' id='block_1_73' title="bbox 2025 2519 3669 2590">
    <p class='ocr_par' dir='ltr' id='par_1_73' title="bbox 2025 2519 3669 2590">
     <span class='ocr_line' id='line_1_73' title="bbox 2025 2519 3669 2590; baseline 0 -16"><span class='ocrx_word' id='word_1_474' title='bbox 2025 2522 2180 2574; x_wconf 87' lang='lat' dir='ltr'>enim</span> <span class='ocrx_word' id='word_1_475' title='bbox 2214 2520 2684 2576; x_wconf 86' lang='lat' dir='ltr'>adolescentibus</span> <span class='ocrx_word' id='word_1_476' title='bbox 2707 2521 2861 2574; x_wconf 89' lang='lat' dir='ltr'>bona</span> <span class='ocrx_word' id='word_1_477' title='bbox 2882 2519 3074 2574; x_wconf 89' lang='lat' dir='ltr'>indole</span> <span class='ocrx_word' id='word_1_478' title='bbox 3097 2519 3354 2590; x_wconf 66' lang='lat' dir='ltr'>praeditis</span> <span class='ocrx_word' id='word_1_479' title='bbox 3375 2520 3669 2590; x_wconf 84' lang='lat' dir='ltr'>sapientes</span> 
     </span>
    </p>
   </div>
   <div class='ocr_carea' id='block_1_74' title="bbox 2027 2609 3668 2680">
    <p class='ocr_par' dir='ltr' id='par_1_74' title="bbox 2027 2609 3668 2680">
     <span class='ocr_line' id='line_1_74' title="bbox 2027 2609 3668 2680; baseline -0.001 -16"><span class='ocrx_word' id='word_1_480' title='bbox 2027 2627 2194 2664; x_wconf 83' lang='lat' dir='ltr'>senes</span> <span class='ocrx_word' id='word_1_481' title='bbox 2219 2610 2602 2674; x_wconf 87' lang='lat' dir='ltr'>delectantur,</span> <span class='ocrx_word' id='word_1_482' title='bbox 2629 2609 2925 2680; x_wconf 88' lang='lat' dir='ltr'>leniorque</span> <span class='ocrx_word' id='word_1_483' title='bbox 2947 2613 3035 2664; x_wconf 88' lang='lat' dir='ltr'>est</span> <span class='ocrx_word' id='word_1_484' title='bbox 3050 2625 3250 2663; x_wconf 90' lang='lat' dir='ltr'>eorum</span> <span class='ocrx_word' id='word_1_485' title='bbox 3277 2612 3546 2664; x_wconf 88' lang='lat' dir='ltr'>senectus</span> <span class='ocrx_word' id='word_1_486' title='bbox 3569 2609 3668 2679; x_wconf 92' lang='lat' dir='ltr'>qui</span> 
     </span>
    </p>
   </div>
   <div class='ocr_carea' id='block_1_75' title="bbox 2025 2695 3670 2769">
    <p class='ocr_par' dir='ltr' id='par_1_75' title="bbox 2025 2695 3670 2769">
     <span class='ocr_line' id='line_1_75' title="bbox 2025 2695 3670 2769; baseline -0.001 -16"><span class='ocrx_word' id='word_1_487' title='bbox 2025 2715 2057 2753; x_wconf 89' lang='lat' dir='ltr'>a</span> <span class='ocrx_word' id='word_1_488' title='bbox 2077 2700 2386 2769; x_wconf 90' lang='lat' dir='ltr'>juventute</span> <span class='ocrx_word' id='word_1_489' title='bbox 2407 2697 2681 2753; x_wconf 93' lang='lat' dir='ltr'>coluntur</span> <span class='ocrx_word' id='word_1_490' title='bbox 2705 2702 2761 2752; x_wconf 89' lang='lat' dir='ltr'>et</span> <span class='ocrx_word' id='word_1_491' title='bbox 2791 2697 3134 2768; x_wconf 89' lang='lat' dir='ltr'>diliguntur,</span> <span class='ocrx_word' id='word_1_492' title='bbox 3160 2696 3242 2752; x_wconf 92' lang='lat' dir='ltr'>sic</span> <span class='ocrx_word' id='word_1_493' title='bbox 3273 2695 3670 2752; x_wconf 82' lang='lat' dir='ltr'>adolescentes</span> 
     </span>
    </p>
   </div>
   <div class='ocr_carea' id='block_1_76' title="bbox 2025 2785 3668 2858">
    <p class='ocr_par' dir='ltr' id='par_1_76' title="bbox 2025 2785 3668 2858">
     <span class='ocr_line' id='line_1_76' title="bbox 2025 2785 3668 2858; baseline -0.001 -16"><span class='ocrx_word' id='word_1_494' title='bbox 2025 2803 2231 2842; x_wconf 90' lang='lat' dir='ltr'>senum</span> <span class='ocrx_word' id='word_1_495' title='bbox 2246 2786 2550 2858; x_wconf 70' lang='lat' dir='ltr'>praeceptis</span> <span class='ocrx_word' id='word_1_496' title='bbox 2567 2787 2839 2857; x_wconf 88' lang='lat' dir='ltr'>gaudent,</span> <span class='ocrx_word' id='word_1_497' title='bbox 2856 2785 3070 2857; x_wconf 91' lang='lat' dir='ltr'>quibus</span> <span class='ocrx_word' id='word_1_498' title='bbox 3086 2786 3155 2840; x_wconf 92' lang='lat' dir='ltr'>ad</span> <span class='ocrx_word' id='word_1_499' title='bbox 3169 2785 3450 2840; x_wconf 91' lang='lat' dir='ltr'>virtutum</span> <span class='ocrx_word' id='word_1_500' title='bbox 3471 2785 3668 2841; x_wconf 86' lang='lat' dir='ltr'>studia</span> 
     </span>
    </p>
   </div>
   <div class='ocr_carea' id='block_1_77' title="bbox 2025 2876 2339 2931">
    <p class='ocr_par' dir='ltr' id='par_1_77' title="bbox 2025 2876 2339 2931">
     <span class='ocr_line' id='line_1_77' title="bbox 2025 2876 2339 2931; baseline 0 -2"><span class='ocrx_word' id='word_1_501' title='bbox 2025 2876 2339 2931; x_wconf 91' lang='lat' dir='ltr'>ducuntur.</span> 
     </span>
    </p>
   </div>
   <div class='ocr_carea' id='block_1_78' title="bbox 2675 2999 3008 3054">
    <p class='ocr_par' dir='ltr' id='par_1_78' title="bbox 2675 2999 3008 3054">
     <span class='ocr_line' id='line_1_78' title="bbox 2675 2999 3008 3054; baseline -0.003 0"><span class='ocrx_word' id='word_1_502' title='bbox 2675 2999 2905 3054; x_wconf 87' lang='lat' dir='ltr'>CAPUT</span> <span class='ocrx_word' id='word_1_503' title='bbox 2944 3000 3008 3053; x_wconf 91' lang='lat' dir='ltr'>X.</span> 
     </span>
    </p>
   </div>
   <div class='ocr_carea' id='block_1_79' title="bbox 2025 3087 3664 3145">
    <p class='ocr_par' dir='ltr' id='par_1_79' title="bbox 2025 3087 3664 3145">
     <span class='ocr_line' id='line_1_79' title="bbox 2025 3087 3664 3145; baseline 0 -2"><span class='ocrx_word' id='word_1_504' title='bbox 2025 3090 2097 3144; x_wconf 84' lang='lat' dir='ltr'>De</span> <span class='ocrx_word' id='word_1_505' title='bbox 2123 3093 2295 3144; x_wconf 86' lang='lat' dir='ltr'>morte</span> <span class='ocrx_word' id='word_1_506' title='bbox 2325 3089 2551 3145; x_wconf 82' lang='lat' dir='ltr'>Gerardi</span> <span class='ocrx_word' id='word_1_507' title='bbox 2594 3094 2644 3144; x_wconf 89' lang='lat' dir='ltr'>et</span> <span class='ocrx_word' id='word_1_508' title='bbox 2689 3090 2950 3144; x_wconf 74' lang='lat' dir='ltr'>electione</span> <span class='ocrx_word' id='word_1_509' title='bbox 2974 3089 3234 3144; x_wconf 77' lang='lat' dir='ltr'>Lietbertz&#39;</span> <span class='ocrx_word' id='word_1_510' title='bbox 3272 3087 3664 3143; x_wconf 75' lang='lat' dir='ltr'>archidiaconi.</span> 
     </span>
    </p>
   </div>
   <div class='ocr_carea' id='block_1_80' title="bbox 2094 3228 3666 3301">
    <p class='ocr_par' dir='ltr' id='par_1_80' title="bbox 2094 3228 3666 3301">
     <span class='ocr_line' id='line_1_80' title="bbox 2094 3228 3666 3301; baseline -0.001 -17"><span class='ocrx_word' id='word_1_511' title='bbox 2094 3234 2167 3285; x_wconf 91' lang='lat' dir='ltr'>Su</span> <span class='ocrx_word' id='word_1_512' title='bbox 2179 3230 2578 3301; x_wconf 87' lang='lat' dir='ltr'>pervenientes</span> <span class='ocrx_word' id='word_1_513' title='bbox 2600 3247 2715 3283; x_wconf 72' lang='lat' dir='ltr'>suae</span> <span class='ocrx_word' id='word_1_514' title='bbox 2728 3230 3045 3284; x_wconf 89' lang='lat' dir='ltr'>vocationis</span> <span class='ocrx_word' id='word_1_515' title='bbox 3057 3235 3316 3300; x_wconf 87' lang='lat' dir='ltr'>tempore</span> <span class='ocrx_word' id='word_1_516' title='bbox 3330 3228 3537 3300; x_wconf 67' lang='lat' dir='ltr'>praesul</span> <span class='ocrx_word' id='word_1_517' title='bbox 3558 3229 3666 3283; x_wconf 89' lang='lat' dir='ltr'>Ge-</span> 
     </span>
    </p>
   </div>
   <div class='ocr_carea' id='block_1_81' title="bbox 2024 3317 3668 3391">
    <p class='ocr_par' dir='ltr' id='par_1_81' title="bbox 2024 3317 3668 3391">
     <span class='ocr_line' id='line_1_81' title="bbox 2024 3317 3668 3391; baseline -0.002 -16"><span class='ocrx_word' id='word_1_518' title='bbox 2024 3321 2232 3375; x_wconf 91' lang='lat' dir='ltr'>rardus</span> <span class='ocrx_word' id='word_1_519' title='bbox 2246 3317 2588 3391; x_wconf 76' lang='lat' dir='ltr'>defungitur</span> <span class='ocrx_word' id='word_1_520' title='bbox 2603 3320 2758 3385; x_wconf 84' lang='lat' dir='ltr'>;Joan</span> <span class='ocrx_word' id='word_1_521' title='bbox 2771 3335 2871 3372; x_wconf 90' lang='lat' dir='ltr'>nes</span> <span class='ocrx_word' id='word_1_522' title='bbox 2887 3323 3079 3372; x_wconf 86' lang='lat' dir='ltr'>tamen</span> <span class='ocrx_word' id='word_1_523' title='bbox 3097 3321 3355 3372; x_wconf 90' lang='lat' dir='ltr'>remanet</span> <span class='ocrx_word' id='word_1_524' title='bbox 3368 3318 3422 3370; x_wconf 91' lang='lat' dir='ltr'>in</span> <span class='ocrx_word' id='word_1_525' title='bbox 3438 3317 3668 3372; x_wconf 86' lang='lat' dir='ltr'>civitate</span> 
     </span>
    </p>
   </div>
   <div class='ocr_carea' id='block_1_82' title="bbox 2025 3405 3665 3477">
    <p class='ocr_par' dir='ltr' id='par_1_82' title="bbox 2025 3405 3665 3477">
     <span class='ocr_line' id='line_1_82' title="bbox 2025 3405 3665 3477; baseline -0.003 -14"><span class='ocrx_word' id='word_1_526' title='bbox 2025 3409 2395 3463; x_wconf 88' lang='lat' dir='ltr'>castellatura</span> <span class='ocrx_word' id='word_1_527' title='bbox 2427 3409 2756 3462; x_wconf 86' lang='lat' dir='ltr'>indonatus.</span> <span class='ocrx_word' id='word_1_528' title='bbox 2783 3423 2951 3477; x_wconf 89' lang='lat' dir='ltr'>porro</span> <span class='ocrx_word' id='word_1_529' title='bbox 2975 3406 3201 3476; x_wconf 88' lang='lat' dir='ltr'>sepulto</span> <span class='ocrx_word' id='word_1_530' title='bbox 3233 3405 3504 3476; x_wconf 90' lang='lat' dir='ltr'>poutiﬁce</span> <span class='ocrx_word' id='word_1_531' title='bbox 3531 3421 3665 3459; x_wconf 91' lang='lat' dir='ltr'>cum</span> 
     </span>
    </p>
   </div>
   <div class='ocr_carea' id='block_1_83' title="bbox 2027 3493 3666 3568">
    <p class='ocr_par' dir='ltr' id='par_1_83' title="bbox 2027 3493 3666 3568">
     <span class='ocr_line' id='line_1_83' title="bbox 2027 3493 3666 3568; baseline -0.004 -16"><span class='ocrx_word' id='word_1_532' title='bbox 2027 3498 2343 3553; x_wconf 90' lang='lat' dir='ltr'>reverentia</span> <span class='ocrx_word' id='word_1_533' title='bbox 2364 3514 2480 3568; x_wconf 89' lang='lat' dir='ltr'>qua</span> <span class='ocrx_word' id='word_1_534' title='bbox 2502 3497 2741 3552; x_wconf 89' lang='lat' dir='ltr'>decebat</span> <span class='ocrx_word' id='word_1_535' title='bbox 2762 3501 2817 3550; x_wconf 90' lang='lat' dir='ltr'>et</span> <span class='ocrx_word' id='word_1_536' title='bbox 2840 3495 3074 3560; x_wconf 88' lang='lat' dir='ltr'>honore,</span> <span class='ocrx_word' id='word_1_537' title='bbox 3105 3493 3371 3549; x_wconf 90' lang='lat' dir='ltr'>convenit</span> <span class='ocrx_word' id='word_1_538' title='bbox 3393 3493 3453 3547; x_wconf 91' lang='lat' dir='ltr'>in</span> <span class='ocrx_word' id='word_1_539' title='bbox 3481 3509 3666 3547; x_wconf 88' lang='lat' dir='ltr'>unum</span> 
     </span>
    </p>
   </div>
   <div class='ocr_carea' id='block_1_84' title="bbox 2025 3581 3667 3655">
    <p class='ocr_par' dir='ltr' id='par_1_84' title="bbox 2025 3581 3667 3655">
     <span class='ocr_line' id='line_1_84' title="bbox 2025 3581 3667 3655; baseline -0.005 -12"><span class='ocrx_word' id='word_1_540' title='bbox 2025 3587 2460 3643; x_wconf 89' lang='lat' dir='ltr'>Cameracensis</span> <span class='ocrx_word' id='word_1_541' title='bbox 2484 3585 2742 3640; x_wconf 85' lang='lat' dir='ltr'>Ecclesia</span> <span class='ocrx_word' id='word_1_542' title='bbox 2768 3583 2888 3655; x_wconf 90' lang='lat' dir='ltr'>pari</span> <span class='ocrx_word' id='word_1_543' title='bbox 2918 3599 3204 3638; x_wconf 89' lang='lat' dir='ltr'>consensu</span> <span class='ocrx_word' id='word_1_544' title='bbox 3227 3581 3482 3637; x_wconf 90' lang='lat' dir='ltr'>electura</span> <span class='ocrx_word' id='word_1_545' title='bbox 3501 3581 3667 3635; x_wconf 88' lang='lat' dir='ltr'>dom-</span> 
     </span>
    </p>
   </div>
   <div class='ocr_carea' id='block_1_85' title="bbox 2029 3671 3661 3745">
    <p class='ocr_par' dir='ltr' id='par_1_85' title="bbox 2029 3671 3661 3745">
     <span class='ocr_line' id='line_1_85' title="bbox 2029 3671 3661 3745; baseline -0.004 -15"><span class='ocrx_word' id='word_1_546' title='bbox 2029 3692 2170 3730; x_wconf 89' lang='lat' dir='ltr'>num</span> <span class='ocrx_word' id='word_1_547' title='bbox 2204 3675 2558 3730; x_wconf 90' lang='lat' dir='ltr'>Lietbertum</span> <span class='ocrx_word' id='word_1_548' title='bbox 2589 3673 2825 3745; x_wconf 88' lang='lat' dir='ltr'>provehi</span> <span class='ocrx_word' id='word_1_549' title='bbox 2857 3673 2926 3727; x_wconf 92' lang='lat' dir='ltr'>ad</span> <span class='ocrx_word' id='word_1_550' title='bbox 2962 3671 3332 3742; x_wconf 78' lang='lat' dir='ltr'>pontificatus</span> <span class='ocrx_word' id='word_1_551' title='bbox 3364 3671 3661 3724; x_wconf 91' lang='lat' dir='ltr'>honorem.</span> 
     </span>
    </p>
   </div>
   <div class='ocr_carea' id='block_1_86' title="bbox 2029 3759 3670 3834">
    <p class='ocr_par' dir='ltr' id='par_1_86' title="bbox 2029 3759 3670 3834">
     <span class='ocr_line' id='line_1_86' title="bbox 2029 3759 3670 3834; baseline -0.004 -16"><span class='ocrx_word' id='word_1_552' title='bbox 2029 3765 2193 3818; x_wconf 92' lang='lat' dir='ltr'>IIunc</span> <span class='ocrx_word' id='word_1_553' title='bbox 2227 3765 2420 3834; x_wconf 88' lang='lat' dir='ltr'>itaque</span> <span class='ocrx_word' id='word_1_554' title='bbox 2451 3764 2639 3818; x_wconf 88' lang='lat' dir='ltr'>clerus</span> <span class='ocrx_word' id='word_1_555' title='bbox 2690 3766 2745 3816; x_wconf 92' lang='lat' dir='ltr'>et</span> <span class='ocrx_word' id='word_1_556' title='bbox 2776 3761 3027 3833; x_wconf 75' lang='lat' dir='ltr'>populiis</span> <span class='ocrx_word' id='word_1_557' title='bbox 3075 3759 3210 3814; x_wconf 91' lang='lat' dir='ltr'>totis</span> <span class='ocrx_word' id='word_1_558' title='bbox 3241 3759 3468 3814; x_wconf 90' lang='lat' dir='ltr'>nisibus</span> <span class='ocrx_word' id='word_1_559' title='bbox 3497 3774 3670 3828; x_wconf 89' lang='lat' dir='ltr'>expe-</span> 
     </span>
    </p>
   </div>
   <div class='ocr_carea' id='block_1_87' title="bbox 2030 3847 3671 3924">
    <p class='ocr_par' dir='ltr' id='par_1_87' title="bbox 2030 3847 3671 3924">
     <span class='ocr_line' id='line_1_87' title="bbox 2030 3847 3671 3924; baseline -0.004 -16"><span class='ocrx_word' id='word_1_560' title='bbox 2030 3857 2161 3908; x_wconf 90' lang='lat' dir='ltr'>tunt</span> <span class='ocrx_word' id='word_1_561' title='bbox 2183 3857 2495 3924; x_wconf 90' lang='lat' dir='ltr'>pastorem,</span> <span class='ocrx_word' id='word_1_562' title='bbox 2521 3868 2693 3923; x_wconf 89' lang='lat' dir='ltr'>quem</span> <span class='ocrx_word' id='word_1_563' title='bbox 2719 3851 2879 3921; x_wconf 90' lang='lat' dir='ltr'>pium</span> <span class='ocrx_word' id='word_1_564' title='bbox 2906 3853 3212 3905; x_wconf 89' lang='lat' dir='ltr'>senserant</span> <span class='ocrx_word' id='word_1_565' title='bbox 3242 3853 3442 3903; x_wconf 89' lang='lat' dir='ltr'>contra</span> <span class='ocrx_word' id='word_1_566' title='bbox 3472 3847 3671 3902; x_wconf 89' lang='lat' dir='ltr'>hostes</span> 
     </span>
    </p>
   </div>
   <div class='ocr_carea' id='block_1_88' title="bbox 2032 3935 3672 4013">
    <p class='ocr_par' dir='ltr' id='par_1_88' title="bbox 2032 3935 3672 4013">
     <span class='ocr_line' id='line_1_88' title="bbox 2032 3935 3672 4013; baseline -0.004 -16"><span class='ocrx_word' id='word_1_567' title='bbox 2032 3946 2410 4013; x_wconf 87' lang='lat' dir='ltr'>protectorem</span> <span class='ocrx_word' id='word_1_568' title='bbox 2435 3941 2806 4008; x_wconf 90' lang='lat' dir='ltr'>;sciunteum</span> <span class='ocrx_word' id='word_1_569' title='bbox 2820 3939 3130 4010; x_wconf 90' lang='lat' dir='ltr'>rapacibus</span> <span class='ocrx_word' id='word_1_570' title='bbox 3147 3955 3259 3992; x_wconf 92' lang='lat' dir='ltr'>non</span> <span class='ocrx_word' id='word_1_571' title='bbox 3279 3937 3479 3992; x_wconf 92' lang='lat' dir='ltr'>cedere</span> <span class='ocrx_word' id='word_1_572' title='bbox 3493 3935 3672 4007; x_wconf 90' lang='lat' dir='ltr'>lupis,</span> 
     </span>
    </p>
   </div>
   <div class='ocr_carea' id='block_1_89' title="bbox 2033 4029 3674 4103">
    <p class='ocr_par' dir='ltr' id='par_1_89' title="bbox 2033 4029 3674 4103">
     <span class='ocr_line' id='line_1_89' title="bbox 2033 4029 3674 4103; baseline -0.005 -17"><span class='ocrx_word' id='word_1_573' title='bbox 2033 4047 2204 4103; x_wconf 90' lang='lat' dir='ltr'>quem</span> <span class='ocrx_word' id='word_1_574' title='bbox 2223 4029 2458 4085; x_wconf 90' lang='lat' dir='ltr'>Gerardi</span> <span class='ocrx_word' id='word_1_575' title='bbox 2483 4035 2537 4084; x_wconf 91' lang='lat' dir='ltr'>et</span> <span class='ocrx_word' id='word_1_576' title='bbox 2557 4029 3150 4084; x_wconf 74' lang='lat' dir='ltr'>Joannisczetcrorum</span> <span class='ocrx_word' id='word_1_577' title='bbox 3167 4043 3279 4096; x_wconf 89' lang='lat' dir='ltr'>que</span> <span class='ocrx_word' id='word_1_578' title='bbox 3295 4030 3674 4098; x_wconf 77' lang='lat' dir='ltr'>tyrannorum</span> 
     </span>
    </p>
   </div>
   <div class='ocr_carea' id='block_1_90' title="bbox 2032 4114 3673 4188">
    <p class='ocr_par' dir='ltr' id='par_1_90' title="bbox 2032 4114 3673 4188">
     <span class='ocr_line' id='line_1_90' title="bbox 2032 4114 3673 4188; baseline -0.005 -14"><span class='ocrx_word' id='word_1_579' title='bbox 2032 4137 2146 4174; x_wconf 92' lang='lat' dir='ltr'>non</span> <span class='ocrx_word' id='word_1_580' title='bbox 2179 4119 2422 4174; x_wconf 90' lang='lat' dir='ltr'>cessisse</span> <span class='ocrx_word' id='word_1_581' title='bbox 2455 4122 2731 4173; x_wconf 92' lang='lat' dir='ltr'>noverant</span> <span class='ocrx_word' id='word_1_582' title='bbox 2762 4116 2960 4171; x_wconf 88' lang='lat' dir='ltr'>armis.</span> <span class='ocrx_word' id='word_1_583' title='bbox 3001 4116 3184 4188; x_wconf 89' lang='lat' dir='ltr'>Igitur</span> <span class='ocrx_word' id='word_1_584' title='bbox 3213 4114 3336 4186; x_wconf 90' lang='lat' dir='ltr'>pari</span> <span class='ocrx_word' id='word_1_585' title='bbox 3361 4125 3673 4180; x_wconf 88' lang='lat' dir='ltr'>consensu,</span> 
     </span>
    </p>
   </div>
   <div class='ocr_carea' id='block_1_91' title="bbox 2032 4201 3673 4273">
    <p class='ocr_par' dir='ltr' id='par_1_91' title="bbox 2032 4201 3673 4273">
     <span class='ocr_line' id='line_1_91' title="bbox 2032 4201 3673 4273; baseline -0.006 -8"><span class='ocrx_word' id='word_1_586' title='bbox 2032 4207 2210 4265; x_wconf 90' lang='lat' dir='ltr'>simili</span> <span class='ocrx_word' id='word_1_587' title='bbox 2256 4206 2518 4273; x_wconf 92' lang='lat' dir='ltr'>consilio,</span> <span class='ocrx_word' id='word_1_588' title='bbox 2564 4223 2822 4261; x_wconf 89' lang='lat' dir='ltr'>consona</span> <span class='ocrx_word' id='word_1_589' title='bbox 2869 4221 3004 4260; x_wconf 86' lang='lat' dir='ltr'>voce</span> <span class='ocrx_word' id='word_1_590' title='bbox 3048 4203 3304 4261; x_wconf 89' lang='lat' dir='ltr'>ordinari</span> <span class='ocrx_word' id='word_1_591' title='bbox 3356 4201 3468 4257; x_wconf 89' lang='lat' dir='ltr'>sibi</span> <span class='ocrx_word' id='word_1_592' title='bbox 3499 4203 3673 4272; x_wconf 92' lang='lat' dir='ltr'>depo-</span> 
     </span>
    </p>
   </div>
   <div class='ocr_carea' id='block_1_92' title="bbox 2034 4288 3678 4368">
    <p class='ocr_par' dir='ltr' id='par_1_92' title="bbox 2034 4288 3678 4368">
     <span class='ocr_line' id='line_1_92' title="bbox 2034 4288 3678 4368; baseline -0.005 -17"><span class='ocrx_word' id='word_1_593' title='bbox 2034 4301 2207 4352; x_wconf 71' lang='lat' dir='ltr'>scunt.</span> <span class='ocrx_word' id='word_1_594' title='bbox 2237 4297 2598 4368; x_wconf 87' lang='lat' dir='ltr'>episcopum,</span> <span class='ocrx_word' id='word_1_595' title='bbox 2634 4311 2809 4366; x_wconf 89' lang='lat' dir='ltr'>quem</span> <span class='ocrx_word' id='word_1_596' title='bbox 2853 4294 3089 4365; x_wconf 91' lang='lat' dir='ltr'>plenum</span> <span class='ocrx_word' id='word_1_597' title='bbox 3118 4293 3329 4363; x_wconf 90' lang='lat' dir='ltr'>pietate</span> <span class='ocrx_word' id='word_1_598' title='bbox 3360 4295 3415 4346; x_wconf 92' lang='lat' dir='ltr'>et</span> <span class='ocrx_word' id='word_1_599' title='bbox 3445 4288 3678 4345; x_wconf 87' lang='lat' dir='ltr'>miseri—</span> 
     </span>
    </p>
   </div>
   <div class='ocr_carea' id='block_1_93' title="bbox 2035 4379 3676 4448">
    <p class='ocr_par' dir='ltr' id='par_1_93' title="bbox 2035 4379 3676 4448">
     <span class='ocr_line' id='line_1_93' title="bbox 2035 4379 3676 4448; baseline -0.004 -9"><span class='ocrx_word' id='word_1_600' title='bbox 2035 4386 2232 4440; x_wconf 91' lang='lat' dir='ltr'>cordia</span> <span class='ocrx_word' id='word_1_601' title='bbox 2261 4385 2547 4439; x_wconf 79' lang='lat' dir='ltr'>hactenus</span> <span class='ocrx_word' id='word_1_602' title='bbox 2577 4384 2902 4438; x_wconf 86' lang='lat' dir='ltr'>habuerant</span> <span class='ocrx_word' id='word_1_603' title='bbox 2923 4379 3676 4448; x_wconf 83' lang='lat' dir='ltr'>archidiaconumzjustum</span> 
     </span>
    </p>
   </div>
   <div class='ocr_carea' id='block_1_94' title="bbox 2035 4467 3680 4544">
    <p class='ocr_par' dir='ltr' id='par_1_94' title="bbox 2035 4467 3680 4544">
     <span class='ocr_line' id='line_1_94' title="bbox 2035 4467 3680 4544; baseline -0.005 -17"><span class='ocrx_word' id='word_1_604' title='bbox 2035 4474 2250 4544; x_wconf 89' lang='lat' dir='ltr'>quippe</span> <span class='ocrx_word' id='word_1_605' title='bbox 2276 4473 2460 4527; x_wconf 82' lang='lat' dir='ltr'>fuerat</span> <span class='ocrx_word' id='word_1_606' title='bbox 2479 4476 2541 4525; x_wconf 93' lang='lat' dir='ltr'>ut</span> <span class='ocrx_word' id='word_1_607' title='bbox 2563 4472 2660 4525; x_wconf 91' lang='lat' dir='ltr'>ubi</span> <span class='ocrx_word' id='word_1_608' title='bbox 2684 4472 2884 4525; x_wconf 83' lang='lat' dir='ltr'>devote</span> <span class='ocrx_word' id='word_1_609' title='bbox 2901 4471 3271 4539; x_wconf 87' lang='lat' dir='ltr'>militaverat,</span> <span class='ocrx_word' id='word_1_610' title='bbox 3300 4467 3514 4522; x_wconf 91' lang='lat' dir='ltr'>ibidem</span> <span class='ocrx_word' id='word_1_611' title='bbox 3544 4483 3680 4537; x_wconf 89' lang='lat' dir='ltr'>pro-</span> 
     </span>
    </p>
   </div>
   <div class='ocr_carea' id='block_1_95' title="bbox 273 4555 3680 4648">
    <p class='ocr_par' dir='ltr' id='par_1_95' title="bbox 273 4555 3680 4648">
     <span class='ocr_line' id='line_1_95' title="bbox 273 4555 3680 4648; baseline -0.002 -34"><span class='ocrx_word' id='word_1_612' title='bbox 273 4560 568 4626; x_wconf 88' lang='lat' dir='ltr'>tissimus,</span> <span class='ocrx_word' id='word_1_613' title='bbox 591 4561 683 4616; x_wconf 92' lang='lat' dir='ltr'>cui</span> <span class='ocrx_word' id='word_1_614' title='bbox 715 4561 1029 4632; x_wconf 89' lang='lat' dir='ltr'>subrepere</span> <span class='ocrx_word' id='word_1_615' title='bbox 1060 4559 1260 4616; x_wconf 91' lang='lat' dir='ltr'>nullus</span> <span class='ocrx_word' id='word_1_616' title='bbox 1291 4565 1516 4632; x_wconf 90' lang='lat' dir='ltr'>poterat</span> <span class='ocrx_word' id='word_1_617' title='bbox 1545 4559 1734 4615; x_wconf 89' lang='lat' dir='ltr'>dolus.</span> <span class='ocrx_word' id='word_1_618' title='bbox 1764 4560 1925 4615; x_wconf 92' lang='lat' dir='ltr'>Unde</span> <span class='ocrx_word' id='word_1_619' title='bbox 1960 4584 2002 4648; x_wconf 82' lang='lat' dir='ltr'><strong>D</strong></span> <span class='ocrx_word' id='word_1_620' title='bbox 2037 4561 2311 4617; x_wconf 92' lang='lat' dir='ltr'>motionis</span> <span class='ocrx_word' id='word_1_621' title='bbox 2343 4559 2574 4615; x_wconf 91' lang='lat' dir='ltr'>culmen</span> <span class='ocrx_word' id='word_1_622' title='bbox 2626 4560 2950 4624; x_wconf 87' lang='lat' dir='ltr'>obtineret;</span> <span class='ocrx_word' id='word_1_623' title='bbox 2986 4559 3085 4613; x_wconf 91' lang='lat' dir='ltr'>sed</span> <span class='ocrx_word' id='word_1_624' title='bbox 3134 4575 3199 4612; x_wconf 90' lang='lat' dir='ltr'>eo</span> <span class='ocrx_word' id='word_1_625' title='bbox 3233 4555 3680 4624; x_wconf 87' lang='lat' dir='ltr'>contradicente,</span> 
     </span>
    </p>
   </div>
   <div class='ocr_carea' id='block_1_96' title="bbox 275 4648 1923 4715">
    <p class='ocr_par' dir='ltr' id='par_1_96' title="bbox 275 4648 1923 4715">
     <span class='ocr_line' id='line_1_96' title="bbox 275 4648 1923 4715; baseline 0 -11"><span class='ocrx_word' id='word_1_626' title='bbox 275 4650 544 4705; x_wconf 89' lang='lat' dir='ltr'>conﬁctis</span> <span class='ocrx_word' id='word_1_627' title='bbox 576 4650 770 4705; x_wconf 88' lang='lat' dir='ltr'>causis</span> <span class='ocrx_word' id='word_1_628' title='bbox 799 4654 1055 4705; x_wconf 89' lang='lat' dir='ltr'>Joannes</span> <span class='ocrx_word' id='word_1_629' title='bbox 1076 4649 1416 4704; x_wconf 89' lang='lat' dir='ltr'>inimicitias</span> <span class='ocrx_word' id='word_1_630' title='bbox 1441 4649 1491 4704; x_wconf 92' lang='lat' dir='ltr'>ei</span> <span class='ocrx_word' id='word_1_631' title='bbox 1516 4648 1923 4715; x_wconf 88' lang='lat' dir='ltr'>insimulabat,</span> 
     </span>
    </p>
   </div>
   <div class='ocr_carea' id='block_1_97' title="bbox 278 4737 1926 4810">
    <p class='ocr_par' dir='ltr' id='par_1_97' title="bbox 278 4737 1926 4810">
     <span class='ocr_line' id='line_1_97' title="bbox 278 4737 1926 4810; baseline 0 -17"><span class='ocrx_word' id='word_1_632' title='bbox 278 4739 423 4809; x_wconf 91' lang='lat' dir='ltr'>quin</span> <span class='ocrx_word' id='word_1_633' title='bbox 455 4740 632 4794; x_wconf 91' lang='lat' dir='ltr'>etiam</span> <span class='ocrx_word' id='word_1_634' title='bbox 663 4740 714 4795; x_wconf 89' lang='lat' dir='ltr'>ei</span> <span class='ocrx_word' id='word_1_635' title='bbox 748 4743 994 4794; x_wconf 88' lang='lat' dir='ltr'>mortem</span> <span class='ocrx_word' id='word_1_636' title='bbox 1047 4738 1394 4793; x_wconf 91' lang='lat' dir='ltr'>collaturum</span> <span class='ocrx_word' id='word_1_637' title='bbox 1441 4737 1734 4810; x_wconf 90' lang='lat' dir='ltr'>plerisque</span> <span class='ocrx_word' id='word_1_638' title='bbox 1767 4755 1926 4794; x_wconf 92' lang='lat' dir='ltr'>reve-</span> 
     </span>
    </p>
   </div>
   <div class='ocr_carea' id='block_1_98' title="bbox 275 4826 1926 4898">
    <p class='ocr_par' dir='ltr' id='par_1_98' title="bbox 275 4826 1926 4898">
     <span class='ocr_line' id='line_1_98' title="bbox 275 4826 1926 4898; baseline 0.001 -17"><span class='ocrx_word' id='word_1_639' title='bbox 275 4826 474 4891; x_wconf 90' lang='lat' dir='ltr'>labat;</span> <span class='ocrx_word' id='word_1_640' title='bbox 512 4829 611 4882; x_wconf 91' lang='lat' dir='ltr'>sed</span> <span class='ocrx_word' id='word_1_641' title='bbox 646 4826 923 4898; x_wconf 87' lang='lat' dir='ltr'>quoniam</span> <span class='ocrx_word' id='word_1_642' title='bbox 965 4828 1166 4897; x_wconf 89' lang='lat' dir='ltr'>justus</span> <span class='ocrx_word' id='word_1_643' title='bbox 1215 4827 1271 4880; x_wconf 93' lang='lat' dir='ltr'>in</span> <span class='ocrx_word' id='word_1_644' title='bbox 1309 4828 1418 4882; x_wconf 88' lang='lat' dir='ltr'>Deo</span> <span class='ocrx_word' id='word_1_645' title='bbox 1470 4827 1730 4894; x_wconf 90' lang='lat' dir='ltr'>conﬁdit,</span> <span class='ocrx_word' id='word_1_646' title='bbox 1765 4827 1926 4898; x_wconf 89' lang='lat' dir='ltr'>parvi</span> 
     </span>
    </p>
   </div>
   <div class='ocr_carea' id='block_1_99' title="bbox 276 4915 1925 4988">
    <p class='ocr_par' dir='ltr' id='par_1_99' title="bbox 276 4915 1925 4988">
     <span class='ocr_line' id='line_1_99' title="bbox 276 4915 1925 4988; baseline 0 -19"><span class='ocrx_word' id='word_1_647' title='bbox 276 4915 572 4986; x_wconf 91' lang='lat' dir='ltr'>pendebat</span> <span class='ocrx_word' id='word_1_648' title='bbox 599 4915 843 4986; x_wconf 85' lang='lat' dir='ltr'>signifer</span> <span class='ocrx_word' id='word_1_649' title='bbox 865 4916 1073 4971; x_wconf 90' lang='lat' dir='ltr'>matris</span> <span class='ocrx_word' id='word_1_650' title='bbox 1097 4916 1362 4971; x_wconf 67' lang='lat' dir='ltr'>Ecclesiae</span> <span class='ocrx_word' id='word_1_651' title='bbox 1387 4915 1630 4970; x_wconf 87' lang='lat' dir='ltr'>consilia</span> <span class='ocrx_word' id='word_1_652' title='bbox 1654 4916 1925 4988; x_wconf 91' lang='lat' dir='ltr'>maligni-</span> 
     </span>
    </p>
   </div>
   <div class='ocr_carea' id='block_1_100' title="bbox 274 5004 1928 5077">
    <p class='ocr_par' dir='ltr' id='par_1_100' title="bbox 274 5004 1928 5077">
     <span class='ocr_line' id='line_1_100' title="bbox 274 5004 1928 5077; baseline 0.001 -19"><span class='ocrx_word' id='word_1_653' title='bbox 274 5004 437 5073; x_wconf 87' lang='lat' dir='ltr'>tatis,</span> <span class='ocrx_word' id='word_1_654' title='bbox 470 5004 712 5076; x_wconf 91' lang='lat' dir='ltr'>implere</span> <span class='ocrx_word' id='word_1_655' title='bbox 742 5005 985 5061; x_wconf 89' lang='lat' dir='ltr'>studens</span> <span class='ocrx_word' id='word_1_656' title='bbox 1007 5021 1178 5077; x_wconf 87' lang='lat' dir='ltr'>Opere</span> <span class='ocrx_word' id='word_1_657' title='bbox 1204 5022 1374 5076; x_wconf 90' lang='lat' dir='ltr'>quem</span> <span class='ocrx_word' id='word_1_658' title='bbox 1399 5005 1666 5076; x_wconf 88' lang='lat' dir='ltr'>gestabat</span> <span class='ocrx_word' id='word_1_659' title='bbox 1689 5006 1928 5060; x_wconf 91' lang='lat' dir='ltr'>nomine</span> 
     </span>
    </p>
   </div>
   <div class='ocr_carea' id='block_1_101' title="bbox 276 5095 908 5164">
    <p class='ocr_par' dir='ltr' id='par_1_101' title="bbox 276 5095 908 5164">
     <span class='ocr_line' id='line_1_101' title="bbox 276 5095 908 5164; baseline 0.002 -16"><span class='ocrx_word' id='word_1_660' title='bbox 276 5098 566 5164; x_wconf 64' lang='lat' dir='ltr'>tropeum</span> <span class='ocrx_word' id='word_1_661' title='bbox 601 5095 908 5149; x_wconf 88' lang='lat' dir='ltr'>libertatis.</span> 
     </span>
    </p>
   </div>
   <div class='ocr_carea' id='block_1_102' title="bbox 920 5202 1286 5258">
    <p class='ocr_par' dir='ltr' id='par_1_102' title="bbox 920 5202 1286 5258">
     <span class='ocr_line' id='line_1_102' title="bbox 920 5202 1286 5258; baseline -0.003 -1"><span class='ocrx_word' id='word_1_662' title='bbox 920 5202 1152 5258; x_wconf 87' lang='lat' dir='ltr'>CAPUT</span> <span class='ocrx_word' id='word_1_663' title='bbox 1192 5202 1286 5256; x_wconf 89' lang='lat' dir='ltr'>IX.</span> 
     </span>
    </p>
   </div>
   <div class='ocr_carea' id='block_1_103' title="bbox 275 5291 1928 5362">
    <p class='ocr_par' dir='ltr' id='par_1_103' title="bbox 275 5291 1928 5362">
     <span class='ocr_line' id='line_1_103' title="bbox 275 5291 1928 5362; baseline 0.001 -17"><span class='ocrx_word' id='word_1_664' title='bbox 275 5293 455 5360; x_wconf 83' lang='lat' dir='ltr'>Quam</span> <span class='ocrx_word' id='word_1_665' title='bbox 506 5296 728 5348; x_wconf 81' lang='lat' dir='ltr'>strenue</span> <span class='ocrx_word' id='word_1_666' title='bbox 783 5300 832 5347; x_wconf 78' lang='lat' dir='ltr'>et</span> <span class='ocrx_word' id='word_1_667' title='bbox 874 5291 1177 5362; x_wconf 79' lang='lat' dir='ltr'>prudenter</span> <span class='ocrx_word' id='word_1_668' title='bbox 1231 5291 1544 5362; x_wconf 74' lang='lat' dir='ltr'>Lietbertus</span> <span class='ocrx_word' id='word_1_669' title='bbox 1575 5293 1787 5346; x_wconf 87' lang='lat' dir='ltr'>Novum</span> <span class='ocrx_word' id='word_1_670' title='bbox 1820 5291 1928 5346; x_wconf 84' lang='lat' dir='ltr'>Ca-</span> 
     </span>
    </p>
   </div>
   <div class='ocr_carea' id='block_1_104' title="bbox 811 5361 1393 5418">
    <p class='ocr_par' dir='ltr' id='par_1_104' title="bbox 811 5361 1393 5418">
     <span class='ocr_line' id='line_1_104' title="bbox 811 5361 1393 5418; baseline -0.003 0"><span class='ocrx_word' id='word_1_671' title='bbox 811 5365 1033 5418; x_wconf 82' lang='lat' dir='ltr'>stellum</span> <span class='ocrx_word' id='word_1_672' title='bbox 1062 5361 1393 5417; x_wconf 77' lang='lat' dir='ltr'>custodierit.</span> 
     </span>
    </p>
   </div>
   <div class='ocr_carea' id='block_1_105' title="bbox 352 5451 1929 5526">
    <p class='ocr_par' dir='ltr' id='par_1_105' title="bbox 352 5451 1929 5526">
     <span class='ocr_line' id='line_1_105' title="bbox 352 5451 1929 5526; baseline -0.002 -17"><span class='ocrx_word' id='word_1_673' title='bbox 352 5455 580 5510; x_wconf 89' lang='lat' dir='ltr'>Interea</span> <span class='ocrx_word' id='word_1_674' title='bbox 600 5453 808 5526; x_wconf 73' lang='lat' dir='ltr'>praesul</span> <span class='ocrx_word' id='word_1_675' title='bbox 831 5452 1264 5517; x_wconf 89' lang='lat' dir='ltr'>inﬁrmabatur,</span> <span class='ocrx_word' id='word_1_676' title='bbox 1289 5455 1499 5505; x_wconf 90' lang='lat' dir='ltr'>etcum</span> <span class='ocrx_word' id='word_1_677' title='bbox 1521 5451 1708 5505; x_wconf 65' lang='lat' dir='ltr'>aetatis</span> <span class='ocrx_word' id='word_1_678' title='bbox 1734 5451 1929 5506; x_wconf 90' lang='lat' dir='ltr'>decre-</span> 
     </span>
    </p>
   </div>
   <div class='ocr_carea' id='block_1_106' title="bbox 273 5538 1934 5618">
    <p class='ocr_par' dir='ltr' id='par_1_106' title="bbox 273 5538 1934 5618">
     <span class='ocr_line' id='line_1_106' title="bbox 273 5538 1934 5618; baseline -0.002 -20"><span class='ocrx_word' id='word_1_679' title='bbox 273 5543 415 5618; x_wconf 67' lang='lat' dir='ltr'>pita:</span> <span class='ocrx_word' id='word_1_680' title='bbox 439 5543 710 5600; x_wconf 88' lang='lat' dir='ltr'>molestia</span> <span class='ocrx_word' id='word_1_681' title='bbox 731 5541 907 5598; x_wconf 90' lang='lat' dir='ltr'>febris</span> <span class='ocrx_word' id='word_1_682' title='bbox 931 5545 1112 5597; x_wconf 66' lang='lat' dir='ltr'>acutae</span> <span class='ocrx_word' id='word_1_683' title='bbox 1138 5538 1470 5595; x_wconf 90' lang='lat' dir='ltr'>valetudine</span> <span class='ocrx_word' id='word_1_684' title='bbox 1493 5540 1833 5610; x_wconf 84' lang='lat' dir='ltr'>angebatur,</span> <span class='ocrx_word' id='word_1_685' title='bbox 1853 5540 1934 5595; x_wconf 89' lang='lat' dir='ltr'>ita</span> 
     </span>
    </p>
   </div>
   <div class='ocr_carea' id='block_1_107' title="bbox 275 5627 1933 5706">
    <p class='ocr_par' dir='ltr' id='par_1_107' title="bbox 275 5627 1933 5706">
     <span class='ocr_line' id='line_1_107' title="bbox 275 5627 1933 5706; baseline -0.002 -15"><span class='ocrx_word' id='word_1_686' title='bbox 275 5638 348 5691; x_wconf 88' lang='lat' dir='ltr'>ut</span> <span class='ocrx_word' id='word_1_687' title='bbox 363 5635 584 5692; x_wconf 81' lang='lat' dir='ltr'>adomo</span> <span class='ocrx_word' id='word_1_688' title='bbox 607 5649 715 5690; x_wconf 83' lang='lat' dir='ltr'>sua</span> <span class='ocrx_word' id='word_1_689' title='bbox 736 5631 848 5689; x_wconf 89' lang='lat' dir='ltr'>nisi</span> <span class='ocrx_word' id='word_1_690' title='bbox 871 5630 1112 5690; x_wconf 87' lang='lat' dir='ltr'>alterius</span> <span class='ocrx_word' id='word_1_691' title='bbox 1136 5627 1412 5688; x_wconf 88' lang='lat' dir='ltr'>manibus</span> <span class='ocrx_word' id='word_1_692' title='bbox 1425 5631 1758 5706; x_wconf 88' lang='lat' dir='ltr'>asportatus</span> <span class='ocrx_word' id='word_1_693' title='bbox 1779 5627 1933 5688; x_wconf 86' lang='lat' dir='ltr'>exire</span> 
     </span>
    </p>
   </div>
   <div class='ocr_carea' id='block_1_108' title="bbox 2039 4645 3684 4720">
    <p class='ocr_par' dir='ltr' id='par_1_108' title="bbox 2039 4645 3684 4720">
     <span class='ocr_line' id='line_1_108' title="bbox 2039 4645 3684 4720; baseline -0.005 -14"><span class='ocrx_word' id='word_1_694' title='bbox 2039 4650 2503 4707; x_wconf 70' lang='lat' dir='ltr'>simulhumana:</span> <span class='ocrx_word' id='word_1_695' title='bbox 2519 4647 2849 4720; x_wconf 86' lang='lat' dir='ltr'>fragilitatis</span> <span class='ocrx_word' id='word_1_696' title='bbox 2871 4646 3222 4701; x_wconf 91' lang='lat' dir='ltr'>multimoda</span> <span class='ocrx_word' id='word_1_697' title='bbox 3239 4645 3580 4701; x_wconf 88' lang='lat' dir='ltr'>discrimina</span> <span class='ocrx_word' id='word_1_698' title='bbox 3597 4660 3684 4698; x_wconf 88' lang='lat' dir='ltr'>sa-</span> 
     </span>
    </p>
   </div>
   <div class='ocr_carea' id='block_1_109' title="bbox 2039 4730 3681 4812">
    <p class='ocr_par' dir='ltr' id='par_1_109' title="bbox 2039 4730 3681 4812">
     <span class='ocr_line' id='line_1_109' title="bbox 2039 4730 3681 4812; baseline -0.005 -20"><span class='ocrx_word' id='word_1_699' title='bbox 2039 4739 2264 4812; x_wconf 90' lang='lat' dir='ltr'>pienter</span> <span class='ocrx_word' id='word_1_700' title='bbox 2322 4741 2670 4808; x_wconf 79' lang='lat' dir='ltr'>Opponcntc,</span> <span class='ocrx_word' id='word_1_701' title='bbox 2723 4736 2971 4805; x_wconf 89' lang='lat' dir='ltr'>capitur,</span> <span class='ocrx_word' id='word_1_702' title='bbox 3032 4734 3302 4798; x_wconf 87' lang='lat' dir='ltr'>trahitur,</span> <span class='ocrx_word' id='word_1_703' title='bbox 3362 4730 3681 4804; x_wconf 83' lang='lat' dir='ltr'>pontiﬁcali</span> 
     </span>
    </p>
   </div>
   <div class='ocr_carea' id='block_1_110' title="bbox 2039 4820 3685 4883">
    <p class='ocr_par' dir='ltr' id='par_1_110' title="bbox 2039 4820 3685 4883">
     <span class='ocr_line' id='line_1_110' title="bbox 2039 4820 3685 4883; baseline -0.006 0"><span class='ocrx_word' id='word_1_704' title='bbox 2039 4829 2246 4883; x_wconf 87' lang='lat' dir='ltr'>throno</span> <span class='ocrx_word' id='word_1_705' title='bbox 2273 4825 2544 4881; x_wconf 90' lang='lat' dir='ltr'>sublimis</span> <span class='ocrx_word' id='word_1_706' title='bbox 2570 4823 3088 4878; x_wconf 81' lang='lat' dir='ltr'>exaltatur.Victus</span> <span class='ocrx_word' id='word_1_707' title='bbox 3112 4822 3367 4877; x_wconf 82' lang='lat' dir='ltr'>liberalis</span> <span class='ocrx_word' id='word_1_708' title='bbox 3395 4820 3685 4876; x_wconf 85' lang='lat' dir='ltr'>archidia-</span> 
     </span>
    </p>
   </div>
   <div class='ocr_carea' id='block_1_111' title="bbox 2037 4907 3685 4984">
    <p class='ocr_par' dir='ltr' id='par_1_111' title="bbox 2037 4907 3685 4984">
     <span class='ocr_line' id='line_1_111' title="bbox 2037 4907 3685 4984; baseline -0.007 -12"><span class='ocrx_word' id='word_1_709' title='bbox 2037 4933 2221 4972; x_wconf 90' lang='lat' dir='ltr'>conus</span> <span class='ocrx_word' id='word_1_710' title='bbox 2256 4914 2426 4969; x_wconf 89' lang='lat' dir='ltr'>modo</span> <span class='ocrx_word' id='word_1_711' title='bbox 2463 4912 2753 4984; x_wconf 87' lang='lat' dir='ltr'>precibus,</span> <span class='ocrx_word' id='word_1_712' title='bbox 2798 4913 2970 4966; x_wconf 90' lang='lat' dir='ltr'>modo</span> <span class='ocrx_word' id='word_1_713' title='bbox 3017 4911 3259 4975; x_wconf 87' lang='lat' dir='ltr'>ratione,</span> <span class='ocrx_word' id='word_1_714' title='bbox 3294 4927 3406 4963; x_wconf 91' lang='lat' dir='ltr'>non</span> <span class='ocrx_word' id='word_1_715' title='bbox 3441 4909 3564 4963; x_wconf 89' lang='lat' dir='ltr'>sine</span> <span class='ocrx_word' id='word_1_716' title='bbox 3595 4907 3685 4961; x_wconf 89' lang='lat' dir='ltr'>la-</span> 
     </span>
    </p>
   </div>
   <div class='ocr_carea' id='block_1_112' title="bbox 2039 4995 3686 5076">
    <p class='ocr_par' dir='ltr' id='par_1_112' title="bbox 2039 4995 3686 5076">
     <span class='ocr_line' id='line_1_112' title="bbox 2039 4995 3686 5076; baseline -0.007 -17"><span class='ocrx_word' id='word_1_717' title='bbox 2039 5003 2252 5076; x_wconf 78' lang='lat' dir='ltr'>crymis</span> <span class='ocrx_word' id='word_1_718' title='bbox 2287 5001 2460 5057; x_wconf 85' lang='lat' dir='ltr'>cessit</span> <span class='ocrx_word' id='word_1_719' title='bbox 2485 5005 2825 5072; x_wconf 89' lang='lat' dir='ltr'>precantum</span> <span class='ocrx_word' id='word_1_720' title='bbox 2851 5001 3020 5066; x_wconf 90' lang='lat' dir='ltr'>votis;</span> <span class='ocrx_word' id='word_1_721' title='bbox 3057 5001 3121 5052; x_wconf 91' lang='lat' dir='ltr'>ﬁt</span> <span class='ocrx_word' id='word_1_722' title='bbox 3150 4999 3432 5070; x_wconf 89' lang='lat' dir='ltr'>gaudium</span> <span class='ocrx_word' id='word_1_723' title='bbox 3464 4995 3686 5051; x_wconf 91' lang='lat' dir='ltr'>celebre</span> 
     </span>
    </p>
   </div>
   <div class='ocr_carea' id='block_1_113' title="bbox 2040 5081 3687 5165">
    <p class='ocr_par' dir='ltr' id='par_1_113' title="bbox 2040 5081 3687 5165">
     <span class='ocr_line' id='line_1_113' title="bbox 2040 5081 3687 5165; baseline -0.008 -17"><span class='ocrx_word' id='word_1_724' title='bbox 2040 5093 2257 5165; x_wconf 90' lang='lat' dir='ltr'>pariter</span> <span class='ocrx_word' id='word_1_725' title='bbox 2281 5088 2738 5145; x_wconf 84' lang='lat' dir='ltr'>consonantibus</span> <span class='ocrx_word' id='word_1_726' title='bbox 2763 5087 2970 5159; x_wconf 89' lang='lat' dir='ltr'>signis,</span> <span class='ocrx_word' id='word_1_727' title='bbox 2995 5087 3173 5142; x_wconf 87' lang='lat' dir='ltr'>divini</span> <span class='ocrx_word' id='word_1_728' title='bbox 3192 5089 3488 5158; x_wconf 88' lang='lat' dir='ltr'>respectus</span> <span class='ocrx_word' id='word_1_729' title='bbox 3512 5081 3687 5136; x_wconf 91' lang='lat' dir='ltr'>mise-</span> 
     </span>
    </p>
   </div>
   <div class='ocr_carea' id='block_1_114' title="bbox 2040 5171 3689 5248">
    <p class='ocr_par' dir='ltr' id='par_1_114' title="bbox 2040 5171 3689 5248">
     <span class='ocr_line' id='line_1_114' title="bbox 2040 5171 3689 5248; baseline -0.007 -12"><span class='ocrx_word' id='word_1_730' title='bbox 2040 5181 2348 5236; x_wconf 90' lang='lat' dir='ltr'>ricordiam</span> <span class='ocrx_word' id='word_1_731' title='bbox 2385 5177 2763 5232; x_wconf 89' lang='lat' dir='ltr'>laudantibus</span> <span class='ocrx_word' id='word_1_732' title='bbox 2795 5177 3039 5231; x_wconf 88' lang='lat' dir='ltr'>cunctis.</span> <span class='ocrx_word' id='word_1_733' title='bbox 3073 5177 3273 5248; x_wconf 91' lang='lat' dir='ltr'>Neque</span> <span class='ocrx_word' id='word_1_734' title='bbox 3305 5171 3689 5246; x_wconf 86' lang='lat' dir='ltr'>parvipende-</span> 
     </span>
    </p>
   </div>
   <div class='ocr_carea' id='block_1_115' title="bbox 2040 5259 3691 5338">
    <p class='ocr_par' dir='ltr' id='par_1_115' title="bbox 2040 5259 3691 5338">
     <span class='ocr_line' id='line_1_115' title="bbox 2040 5259 3691 5338; baseline -0.006 -12"><span class='ocrx_word' id='word_1_735' title='bbox 2040 5272 2182 5326; x_wconf 89' lang='lat' dir='ltr'>bant</span> <span class='ocrx_word' id='word_1_736' title='bbox 2213 5285 2340 5324; x_wconf 91' lang='lat' dir='ltr'>sese</span> <span class='ocrx_word' id='word_1_737' title='bbox 2374 5268 2612 5338; x_wconf 87' lang='lat' dir='ltr'>adeptos</span> <span class='ocrx_word' id='word_1_738' title='bbox 2663 5267 2814 5337; x_wconf 91' lang='lat' dir='ltr'>quod</span> <span class='ocrx_word' id='word_1_739' title='bbox 2856 5265 3182 5337; x_wconf 87' lang='lat' dir='ltr'>potierant:</span> <span class='ocrx_word' id='word_1_740' title='bbox 3236 5262 3442 5318; x_wconf 90' lang='lat' dir='ltr'>merito</span> <span class='ocrx_word' id='word_1_741' title='bbox 3473 5259 3691 5332; x_wconf 89' lang='lat' dir='ltr'>quippe</span> 
     </span>
    </p>
   </div>
   <div class='ocr_carea' id='block_1_116' title="bbox 2041 5349 3689 5432">
    <p class='ocr_par' dir='ltr' id='par_1_116' title="bbox 2041 5349 3689 5432">
     <span class='ocr_line' id='line_1_116' title="bbox 2041 5349 3689 5432; baseline -0.005 -18"><span class='ocrx_word' id='word_1_742' title='bbox 2041 5357 2450 5432; x_wconf 88' lang='lat' dir='ltr'>gratulabatur</span> <span class='ocrx_word' id='word_1_743' title='bbox 2479 5355 2576 5427; x_wconf 91' lang='lat' dir='ltr'>qui</span> <span class='ocrx_word' id='word_1_744' title='bbox 2611 5373 2712 5427; x_wconf 89' lang='lat' dir='ltr'>per</span> <span class='ocrx_word' id='word_1_745' title='bbox 2742 5355 2923 5410; x_wconf 86' lang='lat' dir='ltr'>Deum</span> <span class='ocrx_word' id='word_1_746' title='bbox 2956 5355 3089 5410; x_wconf 92' lang='lat' dir='ltr'>boni</span> <span class='ocrx_word' id='word_1_747' title='bbox 3125 5351 3374 5425; x_wconf 90' lang='lat' dir='ltr'>pastoris</span> <span class='ocrx_word' id='word_1_748' title='bbox 3406 5349 3689 5405; x_wconf 89' lang='lat' dir='ltr'>electione</span> 
     </span>
    </p>
   </div>
   <div class='ocr_carea' id='block_1_117' title="bbox 2041 5438 3685 5520">
    <p class='ocr_par' dir='ltr' id='par_1_117' title="bbox 2041 5438 3685 5520">
     <span class='ocr_line' id='line_1_117' title="bbox 2041 5438 3685 5520; baseline -0.006 -18"><span class='ocrx_word' id='word_1_749' title='bbox 2041 5447 2505 5520; x_wconf 88' lang='lat' dir='ltr'>gratulabantur.</span> <span class='ocrx_word' id='word_1_750' title='bbox 2541 5443 2664 5498; x_wconf 90' lang='lat' dir='ltr'>Non</span> <span class='ocrx_word' id='word_1_751' title='bbox 2697 5444 2853 5498; x_wconf 92' lang='lat' dir='ltr'>enim</span> <span class='ocrx_word' id='word_1_752' title='bbox 2884 5443 2991 5497; x_wconf 89' lang='lat' dir='ltr'>viri</span> <span class='ocrx_word' id='word_1_753' title='bbox 3022 5442 3264 5497; x_wconf 82' lang='lat' dir='ltr'>virtutes</span> <span class='ocrx_word' id='word_1_754' title='bbox 3310 5445 3364 5495; x_wconf 91' lang='lat' dir='ltr'>et</span> <span class='ocrx_word' id='word_1_755' title='bbox 3387 5438 3685 5511; x_wconf 86' lang='lat' dir='ltr'>justitiam</span> 
     </span>
    </p>
   </div>
   <div class='ocr_carea' id='block_1_118' title="bbox 2043 5528 3689 5608">
    <p class='ocr_par' dir='ltr' id='par_1_118' title="bbox 2043 5528 3689 5608">
     <span class='ocr_line' id='line_1_118' title="bbox 2043 5528 3689 5608; baseline -0.007 -17"><span class='ocrx_word' id='word_1_756' title='bbox 2043 5535 2239 5608; x_wconf 90' lang='lat' dir='ltr'>p0puli</span> <span class='ocrx_word' id='word_1_757' title='bbox 2267 5535 2549 5588; x_wconf 89' lang='lat' dir='ltr'>noverant</span> <span class='ocrx_word' id='word_1_758' title='bbox 2570 5532 2742 5598; x_wconf 86' lang='lat' dir='ltr'>fama,</span> <span class='ocrx_word' id='word_1_759' title='bbox 2769 5531 2868 5586; x_wconf 90' lang='lat' dir='ltr'>sed</span> <span class='ocrx_word' id='word_1_760' title='bbox 2894 5531 3049 5586; x_wconf 91' lang='lat' dir='ltr'>dicto</span> <span class='ocrx_word' id='word_1_761' title='bbox 3076 5529 3338 5585; x_wconf 85' lang='lat' dir='ltr'>crebrius</span> <span class='ocrx_word' id='word_1_762' title='bbox 3359 5528 3416 5583; x_wconf 88' lang='lat' dir='ltr'>in</span> <span class='ocrx_word' id='word_1_763' title='bbox 3442 5528 3566 5583; x_wconf 90' lang='lat' dir='ltr'>suis</span> <span class='ocrx_word' id='word_1_764' title='bbox 3587 5541 3689 5580; x_wconf 89' lang='lat' dir='ltr'>ne-</span> 
     </span>
    </p>
   </div>
   <div class='ocr_carea' id='block_1_119' title="bbox 2044 5614 3690 5702">
    <p class='ocr_par' dir='ltr' id='par_1_119' title="bbox 2044 5614 3690 5702">
     <span class='ocr_line' id='line_1_119' title="bbox 2044 5614 3690 5702; baseline -0.006 -18"><span class='ocrx_word' id='word_1_765' title='bbox 2044 5623 2422 5684; x_wconf 85' lang='lat' dir='ltr'>cessitatibus</span> <span class='ocrx_word' id='word_1_766' title='bbox 2456 5624 2758 5680; x_wconf 86' lang='lat' dir='ltr'>senserant</span> <span class='ocrx_word' id='word_1_767' title='bbox 2807 5619 3180 5702; x_wconf 79' lang='lat' dir='ltr'>experientia.</span> <span class='ocrx_word' id='word_1_768' title='bbox 3232 5621 3375 5688; x_wconf 82' lang='lat' dir='ltr'>cum</span> <span class='ocrx_word' id='word_1_769' title='bbox 3414 5614 3690 5675; x_wconf 83' lang='lat' dir='ltr'>laudibus</span> 
     </span>
    </p>
   </div>
  </div>
