4036 6184
423 400 576 458 1455

416 524 807 603 hymmisonis
822 522 893 578 ad
907 518 1101 576 aulam
1116 513 1351 569 ducitur
1363 507 1522 582 ponti
1535 506 1730 573 ficum,
1747 497 2064 573 protensis-
2095 498 2147 561 Α

413 593 527 693 que
552 614 826 672 manibus
856 622 1060 664 omnes
1091 603 1142 659 ei
1174 599 1463 673 spondent
1495 593 1859 650 ﬁdelitatem.

1055 723 1289 782 CAPUT
1330 721 1422 776 XI.

591 826 805 881 Electus
833 835 959 876 cum
988 817 1117 872 aliis
1148 812 1394 883 personis
1417 809 1691 864 Caesarem
1720 803 1880 857 adiit.

490 936 629 990 Post
656 932 778 986 haec
810 924 1123 982 Henricum
1151 934 1346 991 regem
1371 916 1588 971 adeunt
1619 926 1802 965 novus
1826 907 2063 971 electus,

424 1022 649 1082 scilicet
681 1020 934 1074 domnus
963 1012 1285 1066 Lietbertus
1317 1001 1663 1077 praepositus
1695 1002 1752 1053 et
1783 993 2068 1050 archidia-

425 1101 632 1178 conus,
664 1105 880 1177 aliique
911 1095 1325 1162 archidiaconi,
1359 1107 1493 1148 cum
1527 1085 1742 1143 casatis
1794 1084 2070 1138 Camera-

427 1200 621 1260 censis
636 1176 925 1261 Ecclesiaa,
944 1187 1282 1245 nuntiantes
1299 1176 1716 1237 destructionis
1734 1189 1850 1229 suae
1869 1185 2070 1226 casum

433 1287 707 1357 ﬂebilem,
729 1287 788 1340 et
815 1259 1072 1353 episcopi
1103 1274 1195 1330 sui
1217 1269 1639 1348 depositionem
1668 1283 1681 1320 :
1707 1263 1824 1318 illis
1857 1259 2073 1332 quippe

429 1379 635 1434 diebus
687 1349 869 1444 apud—
896 1364 1380 1440 Agrippinensem
1430 1355 1730 1412 Coloniam
1780 1349 2072 1406 excubans

429 1482 606 1540 super
632 1455 1074 1520 observationis.
1098 1446 1569 1520 Quadragesimm
1600 1443 1754 1498 diem
1789 1440 2074 1495 Resurre-

427 1529 640 1613 ctionis
669 1546 986 1607 Dominicas
1034 1539 1482 1614 praestolabatur
1530 1529 1902 1588 Dominicum
1934 1541 2074 1580 con-

430 1644 695 1701 sulturus
724 1637 944 1694 ibidem
973 1630 1167 1688 nobile
1187 1642 1432 1684 suorum
1455 1620 1850 1695 palatinorum
1878 1613 2074 1670 consi-

431 1733 618 1798 lium;
648 1726 892 1785 audiens
941 1722 1168 1778 obitum
1217 1715 1369 1771 tanti
1406 1711 1534 1781 viri,
1587 1709 1678 1781 pie
1723 1707 1772 1762 ei
1823 1722 1889 1760 eo
1917 1702 2070 1775 quod

431 1820 711 1877 omnibus
731 1811 1002 1871 amabilis
1014 1813 1138 1864 erat
1158 1803 1476 1868 condoluit,
1502 1798 1791 1870 cmpitque
1817 1806 2078 1864 quaerere

433 1861 743 1980 diligenter
770 1861 1000 1974 quisi—ri
1179 1895 1306 1966 ejus
1338 1861 1931 1956 stabiliripotuisset.
1967 1878 2076 1934 Sed
2108 1861 2157 1926 Β

435 1996 714 2070 quoniam
742 1987 1075 2047 veneranda
1094 1984 1218 2039 dies
1249 1975 1692 2052 superveniebat
1715 1988 1783 2026 ea
1812 1985 1942 2041 quae
1974 1968 2079 2021 Pa-

437 2100 701 2144 rasceves
712 2075 1209 2137 denominativum
1223 2068 1712 2140 accepit,suorum
1727 2057 2077 2115 sententiam

438 2187 749 2249 procerum
779 2183 957 2240 super
983 2165 1092 2220 hac
1121 2178 1182 2217 re
1212 2157 1487 2214 dominus
1517 2153 1832 2224 imperator
1863 2162 2080 2202 consu-

435 2239 556 2321 lere
585 2258 815 2318 distulit
838 2239 978 2314 :icui
1008 2252 1248 2326 quidem
1279 2248 1337 2301 in
1368 2248 1478 2300 hac
1505 2259 1564 2298 re
1595 2239 1842 2296 sollicito
1865 2250 2081 2306 sugge-

435 2358 597 2409 stum
628 2353 718 2406 est
746 2365 780 2402 a
805 2324 1342 2402 Cameracensibus,
1367 2333 1523 2405 quod
1545 2329 1890 2392 Lietbertus,
1919 2324 2079 2394 eius-

434 2442 568 2498 dem
616 2424 1015 2494 Cameracenre
1064 2426 1316 2485 civitatis
1367 2418 1738 2494 praepositus,
1788 2413 1888 2486 qui
1937 2426 2080 2467 suus

435 2527 785 2601 iamdudum
811 2519 1147 2593 capellanus
1166 2518 1311 2583 erat,
1335 2525 1510 2582 quem
1534 2503 1941 2563 fidelissimum
1969 2499 2082 2555 sibi

436 2621 494 2674 et
521 2613 743 2673 civitati
797 2611 885 2666 illi
945 2623 1098 2679 saepe
1148 2599 1544 2660 nesessarium
1599 2595 1961 2667 probaverat,
2009 2587 2080 2642 ad

435 2705 753 2779 regendam
775 2677 1256 2757 Cameracensem
1269 2688 1586 2746 Ecclesiam
1604 2684 1821 2738 electus
1839 2681 1994 2735 esset
2011 2677 2082 2731 ab

441 2794 754 2852 omnibus:
787 2790 1047 2861 idipsum
1099 2788 1291 2839 tamen
1336 2794 1408 2833 ne
1448 2772 1763 2831 Dominicis
1795 2763 2086 2840 passionis

444 2883 812 2943 sacramenta
836 2873 1298 2942 Christianaeque
1318 2862 1616 2937 religionis
1639 2861 1710 2915 ob
1733 2871 1974 2914 suorum
1997 2871 2086 2908 re-

447 2971 842 3030 cordationem
857 2966 1280 3038 praeceptorum
1297 2952 2092 3018 Dominicorumquevenera—

447 3061 669 3117 tionem
700 3032 1252 3127 supplicum—votiva
1281 3041 1513 3099 silentia
1558 3036 1902 3093 intercidere
1931 3032 2088 3087 vide-

448 3153 629 3214 retur,
660 3142 894 3200 interim
934 3138 1117 3208 siluit,
1168 3135 1350 3190 donec
1395 3128 1775 3186 sacrosanctae
1808 3124 2090 3177 Resurre-

447 3235 656 3295 ctionis
689 3231 1050 3288 illucesceret
1097 3224 1242 3280 dies.
1284 3222 1322 3277 0
1373 3216 1604 3274 altitudo
1647 3215 1972 3269 divitiarum
1998 3225 2087 3264 sa-
2121 3229 2164 3295 ρ

447 3327 673 3402 pientiae
720 3327 772 3378 et
825 3318 1074 3375 scientiae
1127 3313 1243 3380 Dei,
1296 3326 1461 3380 quam
1518 3299 2094 3372 incomprehensibilia

445 3388 575 3474 sunt
594 3413 814 3487 judicia
844 3409 981 3481 ejus,
1016 3413 1066 3461 et
1116 3399 1524 3470 investigabiles
1570 3397 1680 3450 viae
1728 3392 1886 3462 ejus!
1917 3388 2091 3459 (Rom.

446 3524 525 3575 χι,
556 3475 672 3575 3ὲ.)
704 3502 748 3558 Ο
778 3475 1058 3573 praeclara
1087 3493 1293 3549 divinae
1324 3481 1780 3559 dispensationis
1810 3475 2090 3533 scientia!

451 3613 484 3652 o
505 3570 900 3651 venerandam
923 3582 1213 3642 catholicae
1239 3578 1373 3634 fidei
1396 3574 1644 3648 gratiam
1671 3570 1682 3624 l
1710 3586 1742 3625 ο
1765 3583 1940 3639 quam
1959 3581 2097 3637 gau-

458 3685 712 3752 diosum,
747 3693 926 3752 quam
958 3670 1306 3730 conveniens
1351 3671 1441 3722 est
1470 3668 1535 3718 ut
1563 3662 1765 3717 eodem
1797 3657 1890 3712 die
1920 3652 2097 3726 regali

456 3788 680 3831 necnon
699 3743 1003 3840 imperiali
1033 3758 1378 3817 liberalitate
1397 3752 1570 3809 levita
1582 3747 1929 3820 magniﬁcus
1945 3743 2100 3798 Liet-

457 3866 664 3921 bertus
693 3835 982 3915 obtineret
1000 3845 1353 3925 pontificalis
1373 3838 1670 3900 electionis
1687 3835 1940 3908 regalem
1964 3848 2103 3904 prae-

463 3953 808 4028 rogativam,
838 3961 952 4018 quo
983 3923 1100 3998 liex
1128 3952 1332 4010 regum
1364 3932 1630 3989 Christus
1661 3927 1844 3982 victor
1874 3923 2103 3979 rediens

466 4013 1177 4108 abuinferis,triumphato
1208 4022 1462 4093 diabolo,
1487 4034 1660 4077 suum
1692 4013 1956 4070 liberavit
1981 4013 2102 4083 pla-

467 4132 630 4194 smal
665 4146 698 4185 0
728 4122 1080 4199 praesagium
1111 4112 1407 4189 prudens!
1463 4126 1495 4164 ο
1526 4107 1678 4164 diem
1711 4103 2017 4170 celebrem,
2047 4101 2104 4155 in

466 4239 579 4295 quo
609 4217 890 4274 liberator
923 4192 1259 4264 animarum
1291 4206 1350 4257 et
1393 4198 1655 4254 Salvator
1700 4192 2104 4247 universorum

467 4280 758 4367 iietberto
781 4298 965 4355 levita:
995 4290 1296 4350 liberalem
1340 4285 1716 4360 pontiﬁcatus
1745 4280 1990 4352 largitus
2020 4282 2108 4333 est

467 4397 807 4474 provectum
832 4389 844 4443 ι
877 4387 908 4444 J
915 4401 1010 4443 am
1034 4385 1304 4440 sanctum
1326 4392 1500 4432 mane
1525 4374 1807 4428 fenestras
1829 4368 2105 4434 intrabat,

541 4502 960 4572 Noctifugasque
989 4507 1084 4572 suo
1113 4487 1298 4572 radios
1319 4479 1875 4572 spamebutcin'orbe,

541 4551 1141 4646 liropell'ens‘tenebras
1169 4551 1390 4616 Hecates
1418 4551 1671 4610 Phaebeia
1711 4551 1942 4620 lampas,

538 4687 682 4739 Cum
715 4694 814 4734 rex
838 4687 1045 4745 sopore
1074 4665 1317 4739 depulso
1340 4657 1726 4718 cubicularios
1758 4659 1942 4721 vocat,
1967 4651 2106 4708 sibi-

469 4789 584 4846 que
611 4765 973 4839 imperialem
1005 4756 1325 4815 sessionem
1358 4749 1549 4823 parari
1598 4746 1860 4801 mandat.
1893 4745 2106 4798 Convo-

467 4861 616 4918 catis
645 4856 843 4926 itaque
871 4843 1306 4906 Cameracensis
1325 4837 1594 4896 Ecclesia:
1619 4833 1844 4906 legatis,
1868 4848 1986 4886 suae
2008 4846 2105 4884 vo-

465 4944 713 5006 luntatis
744 4937 1096 4997 sententiam
1118 4949 1216 4988 rex
1235 4930 1320 4985 eis
1352 4925 1597 4999 aperuit,
1623 4923 1978 4978 Lietbertum
2002 4916 2110 4971 sci-

465 5040 603 5095 licet
632 5028 1008 5107 prmpositum
1041 5039 1102 5078 se
1133 5017 1306 5076 simul
1331 5033 1462 5071 cum
1494 5015 1576 5069 eis
1599 5012 1808 5082 eligere
1840 5011 2106 5064 Camera-

470 5124 661 5184 censis
712 5114 978 5175 Ecclesim
1037 5110 1398 5183 episcopum.
1450 5101 1660 5158 Audito
1716 5098 1826 5154 viri
1875 5095 2112 5150 nomine

471 5209 759 5273 subrectis
780 5207 842 5262 in
862 5202 1071 5260 caelum
1094 5197 1441 5264 luminibus,
1467 5207 1668 5248 omnes
1690 5190 1872 5244 Deum
1896 5199 2113 5257 regem-

472 5271 586 5375 que
599 5289 1299 5362 laudaverunt,regiaaque
1311 5280 1597 5340 voluntati
1612 5279 1872 5334 latentes
1886 5271 2112 5330 assensi

471 5393 631 5448 sunt.

544 5528 686 5601 (4-5)
705 5527 841 5607 Leg.
864 5525 962 5595 III,
987 5524 1035 5607 si
1057 5520 1374 5607 Henricum
1385 5515 1799 5607 cognomento.
1810 5515 2114 5607 augupfe‘m

470 5580 924 5675 tm‘ﬁeiétb'g‘i’bﬁs
947 5580 1563 5675 adnumeresmlias'll,
1584 5584 1669 5669 uti
1691 5582 1895 5667 scribit
1911 5580 2114 5675 1'3alde-

471 5651 630 5742 riuus
658 5651 1020 5728 inChronici
1048 5663 1147 5721 lib.
1181 5679 1266 5732 In,
1300 5651 1350 5718 ὁ.
1379 5661 1471 5732 64,
1503 5651 1604 5728 qui
1635 5655 1892 5728 primum
1922 5651 2115 5708 locum

1394 380 1460 436 S.
1505 368 1918 436 LIETBERTI
1965 361 2564 425 CAMERACENSIS
2608 355 2857 415 EPISC.

3621 348 3740 407 1456

2802 482 3032 538 CAPUT
3073 479 3191 534 ΧΠ.

2606 582 2682 631 De
2717 575 2898 631 Guone
2920 573 3034 642 ejus
3061 567 3388 624 adversario.

2247 668 2391 723 Huic
2433 664 2722 738 imperiali
2778 659 3020 717 consilio
3070 656 3295 713 eunetis
3343 653 3743 718 assentientibus,

2179 753 2719 812 submurmurando
2766 749 2935 821 cmpit
2966 746 3250 802 obsistere
3293 758 3437 796 unus
3465 740 3744 809 legatorum.

2178 845 2398 901 scilicet
2422 842 2796 898 archidianus
2843 839 2986 903 Guo,
3022 836 3119 905 qui
3171 833 3323 888 sicut
3365 846 3580 885 aversus
3620 846 3748 883 voca-

2178 934 2336 1000 bulo,
2367 934 2447 988 sic
2479 933 2673 985 discor
2697 934 2750 982 et
2769 927 3008 998 judicio.
3036 924 3152 977 Hoc
3178 928 3371 976 tamen
3398 919 3663 990 probatum
3689 924 3750 973 est

2179 1039 2311 1079 eum
2330 1022 2532 1076 fecisse
2553 1017 2842 1073 duabolus
2857 1033 2924 1070 ex
2942 1011 3410 1079 causis,factione
3422 1006 3634 1063 Joannis
3652 1023 3753 1076 pra:-

2181 1109 2487 1179 nominati,
2513 1107 2598 1162 vel
2625 1107 2778 1178 quod
2801 1103 2935 1159 huic
2968 1100 3264 1172 aspirabat
3289 1095 3520 1161 honori;
3553 1096 3632 1151 sed
3653 1095 3754 1166 quia

2181 1201 2424 1274 probata
2453 1197 2639 1251 virtus
2672 1192 2910 1264 corripit
2958 1188 3322 1260 insipientes,
3366 1201 3491 1240 mox
3518 1201 3548 1239 a
3574 1185 3753 1238 domino

2185 1287 2507 1358 requisitus
2539 1285 2909 1355 imperatore,
2936 1278 3128 1350 palam
3152 1275 3450 1331 confessus
3479 1276 3557 1326 est
3576 1271 3756 1341 majoris

2182 1381 2237 1432 et
2250 1372 2613 1432 sublimioris
2626 1369 2864 1427 honoris
2888 1366 3321 1439 dignissimum,
3343 1377 3503 1432 quem
3519 1361 3636 1415 huic
3654 1360 3754 1414 sub-

2185 1462 2595 1521 murmurabat
2618 1475 2733 1515 non
2759 1461 2982 1529 aptum.
2999 1455 3144 1509 Nam
3169 1455 3309 1507 dum
3333 1450 3512 1522 palam
3531 1447 3758 1520 privatim-

2185 1569 2297 1625 que
2325 1551 2726 1608 sciscitaretur
2746 1546 2881 1618 quid
2918 1544 2976 1598 in
3002 1543 3122 1597 viro
3159 1540 3256 1596 Dei
3280 1537 3704 1593 contradictionis
3719 1540 3760 1589 et

2186 1640 2496 1698 calumniae
2527 1641 2746 1704 nosset,
2782 1632 3102 1705 respondit,
3136 1629 3247 1685 sub
3293 1630 3628 1683 sacramento
3651 1623 3760 1677 veri-

2186 1731 2324 1786 tatis
2355 1733 2410 1784 et
2440 1727 2595 1793 fidei,
2652 1739 2835 1795 neque
2882 1738 3054 1777 nosse
3100 1734 3291 1790 neque
3339 1714 3558 1771 novisse
3584 1713 3702 1783 quod
3724 1711 3758 1766 ei

2187 1819 2415 1873 ofﬁcere
2447 1819 2680 1887 posset:
2714 1813 2957 1882 insuper
2979 1810 3338 1881 protestetur
3367 1804 3645 1858 diaconum
3671 1800 3758 1853 sine

2189 1905 2659 1978 reprehensione,
2705 1901 2968 1972 judicem
3019 1900 3291 1952 ornatum
3351 1892 3610 1958 moribus,
3657 1889 3759 1943 bene

2193 1987 2889 2059 catholicum,domuiDei
2925 1986 3281 2060 provisorem
3301 1979 3758 2053 sapientissimum;

2189 2083 2577 2165 confirmabat
2603 2083 2791 2135 totum
2825 2077 2949 2132 sine
2982 2073 3230 2141 macula,
3262 2087 3434 2143 quem
3457 2069 3595 2124 Deus
3617 2066 3757 2138 perfu-

2190 2159 2354 2228 derat
2369 2171 2575 2244 gratia,
2603 2168 2901 2225 astruebat
2922 2178 3277 2236 magnopere
3305 2161 3413 2214 viri
3433 2158 3623 2212 virtute
3646 2169 3761 2225 egre-

2191 2263 2336 2334 gias,
2356 2255 2960 2320 animiconstantiam,
2983 2250 3438 2309 sollicitudinem
3453 2263 3558 2301 non
3571 2244 3760 2317 pigram,

2186 2351 2546 2422 jejuniorum
2579 2346 3026 2419 vigiliarumque
3049 2340 3475 2404 assiduitatem,
3503 2333 3762 2390 orationum

2191 2439 2701 2511 lacrymarumque
2715 2433 3098 2489 devotionem.
3122 2429 3206 2484 Ad
3229 2427 3343 2482 hoc
3361 2423 3613 2480 dominus
3630 2421 3764 2491 impe-

2193 2533 2350 2583 rator
2378 2526 2641 2582 substitit
2663 2521 2996 2596 paululum,
3024 2517 3369 2590 regalesque
3388 2512 3570 2568 vultus
3591 2523 3765 2577 compo-

2196 2634 2362 2684 nens,
2396 2616 2478 2672 sic
2509 2616 2747 2685 demum.
2776 2628 2877 2666 ora
2908 2606 3143 2665 resolvit
3169 2624 3180 2660 :

2195 2724 2450 2778 Plurima
2479 2723 2794 2774 sanctorum
2825 2716 3122 2783 relegentes
3152 2715 3304 2779 gesta
3337 2709 3589 2772 virorum,

2197 2796 2406 2849 Scimus
2437 2792 2732 2846 Martinam
2762 2789 2982 2842 virtutis
3011 2785 3256 2839 culmine
3285 2783 3508 2849 dignum

2204 2869 2345 2922 Tunc
2373 2872 2423 2918 et
2452 2863 2760 2926 laudatum,
2792 2859 2923 2913 dum
2954 2856 3122 2912 credit
3149 2871 3277 2910 eum
3315 2852 3640 2924 reprobatum

2197 2937 2414 2993 Praesul
2444 2936 2714 3004 defensor,
2746 2944 3056 3004 non‘sanus
3088 2926 3164 2981 ad
3184 2927 3381 3004 omnia
3409 2937 3585 2980 censor

2201 2997 2518 3064 Consimilis'
2542 2997 2707 3074 facti,
2726 3002 2926 3056 similis
2956 2998 3230 3074 sententia
3255 2997 3428 3074 pacti,

2199 3083 2310 3136 Lee:
2338 3079 2522 3134 eadem
2542 3063 2789 3147 'frautlis,
2819 3074 2870 3127 si
2897 3088 3006 3127 non
3026 3087 3140 3140 par
3171 3063 3352 3139 gloria
3382 3063 3567 3147 laudis.

2207 3151 2352 3208 Unde
2381 3167 2479 3220 per
2507 3137 2605 3202 has
2635 3137 2790 3200 notas
2820 3161 2952 3220 quas
2978 3137 3221 3220 praesens
3251 3137 3485 3220 contulit
3513 3142 3631 3191 {etas

2205 3209 2454 3279 Culmi'ne
2480 3220 2762 3291 ponti/ica,
2791 3209 3020 3291 testaute
3049 3212 3188 3291 quod
3219 3219 3300 3291 est
3326 3209 3560 3291 inimico.

2201 3295 2272 3350 Ni
2300 3282 2680 3363 defraudetur,
2713 3282 2799 3343 me
2818 3286 3004 3358 judice
3033 3282 3232 3355 (lignus
3264 3282 3507 3336 habetur.

2278 3418 2327 3472 It
2357 3415 2497 3471 coelo
2529 3413 2749 3469 clamor
2778 3409 2875 3466 Dei
2911 3412 3119 3463 cuncta
3165 3401 3544 3477 gubernantis
3591 3394 3773 3453 laudau-

2203 3508 2353 3562 tium
2388 3504 2653 3577 gloriam,
2688 3497 3027 3569 dominique
3049 3494 3202 3566 regis
3227 3489 3670 3550 confirmantium
3687 3495 3775 3537 sen-

2207 3595 2473 3651 tentiam.

2813 3674 3044 3731 CAPUT
3098 3672 3248 3728 XIII.

2215 3776 2313 3834 Ubi
2341 3773 2531 3830 electio
2586 3768 2813 3824 Domini
2860 3764 3123 3820 Lietberti
3168 3763 3238 3816 ab
3289 3761 3517 3830 Augusto
3557 3758 3603 3810 et
3622 3743 3778 3806 cunctis

2619 3839 2968 3912 principibus
2997 3834 3375 3902 conﬁrmatur.

2285 3934 2516 3990 Electus
2547 3910 2636 3986 est
2666 3929 2724 3983 in
2757 3928 2848 3982 die
2880 3929 3082 3981 sancto
3112 3921 3352 3977 Pascha:
3379 3921 3615 3974 domnus
3635 3910 3777 3964 noster

2216 4025 2545 4081 Lietbertus
2568 4021 2638 4075 ab
2661 4019 3011 4088 imperatore
3033 4010 3379 4080 cunctisque
3403 3999 3650 4079 palatinis
3665 3994 3776 4069 prin-

2216 4113 2463 4186 cipibus,
2492 4114 2666 4180 atque
2687 4082 2961 4160 laudatus
2989 4106 3046 4157 et
3072 4099 3420 4157 testiﬁcatus
3449 4113 3481 4150 a
3509 4092 3618 4149 suis
3643 4082 3778 4142 omni.

2218 4174 2348 4257 bus.
2382 4174 2620 4254 Videres
2651 4211 2822 4251 omne
2851 4190 3132 4264 palatium
3157 4187 3372 4260 gaudio
3394 4190 3452 4240 et
3475 4174 3778 4239 exsultatione

2215 4290 2526 4364 repletum,
2548 4286 2744 4358 ipsum
2766 4283 2943 4338 etiam
2959 4258 3373 4350 imperatorem
3401 4270 3722 4342 incipientem
3739 4258 3781 4311 Τι

2217 4385 2390 4436 Deum
2419 4376 2731 4443 laudamus,
2777 4367 3269 4443 prosequentibus
3324 4360 3542 4419 cunctis
3568 4357 3625 4411 ad
3651 4347 3780 4409 ecclev

2218 4470 2366 4525 siam
2401 4482 2534 4522 cum
2565 4437 2743 4533 hujus
2773 4437 2985 4532 hymni
3018 4454 3410 4528 jubilatione:
3443 4437 3783 4533 solemnizabat

2219 4562 2406 4614 mater
2435 4552 2689 4610 Ecclesia
2719 4552 2991 4605 coronata
3042 4543 3299 4616 episc0pi
3356 4531 3725 4596 resurrectione
3746 4522 3784 4576 et

2215 4645 2455 4703 victoria
2483 4645 2577 4715 [f.,
2630 4639 2842 4696 Christi
2893 4632 3379 4691 resurrectionem
3411 4634 3467 4684 et
3506 4611 3782 4680 victoriam].

2218 4734 2527 4808 plaudebat
2559 4728 2759 4785 domni
2789 4723 3060 4782 Lietberti
3086 4721 3295 4777 celebri
3321 4717 3584 4774 electione
3602 4715 3783 4782 praeser-

2215 4826 2321 4880 tim
2349 4824 2419 4878 ad
2444 4818 2883 4893 praerogativam
2907 4811 3206 4868 electionis
3231 4804 3600 4880 imperatoris.
3627 4797 3782 4852 Actum

2217 4918 2306 4969 est
2334 4876 2664 4984 Agr‘ippin;
2699 4907 2755 4959 in
2790 4902 3001 4976 palatio
3027 4876 3336 4972 imperiali,
3367 4890 3722 4950 conﬁrmatum
3742 4876 3782 4973 in

2217 4964 2545 5058 ecclesjialsl.
2579 4995 2730 5051 Petri
2763 4964 3042 5064 p‘rincipis
3090 4964 3479 5059 apostolorum
3520 4983 3570 5034 et
3595 4964 3784 5031 cmlestis

2219 5087 2510 5160 clavigeri,
2531 5087 2611 5140 ita
2633 5085 2925 5138 annuente
2947 5058 3149 5134 Guone
3172 5091 3304 5131 cum
3331 5069 3539 5129 cmteris
3555 5058 3785 5121 omnibus.

2221 5177 2455 5233 donavit
2485 5174 2774 5229 civitatem
2811 5170 3285 5243 Cameracensem
3319 5178 3450 5218 cum
3481 5158 3594 5213 suis
3622 5157 3782 5220 appen'

2223 5266 2390 5323 diciis
2404 5263 2676 5320 omnibus
2698 5261 2911 5314 domno
2932 5242 3216 5310 Lietberto
3244 5251 3549 5321 imperator
3571 5242 3786 5296 Romano'

2223 5371 2352 5410 rum
2403 5317 2682 5408 Henricus
2734 5347 2807 5402 1V
2851 5346 3013 5418 (4-5).
3059 5343 3154 5398 Sic
3199 5317 3430 5410 accepta
3478 5329 3727 5390 missione,
3749 5317 3786 5369 εἴ

2223 5499 2430 5556 tribuit
2451 5496 2508 5553 S.
2525 5491 2771 5550 Henrico
2795 5487 3056 5560 Bajoario
3085 5503 3097 5542 :
3125 5500 3258 5540 nam
3283 5453 3785 5560 Lietbertusi

2225 5522 2430 5556 ῐΓιυυιι
2452 5522 2508 5553 D.
2527 5522 2771 5550 ﬂUlll'lUU
2795 5522 2989 5560 UQJUGL
3005 5522 3056 5542 ιυ
3085 5530 3097 5542 .
3128 5522 3258 5540 um...
3283 5522 3492 5536 μινυυν-
3508 5522 3585 5529 -._-

2225 5574 2599 5628 consecratus
2619 5569 2706 5621 CSt
2727 5564 3055 5635 episcopus,
3083 5573 3195 5630 quo
3216 5562 3468 5624 tempore
3496 5537 3730 5601 Henricus

2227 5660 2329 5702 seu
2362 5644 2435 5700 Ill
2467 5637 2813 5713 imperabat.
