  <div class='ocr_page' id='page_1' title='image "/cluster/home/n/w/nwhite01/storage/ocr_20150623/146/hvd.32044054760053/734.png"; bbox 0 0 4036 6184; ppageno 0'>
   <div class='ocr_carea' id='block_1_1' title="bbox 335 328 490 391">
    <p class='ocr_par' dir='ltr' id='par_1_1' title="bbox 335 328 490 391">
     <span class='ocr_line' id='line_1_1' title="bbox 335 328 490 391; baseline 0.019 -3"><span class='ocrx_word' id='word_1_1' title='bbox 335 328 364 388; x_wconf 84' lang='grc'><strong>1</strong></span> <span class='ocrx_word' id='word_1_2' title='bbox 375 331 490 391; x_wconf 72' lang='grc'><strong>457</strong></span> 
     </span>
    </p>
   </div>
   <div class='ocr_carea' id='block_1_2' title="bbox 1927 336 2143 399">
    <p class='ocr_par' dir='ltr' id='par_1_2' title="bbox 1927 336 2143 399">
     <span class='ocr_line' id='line_1_2' title="bbox 1927 336 2143 399; baseline -0.009 -1"><span class='ocrx_word' id='word_1_3' title='bbox 1927 336 2143 399; x_wconf 80' lang='lat' dir='ltr'><strong>VITA.</strong></span> 
     </span>
    </p>
   </div>
   <div class='ocr_carea' id='block_1_3' title="bbox 3583 342 3738 406">
    <p class='ocr_par' dir='ltr' id='par_1_3' title="bbox 3583 342 3738 406">
     <span class='ocr_line' id='line_1_3' title="bbox 3583 342 3738 406; baseline 0.013 -2"><span class='ocrx_word' id='word_1_4' title='bbox 3583 342 3738 406; x_wconf 73' lang='grc'><strong>1458</strong></span> 
     </span>
    </p>
   </div>
   <div class='ocr_carea' id='block_1_4' title="bbox 330 461 3736 547">
    <p class='ocr_par' dir='ltr' id='par_1_4' title="bbox 330 461 3736 547">
     <span class='ocr_line' id='line_1_4' title="bbox 330 461 3736 547; baseline 0.005 -29"><span class='ocrx_word' id='word_1_5' title='bbox 330 461 606 520; x_wconf 89' lang='lat' dir='ltr'><strong>omnibus</strong></span> <span class='ocrx_word' id='word_1_6' title='bbox 639 463 1108 536; x_wconf 82' lang='lat' dir='ltr'><strong>competentibus</strong></span> <span class='ocrx_word' id='word_1_7' title='bbox 1139 464 1494 539; x_wconf 88' lang='lat' dir='ltr'><strong>adimpletis,</strong></span> <span class='ocrx_word' id='word_1_8' title='bbox 1529 467 1877 541; x_wconf 79' lang='lat' dir='ltr'><strong>properabat</strong></span> <span class='ocrx_word' id='word_1_9' title='bbox 1899 469 1970 524; x_wconf 91' lang='lat' dir='ltr'><strong>ad</strong></span> <span class='ocrx_word' id='word_1_10' title='bbox 2001 474 2052 532; x_wconf 84' lang='lat' dir='ltr'><strong>A</strong></span> <span class='ocrx_word' id='word_1_11' title='bbox 2083 487 2222 529; x_wconf 89' lang='lat' dir='ltr'><strong>suos</strong></span> <span class='ocrx_word' id='word_1_12' title='bbox 2257 472 2682 546; x_wconf 90' lang='lat' dir='ltr'><strong>compatriotas</strong></span> <span class='ocrx_word' id='word_1_13' title='bbox 2713 489 2815 547; x_wconf 91' lang='lat' dir='ltr'><strong>per</strong></span> <span class='ocrx_word' id='word_1_14' title='bbox 2845 470 3044 529; x_wconf 82' lang='lat' dir='ltr'><strong>omnia</strong></span> <span class='ocrx_word' id='word_1_15' title='bbox 3068 471 3300 542; x_wconf 90' lang='lat' dir='ltr'><strong>clarus;</strong></span> <span class='ocrx_word' id='word_1_16' title='bbox 3339 471 3432 530; x_wconf 91' lang='lat' dir='ltr'><strong>cui</strong></span> <span class='ocrx_word' id='word_1_17' title='bbox 3456 474 3736 547; x_wconf 88' lang='lat' dir='ltr'><strong>quoniam</strong></span> 
     </span>
    </p>
   </div>
   <div class='ocr_carea' id='block_1_5' title="bbox 332 552 1085 610">
    <p class='ocr_par' dir='ltr' id='par_1_5' title="bbox 332 552 1085 610">
     <span class='ocr_line' id='line_1_5' title="bbox 332 552 1085 610; baseline 0.003 -2"><span class='ocrx_word' id='word_1_18' title='bbox 332 569 504 608; x_wconf 89' lang='lat' dir='ltr'><strong>suam</strong></span> <span class='ocrx_word' id='word_1_19' title='bbox 535 552 832 609; x_wconf 90' lang='lat' dir='ltr'><strong>civitatem</strong></span> <span class='ocrx_word' id='word_1_20' title='bbox 858 554 1085 610; x_wconf 81' lang='lat' dir='ltr'><strong>reverti.</strong></span> 
     </span>
    </p>
   </div>
   <div class='ocr_carea' id='block_1_6' title="bbox 948 661 1358 718">
    <p class='ocr_par' dir='ltr' id='par_1_6' title="bbox 948 661 1358 718">
     <span class='ocr_line' id='line_1_6' title="bbox 948 661 1358 718; baseline 0.002 -2"><span class='ocrx_word' id='word_1_21' title='bbox 948 661 1175 716; x_wconf 80' lang='lat' dir='ltr'><strong>CAPUT</strong></span> <span class='ocrx_word' id='word_1_22' title='bbox 1214 661 1358 718; x_wconf 78' lang='lat' dir='ltr'><strong>XIV.</strong></span> 
     </span>
    </p>
   </div>
   <div class='ocr_carea' id='block_1_7' title="bbox 386 750 1925 826">
    <p class='ocr_par' dir='ltr' id='par_1_7' title="bbox 386 750 1925 826">
     <span class='ocr_line' id='line_1_7' title="bbox 386 750 1925 826; baseline 0.002 -21"><span class='ocrx_word' id='word_1_23' title='bbox 386 750 486 805; x_wconf 87' lang='lat' dir='ltr'><strong>Ubi</strong></span> <span class='ocrx_word' id='word_1_24' title='bbox 511 751 748 826; x_wconf 61' lang='lat' dir='ltr'><strong>Joannes</strong></span> <span class='ocrx_word' id='word_1_25' title='bbox 775 751 1058 805; x_wconf 79' lang='lat' dir='ltr'><strong>ecclesiam</strong></span> <span class='ocrx_word' id='word_1_26' title='bbox 1089 751 1142 804; x_wconf 89' lang='lat' dir='ltr'><strong>S.</strong></span> <span class='ocrx_word' id='word_1_27' title='bbox 1176 753 1362 826; x_wconf 67' lang='lat' dir='ltr'><strong>Maria:</strong></span> <span class='ocrx_word' id='word_1_28' title='bbox 1388 761 1438 807; x_wconf 86' lang='lat' dir='ltr'><strong>et</strong></span> <span class='ocrx_word' id='word_1_29' title='bbox 1469 755 1662 808; x_wconf 82' lang='lat' dir='ltr'><em>aulam</em></span> <span class='ocrx_word' id='word_1_30' title='bbox 1691 756 1925 826; x_wconf 79' lang='lat' dir='ltr'><strong>episcopi</strong></span> 
     </span>
    </p>
   </div>
   <div class='ocr_carea' id='block_1_8' title="bbox 505 822 1806 893">
    <p class='ocr_par' dir='ltr' id='par_1_8' title="bbox 505 822 1806 893">
     <span class='ocr_line' id='line_1_8' title="bbox 505 822 1806 893; baseline 0.004 -18"><span class='ocrx_word' id='word_1_31' title='bbox 505 822 734 888; x_wconf 83' lang='lat' dir='ltr'><strong>invadit,</strong></span> <span class='ocrx_word' id='word_1_32' title='bbox 769 826 819 876; x_wconf 86' lang='lat' dir='ltr'><strong>et</strong></span> <span class='ocrx_word' id='word_1_33' title='bbox 842 827 1002 876; x_wconf 61' lang='lat' dir='ltr'><strong>extra</strong></span> <span class='ocrx_word' id='word_1_34' title='bbox 1029 827 1216 893; x_wconf 88' lang='lat' dir='ltr'><strong>portas</strong></span> <span class='ocrx_word' id='word_1_35' title='bbox 1245 825 1400 878; x_wconf 85' lang='lat' dir='ltr'><strong>urbis</strong></span> <span class='ocrx_word' id='word_1_36' title='bbox 1429 841 1553 880; x_wconf 87' lang='lat' dir='ltr'><strong>eum</strong></span> <span class='ocrx_word' id='word_1_37' title='bbox 1582 822 1806 880; x_wconf 77' lang='lat' dir='ltr'><strong>claudit.</strong></span> 
     </span>
    </p>
   </div>
   <div class='ocr_carea' id='block_1_9' title="bbox 408 911 1978 985">
    <p class='ocr_par' dir='ltr' id='par_1_9' title="bbox 408 911 1978 985">
     <span class='ocr_line' id='line_1_9' title="bbox 408 911 1978 985; baseline 0.004 -21"><span class='ocrx_word' id='word_1_38' title='bbox 408 911 585 965; x_wconf 84' lang='lat' dir='ltr'>Fama</span> <span class='ocrx_word' id='word_1_39' title='bbox 602 915 1012 982; x_wconf 62' lang='lat' dir='ltr'><strong>prmcurrente,</strong></span> <span class='ocrx_word' id='word_1_40' title='bbox 1040 912 1567 968; x_wconf 84' lang='lat' dir='ltr'><strong>nuntiaturJoanni</strong></span> <span class='ocrx_word' id='word_1_41' title='bbox 1591 915 1744 985; x_wconf 90' lang='lat' dir='ltr'><strong>quod</strong></span> <span class='ocrx_word' id='word_1_42' title='bbox 1760 914 1978 970; x_wconf 84' lang='lat' dir='ltr'><strong>factum</strong></span> 
     </span>
    </p>
   </div>
   <div class='ocr_carea' id='block_1_10' title="bbox 328 999 1980 1075">
    <p class='ocr_par' dir='ltr' id='par_1_10' title="bbox 328 999 1980 1075">
     <span class='ocr_line' id='line_1_10' title="bbox 328 999 1980 1075; baseline 0.003 -21"><span class='ocrx_word' id='word_1_43' title='bbox 328 999 564 1067; x_wconf 80' lang='lat' dir='ltr'><strong>fuerat;</strong></span> <span class='ocrx_word' id='word_1_44' title='bbox 604 1016 721 1070; x_wconf 88' lang='lat' dir='ltr'><strong>qua</strong></span> <span class='ocrx_word' id='word_1_45' title='bbox 753 1001 822 1054; x_wconf 92' lang='lat' dir='ltr'><strong>de</strong></span> <span class='ocrx_word' id='word_1_46' title='bbox 849 1017 1026 1055; x_wconf 85' lang='lat' dir='ltr'><strong>causa</strong></span> <span class='ocrx_word' id='word_1_47' title='bbox 1074 1002 1321 1056; x_wconf 89' lang='lat' dir='ltr'><strong>nimium</strong></span> <span class='ocrx_word' id='word_1_48' title='bbox 1359 1003 1704 1073; x_wconf 87' lang='lat' dir='ltr'><strong>perterritus</strong></span> <span class='ocrx_word' id='word_1_49' title='bbox 1762 1004 1980 1075; x_wconf 90' lang='lat' dir='ltr'><strong>diuque</strong></span> 
     </span>
    </p>
   </div>
   <div class='ocr_carea' id='block_1_11' title="bbox 328 1088 1978 1162">
    <p class='ocr_par' dir='ltr' id='par_1_11' title="bbox 328 1088 1978 1162">
     <span class='ocr_line' id='line_1_11' title="bbox 328 1088 1978 1162; baseline 0.004 -20"><span class='ocrx_word' id='word_1_50' title='bbox 328 1092 562 1159; x_wconf 88' lang='lat' dir='ltr'><strong>reputat</strong></span> <span class='ocrx_word' id='word_1_51' title='bbox 597 1088 737 1158; x_wconf 90' lang='lat' dir='ltr'><strong>quid</strong></span> <span class='ocrx_word' id='word_1_52' title='bbox 765 1089 914 1143; x_wconf 88' lang='lat' dir='ltr'><strong>facto</strong></span> <span class='ocrx_word' id='word_1_53' title='bbox 954 1106 1102 1160; x_wconf 88' lang='lat' dir='ltr'><strong>opus</strong></span> <span class='ocrx_word' id='word_1_54' title='bbox 1134 1089 1246 1157; x_wconf 90' lang='lat' dir='ltr'><strong>sit;</strong></span> <span class='ocrx_word' id='word_1_55' title='bbox 1283 1096 1482 1162; x_wconf 85' lang='lat' dir='ltr'><strong>postea</strong></span> <span class='ocrx_word' id='word_1_56' title='bbox 1530 1092 1654 1146; x_wconf 88' lang='lat' dir='ltr'><strong>suis</strong></span> <span class='ocrx_word' id='word_1_57' title='bbox 1705 1092 1762 1146; x_wconf 93' lang='lat' dir='ltr'><strong>in</strong></span> <span class='ocrx_word' id='word_1_58' title='bbox 1798 1109 1978 1148; x_wconf 91' lang='lat' dir='ltr'><strong>unum</strong></span> 
     </span>
    </p>
   </div>
   <div class='ocr_carea' id='block_1_12' title="bbox 326 1176 1979 1250">
    <p class='ocr_par' dir='ltr' id='par_1_12' title="bbox 326 1176 1979 1250">
     <span class='ocr_line' id='line_1_12' title="bbox 326 1176 1979 1250; baseline 0.002 -18"><span class='ocrx_word' id='word_1_59' title='bbox 326 1177 543 1232; x_wconf 83' lang='lat' dir='ltr'><strong>coactis</strong></span> <span class='ocrx_word' id='word_1_60' title='bbox 562 1176 741 1231; x_wconf 91' lang='lat' dir='ltr'><strong>animi</strong></span> <span class='ocrx_word' id='word_1_61' title='bbox 764 1178 855 1233; x_wconf 91' lang='lat' dir='ltr'><strong>sui</strong></span> <span class='ocrx_word' id='word_1_62' title='bbox 874 1187 1163 1233; x_wconf 89' lang='lat' dir='ltr'><strong>secretum</strong></span> <span class='ocrx_word' id='word_1_63' title='bbox 1184 1179 1417 1250; x_wconf 82' lang='lat' dir='ltr'><strong>revelat,</strong></span> <span class='ocrx_word' id='word_1_64' title='bbox 1439 1181 1742 1236; x_wconf 84' lang='lat' dir='ltr'><strong>afﬁrmans</strong></span> <span class='ocrx_word' id='word_1_65' title='bbox 1766 1182 1979 1237; x_wconf 90' lang='lat' dir='ltr'><strong>domno</strong></span> 
     </span>
    </p>
   </div>
   <div class='ocr_carea' id='block_1_13' title="bbox 330 1265 1981 1340">
    <p class='ocr_par' dir='ltr' id='par_1_13' title="bbox 330 1265 1981 1340">
     <span class='ocr_line' id='line_1_13' title="bbox 330 1265 1981 1340; baseline 0.003 -21"><span class='ocrx_word' id='word_1_66' title='bbox 330 1265 621 1321; x_wconf 89' lang='lat' dir='ltr'><strong>Lietberto</strong></span> <span class='ocrx_word' id='word_1_67' title='bbox 655 1265 882 1320; x_wconf 92' lang='lat' dir='ltr'><strong>nullum</strong></span> <span class='ocrx_word' id='word_1_68' title='bbox 915 1267 1164 1322; x_wconf 81' lang='lat' dir='ltr'><strong>civitatis</strong></span> <span class='ocrx_word' id='word_1_69' title='bbox 1205 1269 1508 1323; x_wconf 82' lang='lat' dir='ltr'><strong>introitum</strong></span> <span class='ocrx_word' id='word_1_70' title='bbox 1561 1271 1834 1340; x_wconf 66' lang='lat' dir='ltr'><strong>praebere,</strong></span> <span class='ocrx_word' id='word_1_71' title='bbox 1868 1270 1981 1325; x_wconf 88' lang='lat' dir='ltr'><strong>nisi</strong></span> 
     </span>
    </p>
   </div>
   <div class='ocr_carea' id='block_1_14' title="bbox 333 1353 1983 1429">
    <p class='ocr_par' dir='ltr' id='par_1_14' title="bbox 333 1353 1983 1429">
     <span class='ocr_line' id='line_1_14' title="bbox 333 1353 1983 1429; baseline 0.001 -18"><span class='ocrx_word' id='word_1_72' title='bbox 333 1354 446 1411; x_wconf 88' lang='lat' dir='ltr'><strong>sibi</strong></span> <span class='ocrx_word' id='word_1_73' title='bbox 477 1353 909 1410; x_wconf 88' lang='lat' dir='ltr'><strong>castellaturam</strong></span> <span class='ocrx_word' id='word_1_74' title='bbox 952 1373 1129 1426; x_wconf 88' lang='lat' dir='ltr'><strong>quam</strong></span> <span class='ocrx_word' id='word_1_75' title='bbox 1181 1357 1475 1412; x_wconf 83' lang='lat' dir='ltr'><strong>ambiebat</strong></span> <span class='ocrx_word' id='word_1_76' title='bbox 1523 1359 1686 1429; x_wconf 89' lang='lat' dir='ltr'><strong>prius</strong></span> <span class='ocrx_word' id='word_1_77' title='bbox 1735 1359 1983 1414; x_wconf 83' lang='lat' dir='ltr'><strong>voluerit</strong></span> 
     </span>
    </p>
   </div>
   <div class='ocr_carea' id='block_1_15' title="bbox 333 1441 1980 1502">
    <p class='ocr_par' dir='ltr' id='par_1_15' title="bbox 333 1441 1980 1502">
     <span class='ocr_line' id='line_1_15' title="bbox 333 1441 1980 1502; baseline 0.003 -5"><span class='ocrx_word' id='word_1_78' title='bbox 333 1443 491 1497; x_wconf 89' lang='lat' dir='ltr'><strong>dare.</strong></span> <span class='ocrx_word' id='word_1_79' title='bbox 554 1441 680 1497; x_wconf 89' lang='lat' dir='ltr'><strong>Tali</strong></span> <span class='ocrx_word' id='word_1_80' title='bbox 746 1443 990 1498; x_wconf 90' lang='lat' dir='ltr'><strong>consilio</strong></span> <span class='ocrx_word' id='word_1_81' title='bbox 1065 1450 1313 1500; x_wconf 86' lang='lat' dir='ltr'><strong>matrem</strong></span> <span class='ocrx_word' id='word_1_82' title='bbox 1367 1447 1672 1502; x_wconf 86' lang='lat' dir='ltr'><strong>ecclesiam</strong></span> <span class='ocrx_word' id='word_1_83' title='bbox 1732 1447 1980 1502; x_wconf 56' lang='lat' dir='ltr'><strong>domina”:</strong></span> 
     </span>
    </p>
   </div>
   <div class='ocr_carea' id='block_1_16' title="bbox 330 1533 1982 1607">
    <p class='ocr_par' dir='ltr' id='par_1_16' title="bbox 330 1533 1982 1607">
     <span class='ocr_line' id='line_1_16' title="bbox 330 1533 1982 1607; baseline 0.004 -21"><span class='ocrx_word' id='word_1_84' title='bbox 330 1537 540 1586; x_wconf 70' lang='lat' dir='ltr'><strong>nostra:</strong></span> <span class='ocrx_word' id='word_1_85' title='bbox 569 1536 782 1586; x_wconf 67' lang='lat' dir='ltr'><strong>sancta:</strong></span> <span class='ocrx_word' id='word_1_86' title='bbox 838 1533 1029 1586; x_wconf 66' lang='lat' dir='ltr'><strong>Maria:</strong></span> <span class='ocrx_word' id='word_1_87' title='bbox 1059 1533 1342 1590; x_wconf 79' lang='lat' dir='ltr'><strong>violenter</strong></span> <span class='ocrx_word' id='word_1_88' title='bbox 1392 1536 1623 1604; x_wconf 86' lang='lat' dir='ltr'><strong>invasit,</strong></span> <span class='ocrx_word' id='word_1_89' title='bbox 1676 1540 1733 1590; x_wconf 90' lang='lat' dir='ltr'><strong>et</strong></span> <span class='ocrx_word' id='word_1_90' title='bbox 1779 1537 1982 1607; x_wconf 82' lang='lat' dir='ltr'><strong>ejectis</strong></span> 
     </span>
    </p>
   </div>
   <div class='ocr_carea' id='block_1_17' title="bbox 329 1620 1980 1696">
    <p class='ocr_par' dir='ltr' id='par_1_17' title="bbox 329 1620 1980 1696">
     <span class='ocr_line' id='line_1_17' title="bbox 329 1620 1980 1696; baseline 0.004 -20"><span class='ocrx_word' id='word_1_91' title='bbox 329 1620 556 1676; x_wconf 90' lang='lat' dir='ltr'><strong>clericis</strong></span> <span class='ocrx_word' id='word_1_92' title='bbox 616 1621 924 1676; x_wconf 86' lang='lat' dir='ltr'><strong>thesauros</strong></span> <span class='ocrx_word' id='word_1_93' title='bbox 974 1623 1228 1678; x_wconf 71' lang='lat' dir='ltr'><strong>ecclesiae</strong></span> <span class='ocrx_word' id='word_1_94' title='bbox 1281 1630 1337 1679; x_wconf 90' lang='lat' dir='ltr'><strong>et</strong></span> <span class='ocrx_word' id='word_1_95' title='bbox 1386 1626 1776 1696; x_wconf 88' lang='lat' dir='ltr'><strong>quodcunque</strong></span> <span class='ocrx_word' id='word_1_96' title='bbox 1827 1626 1980 1682; x_wconf 91' lang='lat' dir='ltr'><strong>intro</strong></span> 
     </span>
    </p>
   </div>
   <div class='ocr_carea' id='block_1_18' title="bbox 326 1709 1980 1786">
    <p class='ocr_par' dir='ltr' id='par_1_18' title="bbox 326 1709 1980 1786">
     <span class='ocr_line' id='line_1_18' title="bbox 326 1709 1980 1786; baseline 0.004 -22"><span class='ocrx_word' id='word_1_97' title='bbox 326 1709 567 1781; x_wconf 89' lang='lat' dir='ltr'><strong>reperit,</strong></span> <span class='ocrx_word' id='word_1_98' title='bbox 610 1726 728 1764; x_wconf 68' lang='lat' dir='ltr'><strong>sua:</strong></span> <span class='ocrx_word' id='word_1_99' title='bbox 777 1709 984 1764; x_wconf 92' lang='lat' dir='ltr'><strong>ditioni</strong></span> <span class='ocrx_word' id='word_1_100' title='bbox 1033 1712 1405 1784; x_wconf 89' lang='lat' dir='ltr'><strong>mancipavit,</strong></span> <span class='ocrx_word' id='word_1_101' title='bbox 1463 1713 1795 1786; x_wconf 88' lang='lat' dir='ltr'><strong>militesque</strong></span> <span class='ocrx_word' id='word_1_102' title='bbox 1841 1731 1980 1770; x_wconf 87' lang='lat' dir='ltr'><strong>suos</strong></span> 
     </span>
    </p>
   </div>
   <div class='ocr_carea' id='block_1_19' title="bbox 2087 561 3738 638">
    <p class='ocr_par' dir='ltr' id='par_1_19' title="bbox 2087 561 3738 638">
     <span class='ocr_line' id='line_1_19' title="bbox 2087 561 3738 638; baseline 0.004 -22"><span class='ocrx_word' id='word_1_103' title='bbox 2087 561 2176 616; x_wconf 90' lang='lat' dir='ltr'><strong>sui</strong></span> <span class='ocrx_word' id='word_1_104' title='bbox 2201 561 2355 631; x_wconf 83' lang='lat' dir='ltr'><strong>juris</strong></span> <span class='ocrx_word' id='word_1_105' title='bbox 2377 561 2433 616; x_wconf 92' lang='lat' dir='ltr'><strong>id</strong></span> <span class='ocrx_word' id='word_1_106' title='bbox 2457 566 2598 634; x_wconf 90' lang='lat' dir='ltr'><strong>erat,</strong></span> <span class='ocrx_word' id='word_1_107' title='bbox 2624 563 2695 620; x_wconf 90' lang='lat' dir='ltr'><strong>de</strong></span> <span class='ocrx_word' id='word_1_108' title='bbox 2727 562 3147 636; x_wconf 80' lang='lat' dir='ltr'><strong>praenominata</strong></span> <span class='ocrx_word' id='word_1_109' title='bbox 3186 579 3290 636; x_wconf 89' lang='lat' dir='ltr'><strong>per</strong></span> <span class='ocrx_word' id='word_1_110' title='bbox 3333 564 3574 622; x_wconf 88' lang='lat' dir='ltr'><strong>idoneas</strong></span> <span class='ocrx_word' id='word_1_111' title='bbox 3602 582 3738 638; x_wconf 89' lang='lat' dir='ltr'><strong>per-</strong></span> 
     </span>
    </p>
   </div>
   <div class='ocr_carea' id='block_1_20' title="bbox 2087 651 3731 726">
    <p class='ocr_par' dir='ltr' id='par_1_20' title="bbox 2087 651 3731 726">
     <span class='ocr_line' id='line_1_20' title="bbox 2087 651 3731 726; baseline 0.004 -21"><span class='ocrx_word' id='word_1_112' title='bbox 2087 667 2262 706; x_wconf 87' lang='lat' dir='ltr'><strong>sonas</strong></span> <span class='ocrx_word' id='word_1_113' title='bbox 2292 651 2567 708; x_wconf 85' lang='lat' dir='ltr'><strong>electione</strong></span> <span class='ocrx_word' id='word_1_114' title='bbox 2600 653 2955 725; x_wconf 86' lang='lat' dir='ltr'><strong>suggeritur,</strong></span> <span class='ocrx_word' id='word_1_115' title='bbox 2981 670 3219 726; x_wconf 81' lang='lat' dir='ltr'><strong>suaeque</strong></span> <span class='ocrx_word' id='word_1_116' title='bbox 3237 655 3731 712; x_wconf 87' lang='lat' dir='ltr'><strong>corroborationis</strong></span> 
     </span>
    </p>
   </div>
   <div class='ocr_carea' id='block_1_21' title="bbox 2088 740 3738 815">
    <p class='ocr_par' dir='ltr' id='par_1_21' title="bbox 2088 740 3738 815">
     <span class='ocr_line' id='line_1_21' title="bbox 2088 740 3738 815; baseline 0.003 -20"><span class='ocrx_word' id='word_1_117' title='bbox 2088 740 2404 796; x_wconf 86' lang='lat' dir='ltr'><strong>auctoritas</strong></span> <span class='ocrx_word' id='word_1_118' title='bbox 2422 741 2765 814; x_wconf 89' lang='lat' dir='ltr'><strong>suppliciter</strong></span> <span class='ocrx_word' id='word_1_119' title='bbox 2779 742 3147 814; x_wconf 90' lang='lat' dir='ltr'><strong>imploratur;</strong></span> <span class='ocrx_word' id='word_1_120' title='bbox 3163 742 3567 815; x_wconf 89' lang='lat' dir='ltr'><strong>episcoporum</strong></span> <span class='ocrx_word' id='word_1_121' title='bbox 3585 761 3738 800; x_wconf 91' lang='lat' dir='ltr'><strong>com-</strong></span> 
     </span>
    </p>
   </div>
   <div class='ocr_carea' id='block_1_22' title="bbox 2088 829 3736 905">
    <p class='ocr_par' dir='ltr' id='par_1_22' title="bbox 2088 829 3736 905">
     <span class='ocr_line' id='line_1_22' title="bbox 2088 829 3736 905; baseline 0.005 -23"><span class='ocrx_word' id='word_1_122' title='bbox 2088 829 2532 900; x_wconf 90' lang='lat' dir='ltr'><strong>provincialium</strong></span> <span class='ocrx_word' id='word_1_123' title='bbox 2555 831 2936 905; x_wconf 90' lang='lat' dir='ltr'><strong>subjungitur</strong></span> <span class='ocrx_word' id='word_1_124' title='bbox 2958 831 3286 904; x_wconf 84' lang='lat' dir='ltr'><strong>epistolaris</strong></span> <span class='ocrx_word' id='word_1_125' title='bbox 3310 833 3736 900; x_wconf 83' lang='lat' dir='ltr'><strong>assensus,ele-</strong></span> 
     </span>
    </p>
   </div>
   <div class='ocr_carea' id='block_1_23' title="bbox 2089 917 3735 993">
    <p class='ocr_par' dir='ltr' id='par_1_23' title="bbox 2089 917 3735 993">
     <span class='ocr_line' id='line_1_23' title="bbox 2089 917 3735 993; baseline 0.002 -21"><span class='ocrx_word' id='word_1_126' title='bbox 2089 917 2281 988; x_wconf 87' lang='lat' dir='ltr'><strong>otique</strong></span> <span class='ocrx_word' id='word_1_127' title='bbox 2313 919 2604 989; x_wconf 91' lang='lat' dir='ltr'><strong>pontiﬁcis</strong></span> <span class='ocrx_word' id='word_1_128' title='bbox 2654 921 2778 975; x_wconf 86' lang='lat' dir='ltr'><strong>dies</strong></span> <span class='ocrx_word' id='word_1_129' title='bbox 2809 921 3264 977; x_wconf 88' lang='lat' dir='ltr'><strong>consecrationis</strong></span> <span class='ocrx_word' id='word_1_130' title='bbox 3314 921 3634 993; x_wconf 88' lang='lat' dir='ltr'><strong>requiritur</strong></span> <span class='ocrx_word' id='word_1_131' title='bbox 3663 923 3735 977; x_wconf 90' lang='lat' dir='ltr'><strong>ab</strong></span> 
     </span>
    </p>
   </div>
   <div class='ocr_carea' id='block_1_24' title="bbox 2089 1007 3740 1082">
    <p class='ocr_par' dir='ltr' id='par_1_24' title="bbox 2089 1007 3740 1082">
     <span class='ocr_line' id='line_1_24' title="bbox 2089 1007 3740 1082; baseline 0.004 -22"><span class='ocrx_word' id='word_1_132' title='bbox 2089 1007 2382 1063; x_wconf 91' lang='lat' dir='ltr'><strong>omnibus.</strong></span> <span class='ocrx_word' id='word_1_133' title='bbox 2415 1008 2628 1063; x_wconf 79' lang='lat' dir='ltr'><strong>Audita</strong></span> <span class='ocrx_word' id='word_1_134' title='bbox 2649 1009 2953 1064; x_wconf 86' lang='lat' dir='ltr'><strong>Remensis</strong></span> <span class='ocrx_word' id='word_1_135' title='bbox 2975 1011 3460 1082; x_wconf 88' lang='lat' dir='ltr'><strong>metropolitanus</strong></span> <span class='ocrx_word' id='word_1_136' title='bbox 3488 1015 3608 1067; x_wconf 90' lang='lat' dir='ltr'><strong>tam</strong></span> <span class='ocrx_word' id='word_1_137' title='bbox 3639 1027 3740 1066; x_wconf 88' lang='lat' dir='ltr'><strong>re-</strong></span> 
     </span>
    </p>
   </div>
   <div class='ocr_carea' id='block_1_25' title="bbox 2090 1094 3738 1171">
    <p class='ocr_par' dir='ltr' id='par_1_25' title="bbox 2090 1094 3738 1171">
     <span class='ocr_line' id='line_1_25' title="bbox 2090 1094 3738 1171; baseline 0.004 -22"><span class='ocrx_word' id='word_1_138' title='bbox 2090 1094 2299 1167; x_wconf 90' lang='lat' dir='ltr'><strong>ligiosa</strong></span> <span class='ocrx_word' id='word_1_139' title='bbox 2345 1101 2584 1168; x_wconf 87' lang='lat' dir='ltr'><strong>tamque</strong></span> <span class='ocrx_word' id='word_1_140' title='bbox 2635 1097 2846 1152; x_wconf 88' lang='lat' dir='ltr'><strong>celebri</strong></span> <span class='ocrx_word' id='word_1_141' title='bbox 2894 1097 3195 1166; x_wconf 89' lang='lat' dir='ltr'><strong>electione,</strong></span> <span class='ocrx_word' id='word_1_142' title='bbox 3238 1099 3738 1171; x_wconf 86' lang='lat' dir='ltr'><strong>consideratisque</strong></span> 
     </span>
    </p>
   </div>
   <div class='ocr_carea' id='block_1_26' title="bbox 2089 1184 3734 1260">
    <p class='ocr_par' dir='ltr' id='par_1_26' title="bbox 2089 1184 3734 1260">
     <span class='ocr_line' id='line_1_26' title="bbox 2089 1184 3734 1260; baseline 0.004 -22"><span class='ocrx_word' id='word_1_143' title='bbox 2089 1184 2196 1239; x_wconf 90' lang='lat' dir='ltr'><strong>viri</strong></span> <span class='ocrx_word' id='word_1_144' title='bbox 2252 1185 2588 1251; x_wconf 89' lang='lat' dir='ltr'><strong>virtutibus,</strong></span> <span class='ocrx_word' id='word_1_145' title='bbox 2622 1186 2722 1241; x_wconf 90' lang='lat' dir='ltr'><strong>Dei</strong></span> <span class='ocrx_word' id='word_1_146' title='bbox 2765 1186 3227 1241; x_wconf 89' lang='lat' dir='ltr'><strong>muniﬁcentiam</strong></span> <span class='ocrx_word' id='word_1_147' title='bbox 3274 1187 3474 1242; x_wconf 91' lang='lat' dir='ltr'><strong>laudat</strong></span> <span class='ocrx_word' id='word_1_148' title='bbox 3504 1191 3560 1243; x_wconf 91' lang='lat' dir='ltr'><strong>et</strong></span> <span class='ocrx_word' id='word_1_149' title='bbox 3588 1189 3734 1260; x_wconf 89' lang='lat' dir='ltr'><strong>ipse.</strong></span> 
     </span>
    </p>
   </div>
   <div class='ocr_carea' id='block_1_27' title="bbox 2094 1273 3738 1348">
    <p class='ocr_par' dir='ltr' id='par_1_27' title="bbox 2094 1273 3738 1348">
     <span class='ocr_line' id='line_1_27' title="bbox 2094 1273 3738 1348; baseline 0.004 -22"><span class='ocrx_word' id='word_1_150' title='bbox 2094 1273 2308 1328; x_wconf 87' lang='lat' dir='ltr'><strong>Deinde</strong></span> <span class='ocrx_word' id='word_1_151' title='bbox 2340 1274 2653 1330; x_wconf 90' lang='lat' dir='ltr'><strong>constituto</strong></span> <span class='ocrx_word' id='word_1_152' title='bbox 2671 1275 2764 1329; x_wconf 93' lang='lat' dir='ltr'><strong>die</strong></span> <span class='ocrx_word' id='word_1_153' title='bbox 2781 1275 3022 1345; x_wconf 90' lang='lat' dir='ltr'><strong>locoque</strong></span> <span class='ocrx_word' id='word_1_154' title='bbox 3049 1275 3318 1348; x_wconf 87' lang='lat' dir='ltr'><strong>dirigitur</strong></span> <span class='ocrx_word' id='word_1_155' title='bbox 3338 1275 3586 1347; x_wconf 90' lang='lat' dir='ltr'><strong>epistola</strong></span> <span class='ocrx_word' id='word_1_156' title='bbox 3608 1293 3738 1348; x_wconf 64' lang='lat' dir='ltr'><strong>qua;</strong></span> 
     </span>
    </p>
   </div>
   <div class='ocr_carea' id='block_1_28' title="bbox 2091 1362 3733 1432">
    <p class='ocr_par' dir='ltr' id='par_1_28' title="bbox 2091 1362 3733 1432">
     <span class='ocr_line' id='line_1_28' title="bbox 2091 1362 3733 1432; baseline 0.002 -16"><span class='ocrx_word' id='word_1_157' title='bbox 2091 1365 2328 1432; x_wconf 84' lang='lat' dir='ltr'><strong>paterna</strong></span> <span class='ocrx_word' id='word_1_158' title='bbox 2358 1367 2728 1418; x_wconf 88' lang='lat' dir='ltr'><strong>commoneat</strong></span> <span class='ocrx_word' id='word_1_159' title='bbox 2758 1362 3112 1418; x_wconf 89' lang='lat' dir='ltr'><strong>Lietbertum</strong></span> <span class='ocrx_word' id='word_1_160' title='bbox 3145 1363 3378 1420; x_wconf 80' lang='lat' dir='ltr'><strong>levitam</strong></span> <span class='ocrx_word' id='word_1_161' title='bbox 3437 1381 3554 1419; x_wconf 89' lang='lat' dir='ltr'><strong>non</strong></span> <span class='ocrx_word' id='word_1_162' title='bbox 3601 1369 3733 1421; x_wconf 89' lang='lat' dir='ltr'><strong>tan-</strong></span> 
     </span>
    </p>
   </div>
   <div class='ocr_carea' id='block_1_29' title="bbox 2090 1451 3735 1526">
    <p class='ocr_par' dir='ltr' id='par_1_29' title="bbox 2090 1451 3735 1526">
     <span class='ocr_line' id='line_1_29' title="bbox 2090 1451 3735 1526; baseline 0.004 -23"><span class='ocrx_word' id='word_1_163' title='bbox 2090 1451 2394 1505; x_wconf 90' lang='lat' dir='ltr'><strong>tummodo</strong></span> <span class='ocrx_word' id='word_1_164' title='bbox 2413 1453 2720 1522; x_wconf 88' lang='lat' dir='ltr'><strong>probatum</strong></span> <span class='ocrx_word' id='word_1_165' title='bbox 2743 1453 3055 1508; x_wconf 89' lang='lat' dir='ltr'><strong>ascendere</strong></span> <span class='ocrx_word' id='word_1_166' title='bbox 3073 1453 3343 1525; x_wconf 84' lang='lat' dir='ltr'><strong>gradum,</strong></span> <span class='ocrx_word' id='word_1_167' title='bbox 3369 1453 3512 1526; x_wconf 89' lang='lat' dir='ltr'><strong>quin</strong></span> <span class='ocrx_word' id='word_1_168' title='bbox 3538 1452 3735 1525; x_wconf 86' lang='lat' dir='ltr'><strong>potius</strong></span> 
     </span>
    </p>
   </div>
   <div class='ocr_carea' id='block_1_30' title="bbox 2091 1539 3736 1614">
    <p class='ocr_par' dir='ltr' id='par_1_30' title="bbox 2091 1539 3736 1614">
     <span class='ocr_line' id='line_1_30' title="bbox 2091 1539 3736 1614; baseline 0.004 -22"><span class='ocrx_word' id='word_1_169' title='bbox 2091 1539 2395 1610; x_wconf 85' lang='lat' dir='ltr'><strong>regiminis</strong></span> <span class='ocrx_word' id='word_1_170' title='bbox 2421 1539 2818 1611; x_wconf 67' lang='lat' dir='ltr'><strong>praesulatum.</strong></span> <span class='ocrx_word' id='word_1_171' title='bbox 2838 1542 3125 1596; x_wconf 90' lang='lat' dir='ltr'><strong>Parantur</strong></span> <span class='ocrx_word' id='word_1_172' title='bbox 3153 1543 3395 1597; x_wconf 88' lang='lat' dir='ltr'><strong>comites</strong></span> <span class='ocrx_word' id='word_1_173' title='bbox 3422 1545 3479 1597; x_wconf 90' lang='lat' dir='ltr'><strong>et</strong></span> <span class='ocrx_word' id='word_1_174' title='bbox 3507 1541 3736 1614; x_wconf 88' lang='lat' dir='ltr'><strong>impen-</strong></span> 
     </span>
    </p>
   </div>
   <div class='ocr_carea' id='block_1_31' title="bbox 2091 1628 3734 1699">
    <p class='ocr_par' dir='ltr' id='par_1_31' title="bbox 2091 1628 3734 1699">
     <span class='ocr_line' id='line_1_31' title="bbox 2091 1628 3734 1699; baseline 0.004 -18"><span class='ocrx_word' id='word_1_175' title='bbox 2091 1644 2192 1693; x_wconf 67' lang='lat' dir='ltr'><strong>sae,</strong></span> <span class='ocrx_word' id='word_1_176' title='bbox 2226 1628 2544 1699; x_wconf 88' lang='lat' dir='ltr'><strong>suscipitur</strong></span> <span class='ocrx_word' id='word_1_177' title='bbox 2572 1629 2738 1685; x_wconf 89' lang='lat' dir='ltr'><strong>labor</strong></span> <span class='ocrx_word' id='word_1_178' title='bbox 2766 1629 3014 1697; x_wconf 87' lang='lat' dir='ltr'><strong>itineris,</strong></span> <span class='ocrx_word' id='word_1_179' title='bbox 3048 1646 3120 1685; x_wconf 90' lang='lat' dir='ltr'><strong>ne</strong></span> <span class='ocrx_word' id='word_1_180' title='bbox 3150 1629 3238 1685; x_wconf 87' lang='lat' dir='ltr'><strong>vel</strong></span> <span class='ocrx_word' id='word_1_181' title='bbox 3275 1631 3370 1686; x_wconf 89' lang='lat' dir='ltr'><strong>Dei</strong></span> <span class='ocrx_word' id='word_1_182' title='bbox 3399 1629 3485 1686; x_wconf 87' lang='lat' dir='ltr'><strong>vel</strong></span> <span class='ocrx_word' id='word_1_183' title='bbox 3519 1635 3734 1687; x_wconf 89' lang='lat' dir='ltr'><strong>metro-</strong></span> 
     </span>
    </p>
   </div>
   <div class='ocr_carea' id='block_1_32' title="bbox 2091 1716 3736 1792">
    <p class='ocr_par' dir='ltr' id='par_1_32' title="bbox 2091 1716 3736 1792">
     <span class='ocr_line' id='line_1_32' title="bbox 2091 1716 3736 1792; baseline 0.002 -20"><span class='ocrx_word' id='word_1_184' title='bbox 2091 1716 2333 1788; x_wconf 89' lang='lat' dir='ltr'><strong>politani</strong></span> <span class='ocrx_word' id='word_1_185' title='bbox 2364 1716 2631 1774; x_wconf 89' lang='lat' dir='ltr'><strong>videatur</strong></span> <span class='ocrx_word' id='word_1_186' title='bbox 2666 1719 3037 1788; x_wconf 87' lang='lat' dir='ltr'><strong>jussionibus</strong></span> <span class='ocrx_word' id='word_1_187' title='bbox 3067 1719 3398 1788; x_wconf 88' lang='lat' dir='ltr'><strong>contraire;</strong></span> <span class='ocrx_word' id='word_1_188' title='bbox 3448 1725 3736 1792; x_wconf 89' lang='lat' dir='ltr'><strong>peragunt</strong></span> 
     </span>
    </p>
   </div>
   <div class='ocr_carea' id='block_1_33' title="bbox 333 1798 3733 1900">
    <p class='ocr_par' dir='ltr' id='par_1_33' title="bbox 333 1798 3733 1900">
     <span class='ocr_line' id='line_1_33' title="bbox 333 1798 3733 1900; baseline 0.004 -48"><span class='ocrx_word' id='word_1_189' title='bbox 333 1804 590 1854; x_wconf 87' lang='lat' dir='ltr'><strong>armatos</strong></span> <span class='ocrx_word' id='word_1_190' title='bbox 619 1798 762 1853; x_wconf 89' lang='lat' dir='ltr'><strong>inibi</strong></span> <span class='ocrx_word' id='word_1_191' title='bbox 787 1799 1017 1869; x_wconf 89' lang='lat' dir='ltr'><strong>posuit;</strong></span> <span class='ocrx_word' id='word_1_192' title='bbox 1053 1800 1246 1855; x_wconf 89' lang='lat' dir='ltr'><strong>aulam</strong></span> <span class='ocrx_word' id='word_1_193' title='bbox 1278 1801 1671 1872; x_wconf 89' lang='lat' dir='ltr'><strong>pontiﬁcalem</strong></span> <span class='ocrx_word' id='word_1_194' title='bbox 1689 1802 1979 1874; x_wconf 86' lang='lat' dir='ltr'><strong>superbus</strong></span> <span class='ocrx_word' id='word_1_195' title='bbox 2009 1836 2057 1900; x_wconf 81' lang='grc' dir='ltr'><strong>Β</strong></span> <span class='ocrx_word' id='word_1_196' title='bbox 2090 1810 2399 1875; x_wconf 87' lang='lat' dir='ltr'><strong>augustam</strong></span> <span class='ocrx_word' id='word_1_197' title='bbox 2423 1805 2790 1877; x_wconf 91' lang='lat' dir='ltr'><strong>legationem,</strong></span> <span class='ocrx_word' id='word_1_198' title='bbox 2815 1807 3303 1880; x_wconf 89' lang='lat' dir='ltr'><strong>mansionemque</strong></span> <span class='ocrx_word' id='word_1_199' title='bbox 3325 1808 3523 1880; x_wconf 72' lang='lat' dir='ltr'><strong>primae</strong></span> <span class='ocrx_word' id='word_1_200' title='bbox 3545 1809 3733 1866; x_wconf 90' lang='lat' dir='ltr'><strong>noctis</strong></span> 
     </span>
    </p>
   </div>
   <div class='ocr_carea' id='block_1_34' title="bbox 329 1885 1973 1962">
    <p class='ocr_par' dir='ltr' id='par_1_34' title="bbox 329 1885 1973 1962">
     <span class='ocr_line' id='line_1_34' title="bbox 329 1885 1973 1962; baseline 0.003 -22"><span class='ocrx_word' id='word_1_201' title='bbox 329 1885 588 1956; x_wconf 89' lang='lat' dir='ltr'><strong>intravit,</strong></span> <span class='ocrx_word' id='word_1_202' title='bbox 646 1903 882 1942; x_wconf 82' lang='lat' dir='ltr'><strong>uxorem</strong></span> <span class='ocrx_word' id='word_1_203' title='bbox 914 1904 1080 1942; x_wconf 91' lang='lat' dir='ltr'><strong>suam</strong></span> <span class='ocrx_word' id='word_1_204' title='bbox 1115 1889 1171 1942; x_wconf 94' lang='lat' dir='ltr'><strong>in</strong></span> <span class='ocrx_word' id='word_1_205' title='bbox 1222 1905 1511 1945; x_wconf 89' lang='lat' dir='ltr'><strong>cameram</strong></span> <span class='ocrx_word' id='word_1_206' title='bbox 1560 1891 1852 1962; x_wconf 86' lang='lat' dir='ltr'><strong>pontiﬁcis</strong></span> <span class='ocrx_word' id='word_1_207' title='bbox 1884 1891 1973 1945; x_wconf 90' lang='lat' dir='ltr'><strong>in-</strong></span> 
     </span>
    </p>
   </div>
   <div class='ocr_carea' id='block_1_35' title="bbox 325 1975 1974 2049">
    <p class='ocr_par' dir='ltr' id='par_1_35' title="bbox 325 1975 1974 2049">
     <span class='ocr_line' id='line_1_35' title="bbox 325 1975 1974 2049; baseline 0.002 -20"><span class='ocrx_word' id='word_1_208' title='bbox 325 1975 662 2044; x_wconf 90' lang='lat' dir='ltr'><strong>troducens,</strong></span> <span class='ocrx_word' id='word_1_209' title='bbox 681 1979 1049 2047; x_wconf 88' lang='lat' dir='ltr'><strong>stratumque</strong></span> <span class='ocrx_word' id='word_1_210' title='bbox 1070 1993 1244 2031; x_wconf 91' lang='lat' dir='ltr'><strong>suum</strong></span> <span class='ocrx_word' id='word_1_211' title='bbox 1268 1977 1328 2031; x_wconf 91' lang='lat' dir='ltr'><strong>in</strong></span> <span class='ocrx_word' id='word_1_212' title='bbox 1351 1976 1496 2032; x_wconf 91' lang='lat' dir='ltr'><strong>lecto</strong></span> <span class='ocrx_word' id='word_1_213' title='bbox 1525 1979 1816 2049; x_wconf 89' lang='lat' dir='ltr'><strong>pontiﬁcis</strong></span> <span class='ocrx_word' id='word_1_214' title='bbox 1840 1979 1974 2034; x_wconf 87' lang='lat' dir='ltr'><strong>fecit</strong></span> 
     </span>
    </p>
   </div>
   <div class='ocr_carea' id='block_1_36' title="bbox 324 2063 1970 2139">
    <p class='ocr_par' dir='ltr' id='par_1_36' title="bbox 324 2063 1970 2139">
     <span class='ocr_line' id='line_1_36' title="bbox 324 2063 1970 2139; baseline 0.002 -21"><span class='ocrx_word' id='word_1_215' title='bbox 324 2064 542 2134; x_wconf 89' lang='lat' dir='ltr'><strong>parari,</strong></span> <span class='ocrx_word' id='word_1_216' title='bbox 575 2063 807 2136; x_wconf 87' lang='lat' dir='ltr'><strong>sibique</strong></span> <span class='ocrx_word' id='word_1_217' title='bbox 836 2069 892 2119; x_wconf 89' lang='lat' dir='ltr'><strong>et</strong></span> <span class='ocrx_word' id='word_1_218' title='bbox 939 2063 1291 2120; x_wconf 87' lang='lat' dir='ltr'><strong>satellitibus</strong></span> <span class='ocrx_word' id='word_1_219' title='bbox 1341 2066 1464 2121; x_wconf 88' lang='lat' dir='ltr'><strong>suis</strong></span> <span class='ocrx_word' id='word_1_220' title='bbox 1517 2067 1587 2120; x_wconf 87' lang='lat' dir='ltr'><strong>de</strong></span> <span class='ocrx_word' id='word_1_221' title='bbox 1635 2067 1970 2139; x_wconf 88' lang='lat' dir='ltr'><strong>sumptibus</strong></span> 
     </span>
    </p>
   </div>
   <div class='ocr_carea' id='block_1_37' title="bbox 323 2152 1969 2226">
    <p class='ocr_par' dir='ltr' id='par_1_37' title="bbox 323 2152 1969 2226">
     <span class='ocr_line' id='line_1_37' title="bbox 323 2152 1969 2226; baseline 0.002 -20"><span class='ocrx_word' id='word_1_222' title='bbox 323 2152 581 2224; x_wconf 89' lang='lat' dir='ltr'><strong>episcopi</strong></span> <span class='ocrx_word' id='word_1_223' title='bbox 614 2153 887 2224; x_wconf 81' lang='lat' dir='ltr'><strong>praecepit</strong></span> <span class='ocrx_word' id='word_1_224' title='bbox 935 2153 1276 2210; x_wconf 85' lang='lat' dir='ltr'><strong>ministrari.</strong></span> <span class='ocrx_word' id='word_1_225' title='bbox 1303 2159 1444 2210; x_wconf 87' lang='lat' dir='ltr'><strong>Cum</strong></span> <span class='ocrx_word' id='word_1_226' title='bbox 1477 2155 1597 2210; x_wconf 75' lang='lat' dir='ltr'><strong>haec</strong></span> <span class='ocrx_word' id='word_1_227' title='bbox 1639 2161 1969 2226; x_wconf 88' lang='lat' dir='ltr'><strong>agerentur,</strong></span> 
     </span>
    </p>
   </div>
   <div class='ocr_carea' id='block_1_38' title="bbox 321 2242 1971 2314">
    <p class='ocr_par' dir='ltr' id='par_1_38' title="bbox 321 2242 1971 2314">
     <span class='ocr_line' id='line_1_38' title="bbox 321 2242 1971 2314; baseline 0.003 -18"><span class='ocrx_word' id='word_1_228' title='bbox 321 2258 508 2296; x_wconf 91' lang='lat' dir='ltr'><strong>novus</strong></span> <span class='ocrx_word' id='word_1_229' title='bbox 539 2242 759 2298; x_wconf 87' lang='lat' dir='ltr'><strong>civitati</strong></span> <span class='ocrx_word' id='word_1_230' title='bbox 794 2243 1230 2314; x_wconf 89' lang='lat' dir='ltr'><strong>appropinquat</strong></span> <span class='ocrx_word' id='word_1_231' title='bbox 1259 2245 1532 2310; x_wconf 91' lang='lat' dir='ltr'><strong>domnus,</strong></span> <span class='ocrx_word' id='word_1_232' title='bbox 1576 2244 1667 2299; x_wconf 91' lang='lat' dir='ltr'><strong>cui</strong></span> <span class='ocrx_word' id='word_1_233' title='bbox 1715 2245 1971 2301; x_wconf 88' lang='lat' dir='ltr'><strong>Joannes</strong></span> 
     </span>
    </p>
   </div>
   <div class='ocr_carea' id='block_1_39' title="bbox 317 2334 1971 2405">
    <p class='ocr_par' dir='ltr' id='par_1_39' title="bbox 317 2334 1971 2405">
     <span class='ocr_line' id='line_1_39' title="bbox 317 2334 1971 2405; baseline 0.002 -19"><span class='ocrx_word' id='word_1_234' title='bbox 317 2348 455 2386; x_wconf 89' lang='lat' dir='ltr'><strong>cum</strong></span> <span class='ocrx_word' id='word_1_235' title='bbox 488 2336 691 2404; x_wconf 90' lang='lat' dir='ltr'><strong>parato</strong></span> <span class='ocrx_word' id='word_1_236' title='bbox 723 2349 1034 2388; x_wconf 88' lang='lat' dir='ltr'><strong>occurrens</strong></span> <span class='ocrx_word' id='word_1_237' title='bbox 1075 2334 1330 2388; x_wconf 82' lang='lat' dir='ltr'><strong>exercitu</strong></span> <span class='ocrx_word' id='word_1_238' title='bbox 1380 2339 1576 2405; x_wconf 90' lang='lat' dir='ltr'><strong>portas</strong></span> <span class='ocrx_word' id='word_1_239' title='bbox 1635 2334 1864 2401; x_wconf 89' lang='lat' dir='ltr'><strong>clausit,</strong></span> <span class='ocrx_word' id='word_1_240' title='bbox 1913 2339 1971 2390; x_wconf 89' lang='lat' dir='ltr'><strong>et</strong></span> 
     </span>
    </p>
   </div>
   <div class='ocr_carea' id='block_1_40' title="bbox 314 2419 1966 2494">
    <p class='ocr_par' dir='ltr' id='par_1_40' title="bbox 314 2419 1966 2494">
     <span class='ocr_line' id='line_1_40' title="bbox 314 2419 1966 2494; baseline 0.003 -20"><span class='ocrx_word' id='word_1_241' title='bbox 314 2419 488 2492; x_wconf 91' lang='lat' dir='ltr'><strong>longe</strong></span> <span class='ocrx_word' id='word_1_242' title='bbox 508 2420 743 2492; x_wconf 90' lang='lat' dir='ltr'><strong>repullit</strong></span> <span class='ocrx_word' id='word_1_243' title='bbox 760 2422 832 2476; x_wconf 91' lang='lat' dir='ltr'><strong>ab</strong></span> <span class='ocrx_word' id='word_1_244' title='bbox 846 2421 1111 2477; x_wconf 88' lang='lat' dir='ltr'><strong>introitu.</strong></span> <span class='ocrx_word' id='word_1_245' title='bbox 1130 2424 1330 2494; x_wconf 89' lang='lat' dir='ltr'><strong>Itaque</strong></span> <span class='ocrx_word' id='word_1_246' title='bbox 1346 2423 1638 2479; x_wconf 90' lang='lat' dir='ltr'><strong>divertens</strong></span> <span class='ocrx_word' id='word_1_247' title='bbox 1655 2425 1725 2479; x_wconf 91' lang='lat' dir='ltr'><strong>ad</strong></span> <span class='ocrx_word' id='word_1_248' title='bbox 1745 2423 1966 2480; x_wconf 83' lang='lat' dir='ltr'><strong>Novum</strong></span> 
     </span>
    </p>
   </div>
   <div class='ocr_carea' id='block_1_41' title="bbox 313 2509 1966 2584">
    <p class='ocr_par' dir='ltr' id='par_1_41' title="bbox 313 2509 1966 2584">
     <span class='ocr_line' id='line_1_41' title="bbox 313 2509 1966 2584; baseline 0.003 -21"><span class='ocrx_word' id='word_1_249' title='bbox 313 2509 630 2564; x_wconf 87' lang='lat' dir='ltr'><strong>Castellum</strong></span> <span class='ocrx_word' id='word_1_250' title='bbox 681 2527 816 2564; x_wconf 90' lang='lat' dir='ltr'><strong>cum</strong></span> <span class='ocrx_word' id='word_1_251' title='bbox 850 2510 1067 2566; x_wconf 86' lang='lat' dir='ltr'><strong>honore</strong></span> <span class='ocrx_word' id='word_1_252' title='bbox 1098 2515 1153 2565; x_wconf 90' lang='lat' dir='ltr'><strong>et</strong></span> <span class='ocrx_word' id='word_1_253' title='bbox 1181 2511 1381 2567; x_wconf 70' lang='lat' dir='ltr'><strong>laetitia</strong></span> <span class='ocrx_word' id='word_1_254' title='bbox 1426 2512 1702 2584; x_wconf 88' lang='lat' dir='ltr'><strong>recipitur</strong></span> <span class='ocrx_word' id='word_1_255' title='bbox 1751 2530 1784 2568; x_wconf 88' lang='lat' dir='ltr'><strong>a</strong></span> <span class='ocrx_word' id='word_1_256' title='bbox 1814 2513 1966 2578; x_wconf 87' lang='lat' dir='ltr'><strong>suis,</strong></span> 
     </span>
    </p>
   </div>
   <div class='ocr_carea' id='block_1_42' title="bbox 317 2597 1142 2670">
    <p class='ocr_par' dir='ltr' id='par_1_42' title="bbox 317 2597 1142 2670">
     <span class='ocr_line' id='line_1_42' title="bbox 317 2597 1142 2670; baseline 0.004 -18"><span class='ocrx_word' id='word_1_257' title='bbox 317 2597 519 2670; x_wconf 89' lang='lat' dir='ltr'><strong>ibique</strong></span> <span class='ocrx_word' id='word_1_258' title='bbox 549 2598 892 2670; x_wconf 88' lang='lat' dir='ltr'><strong>aliquandiu</strong></span> <span class='ocrx_word' id='word_1_259' title='bbox 925 2604 1142 2655; x_wconf 91' lang='lat' dir='ltr'><strong>manet.</strong></span> 
     </span>
    </p>
   </div>
   <div class='ocr_carea' id='block_1_43' title="bbox 942 2705 1331 2760">
    <p class='ocr_par' dir='ltr' id='par_1_43' title="bbox 942 2705 1331 2760">
     <span class='ocr_line' id='line_1_43' title="bbox 942 2705 1331 2760; baseline 0 0"><span class='ocrx_word' id='word_1_260' title='bbox 942 2705 1172 2760; x_wconf 79' lang='lat' dir='ltr'><strong>CAPUT</strong></span> <span class='ocrx_word' id='word_1_261' title='bbox 1211 2705 1331 2760; x_wconf 84' lang='lat' dir='ltr'><strong>XV.</strong></span> 
     </span>
    </p>
   </div>
   <div class='ocr_carea' id='block_1_44' title="bbox 320 2793 1966 2864">
    <p class='ocr_par' dir='ltr' id='par_1_44' title="bbox 320 2793 1966 2864">
     <span class='ocr_line' id='line_1_44' title="bbox 320 2793 1966 2864; baseline 0.001 -15"><span class='ocrx_word' id='word_1_262' title='bbox 320 2793 421 2850; x_wconf 83' lang='lat' dir='ltr'><strong>Ubi</strong></span> <span class='ocrx_word' id='word_1_263' title='bbox 450 2809 623 2849; x_wconf 87' lang='lat' dir='ltr'><strong>comes</strong></span> <span class='ocrx_word' id='word_1_264' title='bbox 672 2793 952 2847; x_wconf 70' lang='lat' dir='ltr'><strong>Flandriaa</strong></span> <span class='ocrx_word' id='word_1_265' title='bbox 1009 2794 1235 2848; x_wconf 87' lang='lat' dir='ltr'><strong>electum</strong></span> <span class='ocrx_word' id='word_1_266' title='bbox 1291 2796 1605 2864; x_wconf 77' lang='lat' dir='ltr'><strong>episcopum</strong></span> <span class='ocrx_word' id='word_1_267' title='bbox 1635 2812 1668 2848; x_wconf 90' lang='lat' dir='ltr'><strong>a</strong></span> <span class='ocrx_word' id='word_1_268' title='bbox 1731 2796 1966 2850; x_wconf 72' lang='grc' dir='ltr'><strong>ϐαδιθίἰο</strong></span> 
     </span>
    </p>
   </div>
   <div class='ocr_carea' id='block_1_45' title="bbox 662 2865 1615 2936">
    <p class='ocr_par' dir='ltr' id='par_1_45' title="bbox 662 2865 1615 2936">
     <span class='ocr_line' id='line_1_45' title="bbox 662 2865 1615 2936; baseline -0.001 -17"><span class='ocrx_word' id='word_1_269' title='bbox 662 2880 832 2936; x_wconf 86' lang='lat' dir='ltr'><strong>usque</strong></span> <span class='ocrx_word' id='word_1_270' title='bbox 860 2865 929 2918; x_wconf 89' lang='lat' dir='ltr'><strong>ad</strong></span> <span class='ocrx_word' id='word_1_271' title='bbox 958 2865 1148 2919; x_wconf 84' lang='lat' dir='ltr'><strong>urbem</strong></span> <span class='ocrx_word' id='word_1_272' title='bbox 1176 2881 1354 2920; x_wconf 88' lang='lat' dir='ltr'><strong>secum</strong></span> <span class='ocrx_word' id='word_1_273' title='bbox 1381 2865 1615 2922; x_wconf 83' lang='lat' dir='ltr'><strong>deducit.</strong></span> 
     </span>
    </p>
   </div>
   <div class='ocr_carea' id='block_1_46' title="bbox 390 2952 1965 3026">
    <p class='ocr_par' dir='ltr' id='par_1_46' title="bbox 390 2952 1965 3026">
     <span class='ocr_line' id='line_1_46' title="bbox 390 2952 1965 3026; baseline 0.002 -19"><span class='ocrx_word' id='word_1_274' title='bbox 390 2953 638 3008; x_wconf 86' lang='lat' dir='ltr'><strong>Rediens</strong></span> <span class='ocrx_word' id='word_1_275' title='bbox 680 2969 874 3007; x_wconf 91' lang='lat' dir='ltr'><strong>comes</strong></span> <span class='ocrx_word' id='word_1_276' title='bbox 935 2952 1341 3007; x_wconf 89' lang='lat' dir='ltr'><strong>Flandriarum</strong></span> <span class='ocrx_word' id='word_1_277' title='bbox 1392 2953 1716 3010; x_wconf 89' lang='lat' dir='ltr'><strong>Balduinus</strong></span> <span class='ocrx_word' id='word_1_278' title='bbox 1771 2972 1802 3008; x_wconf 88' lang='lat' dir='ltr'><strong>a</strong></span> <span class='ocrx_word' id='word_1_279' title='bbox 1833 2969 1965 3026; x_wconf 87' lang='lat' dir='ltr'><strong>rege</strong></span> 
     </span>
    </p>
   </div>
   <div class='ocr_carea' id='block_1_47' title="bbox 319 3040 1967 3114">
    <p class='ocr_par' dir='ltr' id='par_1_47' title="bbox 319 3040 1967 3114">
     <span class='ocr_line' id='line_1_47' title="bbox 319 3040 1967 3114; baseline 0.001 -18"><span class='ocrx_word' id='word_1_280' title='bbox 319 3042 679 3096; x_wconf 87' lang='lat' dir='ltr'><strong>Francorum</strong></span> <span class='ocrx_word' id='word_1_281' title='bbox 733 3058 866 3096; x_wconf 90' lang='lat' dir='ltr'><strong>eum</strong></span> <span class='ocrx_word' id='word_1_282' title='bbox 898 3040 979 3096; x_wconf 91' lang='lat' dir='ltr'><strong>ibi</strong></span> <span class='ocrx_word' id='word_1_283' title='bbox 1030 3041 1266 3112; x_wconf 89' lang='lat' dir='ltr'><strong>invenit,</strong></span> <span class='ocrx_word' id='word_1_284' title='bbox 1314 3050 1366 3096; x_wconf 83' lang='lat' dir='ltr'><strong>et</strong></span> <span class='ocrx_word' id='word_1_285' title='bbox 1416 3043 1486 3097; x_wconf 91' lang='lat' dir='ltr'><strong>de</strong></span> <span class='ocrx_word' id='word_1_286' title='bbox 1537 3044 1794 3098; x_wconf 87' lang='lat' dir='ltr'><strong>dominio</strong></span> <span class='ocrx_word' id='word_1_287' title='bbox 1838 3045 1967 3114; x_wconf 83' lang='lat' dir='ltr'><strong>ejus</strong></span> 
     </span>
    </p>
   </div>
   <div class='ocr_carea' id='block_1_48' title="bbox 315 3130 1964 3201">
    <p class='ocr_par' dir='ltr' id='par_1_48' title="bbox 315 3130 1964 3201">
     <span class='ocr_line' id='line_1_48' title="bbox 315 3130 1964 3201; baseline 0.001 -16"><span class='ocrx_word' id='word_1_288' title='bbox 315 3130 482 3185; x_wconf 70' lang='lat' dir='ltr'><strong>laetus</strong></span> <span class='ocrx_word' id='word_1_289' title='bbox 514 3132 756 3186; x_wconf 75' lang='lat' dir='ltr'><strong>effectus</strong></span> <span class='ocrx_word' id='word_1_290' title='bbox 815 3147 1001 3201; x_wconf 90' lang='lat' dir='ltr'><strong>usque</strong></span> <span class='ocrx_word' id='word_1_291' title='bbox 1033 3131 1103 3184; x_wconf 88' lang='lat' dir='ltr'><strong>ad</strong></span> <span class='ocrx_word' id='word_1_292' title='bbox 1146 3130 1436 3186; x_wconf 90' lang='lat' dir='ltr'><strong>civitatem</strong></span> <span class='ocrx_word' id='word_1_293' title='bbox 1490 3135 1964 3187; x_wconf 88' lang='lat' dir='ltr'><strong>Cameracensem</strong></span> 
     </span>
    </p>
   </div>
   <div class='ocr_carea' id='block_1_49' title="bbox 314 3218 1966 3289">
    <p class='ocr_par' dir='ltr' id='par_1_49' title="bbox 314 3218 1966 3289">
     <span class='ocr_line' id='line_1_49' title="bbox 314 3218 1966 3289; baseline 0.001 -15"><span class='ocrx_word' id='word_1_294' title='bbox 314 3235 515 3274; x_wconf 90' lang='lat' dir='ltr'><strong>secum</strong></span> <span class='ocrx_word' id='word_1_295' title='bbox 545 3219 801 3273; x_wconf 83' lang='lat' dir='ltr'><strong>deduxit.</strong></span> <span class='ocrx_word' id='word_1_296' title='bbox 853 3218 1480 3289; x_wconf 87' lang='lat' dir='ltr'><strong>Appropinquantibus</strong></span> <span class='ocrx_word' id='word_1_297' title='bbox 1518 3219 1623 3285; x_wconf 90' lang='lat' dir='ltr'><strong>eis,</strong></span> <span class='ocrx_word' id='word_1_298' title='bbox 1658 3219 1966 3276; x_wconf 86' lang='lat' dir='ltr'><strong>nuntiatur</strong></span> 
     </span>
    </p>
   </div>
   <div class='ocr_carea' id='block_1_50' title="bbox 310 3307 1961 3379">
    <p class='ocr_par' dir='ltr' id='par_1_50' title="bbox 310 3307 1961 3379">
     <span class='ocr_line' id='line_1_50' title="bbox 310 3307 1961 3379; baseline 0.001 -17"><span class='ocrx_word' id='word_1_299' title='bbox 310 3307 548 3374; x_wconf 87' lang='lat' dir='ltr'><strong>Joanni,</strong></span> <span class='ocrx_word' id='word_1_300' title='bbox 585 3307 682 3378; x_wconf 91' lang='lat' dir='ltr'><strong>qui</strong></span> <span class='ocrx_word' id='word_1_301' title='bbox 715 3324 848 3362; x_wconf 84' lang='lat' dir='ltr'><strong>mox</strong></span> <span class='ocrx_word' id='word_1_302' title='bbox 905 3308 1043 3379; x_wconf 87' lang='lat' dir='ltr'><strong>fuga</strong></span> <span class='ocrx_word' id='word_1_303' title='bbox 1094 3307 1293 3378; x_wconf 88' lang='lat' dir='ltr'><strong>lapsus</strong></span> <span class='ocrx_word' id='word_1_304' title='bbox 1346 3307 1595 3363; x_wconf 90' lang='lat' dir='ltr'><strong>liberum</strong></span> <span class='ocrx_word' id='word_1_305' title='bbox 1655 3308 1961 3364; x_wconf 89' lang='lat' dir='ltr'><strong>introitum</strong></span> 
     </span>
    </p>
   </div>
   <div class='ocr_carea' id='block_1_51' title="bbox 312 3396 1964 3470">
    <p class='ocr_par' dir='ltr' id='par_1_51' title="bbox 312 3396 1964 3470">
     <span class='ocr_line' id='line_1_51' title="bbox 312 3396 1964 3470; baseline 0 -18"><span class='ocrx_word' id='word_1_306' title='bbox 312 3396 602 3452; x_wconf 87' lang='lat' dir='ltr'><strong>concessit</strong></span> <span class='ocrx_word' id='word_1_307' title='bbox 622 3396 858 3451; x_wconf 92' lang='lat' dir='ltr'><strong>domino</strong></span> <span class='ocrx_word' id='word_1_308' title='bbox 880 3396 1153 3452; x_wconf 90' lang='lat' dir='ltr'><strong>venienti.</strong></span> <span class='ocrx_word' id='word_1_309' title='bbox 1176 3396 1546 3452; x_wconf 85' lang='lat' dir='ltr'><strong>Exhilaratus</strong></span> <span class='ocrx_word' id='word_1_310' title='bbox 1569 3398 1784 3468; x_wconf 89' lang='lat' dir='ltr'><strong>gaudet</strong></span> <span class='ocrx_word' id='word_1_311' title='bbox 1808 3398 1964 3470; x_wconf 90' lang='lat' dir='ltr'><strong>prin-</strong></span> 
     </span>
    </p>
   </div>
   <div class='ocr_carea' id='block_1_52' title="bbox 312 3485 1962 3558">
    <p class='ocr_par' dir='ltr' id='par_1_52' title="bbox 312 3485 1962 3558">
     <span class='ocr_line' id='line_1_52' title="bbox 312 3485 1962 3558; baseline 0.001 -18"><span class='ocrx_word' id='word_1_312' title='bbox 312 3501 451 3558; x_wconf 90' lang='lat' dir='ltr'><strong>ceps</strong></span> <span class='ocrx_word' id='word_1_313' title='bbox 481 3485 681 3557; x_wconf 70' lang='lat' dir='ltr'><strong>patriae</strong></span> <span class='ocrx_word' id='word_1_314' title='bbox 737 3502 871 3540; x_wconf 78' lang='lat' dir='ltr'><strong>mox</strong></span> <span class='ocrx_word' id='word_1_315' title='bbox 915 3486 1242 3541; x_wconf 89' lang='lat' dir='ltr'><strong>sacrandus</strong></span> <span class='ocrx_word' id='word_1_316' title='bbox 1291 3486 1624 3557; x_wconf 89' lang='lat' dir='ltr'><strong>episcopus,</strong></span> <span class='ocrx_word' id='word_1_317' title='bbox 1683 3491 1809 3542; x_wconf 89' lang='lat' dir='ltr'><strong>tum</strong></span> <span class='ocrx_word' id='word_1_318' title='bbox 1860 3504 1962 3558; x_wconf 90' lang='lat' dir='ltr'><strong>pro</strong></span> 
     </span>
    </p>
   </div>
   <div class='ocr_carea' id='block_1_53' title="bbox 317 3573 1964 3645">
    <p class='ocr_par' dir='ltr' id='par_1_53' title="bbox 317 3573 1964 3645">
     <span class='ocr_line' id='line_1_53' title="bbox 317 3573 1964 3645; baseline 0.001 -17"><span class='ocrx_word' id='word_1_319' title='bbox 317 3575 532 3644; x_wconf 89' lang='lat' dir='ltr'><strong>adepta</strong></span> <span class='ocrx_word' id='word_1_320' title='bbox 562 3573 750 3645; x_wconf 88' lang='lat' dir='ltr'><strong>gratia</strong></span> <span class='ocrx_word' id='word_1_321' title='bbox 796 3574 1187 3645; x_wconf 85' lang='lat' dir='ltr'><strong>imperatoris,</strong></span> <span class='ocrx_word' id='word_1_322' title='bbox 1223 3578 1347 3628; x_wconf 89' lang='lat' dir='ltr'><strong>tum</strong></span> <span class='ocrx_word' id='word_1_323' title='bbox 1401 3574 1470 3629; x_wconf 88' lang='lat' dir='ltr'><strong>de</strong></span> <span class='ocrx_word' id='word_1_324' title='bbox 1502 3574 1689 3630; x_wconf 90' lang='lat' dir='ltr'><strong>rabidi</strong></span> <span class='ocrx_word' id='word_1_325' title='bbox 1720 3575 1964 3630; x_wconf 87' lang='lat' dir='ltr'><strong>Joannis</strong></span> 
     </span>
    </p>
   </div>
   <div class='ocr_carea' id='block_1_54' title="bbox 316 3661 1964 3733">
    <p class='ocr_par' dir='ltr' id='par_1_54' title="bbox 316 3661 1964 3733">
     <span class='ocr_line' id='line_1_54' title="bbox 316 3661 1964 3733; baseline 0.001 -15"><span class='ocrx_word' id='word_1_326' title='bbox 316 3666 592 3732; x_wconf 90' lang='lat' dir='ltr'><strong>superata</strong></span> <span class='ocrx_word' id='word_1_327' title='bbox 609 3661 901 3733; x_wconf 88' lang='lat' dir='ltr'><strong>superbia,</strong></span> <span class='ocrx_word' id='word_1_328' title='bbox 915 3662 1203 3718; x_wconf 85' lang='lat' dir='ltr'><strong>civitatem</strong></span> <span class='ocrx_word' id='word_1_329' title='bbox 1219 3668 1592 3718; x_wconf 89' lang='lat' dir='ltr'><strong>Cameracum</strong></span> <span class='ocrx_word' id='word_1_330' title='bbox 1609 3663 1964 3720; x_wconf 89' lang='lat' dir='ltr'><strong>omnimodis</strong></span> 
     </span>
    </p>
   </div>
   <div class='ocr_carea' id='block_1_55' title="bbox 316 3750 1961 3822">
    <p class='ocr_par' dir='ltr' id='par_1_55' title="bbox 316 3750 1961 3822">
     <span class='ocr_line' id='line_1_55' title="bbox 316 3750 1961 3822; baseline -0.001 -16"><span class='ocrx_word' id='word_1_331' title='bbox 316 3750 572 3806; x_wconf 85' lang='lat' dir='ltr'><strong>exaltare</strong></span> <span class='ocrx_word' id='word_1_332' title='bbox 603 3751 926 3821; x_wconf 90' lang='lat' dir='ltr'><strong>satagebat.</strong></span> <span class='ocrx_word' id='word_1_333' title='bbox 961 3750 1122 3806; x_wconf 85' lang='lat' dir='ltr'><strong>Cives</strong></span> <span class='ocrx_word' id='word_1_334' title='bbox 1154 3751 1352 3822; x_wconf 89' lang='lat' dir='ltr'><strong>itaque</strong></span> <span class='ocrx_word' id='word_1_335' title='bbox 1403 3753 1502 3822; x_wconf 92' lang='lat' dir='ltr'><strong>qui</strong></span> <span class='ocrx_word' id='word_1_336' title='bbox 1538 3752 1778 3806; x_wconf 67' lang='lat' dir='ltr'><strong>diutinae</strong></span> <span class='ocrx_word' id='word_1_337' title='bbox 1809 3752 1961 3806; x_wconf 89' lang='lat' dir='ltr'><strong>sedi-</strong></span> 
     </span>
    </p>
   </div>
   <div class='ocr_carea' id='block_1_56' title="bbox 319 3839 1964 3912">
    <p class='ocr_par' dir='ltr' id='par_1_56' title="bbox 319 3839 1964 3912">
     <span class='ocr_line' id='line_1_56' title="bbox 319 3839 1964 3912; baseline 0.002 -19"><span class='ocrx_word' id='word_1_338' title='bbox 319 3839 497 3894; x_wconf 90' lang='lat' dir='ltr'><strong>tionis</strong></span> <span class='ocrx_word' id='word_1_339' title='bbox 527 3839 902 3910; x_wconf 90' lang='lat' dir='ltr'><strong>oppressione</strong></span> <span class='ocrx_word' id='word_1_340' title='bbox 933 3840 1256 3910; x_wconf 89' lang='lat' dir='ltr'><strong>paupertati</strong></span> <span class='ocrx_word' id='word_1_341' title='bbox 1287 3840 1500 3894; x_wconf 89' lang='lat' dir='ltr'><strong>redacti</strong></span> <span class='ocrx_word' id='word_1_342' title='bbox 1522 3842 1768 3911; x_wconf 87' lang='lat' dir='ltr'><strong>fuerant,</strong></span> <span class='ocrx_word' id='word_1_343' title='bbox 1803 3842 1964 3912; x_wconf 89' lang='lat' dir='ltr'><strong>pacis</strong></span> 
     </span>
    </p>
   </div>
   <div class='ocr_carea' id='block_1_57' title="bbox 317 3927 1966 3999">
    <p class='ocr_par' dir='ltr' id='par_1_57' title="bbox 317 3927 1966 3999">
     <span class='ocr_line' id='line_1_57' title="bbox 317 3927 1966 3999; baseline 0.001 -17"><span class='ocrx_word' id='word_1_344' title='bbox 317 3927 630 3983; x_wconf 89' lang='lat' dir='ltr'><strong>dulcedine</strong></span> <span class='ocrx_word' id='word_1_345' title='bbox 650 3928 945 3998; x_wconf 89' lang='lat' dir='ltr'><strong>viviﬁcati,</strong></span> <span class='ocrx_word' id='word_1_346' title='bbox 969 3928 1136 3999; x_wconf 91' lang='lat' dir='ltr'><strong>quasi</strong></span> <span class='ocrx_word' id='word_1_347' title='bbox 1160 3929 1228 3983; x_wconf 92' lang='lat' dir='ltr'><strong>de</strong></span> <span class='ocrx_word' id='word_1_348' title='bbox 1252 3929 1526 3984; x_wconf 89' lang='lat' dir='ltr'><strong>barathro</strong></span> <span class='ocrx_word' id='word_1_349' title='bbox 1554 3929 1758 3985; x_wconf 90' lang='lat' dir='ltr'><strong>mortis</strong></span> <span class='ocrx_word' id='word_1_350' title='bbox 1777 3946 1966 3984; x_wconf 86' lang='lat' dir='ltr'><strong>resur-</strong></span> 
     </span>
    </p>
   </div>
   <div class='ocr_carea' id='block_1_58' title="bbox 317 4016 1964 4090">
    <p class='ocr_par' dir='ltr' id='par_1_58' title="bbox 317 4016 1964 4090">
     <span class='ocr_line' id='line_1_58' title="bbox 317 4016 1964 4090; baseline 0.001 -18"><span class='ocrx_word' id='word_1_351' title='bbox 317 4018 550 4089; x_wconf 86' lang='lat' dir='ltr'><strong>gebant,</strong></span> <span class='ocrx_word' id='word_1_352' title='bbox 612 4016 1006 4072; x_wconf 90' lang='lat' dir='ltr'><strong>sollicitudine</strong></span> <span class='ocrx_word' id='word_1_353' title='bbox 1051 4018 1289 4089; x_wconf 91' lang='lat' dir='ltr'><strong>quidem</strong></span> <span class='ocrx_word' id='word_1_354' title='bbox 1323 4022 1379 4073; x_wconf 91' lang='lat' dir='ltr'><strong>et</strong></span> <span class='ocrx_word' id='word_1_355' title='bbox 1435 4019 1626 4074; x_wconf 92' lang='lat' dir='ltr'><strong>studio</strong></span> <span class='ocrx_word' id='word_1_356' title='bbox 1686 4018 1964 4090; x_wconf 91' lang='lat' dir='ltr'><strong>principis</strong></span> 
     </span>
    </p>
   </div>
   <div class='ocr_carea' id='block_1_59' title="bbox 317 4105 1962 4178">
    <p class='ocr_par' dir='ltr' id='par_1_59' title="bbox 317 4105 1962 4178">
     <span class='ocr_line' id='line_1_59' title="bbox 317 4105 1962 4178; baseline 0.001 -17"><span class='ocrx_word' id='word_1_357' title='bbox 317 4106 450 4161; x_wconf 85' lang='lat' dir='ltr'><strong>novi</strong></span> <span class='ocrx_word' id='word_1_358' title='bbox 479 4106 539 4160; x_wconf 92' lang='lat' dir='ltr'><strong>in</strong></span> <span class='ocrx_word' id='word_1_359' title='bbox 570 4105 798 4161; x_wconf 88' lang='lat' dir='ltr'><strong>civitate</strong></span> <span class='ocrx_word' id='word_1_360' title='bbox 847 4106 1271 4174; x_wconf 87' lang='lat' dir='ltr'><strong>Cameracensi,</strong></span> <span class='ocrx_word' id='word_1_361' title='bbox 1308 4112 1363 4161; x_wconf 92' lang='lat' dir='ltr'><strong>et</strong></span> <span class='ocrx_word' id='word_1_362' title='bbox 1415 4107 1873 4178; x_wconf 87' lang='lat' dir='ltr'><strong>circumquaque</strong></span> <span class='ocrx_word' id='word_1_363' title='bbox 1903 4107 1962 4162; x_wconf 90' lang='lat' dir='ltr'><strong>in</strong></span> 
     </span>
    </p>
   </div>
   <div class='ocr_carea' id='block_1_60' title="bbox 320 4194 1962 4266">
    <p class='ocr_par' dir='ltr' id='par_1_60' title="bbox 320 4194 1962 4266">
     <span class='ocr_line' id='line_1_60' title="bbox 320 4194 1962 4266; baseline 0.001 -17"><span class='ocrx_word' id='word_1_364' title='bbox 320 4194 596 4250; x_wconf 90' lang='lat' dir='ltr'><strong>omnibus</strong></span> <span class='ocrx_word' id='word_1_365' title='bbox 644 4195 1004 4266; x_wconf 90' lang='lat' dir='ltr'><strong>appendiciis</strong></span> <span class='ocrx_word' id='word_1_366' title='bbox 1057 4195 1458 4250; x_wconf 88' lang='lat' dir='ltr'><strong>misericordia</strong></span> <span class='ocrx_word' id='word_1_367' title='bbox 1484 4200 1539 4250; x_wconf 91' lang='lat' dir='ltr'><strong>et</strong></span> <span class='ocrx_word' id='word_1_368' title='bbox 1587 4197 1799 4250; x_wconf 89' lang='lat' dir='ltr'><strong>veritas</strong></span> <span class='ocrx_word' id='word_1_369' title='bbox 1851 4195 1962 4251; x_wconf 90' lang='lat' dir='ltr'><strong>sibi</strong></span> 
     </span>
    </p>
   </div>
   <div class='ocr_carea' id='block_1_61' title="bbox 318 4282 1964 4355">
    <p class='ocr_par' dir='ltr' id='par_1_61' title="bbox 318 4282 1964 4355">
     <span class='ocr_line' id='line_1_61' title="bbox 318 4282 1964 4355; baseline 0.001 -17"><span class='ocrx_word' id='word_1_370' title='bbox 318 4283 653 4353; x_wconf 86' lang='lat' dir='ltr'><strong>obviabant,</strong></span> <span class='ocrx_word' id='word_1_371' title='bbox 683 4287 739 4338; x_wconf 91' lang='lat' dir='ltr'><strong>et</strong></span> <span class='ocrx_word' id='word_1_372' title='bbox 770 4284 928 4354; x_wconf 89' lang='lat' dir='ltr'><strong>pacis</strong></span> <span class='ocrx_word' id='word_1_373' title='bbox 953 4282 1155 4338; x_wconf 87' lang='lat' dir='ltr'><strong>oscula</strong></span> <span class='ocrx_word' id='word_1_374' title='bbox 1178 4283 1467 4350; x_wconf 89' lang='lat' dir='ltr'><strong>libabant;</strong></span> <span class='ocrx_word' id='word_1_375' title='bbox 1501 4289 1702 4355; x_wconf 90' lang='lat' dir='ltr'><strong>aperta</strong></span> <span class='ocrx_word' id='word_1_376' title='bbox 1726 4290 1782 4338; x_wconf 90' lang='lat' dir='ltr'><strong>et</strong></span> <span class='ocrx_word' id='word_1_377' title='bbox 1813 4301 1964 4340; x_wconf 92' lang='lat' dir='ltr'><strong>rese-</strong></span> 
     </span>
    </p>
   </div>
   <div class='ocr_carea' id='block_1_62' title="bbox 320 4372 1965 4444">
    <p class='ocr_par' dir='ltr' id='par_1_62' title="bbox 320 4372 1965 4444">
     <span class='ocr_line' id='line_1_62' title="bbox 320 4372 1965 4444; baseline 0 -16"><span class='ocrx_word' id='word_1_378' title='bbox 320 4377 446 4428; x_wconf 86' lang='lat' dir='ltr'><strong>rata</strong></span> <span class='ocrx_word' id='word_1_379' title='bbox 466 4376 604 4427; x_wconf 85' lang='lat' dir='ltr'><strong>sunt</strong></span> <span class='ocrx_word' id='word_1_380' title='bbox 625 4373 841 4442; x_wconf 85' lang='lat' dir='ltr'><strong>omnia,</strong></span> <span class='ocrx_word' id='word_1_381' title='bbox 866 4389 969 4428; x_wconf 88' lang='lat' dir='ltr'><strong>nec</strong></span> <span class='ocrx_word' id='word_1_382' title='bbox 987 4372 1388 4438; x_wconf 83' lang='lat' dir='ltr'><strong>furinventus,</strong></span> <span class='ocrx_word' id='word_1_383' title='bbox 1413 4387 1517 4426; x_wconf 90' lang='lat' dir='ltr'><strong>nec</strong></span> <span class='ocrx_word' id='word_1_384' title='bbox 1540 4373 1750 4442; x_wconf 61' lang='lat' dir='ltr'><strong>praedo,</strong></span> <span class='ocrx_word' id='word_1_385' title='bbox 1777 4390 1965 4444; x_wconf 90' lang='lat' dir='ltr'><strong>neque</strong></span> 
     </span>
    </p>
   </div>
   <div class='ocr_carea' id='block_1_63' title="bbox 319 4459 1966 4533">
    <p class='ocr_par' dir='ltr' id='par_1_63' title="bbox 319 4459 1966 4533">
     <span class='ocr_line' id='line_1_63' title="bbox 319 4459 1966 4533; baseline -0.001 -18"><span class='ocrx_word' id='word_1_386' title='bbox 319 4459 570 4532; x_wconf 89' lang='lat' dir='ltr'><strong>quilibet</strong></span> <span class='ocrx_word' id='word_1_387' title='bbox 592 4461 902 4531; x_wconf 87' lang='lat' dir='ltr'><strong>injurians,</strong></span> <span class='ocrx_word' id='word_1_388' title='bbox 933 4461 1032 4533; x_wconf 92' lang='lat' dir='ltr'><strong>qui</strong></span> <span class='ocrx_word' id='word_1_389' title='bbox 1066 4461 1282 4516; x_wconf 90' lang='lat' dir='ltr'><strong>damna</strong></span> <span class='ocrx_word' id='word_1_390' title='bbox 1311 4460 1523 4516; x_wconf 89' lang='lat' dir='ltr'><strong>inferat</strong></span> <span class='ocrx_word' id='word_1_391' title='bbox 1545 4459 1738 4514; x_wconf 90' lang='lat' dir='ltr'><strong>alicui.</strong></span> <span class='ocrx_word' id='word_1_392' title='bbox 1765 4461 1966 4516; x_wconf 89' lang='lat' dir='ltr'><strong>Clerici</strong></span> 
     </span>
    </p>
   </div>
   <div class='ocr_carea' id='block_1_64' title="bbox 2087 1893 3735 1967">
    <p class='ocr_par' dir='ltr' id='par_1_64' title="bbox 2087 1893 3735 1967">
     <span class='ocr_line' id='line_1_64' title="bbox 2087 1893 3735 1967; baseline 0.004 -21"><span class='ocrx_word' id='word_1_393' title='bbox 2087 1897 2385 1948; x_wconf 86' lang='lat' dir='ltr'><strong>metantur</strong></span> <span class='ocrx_word' id='word_1_394' title='bbox 2415 1893 2569 1965; x_wconf 90' lang='lat' dir='ltr'><strong>apud</strong></span> <span class='ocrx_word' id='word_1_395' title='bbox 2602 1894 2970 1950; x_wconf 89' lang='lat' dir='ltr'><strong>Laudunum.</strong></span> <span class='ocrx_word' id='word_1_396' title='bbox 3004 1895 3262 1967; x_wconf 89' lang='lat' dir='ltr'><strong>Suscipit</strong></span> <span class='ocrx_word' id='word_1_397' title='bbox 3289 1895 3526 1952; x_wconf 89' lang='lat' dir='ltr'><strong>levitam</strong></span> <span class='ocrx_word' id='word_1_398' title='bbox 3575 1897 3735 1952; x_wconf 65' lang='lat' dir='ltr'><strong>leta-</strong></span> 
     </span>
    </p>
   </div>
   <div class='ocr_carea' id='block_1_65' title="bbox 2082 1981 3721 2055">
    <p class='ocr_par' dir='ltr' id='par_1_65' title="bbox 2082 1981 3721 2055">
     <span class='ocr_line' id='line_1_65' title="bbox 2082 1981 3721 2055; baseline 0.002 -20"><span class='ocrx_word' id='word_1_399' title='bbox 2082 1981 2280 2037; x_wconf 90' lang='lat' dir='ltr'><strong>bunda</strong></span> <span class='ocrx_word' id='word_1_400' title='bbox 2312 1982 2650 2054; x_wconf 88' lang='lat' dir='ltr'><strong>Laudunus,</strong></span> <span class='ocrx_word' id='word_1_401' title='bbox 2683 1987 2739 2038; x_wconf 92' lang='lat' dir='ltr'><strong>et</strong></span> <span class='ocrx_word' id='word_1_402' title='bbox 2759 1983 2894 2053; x_wconf 88' lang='lat' dir='ltr'><strong>jure</strong></span> <span class='ocrx_word' id='word_1_403' title='bbox 2922 1983 3151 2038; x_wconf 90' lang='lat' dir='ltr'><strong>fovebat</strong></span> <span class='ocrx_word' id='word_1_404' title='bbox 3178 1983 3438 2055; x_wconf 84' lang='lat' dir='ltr'><strong>hospitii,</strong></span> <span class='ocrx_word' id='word_1_405' title='bbox 3471 1997 3721 2054; x_wconf 82' lang='lat' dir='ltr'><strong>moxque</strong></span> 
     </span>
    </p>
   </div>
   <div class='ocr_carea' id='block_1_66' title="bbox 2081 2071 3725 2142">
    <p class='ocr_par' dir='ltr' id='par_1_66' title="bbox 2081 2071 3725 2142">
     <span class='ocr_line' id='line_1_66' title="bbox 2081 2071 3725 2142; baseline 0.001 -18"><span class='ocrx_word' id='word_1_406' title='bbox 2081 2086 2440 2141; x_wconf 72' lang='lat' dir='ltr'><strong>prmcessura</strong></span> <span class='ocrx_word' id='word_1_407' title='bbox 2469 2087 2601 2126; x_wconf 92' lang='lat' dir='ltr'><strong>cum</strong></span> <span class='ocrx_word' id='word_1_408' title='bbox 2630 2071 2865 2142; x_wconf 83' lang='lat' dir='ltr'><strong>hymnis</strong></span> <span class='ocrx_word' id='word_1_409' title='bbox 2897 2076 2953 2127; x_wconf 91' lang='lat' dir='ltr'><strong>et</strong></span> <span class='ocrx_word' id='word_1_410' title='bbox 2981 2071 3279 2140; x_wconf 89' lang='lat' dir='ltr'><strong>laudibus,</strong></span> <span class='ocrx_word' id='word_1_411' title='bbox 3313 2071 3474 2128; x_wconf 89' lang='lat' dir='ltr'><strong>cultu</strong></span> <span class='ocrx_word' id='word_1_412' title='bbox 3503 2076 3562 2129; x_wconf 89' lang='lat' dir='ltr'><strong>et</strong></span> <span class='ocrx_word' id='word_1_413' title='bbox 3587 2071 3725 2128; x_wconf 92' lang='lat' dir='ltr'><strong>reli-</strong></span> 
     </span>
    </p>
   </div>
   <div class='ocr_carea' id='block_1_67' title="bbox 2077 2158 3234 2231">
    <p class='ocr_par' dir='ltr' id='par_1_67' title="bbox 2077 2158 3234 2231">
     <span class='ocr_line' id='line_1_67' title="bbox 2077 2158 3234 2231; baseline 0.002 -18"><span class='ocrx_word' id='word_1_414' title='bbox 2077 2158 2248 2231; x_wconf 88' lang='lat' dir='ltr'><strong>gione</strong></span> <span class='ocrx_word' id='word_1_415' title='bbox 2277 2158 2556 2214; x_wconf 89' lang='lat' dir='ltr'><strong>canonica</strong></span> <span class='ocrx_word' id='word_1_416' title='bbox 2585 2159 2924 2230; x_wconf 89' lang='lat' dir='ltr'><strong>repatrianti</strong></span> <span class='ocrx_word' id='word_1_417' title='bbox 2956 2159 3234 2231; x_wconf 89' lang='lat' dir='ltr'><strong>pontiﬁci.</strong></span> 
     </span>
    </p>
   </div>
   <div class='ocr_carea' id='block_1_68' title="bbox 2081 2284 3314 2354">
    <p class='ocr_par' dir='ltr' id='par_1_68' title="bbox 2081 2284 3314 2354">
     <span class='ocr_line' id='line_1_68' title="bbox 2081 2284 3314 2354; baseline 0 -15"><span class='ocrx_word' id='word_1_418' title='bbox 2081 2285 2270 2339; x_wconf 85' lang='lat' dir='ltr'><strong>Titoni</strong></span> <span class='ocrx_word' id='word_1_419' title='bbox 2298 2299 2546 2338; x_wconf 75' lang='lat' dir='ltr'><strong>croceum</strong></span> <span class='ocrx_word' id='word_1_420' title='bbox 2577 2284 2831 2354; x_wconf 78' lang='lat' dir='ltr'><strong>linquens</strong></span> <span class='ocrx_word' id='word_1_421' title='bbox 2866 2290 3090 2340; x_wconf 71' lang='lat' dir='ltr'><strong>Aurora</strong></span> <span class='ocrx_word' id='word_1_422' title='bbox 3118 2285 3314 2350; x_wconf 88' lang='lat' dir='ltr'><strong>cubile,</strong></span> 
     </span>
    </p>
   </div>
   <div class='ocr_carea' id='block_1_69' title="bbox 2079 2354 3352 2426">
    <p class='ocr_par' dir='ltr' id='par_1_69' title="bbox 2079 2354 3352 2426">
     <span class='ocr_line' id='line_1_69' title="bbox 2079 2354 3352 2426; baseline 0.002 -18"><span class='ocrx_word' id='word_1_423' title='bbox 2079 2354 2298 2409; x_wconf 82' lang='lat' dir='ltr'><strong>Noctem</strong></span> <span class='ocrx_word' id='word_1_424' title='bbox 2318 2355 2575 2425; x_wconf 81' lang='lat' dir='ltr'><strong>pellebat,</strong></span> <span class='ocrx_word' id='word_1_425' title='bbox 2610 2356 2784 2410; x_wconf 87' lang='lat' dir='ltr'><strong>lucem</strong></span> <span class='ocrx_word' id='word_1_426' title='bbox 2804 2355 3092 2426; x_wconf 78' lang='lat' dir='ltr'><strong>radiosque</strong></span> <span class='ocrx_word' id='word_1_427' title='bbox 3120 2356 3352 2426; x_wconf 84' lang='lat' dir='ltr'><strong>ferebat.</strong></span> 
     </span>
    </p>
   </div>
   <div class='ocr_carea' id='block_1_70' title="bbox 2153 2476 3729 2548">
    <p class='ocr_par' dir='ltr' id='par_1_70' title="bbox 2153 2476 3729 2548">
     <span class='ocr_line' id='line_1_70' title="bbox 2153 2476 3729 2548; baseline 0.003 -16"><span class='ocrx_word' id='word_1_428' title='bbox 2153 2479 2300 2532; x_wconf 91' lang='lat' dir='ltr'><strong>Dum</strong></span> <span class='ocrx_word' id='word_1_429' title='bbox 2333 2476 2646 2533; x_wconf 88' lang='lat' dir='ltr'><strong>comitibus</strong></span> <span class='ocrx_word' id='word_1_430' title='bbox 2676 2477 3029 2548; x_wconf 86' lang='lat' dir='ltr'><strong>experrectis</strong></span> <span class='ocrx_word' id='word_1_431' title='bbox 3061 2479 3422 2534; x_wconf 88' lang='lat' dir='ltr'><strong>matutinum</strong></span> <span class='ocrx_word' id='word_1_432' title='bbox 3454 2479 3566 2535; x_wconf 90' lang='lat' dir='ltr'><strong>iter</strong></span> <span class='ocrx_word' id='word_1_433' title='bbox 3588 2479 3729 2536; x_wconf 85' lang='lat' dir='ltr'><strong>arri-</strong></span> 
     </span>
    </p>
   </div>
   <div class='ocr_carea' id='block_1_71' title="bbox 2078 2565 3726 2640">
    <p class='ocr_par' dir='ltr' id='par_1_71' title="bbox 2078 2565 3726 2640">
     <span class='ocr_line' id='line_1_71' title="bbox 2078 2565 3726 2640; baseline 0.003 -21"><span class='ocrx_word' id='word_1_434' title='bbox 2078 2565 2257 2637; x_wconf 89' lang='lat' dir='ltr'><strong>pitur,</strong></span> <span class='ocrx_word' id='word_1_435' title='bbox 2309 2566 2773 2638; x_wconf 82' lang='lat' dir='ltr'><strong>Remensemque</strong></span> <span class='ocrx_word' id='word_1_436' title='bbox 2825 2566 3118 2622; x_wconf 87' lang='lat' dir='ltr'><strong>civitatem</strong></span> <span class='ocrx_word' id='word_1_437' title='bbox 3165 2581 3370 2622; x_wconf 89' lang='lat' dir='ltr'><strong>versus</strong></span> <span class='ocrx_word' id='word_1_438' title='bbox 3428 2567 3726 2640; x_wconf 89' lang='lat' dir='ltr'><strong>dirigitur,</strong></span> 
     </span>
    </p>
   </div>
   <div class='ocr_carea' id='block_1_72' title="bbox 2077 2655 3726 2730">
    <p class='ocr_par' dir='ltr' id='par_1_72' title="bbox 2077 2655 3726 2730">
     <span class='ocr_line' id='line_1_72' title="bbox 2077 2655 3726 2730; baseline 0.003 -21"><span class='ocrx_word' id='word_1_439' title='bbox 2077 2671 2152 2726; x_wconf 94' lang='lat' dir='ltr'><strong>qu</strong></span> <span class='ocrx_word' id='word_1_440' title='bbox 2163 2673 2193 2710; x_wconf 95' lang='lat' dir='ltr'><strong>o</strong></span> <span class='ocrx_word' id='word_1_441' title='bbox 2211 2659 2521 2727; x_wconf 90' lang='lat' dir='ltr'><strong>postquam</strong></span> <span class='ocrx_word' id='word_1_442' title='bbox 2535 2659 2772 2711; x_wconf 91' lang='lat' dir='ltr'><strong>ventum</strong></span> <span class='ocrx_word' id='word_1_443' title='bbox 2788 2659 2894 2726; x_wconf 90' lang='lat' dir='ltr'><strong>est,</strong></span> <span class='ocrx_word' id='word_1_444' title='bbox 2910 2656 3264 2728; x_wconf 89' lang='lat' dir='ltr'><strong>dominoque</strong></span> <span class='ocrx_word' id='word_1_445' title='bbox 3278 2655 3726 2730; x_wconf 89' lang='lat' dir='ltr'><strong>metropolitano</strong></span> 
     </span>
    </p>
   </div>
   <div class='ocr_carea' id='block_1_73' title="bbox 2075 2742 3729 2802">
    <p class='ocr_par' dir='ltr' id='par_1_73' title="bbox 2075 2742 3729 2802">
     <span class='ocr_line' id='line_1_73' title="bbox 2075 2742 3729 2802; baseline 0.004 -6"><span class='ocrx_word' id='word_1_446' title='bbox 2075 2742 2344 2798; x_wconf 89' lang='lat' dir='ltr'><strong>innuitur</strong></span> <span class='ocrx_word' id='word_1_447' title='bbox 2372 2743 2578 2799; x_wconf 88' lang='lat' dir='ltr'><strong>adesse</strong></span> <span class='ocrx_word' id='word_1_448' title='bbox 2609 2760 2741 2798; x_wconf 91' lang='lat' dir='ltr'><strong>cum</strong></span> <span class='ocrx_word' id='word_1_449' title='bbox 2774 2744 2899 2799; x_wconf 89' lang='lat' dir='ltr'><strong>suis</strong></span> <span class='ocrx_word' id='word_1_450' title='bbox 2929 2744 3409 2801; x_wconf 87' lang='lat' dir='ltr'><strong>Cameracensem</strong></span> <span class='ocrx_word' id='word_1_451' title='bbox 3439 2745 3729 2802; x_wconf 85' lang='lat' dir='ltr'><strong>archidia-</strong></span> 
     </span>
    </p>
   </div>
   <div class='ocr_carea' id='block_1_74' title="bbox 2077 2831 3723 2907">
    <p class='ocr_par' dir='ltr' id='par_1_74' title="bbox 2077 2831 3723 2907">
     <span class='ocr_line' id='line_1_74' title="bbox 2077 2831 3723 2907; baseline 0.002 -21"><span class='ocrx_word' id='word_1_452' title='bbox 2077 2847 2310 2898; x_wconf 91' lang='lat' dir='ltr'><strong>conum,</strong></span> <span class='ocrx_word' id='word_1_453' title='bbox 2345 2831 2738 2886; x_wconf 90' lang='lat' dir='ltr'><strong>admittuntur</strong></span> <span class='ocrx_word' id='word_1_454' title='bbox 2767 2833 3140 2903; x_wconf 89' lang='lat' dir='ltr'><strong>quantocius,</strong></span> <span class='ocrx_word' id='word_1_455' title='bbox 3172 2832 3492 2888; x_wconf 90' lang='lat' dir='ltr'><strong>inclinatur</strong></span> <span class='ocrx_word' id='word_1_456' title='bbox 3521 2834 3592 2888; x_wconf 89' lang='lat' dir='ltr'><strong>ad</strong></span> <span class='ocrx_word' id='word_1_457' title='bbox 3625 2850 3723 2907; x_wconf 87' lang='lat' dir='ltr'><strong>ge-</strong></span> 
     </span>
    </p>
   </div>
   <div class='ocr_carea' id='block_1_75' title="bbox 2077 2919 3720 2992">
    <p class='ocr_par' dir='ltr' id='par_1_75' title="bbox 2077 2919 3720 2992">
     <span class='ocr_line' id='line_1_75' title="bbox 2077 2919 3720 2992; baseline 0.002 -18"><span class='ocrx_word' id='word_1_458' title='bbox 2077 2937 2212 2987; x_wconf 91' lang='lat' dir='ltr'><strong>nua,</strong></span> <span class='ocrx_word' id='word_1_459' title='bbox 2238 2921 2308 2974; x_wconf 92' lang='lat' dir='ltr'><strong>ad</strong></span> <span class='ocrx_word' id='word_1_460' title='bbox 2332 2919 2531 2976; x_wconf 89' lang='lat' dir='ltr'><strong>oscula</strong></span> <span class='ocrx_word' id='word_1_461' title='bbox 2551 2921 2815 2992; x_wconf 88' lang='lat' dir='ltr'><strong>erigitur,</strong></span> <span class='ocrx_word' id='word_1_462' title='bbox 2839 2921 3069 2977; x_wconf 91' lang='lat' dir='ltr'><strong>cunctis</strong></span> <span class='ocrx_word' id='word_1_463' title='bbox 3093 2921 3339 2977; x_wconf 90' lang='lat' dir='ltr'><strong>invicem</strong></span> <span class='ocrx_word' id='word_1_464' title='bbox 3362 2921 3720 2992; x_wconf 82' lang='lat' dir='ltr'><strong>resalutatis,</strong></span> 
     </span>
    </p>
   </div>
   <div class='ocr_carea' id='block_1_76' title="bbox 2075 3008 3724 3081">
    <p class='ocr_par' dir='ltr' id='par_1_76' title="bbox 2075 3008 3724 3081">
     <span class='ocr_line' id='line_1_76' title="bbox 2075 3008 3724 3081; baseline 0.001 -17"><span class='ocrx_word' id='word_1_465' title='bbox 2075 3025 2263 3064; x_wconf 71' lang='lat' dir='ltr'><strong>causa:</strong></span> <span class='ocrx_word' id='word_1_466' title='bbox 2289 3008 2561 3065; x_wconf 89' lang='lat' dir='ltr'><strong>dicuntur</strong></span> <span class='ocrx_word' id='word_1_467' title='bbox 2589 3011 2895 3077; x_wconf 83' lang='lat' dir='ltr'><strong>adventus,</strong></span> <span class='ocrx_word' id='word_1_468' title='bbox 2919 3026 3044 3081; x_wconf 78' lang='lat' dir='ltr'><strong>quae</strong></span> <span class='ocrx_word' id='word_1_469' title='bbox 3069 3026 3203 3065; x_wconf 80' lang='lat' dir='ltr'><strong>mox</strong></span> <span class='ocrx_word' id='word_1_470' title='bbox 3231 3010 3576 3066; x_wconf 88' lang='lat' dir='ltr'><strong>auctoritate</strong></span> <span class='ocrx_word' id='word_1_471' title='bbox 3607 3027 3724 3066; x_wconf 89' lang='lat' dir='ltr'><strong>me-</strong></span> 
     </span>
    </p>
   </div>
   <div class='ocr_carea' id='block_1_77' title="bbox 2076 3097 3723 3170">
    <p class='ocr_par' dir='ltr' id='par_1_77' title="bbox 2076 3097 3723 3170">
     <span class='ocr_line' id='line_1_77' title="bbox 2076 3097 3723 3170; baseline 0.002 -19"><span class='ocrx_word' id='word_1_472' title='bbox 2076 3097 2428 3169; x_wconf 89' lang='lat' dir='ltr'><strong>tropolitana</strong></span> <span class='ocrx_word' id='word_1_473' title='bbox 2448 3099 2920 3167; x_wconf 76' lang='lat' dir='ltr'><strong>corroborentur,</strong></span> <span class='ocrx_word' id='word_1_474' title='bbox 2950 3099 3173 3158; x_wconf 64' lang='lat' dir='ltr'><strong>caeteris</strong></span> <span class='ocrx_word' id='word_1_475' title='bbox 3194 3098 3348 3154; x_wconf 90' lang='lat' dir='ltr'><strong>idem</strong></span> <span class='ocrx_word' id='word_1_476' title='bbox 3372 3114 3723 3170; x_wconf 79' lang='lat' dir='ltr'><strong>prosequen—</strong></span> 
     </span>
    </p>
   </div>
   <div class='ocr_carea' id='block_1_78' title="bbox 1994 3186 3723 3268">
    <p class='ocr_par' dir='ltr' id='par_1_78' title="bbox 1994 3186 3723 3268">
     <span class='ocr_line' id='line_1_78' title="bbox 1994 3186 3723 3268; baseline 0.002 -29"><span class='ocrx_word' id='word_1_477' title='bbox 1994 3201 2037 3268; x_wconf 71' lang='grc' dir='ltr'><strong>ρ</strong></span> <span class='ocrx_word' id='word_1_478' title='bbox 2077 3186 2255 3242; x_wconf 88' lang='lat' dir='ltr'><strong>tibus.</strong></span> <span class='ocrx_word' id='word_1_479' title='bbox 2285 3187 2394 3242; x_wconf 89' lang='lat' dir='ltr'><strong>Sed</strong></span> <span class='ocrx_word' id='word_1_480' title='bbox 2429 3187 2567 3257; x_wconf 91' lang='lat' dir='ltr'><strong>quia</strong></span> <span class='ocrx_word' id='word_1_481' title='bbox 2616 3203 2730 3242; x_wconf 90' lang='lat' dir='ltr'><strong>non</strong></span> <span class='ocrx_word' id='word_1_482' title='bbox 2761 3191 2988 3258; x_wconf 89' lang='lat' dir='ltr'><strong>poterat</strong></span> <span class='ocrx_word' id='word_1_483' title='bbox 3036 3191 3200 3242; x_wconf 88' lang='lat' dir='ltr'><strong>tanta</strong></span> <span class='ocrx_word' id='word_1_484' title='bbox 3248 3187 3480 3259; x_wconf 87' lang='lat' dir='ltr'><strong>negotia</strong></span> <span class='ocrx_word' id='word_1_485' title='bbox 3525 3188 3723 3244; x_wconf 89' lang='lat' dir='ltr'><strong>subire</strong></span> 
     </span>
    </p>
   </div>
   <div class='ocr_carea' id='block_1_79' title="bbox 2075 3273 3724 3347">
    <p class='ocr_par' dir='ltr' id='par_1_79' title="bbox 2075 3273 3724 3347">
     <span class='ocr_line' id='line_1_79' title="bbox 2075 3273 3724 3347; baseline -0.001 -16"><span class='ocrx_word' id='word_1_486' title='bbox 2075 3273 2258 3345; x_wconf 91' lang='lat' dir='ltr'><strong>solus,</strong></span> <span class='ocrx_word' id='word_1_487' title='bbox 2291 3273 2484 3346; x_wconf 88' lang='lat' dir='ltr'><strong>agitur</strong></span> <span class='ocrx_word' id='word_1_488' title='bbox 2503 3275 2655 3330; x_wconf 91' lang='lat' dir='ltr'><strong>inter</strong></span> <span class='ocrx_word' id='word_1_489' title='bbox 2674 3291 2772 3330; x_wconf 90' lang='lat' dir='ltr'><strong>eos</strong></span> <span class='ocrx_word' id='word_1_490' title='bbox 2793 3275 2927 3345; x_wconf 91' lang='lat' dir='ltr'><strong>quis</strong></span> <span class='ocrx_word' id='word_1_491' title='bbox 2945 3275 3420 3331; x_wconf 88' lang='lat' dir='ltr'><strong>archidiaconum</strong></span> <span class='ocrx_word' id='word_1_492' title='bbox 3443 3274 3724 3347; x_wconf 89' lang='lat' dir='ltr'><strong>provehat</strong></span> 
     </span>
    </p>
   </div>
   <div class='ocr_carea' id='block_1_80' title="bbox 2073 3364 2475 3419">
    <p class='ocr_par' dir='ltr' id='par_1_80' title="bbox 2073 3364 2475 3419">
     <span class='ocr_line' id='line_1_80' title="bbox 2073 3364 2475 3419; baseline 0 -1"><span class='ocrx_word' id='word_1_493' title='bbox 2073 3365 2143 3419; x_wconf 90' lang='lat' dir='ltr'><strong>ad</strong></span> <span class='ocrx_word' id='word_1_494' title='bbox 2175 3364 2475 3419; x_wconf 90' lang='lat' dir='ltr'><strong>honorem.</strong></span> 
     </span>
    </p>
   </div>
   <div class='ocr_carea' id='block_1_81' title="bbox 2675 3468 3109 3524">
    <p class='ocr_par' dir='ltr' id='par_1_81' title="bbox 2675 3468 3109 3524">
     <span class='ocr_line' id='line_1_81' title="bbox 2675 3468 3109 3524; baseline -0.002 0"><span class='ocrx_word' id='word_1_495' title='bbox 2675 3468 2904 3524; x_wconf 87' lang='lat' dir='ltr'><strong>CAPUT</strong></span> <span class='ocrx_word' id='word_1_496' title='bbox 2941 3468 3109 3524; x_wconf 88' lang='lat' dir='ltr'><strong>XVII.</strong></span> 
     </span>
    </p>
   </div>
   <div class='ocr_carea' id='block_1_82' title="bbox 2079 3555 3715 3630">
    <p class='ocr_par' dir='ltr' id='par_1_82' title="bbox 2079 3555 3715 3630">
     <span class='ocr_line' id='line_1_82' title="bbox 2079 3555 3715 3630; baseline -0.002 -14"><span class='ocrx_word' id='word_1_497' title='bbox 2079 3558 2176 3616; x_wconf 89' lang='lat' dir='ltr'><strong>Ubi</strong></span> <span class='ocrx_word' id='word_1_498' title='bbox 2228 3559 2298 3614; x_wconf 86' lang='lat' dir='ltr'><strong>ab</strong></span> <span class='ocrx_word' id='word_1_499' title='bbox 2348 3560 2590 3630; x_wconf 87' lang='lat' dir='ltr'><strong>episcopo</strong></span> <span class='ocrx_word' id='word_1_500' title='bbox 2649 3558 3039 3614; x_wconf 86' lang='lat' dir='ltr'><strong>Catalaunensi</strong></span> <span class='ocrx_word' id='word_1_501' title='bbox 3089 3556 3358 3630; x_wconf 79' lang='lat' dir='ltr'><strong>probatur</strong></span> <span class='ocrx_word' id='word_1_502' title='bbox 3407 3555 3715 3612; x_wconf 81' lang='lat' dir='ltr'><strong>ordinatus.</strong></span> 
     </span>
    </p>
   </div>
   <div class='ocr_carea' id='block_1_83' title="bbox 2143 3662 3720 3736">
    <p class='ocr_par' dir='ltr' id='par_1_83' title="bbox 2143 3662 3720 3736">
     <span class='ocr_line' id='line_1_83' title="bbox 2143 3662 3720 3736; baseline -0.001 -17"><span class='ocrx_word' id='word_1_503' title='bbox 2143 3665 2310 3736; x_wconf 88' lang='lat' dir='ltr'><strong>Apud</strong></span> <span class='ocrx_word' id='word_1_504' title='bbox 2343 3665 2731 3721; x_wconf 89' lang='lat' dir='ltr'><strong>Catalaunum</strong></span> <span class='ocrx_word' id='word_1_505' title='bbox 2762 3663 2996 3720; x_wconf 83' lang='lat' dir='ltr'><strong>familiae</strong></span> <span class='ocrx_word' id='word_1_506' title='bbox 3028 3662 3309 3736; x_wconf 88' lang='lat' dir='ltr'><strong>episcopii</strong></span> <span class='ocrx_word' id='word_1_507' title='bbox 3338 3663 3720 3735; x_wconf 77' lang='lat' dir='ltr'><strong>dispensabat</strong></span> 
     </span>
    </p>
   </div>
   <div class='ocr_carea' id='block_1_84' title="bbox 2075 3751 3718 3826">
    <p class='ocr_par' dir='ltr' id='par_1_84' title="bbox 2075 3751 3718 3826">
     <span class='ocr_line' id='line_1_84' title="bbox 2075 3751 3718 3826; baseline -0.002 -17"><span class='ocrx_word' id='word_1_508' title='bbox 2075 3753 2358 3825; x_wconf 89' lang='lat' dir='ltr'><strong>pabulum</strong></span> <span class='ocrx_word' id='word_1_509' title='bbox 2390 3755 2516 3808; x_wconf 61' lang='lat' dir='ltr'><strong>vitai</strong></span> <span class='ocrx_word' id='word_1_510' title='bbox 2541 3753 2753 3826; x_wconf 81' lang='lat' dir='ltr'><strong>praesul</strong></span> <span class='ocrx_word' id='word_1_511' title='bbox 2777 3754 3059 3825; x_wconf 84' lang='lat' dir='ltr'><strong>Rogerus,</strong></span> <span class='ocrx_word' id='word_1_512' title='bbox 3094 3753 3180 3807; x_wconf 91' lang='lat' dir='ltr'><strong>vir</strong></span> <span class='ocrx_word' id='word_1_513' title='bbox 3208 3751 3335 3808; x_wconf 76' lang='lat' dir='ltr'><strong>vitae</strong></span> <span class='ocrx_word' id='word_1_514' title='bbox 3365 3751 3718 3807; x_wconf 82' lang='lat' dir='ltr'><strong>venerabilis</strong></span> 
     </span>
    </p>
   </div>
   <div class='ocr_carea' id='block_1_85' title="bbox 2073 3840 3718 3915">
    <p class='ocr_par' dir='ltr' id='par_1_85' title="bbox 2073 3840 3718 3915">
     <span class='ocr_line' id='line_1_85' title="bbox 2073 3840 3718 3915; baseline -0.001 -18"><span class='ocrx_word' id='word_1_515' title='bbox 2073 3847 2127 3897; x_wconf 90' lang='lat' dir='ltr'><strong>et</strong></span> <span class='ocrx_word' id='word_1_516' title='bbox 2160 3860 2390 3898; x_wconf 90' lang='lat' dir='ltr'><strong>morum</strong></span> <span class='ocrx_word' id='word_1_517' title='bbox 2421 3844 2555 3899; x_wconf 89' lang='lat' dir='ltr'><strong>dote</strong></span> <span class='ocrx_word' id='word_1_518' title='bbox 2585 3843 2953 3915; x_wconf 89' lang='lat' dir='ltr'><strong>magniﬁcus.</strong></span> <span class='ocrx_word' id='word_1_519' title='bbox 2980 3842 3124 3897; x_wconf 89' lang='lat' dir='ltr'><strong>Huic</strong></span> <span class='ocrx_word' id='word_1_520' title='bbox 3145 3840 3567 3897; x_wconf 88' lang='lat' dir='ltr'><strong>transmittitur</strong></span> <span class='ocrx_word' id='word_1_521' title='bbox 3586 3856 3718 3912; x_wconf 90' lang='lat' dir='ltr'><strong>pro-</strong></span> 
     </span>
    </p>
   </div>
   <div class='ocr_carea' id='block_1_86' title="bbox 2074 3929 3720 4004">
    <p class='ocr_par' dir='ltr' id='par_1_86' title="bbox 2074 3929 3720 4004">
     <span class='ocr_line' id='line_1_86' title="bbox 2074 3929 3720 4004; baseline -0.001 -17"><span class='ocrx_word' id='word_1_522' title='bbox 2074 3932 2372 3987; x_wconf 88' lang='lat' dir='ltr'><strong>vehendus</strong></span> <span class='ocrx_word' id='word_1_523' title='bbox 2411 3933 2481 3986; x_wconf 89' lang='lat' dir='ltr'><strong>ad</strong></span> <span class='ocrx_word' id='word_1_524' title='bbox 2532 3931 2874 4004; x_wconf 85' lang='lat' dir='ltr'><strong>presbyterii</strong></span> <span class='ocrx_word' id='word_1_525' title='bbox 2923 3929 3155 3986; x_wconf 89' lang='lat' dir='ltr'><strong>culmen</strong></span> <span class='ocrx_word' id='word_1_526' title='bbox 3203 3933 3377 4002; x_wconf 88' lang='lat' dir='ltr'><strong>atque</strong></span> <span class='ocrx_word' id='word_1_527' title='bbox 3422 3929 3720 3985; x_wconf 89' lang='lat' dir='ltr'><strong>docendus</strong></span> 
     </span>
    </p>
   </div>
   <div class='ocr_carea' id='block_1_87' title="bbox 2075 4016 3719 4091">
    <p class='ocr_par' dir='ltr' id='par_1_87' title="bbox 2075 4016 3719 4091">
     <span class='ocr_line' id='line_1_87' title="bbox 2075 4016 3719 4091; baseline -0.003 -15"><span class='ocrx_word' id='word_1_528' title='bbox 2075 4020 2281 4076; x_wconf 73' lang='lat' dir='ltr'><strong>offerre</strong></span> <span class='ocrx_word' id='word_1_529' title='bbox 2336 4020 2690 4076; x_wconf 89' lang='lat' dir='ltr'><strong>sacrosancti</strong></span> <span class='ocrx_word' id='word_1_530' title='bbox 2745 4017 3002 4091; x_wconf 89' lang='lat' dir='ltr'><strong>corporis</strong></span> <span class='ocrx_word' id='word_1_531' title='bbox 3033 4023 3090 4074; x_wconf 89' lang='lat' dir='ltr'><strong>et</strong></span> <span class='ocrx_word' id='word_1_532' title='bbox 3138 4017 3444 4090; x_wconf 89' lang='lat' dir='ltr'><strong>sanguinis</strong></span> <span class='ocrx_word' id='word_1_533' title='bbox 3502 4016 3719 4072; x_wconf 86' lang='lat' dir='ltr'><strong>Christi</strong></span> 
     </span>
    </p>
   </div>
   <div class='ocr_carea' id='block_1_88' title="bbox 2074 4105 3722 4180">
    <p class='ocr_par' dir='ltr' id='par_1_88' title="bbox 2074 4105 3722 4180">
     <span class='ocr_line' id='line_1_88' title="bbox 2074 4105 3722 4180; baseline -0.002 -17"><span class='ocrx_word' id='word_1_534' title='bbox 2074 4109 2368 4163; x_wconf 88' lang='lat' dir='ltr'><strong>vivilicum</strong></span> <span class='ocrx_word' id='word_1_535' title='bbox 2387 4109 2660 4163; x_wconf 88' lang='lat' dir='ltr'><strong>libamen.</strong></span> <span class='ocrx_word' id='word_1_536' title='bbox 2679 4107 2777 4162; x_wconf 91' lang='lat' dir='ltr'><strong>Die</strong></span> <span class='ocrx_word' id='word_1_537' title='bbox 2798 4108 3114 4163; x_wconf 90' lang='lat' dir='ltr'><strong>constituto</strong></span> <span class='ocrx_word' id='word_1_538' title='bbox 3133 4106 3304 4163; x_wconf 91' lang='lat' dir='ltr'><strong>levita</strong></span> <span class='ocrx_word' id='word_1_539' title='bbox 3317 4105 3722 4180; x_wconf 88' lang='lat' dir='ltr'><strong>provehendus</strong></span> 
     </span>
    </p>
   </div>
   <div class='ocr_carea' id='block_1_89' title="bbox 2076 4193 3722 4270">
    <p class='ocr_par' dir='ltr' id='par_1_89' title="bbox 2076 4193 3722 4270">
     <span class='ocr_line' id='line_1_89' title="bbox 2076 4193 3722 4270; baseline -0.002 -17"><span class='ocrx_word' id='word_1_540' title='bbox 2076 4199 2336 4270; x_wconf 90' lang='lat' dir='ltr'><strong>procedit</strong></span> <span class='ocrx_word' id='word_1_541' title='bbox 2365 4199 2434 4252; x_wconf 90' lang='lat' dir='ltr'><strong>ad</strong></span> <span class='ocrx_word' id='word_1_542' title='bbox 2468 4197 2773 4254; x_wconf 89' lang='lat' dir='ltr'><strong>ecclesiam</strong></span> <span class='ocrx_word' id='word_1_543' title='bbox 2807 4196 2991 4252; x_wconf 88' lang='lat' dir='ltr'><strong>sancti</strong></span> <span class='ocrx_word' id='word_1_544' title='bbox 3025 4195 3469 4268; x_wconf 84' lang='lat' dir='ltr'><strong>protomartyris</strong></span> <span class='ocrx_word' id='word_1_545' title='bbox 3500 4199 3556 4251; x_wconf 92' lang='lat' dir='ltr'><strong>et</strong></span> <span class='ocrx_word' id='word_1_546' title='bbox 3584 4193 3722 4250; x_wconf 90' lang='lat' dir='ltr'><strong>levi-</strong></span> 
     </span>
    </p>
   </div>
   <div class='ocr_carea' id='block_1_90' title="bbox 2075 4285 3726 4359">
    <p class='ocr_par' dir='ltr' id='par_1_90' title="bbox 2075 4285 3726 4359">
     <span class='ocr_line' id='line_1_90' title="bbox 2075 4285 3726 4359; baseline -0.001 -17"><span class='ocrx_word' id='word_1_547' title='bbox 2075 4293 2145 4342; x_wconf 80' lang='lat' dir='ltr'><strong>tae</strong></span> <span class='ocrx_word' id='word_1_548' title='bbox 2163 4287 2439 4359; x_wconf 91' lang='lat' dir='ltr'><strong>Stephani</strong></span> <span class='ocrx_word' id='word_1_549' title='bbox 2470 4287 2819 4359; x_wconf 89' lang='lat' dir='ltr'><strong>pignoribus</strong></span> <span class='ocrx_word' id='word_1_550' title='bbox 2852 4303 2917 4341; x_wconf 92' lang='lat' dir='ltr'><strong>ac</strong></span> <span class='ocrx_word' id='word_1_551' title='bbox 2941 4285 3177 4342; x_wconf 88' lang='lat' dir='ltr'><strong>nomine</strong></span> <span class='ocrx_word' id='word_1_552' title='bbox 3212 4301 3461 4341; x_wconf 90' lang='lat' dir='ltr'><strong>sacram.</strong></span> <span class='ocrx_word' id='word_1_553' title='bbox 3492 4289 3726 4358; x_wconf 82' lang='lat' dir='ltr'><strong>Ingres-</strong></span> 
     </span>
    </p>
   </div>
   <div class='ocr_carea' id='block_1_91' title="bbox 2075 4373 3728 4447">
    <p class='ocr_par' dir='ltr' id='par_1_91' title="bbox 2075 4373 3728 4447">
     <span class='ocr_line' id='line_1_91' title="bbox 2075 4373 3728 4447; baseline -0.002 -17"><span class='ocrx_word' id='word_1_554' title='bbox 2075 4394 2179 4430; x_wconf 91' lang='lat' dir='ltr'><strong>sus</strong></span> <span class='ocrx_word' id='word_1_555' title='bbox 2211 4376 2367 4430; x_wconf 90' lang='lat' dir='ltr'><strong>omni</strong></span> <span class='ocrx_word' id='word_1_556' title='bbox 2403 4375 2648 4447; x_wconf 86' lang='lat' dir='ltr'><strong>supplex</strong></span> <span class='ocrx_word' id='word_1_557' title='bbox 2679 4392 2916 4447; x_wconf 90' lang='lat' dir='ltr'><strong>corpore</strong></span> <span class='ocrx_word' id='word_1_558' title='bbox 2968 4375 3150 4430; x_wconf 91' lang='lat' dir='ltr'><strong>Deum</strong></span> <span class='ocrx_word' id='word_1_559' title='bbox 3184 4379 3301 4430; x_wconf 87' lang='lat' dir='ltr'><strong>toto</strong></span> <span class='ocrx_word' id='word_1_560' title='bbox 3353 4373 3569 4430; x_wconf 91' lang='lat' dir='ltr'><strong>mentis</strong></span> <span class='ocrx_word' id='word_1_561' title='bbox 3601 4375 3728 4428; x_wconf 89' lang='lat' dir='ltr'><strong>orat</strong></span> 
     </span>
    </p>
   </div>
   <div class='ocr_carea' id='block_1_92' title="bbox 2079 4460 3725 4534">
    <p class='ocr_par' dir='ltr' id='par_1_92' title="bbox 2079 4460 3725 4534">
     <span class='ocr_line' id='line_1_92' title="bbox 2079 4460 3725 4534; baseline -0.002 -16"><span class='ocrx_word' id='word_1_562' title='bbox 2079 4465 2306 4528; x_wconf 72' lang='lat' dir='ltr'><strong>alfectu,</strong></span> <span class='ocrx_word' id='word_1_563' title='bbox 2350 4469 2640 4534; x_wconf 88' lang='lat' dir='ltr'><strong>quatenus</strong></span> <span class='ocrx_word' id='word_1_564' title='bbox 2694 4463 2810 4518; x_wconf 93' lang='lat' dir='ltr'><strong>Deo</strong></span> <span class='ocrx_word' id='word_1_565' title='bbox 2850 4464 3025 4534; x_wconf 90' lang='lat' dir='ltr'><strong>digne</strong></span> <span class='ocrx_word' id='word_1_566' title='bbox 3077 4467 3485 4532; x_wconf 89' lang='lat' dir='ltr'><strong>promoveatur</strong></span> <span class='ocrx_word' id='word_1_567' title='bbox 3535 4460 3725 4517; x_wconf 90' lang='lat' dir='ltr'><strong>sancti</strong></span> 
     </span>
    </p>
   </div>
   <div class='ocr_carea' id='block_1_93' title="bbox 317 4537 3726 4633">
    <p class='ocr_par' dir='ltr' id='par_1_93' title="bbox 317 4537 3726 4633">
     <span class='ocr_line' id='line_1_93' title="bbox 317 4537 3726 4633; baseline -0 -30"><span class='ocrx_word' id='word_1_568' title='bbox 317 4548 380 4603; x_wconf 92' lang='lat' dir='ltr'><strong>in</strong></span> <span class='ocrx_word' id='word_1_569' title='bbox 411 4547 672 4605; x_wconf 90' lang='lat' dir='ltr'><strong>ecclesiis</strong></span> <span class='ocrx_word' id='word_1_570' title='bbox 703 4549 1002 4621; x_wconf 87' lang='lat' dir='ltr'><strong>opulentia</strong></span> <span class='ocrx_word' id='word_1_571' title='bbox 1027 4549 1221 4605; x_wconf 85' lang='lat' dir='ltr'><strong>referti</strong></span> <span class='ocrx_word' id='word_1_572' title='bbox 1247 4549 1450 4605; x_wconf 89' lang='lat' dir='ltr'><strong>Iaudes</strong></span> <span class='ocrx_word' id='word_1_573' title='bbox 1481 4550 1596 4604; x_wconf 89' lang='lat' dir='ltr'><strong>Deo</strong></span> <span class='ocrx_word' id='word_1_574' title='bbox 1620 4550 1963 4606; x_wconf 80' lang='lat' dir='ltr'><strong>referebant.</strong></span> <span class='ocrx_word' id='word_1_575' title='bbox 2004 4569 2047 4633; x_wconf 82' lang='lat' dir='ltr'>D</span> <span class='ocrx_word' id='word_1_576' title='bbox 2081 4549 2351 4622; x_wconf 84' lang='lat' dir='ltr'><strong>martyris</strong></span> <span class='ocrx_word' id='word_1_577' title='bbox 2379 4549 2602 4604; x_wconf 88' lang='lat' dir='ltr'><strong>meritis</strong></span> <span class='ocrx_word' id='word_1_578' title='bbox 2633 4537 2690 4604; x_wconf 88' lang='lat' dir='ltr'><strong>et</strong></span> <span class='ocrx_word' id='word_1_579' title='bbox 2718 4549 3044 4604; x_wconf 91' lang='lat' dir='ltr'><strong>interventu</strong></span> <span class='ocrx_word' id='word_1_580' title='bbox 3071 4574 3086 4618; x_wconf 91' lang='lat'><strong>;</strong></span> <span class='ocrx_word' id='word_1_581' title='bbox 3113 4549 3373 4621; x_wconf 89' lang='lat' dir='ltr'><strong>procedit</strong></span> <span class='ocrx_word' id='word_1_582' title='bbox 3396 4553 3453 4604; x_wconf 90' lang='lat' dir='ltr'><strong>et</strong></span> <span class='ocrx_word' id='word_1_583' title='bbox 3482 4549 3726 4603; x_wconf 89' lang='lat' dir='ltr'><strong>antistes</strong></span> 
     </span>
    </p>
   </div>
   <div class='ocr_carea' id='block_1_94' title="bbox 320 4637 1968 4710">
    <p class='ocr_par' dir='ltr' id='par_1_94' title="bbox 320 4637 1968 4710">
     <span class='ocr_line' id='line_1_94' title="bbox 320 4637 1968 4710; baseline -0.001 -16"><span class='ocrx_word' id='word_1_584' title='bbox 320 4637 478 4694; x_wconf 88' lang='lat' dir='ltr'><strong>Laici</strong></span> <span class='ocrx_word' id='word_1_585' title='bbox 509 4655 643 4694; x_wconf 91' lang='lat' dir='ltr'><strong>cum</strong></span> <span class='ocrx_word' id='word_1_586' title='bbox 678 4639 836 4694; x_wconf 89' lang='lat' dir='ltr'><strong>omni</strong></span> <span class='ocrx_word' id='word_1_587' title='bbox 867 4655 1008 4710; x_wconf 90' lang='lat' dir='ltr'><strong>pace</strong></span> <span class='ocrx_word' id='word_1_588' title='bbox 1039 4639 1314 4694; x_wconf 88' lang='lat' dir='ltr'><strong>victualia</strong></span> <span class='ocrx_word' id='word_1_589' title='bbox 1361 4657 1468 4694; x_wconf 90' lang='lat' dir='ltr'><strong>sua</strong></span> <span class='ocrx_word' id='word_1_590' title='bbox 1499 4640 1968 4710; x_wconf 58' lang='lat' dir='ltr'><strong>conquerebant.</strong></span> 
     </span>
    </p>
   </div>
   <div class='ocr_carea' id='block_1_95' title="bbox 318 4728 1971 4799">
    <p class='ocr_par' dir='ltr' id='par_1_95' title="bbox 318 4728 1971 4799">
     <span class='ocr_line' id='line_1_95' title="bbox 318 4728 1971 4799; baseline -0.002 -14"><span class='ocrx_word' id='word_1_591' title='bbox 318 4733 552 4785; x_wconf 87' lang='lat' dir='ltr'><strong>Beatum</strong></span> <span class='ocrx_word' id='word_1_592' title='bbox 583 4728 850 4782; x_wconf 72' lang='lat' dir='ltr'><strong>dixerunt</strong></span> <span class='ocrx_word' id='word_1_593' title='bbox 876 4729 1142 4798; x_wconf 85' lang='lat' dir='ltr'><strong>populum</strong></span> <span class='ocrx_word' id='word_1_594' title='bbox 1165 4730 1256 4783; x_wconf 82' lang='lat' dir='ltr'><strong>cui</strong></span> <span class='ocrx_word' id='word_1_595' title='bbox 1275 4730 1392 4786; x_wconf 66' lang='lat' dir='ltr'><strong>haec</strong></span> <span class='ocrx_word' id='word_1_596' title='bbox 1410 4731 1537 4783; x_wconf 84' lang='lat' dir='ltr'><strong>sunt</strong></span> <span class='ocrx_word' id='word_1_597' title='bbox 1577 4729 1744 4799; x_wconf 90' lang='lat' dir='ltr'><strong>(Psal.</strong></span> <span class='ocrx_word' id='word_1_598' title='bbox 1780 4744 1971 4794; x_wconf 77' lang='lat' dir='ltr'><strong>CXLIII,</strong></span> 
     </span>
    </p>
   </div>
   <div class='ocr_carea' id='block_1_96' title="bbox 322 4816 1972 4888">
    <p class='ocr_par' dir='ltr' id='par_1_96' title="bbox 322 4816 1972 4888">
     <span class='ocr_line' id='line_1_96' title="bbox 322 4816 1972 4888; baseline -0.001 -16"><span class='ocrx_word' id='word_1_599' title='bbox 322 4816 436 4888; x_wconf 88' lang='grc'>18),</span> <span class='ocrx_word' id='word_1_600' title='bbox 463 4816 578 4873; x_wconf 89' lang='lat' dir='ltr'><strong>imo</strong></span> <span class='ocrx_word' id='word_1_601' title='bbox 613 4816 930 4872; x_wconf 90' lang='lat' dir='ltr'><strong>beatiorem</strong></span> <span class='ocrx_word' id='word_1_602' title='bbox 965 4818 1269 4884; x_wconf 90' lang='lat' dir='ltr'><strong>domnum,</strong></span> <span class='ocrx_word' id='word_1_603' title='bbox 1298 4834 1399 4888; x_wconf 90' lang='lat' dir='ltr'><strong>per</strong></span> <span class='ocrx_word' id='word_1_604' title='bbox 1420 4833 1590 4888; x_wconf 90' lang='lat' dir='ltr'><strong>quem</strong></span> <span class='ocrx_word' id='word_1_605' title='bbox 1619 4821 1779 4872; x_wconf 87' lang='lat' dir='ltr'><strong>tanta</strong></span> <span class='ocrx_word' id='word_1_606' title='bbox 1811 4816 1972 4888; x_wconf 86' lang='lat' dir='ltr'><strong>pacis</strong></span> 
     </span>
    </p>
   </div>
   <div class='ocr_carea' id='block_1_97' title="bbox 322 4904 1978 4977">
    <p class='ocr_par' dir='ltr' id='par_1_97' title="bbox 322 4904 1978 4977">
     <span class='ocr_line' id='line_1_97' title="bbox 322 4904 1978 4977; baseline 0 -16"><span class='ocrx_word' id='word_1_607' title='bbox 322 4905 595 4961; x_wconf 91' lang='lat' dir='ltr'><strong>subsidia</strong></span> <span class='ocrx_word' id='word_1_608' title='bbox 635 4904 1026 4976; x_wconf 89' lang='lat' dir='ltr'><strong>pullularunt.</strong></span> <span class='ocrx_word' id='word_1_609' title='bbox 1081 4905 1171 4959; x_wconf 83' lang='lat' dir='ltr'><strong>Sic</strong></span> <span class='ocrx_word' id='word_1_610' title='bbox 1203 4923 1395 4959; x_wconf 89' lang='lat' dir='ltr'><strong>rerum</strong></span> <span class='ocrx_word' id='word_1_611' title='bbox 1446 4906 1832 4977; x_wconf 87' lang='lat' dir='ltr'><strong>gubernatore</strong></span> <span class='ocrx_word' id='word_1_612' title='bbox 1863 4906 1978 4961; x_wconf 91' lang='lat' dir='ltr'><strong>Deo</strong></span> 
     </span>
    </p>
   </div>
   <div class='ocr_carea' id='block_1_98' title="bbox 327 4994 1981 5066">
    <p class='ocr_par' dir='ltr' id='par_1_98' title="bbox 327 4994 1981 5066">
     <span class='ocr_line' id='line_1_98' title="bbox 327 4994 1981 5066; baseline 0.001 -17"><span class='ocrx_word' id='word_1_613' title='bbox 327 4994 564 5050; x_wconf 88' lang='lat' dir='ltr'><strong>Domini</strong></span> <span class='ocrx_word' id='word_1_614' title='bbox 609 5011 676 5049; x_wconf 91' lang='lat' dir='ltr'><strong>ac</strong></span> <span class='ocrx_word' id='word_1_615' title='bbox 735 4995 963 5066; x_wconf 89' lang='lat' dir='ltr'><strong>patroni</strong></span> <span class='ocrx_word' id='word_1_616' title='bbox 1014 4994 1197 5050; x_wconf 87' lang='lat' dir='ltr'><strong>nostri</strong></span> <span class='ocrx_word' id='word_1_617' title='bbox 1246 4994 1610 5066; x_wconf 83' lang='lat' dir='ltr'><strong>principatus</strong></span> <span class='ocrx_word' id='word_1_618' title='bbox 1659 4995 1981 5066; x_wconf 88' lang='lat' dir='ltr'><strong>primordia</strong></span> 
     </span>
    </p>
   </div>
   <div class='ocr_carea' id='block_1_99' title="bbox 328 5083 1980 5155">
    <p class='ocr_par' dir='ltr' id='par_1_99' title="bbox 328 5083 1980 5155">
     <span class='ocr_line' id='line_1_99' title="bbox 328 5083 1980 5155; baseline 0.001 -18"><span class='ocrx_word' id='word_1_619' title='bbox 328 5083 702 5155; x_wconf 88' lang='lat' dir='ltr'><strong>disponente,</strong></span> <span class='ocrx_word' id='word_1_620' title='bbox 737 5083 1002 5139; x_wconf 89' lang='lat' dir='ltr'><strong>subsidio</strong></span> <span class='ocrx_word' id='word_1_621' title='bbox 1037 5085 1194 5155; x_wconf 89' lang='lat' dir='ltr'><strong>pacis</strong></span> <span class='ocrx_word' id='word_1_622' title='bbox 1231 5088 1284 5138; x_wconf 89' lang='lat' dir='ltr'><strong>et</strong></span> <span class='ocrx_word' id='word_1_623' title='bbox 1316 5084 1614 5155; x_wconf 86' lang='lat' dir='ltr'><strong>religionis</strong></span> <span class='ocrx_word' id='word_1_624' title='bbox 1659 5084 1980 5141; x_wconf 81' lang='lat' dir='ltr'><strong>exhilarata</strong></span> 
     </span>
    </p>
   </div>
   <div class='ocr_carea' id='block_1_100' title="bbox 326 5171 1628 5246">
    <p class='ocr_par' dir='ltr' id='par_1_100' title="bbox 326 5171 1628 5246">
     <span class='ocr_line' id='line_1_100' title="bbox 326 5171 1628 5246; baseline 0 -18"><span class='ocrx_word' id='word_1_625' title='bbox 326 5173 626 5245; x_wconf 88' lang='lat' dir='ltr'><strong>gaudebat</strong></span> <span class='ocrx_word' id='word_1_626' title='bbox 656 5172 822 5246; x_wconf 81' lang='lat' dir='ltr'><strong>plebs</strong></span> <span class='ocrx_word' id='word_1_627' title='bbox 855 5171 1038 5228; x_wconf 89' lang='lat' dir='ltr'><strong>civilis</strong></span> <span class='ocrx_word' id='word_1_628' title='bbox 1069 5178 1242 5244; x_wconf 88' lang='lat' dir='ltr'><strong>atque</strong></span> <span class='ocrx_word' id='word_1_629' title='bbox 1268 5173 1628 5229; x_wconf 87' lang='lat' dir='ltr'><strong>suburbana.</strong></span> 
     </span>
    </p>
   </div>
   <div class='ocr_carea' id='block_1_101' title="bbox 939 5278 1354 5334">
    <p class='ocr_par' dir='ltr' id='par_1_101' title="bbox 939 5278 1354 5334">
     <span class='ocr_line' id='line_1_101' title="bbox 939 5278 1354 5334; baseline 0 0"><span class='ocrx_word' id='word_1_630' title='bbox 939 5278 1170 5334; x_wconf 81' lang='lat' dir='ltr'><strong>CAPUT</strong></span> <span class='ocrx_word' id='word_1_631' title='bbox 1213 5278 1354 5334; x_wconf 85' lang='lat' dir='ltr'><strong>XVI.</strong></span> 
     </span>
    </p>
   </div>
   <div class='ocr_carea' id='block_1_102' title="bbox 333 5365 1980 5440">
    <p class='ocr_par' dir='ltr' id='par_1_102' title="bbox 333 5365 1980 5440">
     <span class='ocr_line' id='line_1_102' title="bbox 333 5365 1980 5440; baseline -0.001 -17"><span class='ocrx_word' id='word_1_632' title='bbox 333 5366 435 5423; x_wconf 87' lang='lat' dir='ltr'><strong>Ubi</strong></span> <span class='ocrx_word' id='word_1_633' title='bbox 465 5383 500 5420; x_wconf 83' lang='grc' dir='ltr'><em>α</em></span> <span class='ocrx_word' id='word_1_634' title='bbox 541 5369 985 5440; x_wconf 79' lang='lat' dir='ltr'><strong>metropolitano</strong></span> <span class='ocrx_word' id='word_1_635' title='bbox 1013 5374 1064 5421; x_wconf 89' lang='lat' dir='ltr'><strong>et</strong></span> <span class='ocrx_word' id='word_1_636' title='bbox 1111 5365 1669 5438; x_wconf 84' lang='lat' dir='ltr'><strong>comprovincialibus</strong></span> <span class='ocrx_word' id='word_1_637' title='bbox 1717 5370 1980 5439; x_wconf 85' lang='lat' dir='ltr'><strong>episcopis</strong></span> 
     </span>
    </p>
   </div>
   <div class='ocr_carea' id='block_1_103' title="bbox 781 5439 1522 5511">
    <p class='ocr_par' dir='ltr' id='par_1_103' title="bbox 781 5439 1522 5511">
     <span class='ocr_line' id='line_1_103' title="bbox 781 5439 1522 5511; baseline -0.004 -17"><span class='ocrx_word' id='word_1_638' title='bbox 781 5441 900 5511; x_wconf 84' lang='lat' dir='ltr'><strong>ejus</strong></span> <span class='ocrx_word' id='word_1_639' title='bbox 939 5439 1129 5495; x_wconf 84' lang='lat' dir='ltr'><strong>electio</strong></span> <span class='ocrx_word' id='word_1_640' title='bbox 1171 5440 1522 5509; x_wconf 78' lang='lat' dir='ltr'><strong>approbatur.</strong></span> 
     </span>
    </p>
   </div>
   <div class='ocr_carea' id='block_1_104' title="bbox 402 5526 1980 5600">
    <p class='ocr_par' dir='ltr' id='par_1_104' title="bbox 402 5526 1980 5600">
     <span class='ocr_line' id='line_1_104' title="bbox 402 5526 1980 5600; baseline 0 -17"><span class='ocrx_word' id='word_1_641' title='bbox 402 5528 678 5585; x_wconf 83' lang='lat' dir='ltr'><strong>Remensi</strong></span> <span class='ocrx_word' id='word_1_642' title='bbox 728 5527 1034 5600; x_wconf 90' lang='lat' dir='ltr'><strong>metropoli</strong></span> <span class='ocrx_word' id='word_1_643' title='bbox 1084 5527 1432 5599; x_wconf 67' lang='lat' dir='ltr'><strong>praesidebat</strong></span> <span class='ocrx_word' id='word_1_644' title='bbox 1489 5526 1676 5581; x_wconf 91' lang='lat' dir='ltr'><strong>Guido</strong></span> <span class='ocrx_word' id='word_1_645' title='bbox 1736 5527 1980 5583; x_wconf 85' lang='lat' dir='ltr'><strong>antistes</strong></span> 
     </span>
    </p>
   </div>
   <div class='ocr_carea' id='block_1_105' title="bbox 331 5615 1981 5690">
    <p class='ocr_par' dir='ltr' id='par_1_105' title="bbox 331 5615 1981 5690">
     <span class='ocr_line' id='line_1_105' title="bbox 331 5615 1981 5690; baseline 0.001 -19"><span class='ocrx_word' id='word_1_646' title='bbox 331 5615 474 5689; x_wconf 85' lang='lat' dir='ltr'><strong>(Guy</strong></span> <span class='ocrx_word' id='word_1_647' title='bbox 508 5617 575 5674; x_wconf 89' lang='lat' dir='ltr'><strong>de</strong></span> <span class='ocrx_word' id='word_1_648' title='bbox 607 5618 949 5690; x_wconf 75' lang='lat' dir='ltr'><strong>Chastillon),</strong></span> <span class='ocrx_word' id='word_1_649' title='bbox 987 5616 1075 5672; x_wconf 91' lang='lat' dir='ltr'><strong>vir</strong></span> <span class='ocrx_word' id='word_1_650' title='bbox 1127 5634 1264 5672; x_wconf 89' lang='lat' dir='ltr'><strong>sane</strong></span> <span class='ocrx_word' id='word_1_651' title='bbox 1308 5615 1682 5686; x_wconf 89' lang='lat' dir='ltr'><strong>conspicuus,</strong></span> <span class='ocrx_word' id='word_1_652' title='bbox 1714 5615 1981 5689; x_wconf 89' lang='lat' dir='ltr'><strong>interque</strong></span> 
     </span>
    </p>
   </div>
   <div class='ocr_carea' id='block_1_106' title="bbox 2083 4634 3726 4712">
    <p class='ocr_par' dir='ltr' id='par_1_106' title="bbox 2083 4634 3726 4712">
     <span class='ocr_line' id='line_1_106' title="bbox 2083 4634 3726 4712; baseline -0.002 -19"><span class='ocrx_word' id='word_1_653' title='bbox 2083 4638 2512 4712; x_wconf 87' lang='lat' dir='ltr'><strong>pontiﬁcalibus</strong></span> <span class='ocrx_word' id='word_1_654' title='bbox 2533 4635 2738 4692; x_wconf 90' lang='lat' dir='ltr'><strong>infulis</strong></span> <span class='ocrx_word' id='word_1_655' title='bbox 2769 4637 3098 4704; x_wconf 80' lang='lat' dir='ltr'><strong>redimitus,</strong></span> <span class='ocrx_word' id='word_1_656' title='bbox 3131 4640 3468 4692; x_wconf 89' lang='lat' dir='ltr'><strong>sanctorum</strong></span> <span class='ocrx_word' id='word_1_657' title='bbox 3499 4634 3726 4692; x_wconf 88' lang='lat' dir='ltr'><strong>comiti-</strong></span> 
     </span>
    </p>
   </div>
   <div class='ocr_carea' id='block_1_107' title="bbox 2083 4723 3724 4789">
    <p class='ocr_par' dir='ltr' id='par_1_107' title="bbox 2083 4723 3724 4789">
     <span class='ocr_line' id='line_1_107' title="bbox 2083 4723 3724 4789; baseline -0.002 -6"><span class='ocrx_word' id='word_1_658' title='bbox 2083 4728 2194 4783; x_wconf 90' lang='lat' dir='ltr'><strong>bus</strong></span> <span class='ocrx_word' id='word_1_659' title='bbox 2228 4727 2498 4782; x_wconf 90' lang='lat' dir='ltr'><strong>ordinum</strong></span> <span class='ocrx_word' id='word_1_660' title='bbox 2531 4727 2802 4781; x_wconf 86' lang='lat' dir='ltr'><strong>decenter</strong></span> <span class='ocrx_word' id='word_1_661' title='bbox 2831 4725 3224 4789; x_wconf 77' lang='lat' dir='ltr'><strong>introductus,</strong></span> <span class='ocrx_word' id='word_1_662' title='bbox 3256 4741 3416 4782; x_wconf 90' lang='lat' dir='ltr'><strong>more</strong></span> <span class='ocrx_word' id='word_1_663' title='bbox 3446 4723 3724 4780; x_wconf 90' lang='lat' dir='ltr'><strong>canonico</strong></span> 
     </span>
    </p>
   </div>
   <div class='ocr_carea' id='block_1_108' title="bbox 2088 4814 3729 4887">
    <p class='ocr_par' dir='ltr' id='par_1_108' title="bbox 2088 4814 3729 4887">
     <span class='ocr_line' id='line_1_108' title="bbox 2088 4814 3729 4887; baseline -0.002 -15"><span class='ocrx_word' id='word_1_664' title='bbox 2088 4817 2254 4872; x_wconf 88' lang='lat' dir='ltr'><strong>factis</strong></span> <span class='ocrx_word' id='word_1_665' title='bbox 2274 4815 2593 4882; x_wconf 89' lang='lat' dir='ltr'><strong>scrutiniis,</strong></span> <span class='ocrx_word' id='word_1_666' title='bbox 2619 4814 3079 4870; x_wconf 90' lang='lat' dir='ltr'><strong>ordinandorum</strong></span> <span class='ocrx_word' id='word_1_667' title='bbox 3099 4830 3360 4887; x_wconf 63' lang='lat' dir='ltr'><strong>personae</strong></span> <span class='ocrx_word' id='word_1_668' title='bbox 3379 4817 3729 4886; x_wconf 63' lang='lat' dir='ltr'><strong>praesentan-</strong></span> 
     </span>
    </p>
   </div>
   <div class='ocr_carea' id='block_1_109' title="bbox 2089 4903 3729 4976">
    <p class='ocr_par' dir='ltr' id='par_1_109' title="bbox 2089 4903 3729 4976">
     <span class='ocr_line' id='line_1_109' title="bbox 2089 4903 3729 4976; baseline -0.002 -14"><span class='ocrx_word' id='word_1_669' title='bbox 2089 4913 2182 4962; x_wconf 91' lang='lat' dir='ltr'><strong>tur</strong></span> <span class='ocrx_word' id='word_1_670' title='bbox 2207 4911 2263 4961; x_wconf 91' lang='lat' dir='ltr'><strong>et</strong></span> <span class='ocrx_word' id='word_1_671' title='bbox 2292 4904 2550 4972; x_wconf 86' lang='lat' dir='ltr'><strong>nomina,</strong></span> <span class='ocrx_word' id='word_1_672' title='bbox 2597 4903 2752 4959; x_wconf 90' lang='lat' dir='ltr'><strong>inter</strong></span> <span class='ocrx_word' id='word_1_673' title='bbox 2794 4921 2940 4975; x_wconf 90' lang='lat' dir='ltr'><strong>quos</strong></span> <span class='ocrx_word' id='word_1_674' title='bbox 2973 4908 3028 4959; x_wconf 91' lang='lat' dir='ltr'><strong>et</strong></span> <span class='ocrx_word' id='word_1_675' title='bbox 3069 4921 3189 4975; x_wconf 66' lang='lat' dir='ltr'><strong>prae</strong></span> <span class='ocrx_word' id='word_1_676' title='bbox 3220 4903 3434 4976; x_wconf 92' lang='lat' dir='ltr'><strong>quibus</strong></span> <span class='ocrx_word' id='word_1_677' title='bbox 3476 4903 3729 4959; x_wconf 88' lang='lat' dir='ltr'><strong>domnus</strong></span> 
     </span>
    </p>
   </div>
   <div class='ocr_carea' id='block_1_110' title="bbox 2088 4991 3729 5065">
    <p class='ocr_par' dir='ltr' id='par_1_110' title="bbox 2088 4991 3729 5065">
     <span class='ocr_line' id='line_1_110' title="bbox 2088 4991 3729 5065; baseline -0.001 -15"><span class='ocrx_word' id='word_1_678' title='bbox 2088 4997 2410 5051; x_wconf 87' lang='lat' dir='ltr'><strong>Lietbertus</strong></span> <span class='ocrx_word' id='word_1_679' title='bbox 2441 4992 2650 5059; x_wconf 85' lang='lat' dir='ltr'><strong>levita;</strong></span> <span class='ocrx_word' id='word_1_680' title='bbox 2684 4992 2808 5047; x_wconf 90' lang='lat' dir='ltr'><strong>suis</strong></span> <span class='ocrx_word' id='word_1_681' title='bbox 2839 4991 2980 5048; x_wconf 92' lang='lat' dir='ltr'><strong>locis</strong></span> <span class='ocrx_word' id='word_1_682' title='bbox 3011 4997 3066 5048; x_wconf 91' lang='lat' dir='ltr'><strong>et</strong></span> <span class='ocrx_word' id='word_1_683' title='bbox 3095 4991 3500 5065; x_wconf 88' lang='lat' dir='ltr'><strong>competentiis</strong></span> <span class='ocrx_word' id='word_1_684' title='bbox 3527 5007 3729 5048; x_wconf 86' lang='lat' dir='ltr'><strong>conse-</strong></span> 
     </span>
    </p>
   </div>
   <div class='ocr_carea' id='block_1_111' title="bbox 2094 5080 3730 5152">
    <p class='ocr_par' dir='ltr' id='par_1_111' title="bbox 2094 5080 3730 5152">
     <span class='ocr_line' id='line_1_111' title="bbox 2094 5080 3730 5152; baseline -0.004 -12"><span class='ocrx_word' id='word_1_685' title='bbox 2094 5089 2332 5140; x_wconf 89' lang='lat' dir='ltr'><strong>crantur</strong></span> <span class='ocrx_word' id='word_1_686' title='bbox 2353 5082 2566 5152; x_wconf 71' lang='lat' dir='ltr'><strong>caeteri,</strong></span> <span class='ocrx_word' id='word_1_687' title='bbox 2596 5082 2778 5137; x_wconf 90' lang='lat' dir='ltr'><strong>donec</strong></span> <span class='ocrx_word' id='word_1_688' title='bbox 2808 5087 3046 5137; x_wconf 90' lang='lat' dir='ltr'><strong>ventum</strong></span> <span class='ocrx_word' id='word_1_689' title='bbox 3080 5086 3170 5137; x_wconf 88' lang='lat' dir='ltr'><strong>est</strong></span> <span class='ocrx_word' id='word_1_690' title='bbox 3200 5082 3270 5136; x_wconf 90' lang='lat' dir='ltr'><strong>ad</strong></span> <span class='ocrx_word' id='word_1_691' title='bbox 3301 5080 3566 5137; x_wconf 90' lang='lat' dir='ltr'><strong>ordinem</strong></span> <span class='ocrx_word' id='word_1_692' title='bbox 3595 5095 3730 5152; x_wconf 90' lang='lat' dir='ltr'><strong>pre-</strong></span> 
     </span>
    </p>
   </div>
   <div class='ocr_carea' id='block_1_112' title="bbox 2089 5167 3735 5244">
    <p class='ocr_par' dir='ltr' id='par_1_112' title="bbox 2089 5167 3735 5244">
     <span class='ocr_line' id='line_1_112' title="bbox 2089 5167 3735 5244; baseline -0.001 -16"><span class='ocrx_word' id='word_1_693' title='bbox 2089 5171 2346 5244; x_wconf 88' lang='lat' dir='ltr'><strong>sbyterii.</strong></span> <span class='ocrx_word' id='word_1_694' title='bbox 2372 5176 2633 5242; x_wconf 89' lang='lat' dir='ltr'><strong>Cumque</strong></span> <span class='ocrx_word' id='word_1_695' title='bbox 2656 5171 2725 5226; x_wconf 89' lang='lat' dir='ltr'><strong>ad</strong></span> <span class='ocrx_word' id='word_1_696' title='bbox 2753 5187 2964 5226; x_wconf 90' lang='lat' dir='ltr'><strong>manus</strong></span> <span class='ocrx_word' id='word_1_697' title='bbox 2981 5170 3414 5244; x_wconf 89' lang='lat' dir='ltr'><strong>impositionem</strong></span> <span class='ocrx_word' id='word_1_698' title='bbox 3435 5167 3735 5240; x_wconf 84' lang='lat' dir='ltr'><strong>pontiﬁca-</strong></span> 
     </span>
    </p>
   </div>
   <div class='ocr_carea' id='block_1_113' title="bbox 2087 5258 3730 5330">
    <p class='ocr_par' dir='ltr' id='par_1_113' title="bbox 2087 5258 3730 5330">
     <span class='ocr_line' id='line_1_113' title="bbox 2087 5258 3730 5330; baseline -0.001 -15"><span class='ocrx_word' id='word_1_699' title='bbox 2087 5261 2160 5316; x_wconf 92' lang='lat' dir='ltr'><strong>lis</strong></span> <span class='ocrx_word' id='word_1_700' title='bbox 2193 5261 2343 5315; x_wconf 89' lang='lat' dir='ltr'><strong>inter</strong></span> <span class='ocrx_word' id='word_1_701' title='bbox 2371 5260 2765 5314; x_wconf 88' lang='lat' dir='ltr'><strong>ordinandum</strong></span> <span class='ocrx_word' id='word_1_702' title='bbox 2815 5259 3106 5314; x_wconf 86' lang='lat' dir='ltr'><strong>diceretur</strong></span> <span class='ocrx_word' id='word_1_703' title='bbox 3162 5275 3307 5315; x_wconf 89' lang='lat' dir='ltr'><strong>novo</strong></span> <span class='ocrx_word' id='word_1_704' title='bbox 3356 5258 3730 5330; x_wconf 86' lang='lat' dir='ltr'><strong>presbytero:</strong></span> 
     </span>
    </p>
   </div>
   <div class='ocr_carea' id='block_1_114' title="bbox 2089 5349 3732 5421">
    <p class='ocr_par' dir='ltr' id='par_1_114' title="bbox 2089 5349 3732 5421">
     <span class='ocr_line' id='line_1_114' title="bbox 2089 5349 3732 5421; baseline -0.001 -17"><span class='ocrx_word' id='word_1_705' title='bbox 2089 5351 2278 5421; x_wconf 80' lang='lat' dir='ltr'><strong>Accipe</strong></span> <span class='ocrx_word' id='word_1_706' title='bbox 2323 5349 2592 5420; x_wconf 80' lang='lat' dir='ltr'><strong>Spiritum</strong></span> <span class='ocrx_word' id='word_1_707' title='bbox 2639 5353 2938 5411; x_wconf 86' lang='lat' dir='ltr'><strong>sanctum;</strong></span> <span class='ocrx_word' id='word_1_708' title='bbox 2999 5365 3231 5419; x_wconf 86' lang='lat' dir='ltr'><strong>quorum</strong></span> <span class='ocrx_word' id='word_1_709' title='bbox 3274 5349 3556 5404; x_wconf 76' lang='lat' dir='ltr'><strong>remiseris</strong></span> <span class='ocrx_word' id='word_1_710' title='bbox 3606 5363 3732 5420; x_wconf 82' lang='lat' dir='ltr'><strong>pec-</strong></span> 
     </span>
    </p>
   </div>
   <div class='ocr_carea' id='block_1_115' title="bbox 2089 5435 3732 5508">
    <p class='ocr_par' dir='ltr' id='par_1_115' title="bbox 2089 5435 3732 5508">
     <span class='ocr_line' id='line_1_115' title="bbox 2089 5435 3732 5508; baseline -0.002 -15"><span class='ocrx_word' id='word_1_711' title='bbox 2089 5448 2230 5505; x_wconf 80' lang='lat' dir='ltr'><strong>cata,</strong></span> <span class='ocrx_word' id='word_1_712' title='bbox 2264 5439 2622 5493; x_wconf 81' lang='lat' dir='ltr'><strong>remittuntur</strong></span> <span class='ocrx_word' id='word_1_713' title='bbox 2649 5439 2727 5493; x_wconf 86' lang='lat' dir='ltr'><strong>eis</strong></span> <span class='ocrx_word' id='word_1_714' title='bbox 2760 5439 2935 5507; x_wconf 84' lang='lat' dir='ltr'><strong>(Joan.</strong></span> <span class='ocrx_word' id='word_1_715' title='bbox 2969 5455 3062 5504; x_wconf 83' lang='lat' dir='ltr'><strong>xx,</strong></span> <span class='ocrx_word' id='word_1_716' title='bbox 3088 5437 3201 5508; x_wconf 81' lang='lat'><strong>22),</strong></span> <span class='ocrx_word' id='word_1_717' title='bbox 3226 5437 3548 5506; x_wconf 86' lang='lat' dir='ltr'><strong>infremuit,</strong></span> <span class='ocrx_word' id='word_1_718' title='bbox 3572 5435 3732 5493; x_wconf 88' lang='lat' dir='ltr'><strong>habi-</strong></span> 
     </span>
    </p>
   </div>
   <div class='ocr_carea' id='block_1_116' title="bbox 2089 5523 3728 5599">
    <p class='ocr_par' dir='ltr' id='par_1_116' title="bbox 2089 5523 3728 5599">
     <span class='ocr_line' id='line_1_116' title="bbox 2089 5523 3728 5599; baseline -0.003 -17"><span class='ocrx_word' id='word_1_719' title='bbox 2089 5532 2335 5598; x_wconf 90' lang='lat' dir='ltr'><strong>tumque</strong></span> <span class='ocrx_word' id='word_1_720' title='bbox 2375 5527 2590 5582; x_wconf 89' lang='lat' dir='ltr'><strong>mentis</strong></span> <span class='ocrx_word' id='word_1_721' title='bbox 2643 5525 2838 5582; x_wconf 90' lang='lat' dir='ltr'><strong>vultus</strong></span> <span class='ocrx_word' id='word_1_722' title='bbox 2886 5525 3309 5599; x_wconf 88' lang='lat' dir='ltr'><strong>signiﬁcatione</strong></span> <span class='ocrx_word' id='word_1_723' title='bbox 3360 5523 3728 5593; x_wconf 87' lang='lat' dir='ltr'><strong>monstravit,</strong></span> 
     </span>
    </p>
   </div>
   <div class='ocr_carea' id='block_1_117' title="bbox 2088 5610 3730 5687">
    <p class='ocr_par' dir='ltr' id='par_1_117' title="bbox 2088 5610 3730 5687">
     <span class='ocr_line' id='line_1_117' title="bbox 2088 5610 3730 5687; baseline -0.004 -15"><span class='ocrx_word' id='word_1_724' title='bbox 2088 5616 2348 5673; x_wconf 88' lang='lat' dir='ltr'><strong>liberalis</strong></span> <span class='ocrx_word' id='word_1_725' title='bbox 2369 5617 2496 5687; x_wconf 87' lang='lat' dir='ltr'><strong>ejus</strong></span> <span class='ocrx_word' id='word_1_726' title='bbox 2517 5615 2691 5672; x_wconf 89' lang='lat' dir='ltr'><strong>facies</strong></span> <span class='ocrx_word' id='word_1_727' title='bbox 2720 5615 2974 5687; x_wconf 88' lang='lat' dir='ltr'><strong>puritate</strong></span> <span class='ocrx_word' id='word_1_728' title='bbox 3004 5614 3556 5682; x_wconf 90' lang='lat' dir='ltr'><strong>mentisincanduit,</strong></span> <span class='ocrx_word' id='word_1_729' title='bbox 3576 5610 3730 5669; x_wconf 91' lang='lat' dir='ltr'><strong>oculi</strong></span> 
     </span>
    </p>
   </div>
  </div>
