4036 6184
210 295 362 357 1465

1809 295 2019 358 VITA.

3459 275 3616 355 “'66

191 431 524 496 secretum,
559 429 768 501 quaarit
792 429 1138 486 consilium:
1173 433 1366 486 mente
1397 432 1850 486 consternantur
1879 431 1936 497 Α
1965 428 2271 486 auxilium.
2304 430 2436 487 Jam
2467 430 2684 504 quippe
2715 430 2825 487 sub
2857 431 2984 502 ejus
3033 429 3414 487 contubernio
3445 434 3611 489 tanta

209 519 790 585 omnes,dissuadent
813 519 1491 591 plurimi,proponuntur
1508 518 1857 575 multimoda

208 624 519 664 causarum
543 608 908 679 discrimina,
930 609 1130 663 mertis
1153 608 1515 676 intercessio,
1529 609 1731 680 patriai
1763 609 1857 664 de-

207 696 437 768 solatio,
471 697 650 752 simul
680 695 946 752 Ecclesiae
999 697 1110 752 sibi
1171 697 1495 752 commissae
1531 697 1850 753 destitutio.

206 785 428 852 Quibus
453 802 619 841 mens
640 785 838 842 sanior
860 787 987 852 fuit,
1012 786 1187 842 altius
1210 787 1648 842 considerantes
1663 786 1851 859 ponti-

207 873 374 929 ﬁcale
401 874 786 946 propositum,
817 880 1095 930 verentur
1124 875 1542 942 contradicere,
1587 880 1851 932 metuen-

207 967 295 1018 tes
313 979 383 1018 ex
403 961 511 1018 hoc
539 963 633 1018 Dei
653 962 740 1019 vel
758 962 980 1018 domini
1004 964 1094 1018 sui
1119 963 1687 1020 animadversionem
1712 964 1850 1019 sub-

207 1049 307 1106 ire.
337 1051 580 1106 Domine
613 1050 889 1123 pontiﬁce
916 1056 1293 1122 protestante,
1322 1052 1558 1108 Reddam
1589 1057 1700 1108 Deo
1731 1055 1852 1108 vota

204 1155 326 1195 mea
356 1154 482 1211 quae
508 1139 888 1196 distinxerunt
915 1141 1065 1196 labia
1093 1158 1212 1197 mea
1268 1143 1440 1210 (Psat.
1493 1159 1580 1208 LX,
1612 1142 1688 1213 9),
1735 1157 1850 1197 non

207 1229 332 1284 sine
363 1228 503 1284 ﬂetu
536 1230 755 1300 pariter
785 1245 990 1284 omnes
1021 1229 1374 1285 assentiunt.

824 1318 1063 1374 CAPUT
1095 1319 1261 1374 XXX.

286 1407 382 1464 Ubi
405 1407 723 1476 conﬁrmato
751 1408 980 1463 consilio
1007 1408 1349 1478 foederantur
1380 1410 1487 1464 vim
1516 1410 1757 1464 comites.

276 1494 531 1550 Consilio
564 1495 906 1550 conﬁrmato
968 1497 1327 1552 fazderantur
1383 1498 1647 1564 comites,
1701 1497 1853 1553 inter

206 1601 353 1656 quos
384 1587 441 1638 et
464 1601 580 1655 pra:
612 1585 829 1655 quibus
861 1585 919 1639 hi
953 1602 1204 1657 quorum
1239 1587 1479 1642 nomina
1534 1585 1848 1643 subtitula-

207 1689 338 1728 mus
363 1689 376 1727 :
401 1673 654 1728 domnus
679 1673 1026 1730 Walcherus
1043 1674 1490 1732 archidiaconus
1507 1681 1563 1731 et
1583 1675 1855 1748 prteposi-

206 1766 302 1818 tus
323 1761 689 1834 curiae,Hugo
707 1761 1066 1834 oapellanus,
1090 1764 1260 1835 cujus
1280 1765 1653 1820 sanctitatem
1684 1781 1850 1821 mon-
1884 1803 1930 1866 B

210 1855 398 1906 strant
425 1851 684 1907 claustra
705 1851 1122 1908 canonicorum
1149 1853 1404 1908 ecclesias
1427 1853 1653 1922 matris,
1688 1871 1854 1910 mon-

213 1944 360 1995 strat
384 1941 808 1996 monasterium
835 1940 1337 2012 Aquicicinctense
1362 1968 1376 2008 ;
1400 1941 1742 1998 Erleboldus
1755 1944 1855 2014 ju-

211 2028 318 2084 dex
346 2034 403 2084 et
433 2034 777 2101 procurator
807 2029 1080 2099 civitatis,
1115 2033 1172 2086 et
1203 2029 1348 2086 alter
1370 2030 1735 2097 Erleboldus,
1766 2048 1854 2086 co-

211 2123 522 2190 gnomento
550 2118 808 2185 Rubens,
843 2135 1016 2190 quem
1053 2118 1247 2191 qualis
1281 2119 1452 2175 fuerit
1473 2120 1744 2192 praedicat
1764 2137 1853 2176 ec-

210 2205 386 2262 clesia
408 2207 629 2262 Sancta:
653 2206 856 2262 Crucis
886 2225 899 2274 ;
932 2207 1032 2262 sed
1067 2207 1126 2261 hi
1159 2207 1295 2274 duo,
1351 2207 1571 2264 scilicet
1603 2209 1856 2266 domnus

208 2295 549 2350 Walcherus
574 2299 632 2350 et
653 2296 838 2366 judex
868 2294 1241 2363 Erleholdus,
1275 2301 1508 2368 quanta:
1525 2298 1856 2354 sanctitatis

211 2383 442 2452 fuerint,
469 2383 791 2456 qualesque
810 2389 1212 2457 cooperatores
1243 2390 1300 2441 et
1322 2386 1620 2457 adjutores
1653 2388 1854 2443 domni

209 2473 521 2545 pontiﬁcis,
555 2489 662 2529 suo
694 2472 818 2529 loco
848 2473 1132 2541 dicemus,
1166 2474 1216 2530 si
1249 2475 1402 2532 Deus
1428 2475 1697 2532 voluerit.

792 2562 1023 2619 CAPUT
1054 2563 1256 2618 XXXI.

303 2650 400 2707 Ubi
426 2649 708 2719 egrediens
730 2669 764 2706 a
796 2651 1082 2708 Cameraco
1106 2652 1541 2725 Hierosolymam
1583 2658 1782 2726 pergit.

281 2738 1094 2812 Millesimoquinquagesimo
1113 2745 1324 2812 quarto
1346 2742 1652 2798 Dominicis
1667 2745 1858 2800 Incar—

213 2827 465 2884 nationis
496 2845 671 2897 anno,
706 2829 986 2885 missione
1018 2833 1137 2884 tam
1171 2829 1309 2885 cleri
1341 2847 1515 2902 quam
1539 2832 1735 2903 populi
1766 2832 1858 2888 vix

211 2916 548 2988 impetrata,
581 2917 818 2974 libertas
850 2918 1070 2989 patriai,
1104 2918 1371 2975 Ecclesiae
1393 2921 1590 2986 decus,
1625 2925 1738 2977 Deo
1767 2922 1856 2978 di-

213 3022 365 3079 gnus
398 3006 655 3078 pontifex
689 3006 1010 3063 Lietbertus
1040 3006 1338 3079 egreditur
1394 3025 1426 3061 a
1483 3008 1708 3066 civitate
1750 3027 1858 3066 sua

215 3098 524 3150 Cameraco
547 3098 751 3150 tenens
770 3095 879 3150 iter
903 3093 1363 3167 Hierosolymam
1388 3111 1590 3152 versus
1617 3122 1630 3164 ;
1665 3114 1858 3169 prose-

1966 524 2204 592 tamque
2230 520 2534 592 multiplex
2563 521 2729 593 copia
2751 520 2950 593 populi
2979 520 3213 590 coierat,
3244 525 3308 575 ut
3328 521 3613 577 exercitus

1967 609 2196 664 Domini
2227 611 2552 677 diceretur;
2585 609 2635 666 si
2660 627 2846 682 usque
2870 611 2927 664 in
2951 614 3242 666 extremos
3265 609 3410 665 ﬁnes
3443 610 3609 682 regni

1965 697 2075 766 sui,
2101 699 2236 753 dato
2259 698 2424 766 duce,
2465 700 2556 754 Dei
2592 702 2938 770 procurante
2971 697 3391 766 misericordia,
3443 716 3612 755 secu-

1964 803 2094 842 rum
2127 788 2416 843 concessit
2444 787 2624 844 abire.

2532 892 2766 948 CAPUT
2794 893 3036 949 XXXIII.

1966 982 2068 1037 Ubi
2094 983 2263 1037 socios
2294 990 2441 1038 metu
2489 982 2888 1108 barbarorumt
2911 984 3196 1039 exterritos
3255 983 3507 1040 hortatur
3545 1000 3615 1039 ne

2656 1071 2861 1108 oavean
2895 1095 2906 1108 .

2654 1071 2906 1124 paveam.

2032 1145 2487 1214 Prastergressus
2518 1143 2916 1198 Romanorum
2949 1143 3096 1198 ﬁnes
3129 1141 3480 1210 limitaneos,
3521 1143 3611 1198 in-

1959 1229 2220 1301 greditur
2248 1230 2596 1286 solitudines
2623 1231 2936 1295 saltuosas,
2962 1248 3109 1302 quas
3132 1232 3362 1286 deserta
3387 1231 3606 1302 Bulga-

1959 1319 2056 1373 riaa
2080 1320 2408 1387 nominant,
2442 1337 2706 1392 quasque
2738 1320 3059 1377 latrunculi
3104 1320 3386 1393 Scythica
3419 1320 3613 1392 gentis

1961 1407 2323 1464 inhabitant:
2359 1409 2417 1464 hi
2449 1411 2725 1482 degentes
2761 1427 2922 1466 more
2954 1410 3206 1466 ferarum
3240 1409 3419 1464 nullis
3451 1426 3611 1465 coer-

1959 1502 2164 1554 centur
2194 1497 2440 1570 legibus,
2480 1498 2659 1555 nullis
2690 1500 3066 1555 continentur
3099 1499 3490 1564 urbibus,sub
3513 1498 3609 1553 dio

1962 1591 2374 1659 manent,quas
2397 1605 2507 1644 nox
2525 1589 2776 1661 coegerit
2797 1591 2965 1644 sedes
2986 1589 3224 1654 habent,
3249 1592 3610 1660 pretereun-

1961 1680 2048 1731 tes
2079 1676 2368 1744 obsident,
2396 1677 2596 1734 obvios
2620 1678 3243 1745 interﬁciunt,caeteros
3263 1678 3607 1750 deprmdan-

1962 1767 2076 1828 tur,
2108 1765 2392 1835 gregatim
2423 1766 2666 1831 vadunt,
2699 1766 2899 1821 omnia
2927 1783 3034 1821 sua
3080 1781 3280 1821 secum
3306 1768 3606 1836 portantes

1964 1868 2097 1907 cum
2130 1856 2252 1907 tota
2277 1852 2662 1924 supellectile,
2691 1854 2947 1926 parvulis
2969 1859 3026 1910 et
3047 1854 3326 1909 uxoribus
3349 1870 3362 1908 :
3391 1852 3612 1908 nullius

1966 1940 2202 1997 haeresis
2234 1942 2534 1997 nominata
2565 1948 2742 2013 secta,
2775 1943 3000 1998 nullius
3059 1941 3360 2014 religionis
3418 1941 3614 1996 divino

1963 2029 2122 2085 cultu
2151 2034 2462 2099 tenentur;
2498 2035 2695 2086 tamen
2729 2031 2884 2086 sicut
2911 2048 2980 2087 ex
3032 2047 3234 2086 eorum
3293 2029 3616 2085 interfectis

1963 2118 2237 2188 vidimus,
2271 2135 2431 2174 more
2460 2119 2883 2174 Saracenorum
2917 2119 3439 2185 circumciduntur,
3471 2119 3610 2173 bar-

1965 2207 2113 2271 bari,
2141 2207 2428 2277 crudeles,
2461 2207 2790 2274 homicida),
2817 2208 2942 2264 sine
2968 2209 3201 2271 affectu,
3228 2207 3353 2262 sine
3376 2206 3608 2278 pietate.

2035 2296 2152 2350 Has
2173 2295 2506 2352 mortiferas
2531 2296 2741 2368 praesul
2764 2297 3100 2369 ingrediens
3119 2312 3252 2352 cum
3276 2295 3374 2351 illo
3397 2312 3504 2351 suo
3527 2311 3616 2350 co-

1965 2386 2174 2440 mitatu
2197 2384 2561 2453 solitudines,
2585 2386 2789 2442 obvius
2813 2385 2921 2441 fuit
2943 2384 3300 2457 quibusdam
3322 2383 3616 2456 refugien-

1962 2473 2393 2546 tibus,suisque
2411 2474 2618 2546 refugii
2637 2492 2874 2530 causam
2897 2473 3614 2530 ﬂebiliterintimantibus.

1965 2563 2354 2634 Quamplures
2382 2567 2694 2634 terrentur,
2733 2563 3068 2636 pariterque
3099 2563 3460 2619 retrocedere
3478 2578 3612 2617 cum

1966 2651 2388 2723 refugientibus
2411 2652 2788 2708 meditantur.
2821 2653 3146 2708 Narrabant
3166 2668 3294 2707 sese
3316 2651 3613 2706 latronum

1965 2755 2182 2796 cuneos
2203 2739 2538 2803 incurrisse,
2560 2757 2802 2796 suorum
2827 2739 3113 2812 plurimos
3143 2740 3477 2813 oppetiisse,
3502 2756 3610 2796 cae-

1965 2832 2120 2884 teros
2151 2829 2221 2883 ad
2253 2829 2707 2885 internecionem
2738 2829 3096 2897 vulneratos,
3132 2835 3196 2885 ut
3242 2829 3436 2885 videre
3466 2833 3612 2898 erat,

1965 2915 2059 2971 vix
2088 2916 2362 2972 evasisse.
2425 2919 2861 2974 Conturbantur
2916 2935 3142 2987 omnes,
3200 2917 3499 2988 divinique
3529 2935 3616 2973 re-

1967 3011 2204 3076 spectus
2230 3007 2693 3063 misericordiam
2710 3006 3618 3079 ﬂebiliterimplorant,quoniam

1969 3095 2108 3164 quid
2139 3096 2288 3151 facto
2305 3113 2453 3167 opus
2468 3095 2545 3151 sit
2565 3097 2935 3167 ignorabant.
2959 3096 3172 3150 Audita
3193 3096 3448 3150 domnus
3469 3111 3614 3166 pon-

214 3185 420 3256 quitur
447 3200 584 3238 eum
615 3183 731 3240 fere
770 3183 843 3238 ad
875 3183 988 3239 tria
1019 3165 1203 3240 millia
1251 3201 1366 3240 non
1425 3186 1550 3241 sine
1583 3165 1856 3260 lac'rymis
1888 3165 1930 3232 C
1968 3182 2110 3238 tifex
2130 3165 2373 3240 turbatas
2398 3165 3246 3252 multitudinislamentatione,
3270 3165 3614 3254 pedesenim

212 3278 271 3328 et
293 3272 602 3328 immensis
623 3271 942 3344 gemitibus
958 3274 1151 3330 omnis
1173 3282 1309 3329 setas
1333 3274 1643 3346 utriusque
1665 3292 1858 3333 sexus.

215 3360 628 3432 Preterlegens
648 3359 910 3417 civitates
931 3365 988 3417 et
1016 3362 1250 3433 oppida,
1273 3361 1575 3418 civitatum
1597 3364 1861 3436 regiones

207 3454 269 3506 et
304 3449 652 3522 provincias,
686 3450 976 3505 montium
1008 3450 1372 3518 discrimina,
1397 3452 1679 3508 silvarum
1711 3455 1860 3524 peri-

209 3537 365 3605 cula,
397 3537 580 3608 cultu,
613 3538 876 3594 moribus
907 3542 964 3594 et
991 3538 1195 3611 lingua
1223 3539 1534 3596 barbaram
1567 3558 1743 3612 quam
1771 3559 1862 3598 co-

207 3626 343 3683 lunt
370 3626 523 3681 Huni
552 3630 874 3683 transmeat
902 3627 1148 3698 patriam
1175 3646 1188 3696 ;
1222 3633 1280 3685 et
1313 3633 1373 3683 ut
1403 3629 1736 3700 prolixioris
1755 3631 1859 3687 viae

205 3717 536 3772 lucraretur
563 3715 1000 3786 compendium,
1032 3718 1409 3774 transvadato
1440 3719 1726 3784 Danubio,
1759 3735 1857 3792 pe-

209 3810 404 3861 netrat
434 3804 820 3872 Pannoniam,
847 3806 1036 3860 sancti
1085 3806 1319 3862 Martini
1379 3807 1680 3865 nativitate
1713 3827 1857 3882 prae-

203 3894 449 3950 claram.

788 3983 1025 4040 CAPUT
1058 3983 1280 4040 XXXII.

375 4073 476 4129 Ubi
493 4090 528 4128 ιι
559 4089 682 4142 rege
708 4075 1020 4130 Pannonii?
1046 4079 1358 4129 reverenter
1387 4076 1684 4146 excipitur.

281 4161 602 4217 Nuntiatur
631 4162 752 4234 regi
783 4165 856 4218 ab
887 4162 1099 4218 exteris
1129 4162 1394 4231 partibus
1451 4163 1653 4218 habitu
1698 4180 1858 4234 pere-

203 4251 380 4322 grino
405 4252 694 4322 quosdam
713 4253 938 4308 venisse
959 4250 1347 4316 homines,sui
1369 4251 1530 4322 regni
1552 4252 1698 4306 ﬁnes
1710 4258 1862 4308 tran-

204 4339 328 4395 sire
353 4339 630 4408 volentes,
657 4341 756 4412 qui
783 4357 917 4397 mox
937 4340 1153 4396 accitos
1179 4339 1290 4395 sibi
1313 4340 1649 4410 praesentari
1657 4340 1857 4410 jussit.

212 4428 440 4484 Videas
455 4429 657 4501 itaque
679 4447 777 4486 rex
790 4427 1253 4502 pontiﬁcem,Dei
1269 4433 1413 4483 nutu
1430 4432 1654 4484 mutata
1670 4434 1862 4485 mente

217 4517 494 4590 pristina,
519 4519 709 4590 surgit
731 4519 905 4575 citius
935 4535 970 4574 a
999 4517 1166 4584 solio,
1186 4533 1409 4573 necnon
1433 4517 1862 4574 ofﬁciosissime
1899 4536 1946 4602 Ι)

222 4605 554 4664 salutatum
581 4607 790 4664 invitat
817 4607 875 4661 in
909 4606 1275 4674 consistorio,
1318 4606 1526 4677 quaerit
1546 4623 1754 4664 causas
1777 4607 1869 4663 iti-

224 4695 413 4767 neris,
446 4696 696 4752 miratur
723 4696 962 4762 auditis,
994 4695 1242 4751 miratur
1260 4695 1437 4752 talem
1470 4713 1535 4752 ac
1553 4700 1782 4752 tantum
1799 4696 1876 4755 vi-

207 4802 349 4840 rum
371 4791 495 4841 tam
520 4785 782 4841 difﬁcilis
806 4785 1036 4858 pondus
1061 4785 1315 4841 subiisse
1337 4784 1584 4841 laboris:
1610 4787 1711 4842 sed
1734 4802 1873 4856 quo-

198 4873 369 4932 niam
399 4873 519 4930 illis
550 4875 758 4931 diebus
789 4874 882 4930 vix
911 4873 1159 4946 quilibet
1189 4877 1287 4929 aut
1317 4890 1462 4946 pene
1523 4873 1724 4930 nullus
1765 4874 1873 4929 hoc
1905 4913 1920 4922 ι

211 4962 334 5018 iter
364 4962 701 5034 arripiebat,
731 4963 1025 5035 cogitabat
1053 4979 1126 5018 ne
1155 4961 1503 5018 simularent
1549 4963 1604 5018 id
1637 4963 1875 5020 alterius

197 5051 432 5124 negotii
463 5051 656 5122 gratia
681 5069 694 5118 ;
718 5052 876 5106 unde
896 5050 1117 5106 vocatis
1140 5051 1265 5106 suis
1272 5051 1446 5122 jubet
1477 5067 1576 5107 eos
1597 5052 1874 5124 evestigio

194 5139 520 5213 diligenter
546 5140 870 5209 observari,
906 5156 976 5195 ne
1034 5138 1358 5195 moliantur
1398 5140 1686 5212 quidlibet
1732 5141 1875 5196 sini-

195 5228 348 5284 stri.
385 5227 701 5301 Explorate
726 5245 828 5300 per
855 5227 1078 5301 aliquot
1111 5228 1244 5284 dies
1276 5228 1549 5300 religiosa
1585 5230 1876 5300 pontiﬁcis

200 5316 742 5390 sanctitate,simul
758 5317 961 5373 audita
990 5317 1050 5372 in
1068 5316 1381 5388 stipendiis
1397 5334 1720 5389 pauperum
1738 5318 1878 5374 libe-

196 5407 513 5464 ralissima
532 5407 824 5479 largitate,
849 5406 909 5462 in
930 5406 1168 5478 vigiliis,
1191 5407 1580 5471 orationibus,
1609 5407 1874 5477 jejuniis,

197 5495 588 5564 assiduitate,
613 5497 854 5552 devotus
877 5513 978 5552 rex
999 5495 1283 5568 impendit
1310 5495 1878 5567 obsequium,quod-

197 5600 325 5656 que
362 5586 596 5658 petebat
626 5585 737 5641 sibi
798 5584 1039 5658 suisque
1094 5584 1354 5657 pontifex
1413 5587 1652 5656 praestat
1682 5584 1877 5643 libens

1972 3271 2444 3342 subsequebatur
2474 3274 2634 3328 solus
2652 3277 2717 3326 ut
2736 3272 3021 3327 attentius
3043 3275 3272 3326 vacaret
3295 3269 3540 3341 psalmis
3552 3274 3609 3325 et

1972 3359 2354 3416 orationibus.
2386 3360 2672 3430 substitit,
2703 3365 2759 3416 et
2789 3377 2893 3416 cur
2923 3360 3386 3416 lamentarentur
3414 3358 3618 3429 inqui-

1973 3447 2080 3503 rit:
2105 3449 2334 3520 cognito
2360 3467 2500 3505 casu
2523 3449 2758 3521 signum
2783 3453 2995 3504 sanctae
3020 3447 3210 3502 crucis
3234 3446 3474 3513 indidit,
3495 3461 3620 3501 ere-

1975 3541 2182 3608 ctaque
2214 3539 2415 3594 dextra
2445 3555 2561 3610 qua
2590 3539 2781 3593 iturus
2812 3542 2934 3593 erat
2965 3540 3148 3609 parte,
3181 3535 3453 3608 signavit,
3487 3539 3621 3606 post

1978 3625 2324 3699 recolligens
2356 3643 2555 3684 secum
2585 3628 2761 3682 verba
2790 3625 3001 3698 psalmi
3034 3624 3250 3697 quibus
3305 3625 3526 3694 orabat,
3562 3624 3622 3679 in

1974 3714 2131 3769 venit
2162 3713 2319 3771 hunc
2347 3732 2580 3772 versum
2606 3732 2619 3771 :
2653 3717 2814 3786 Eripe
2832 3731 2922 3770 me
2944 3716 3015 3772 de
3036 3713 3386 3785 operantibus
3406 3713 3623 3783 iniqui-

1977 3805 2163 3870 tatem,
2195 3809 2245 3859 et
2273 3805 2338 3860 de
2367 3806 2498 3861 viris
2525 3805 2866 3874 sanguinum
2895 3805 3051 3860 salva
3078 3819 3163 3858 me
3191 3803 3368 3871 (Psat.
3395 3818 3526 3869 Lvu,
3560 3803 3619 3869 3)

1976 3891 2072 3946 Sic
2091 3891 2260 3948 miles
2282 3892 2495 3950 Christi
2519 3893 2824 3966 paululum
2841 3891 3232 3965 progreditur,
3256 3895 3619 3961 cunctosque

1971 3979 2071 4051 qui
2103 3981 2345 4037 aderant
2376 3982 2625 4038 breviter
2655 3982 2991 4054 alloquitur.

2047 4091 2068 4120 ι
2105 4070 2546 4127 Commilitones
2579 4071 2714 4139 mei,
2748 4088 2864 4127 non
2895 4087 2996 4128 vos
3026 4072 3312 4126 deterreat
3340 4067 3613 4124 adversa-

1973 4181 2001 4208 «
2029 4159 2345 4216 riusvester
2367 4159 2655 4226 diabolus,
2683 4160 2784 4232 qui
2810 4164 3077 4231 tanquam
3106 4161 3187 4215 leo
3217 4159 3419 4214 circuit
3466 4171 3621 4229 quae-

1981 4269 2001 4296 α
2037 4264 2163 4304 rens
2193 4265 2352 4321 quem
2382 4250 2640 4312 devoret;
2671 4251 2761 4306 cui
2816 4251 3053 4306 resistite
3108 4251 3273 4320 fortes
3331 4250 3392 4303 in
3439 4246 3543 4316 ﬁde
3572 4247 3619 4316 (ι

1981 4354 2002 4383 ι
2038 4342 2189 4392 Pelr.
2223 4355 2276 4403 v,
2309 4339 2385 4407 8),
2410 4339 2688 4409 quoniam
2707 4341 2760 4394 si
2787 4340 2927 4394 Deus
2969 4354 3071 4410 pro
3122 4338 3298 4403 nobis,
3328 4352 3451 4407 quis
3489 4350 3615 4390 con-

1979 4445 2000 4472 «
2034 4430 2125 4479 ira
2152 4426 2296 4480 nos?
2326 4427 2502 4490 (Rom.
2529 4443 2652 4494 vm,
2683 4427 2798 4496 91.)
2849 4427 3232 4497 Quapropter,
3292 4424 3508 4478 induite
3535 4438 3626 4476 vos

1984 4531 2006 4560 ε
2039 4523 2391 4569 armaturam
2414 4515 2511 4569 Dei
2568 4517 2627 4568 ut
2680 4516 2896 4585 possitis
2952 4518 3120 4583 stare,
3173 4521 3223 4569 et
3280 4514 3344 4568 in
3373 4510 3625 4566 omnibus

1988 4625 2009 4652 ι
2041 4603 2272 4672 perfecti
2301 4618 2412 4657 esse
2442 4602 2658 4672 (Ep/tes.
2689 4619 2767 4671 v1,
2807 4602 2892 4672 11)
2915 4618 2935 4663 ,·
2966 4601 3104 4673 quia
3123 4603 3311 4656 tentat
3338 4615 3440 4654 vos
3470 4598 3625 4653 Deus

1986 4711 2015 4741 α
2043 4696 2261 4755 vexter,
2296 4695 2360 4746 ut
2392 4691 2539 4747 sciat
2571 4690 2620 4745 si
2651 4689 2912 4761 diligatis
2942 4707 3100 4746 eum.
3133 4689 3242 4746 Sed
3292 4688 3462 4742 faciet
3489 4703 3624 4742 cum
3697 4739 3700 4741 λ

1987 4802 2014 4829 ‹‹
2052 4780 2370 4836 tentatione
2401 4783 2745 4852 proventum
2778 4785 2843 4835 ut
2869 4779 3106 4851 possitis
3137 4778 3462 4844 sustinere;
3497 4791 3628 4848 pro-

1983 4893 2010 4920 ‹‹
2045 4875 2316 4942 parantes
2363 4869 2474 4924 iter
2520 4870 2674 4941 quod
2717 4868 3050 4942 arripuistis
3106 4866 3442 4934 accelerate,
3489 4863 3627 4937 quia

1987 4982 2015 5011 «
2047 4977 2216 5016 nemo
2242 4959 2482 5015 mittens
2504 4975 2745 5014 manum
2769 4976 2937 5014 suam
2959 4960 3028 5014 ad
3061 4963 3342 5027 aratrum,
3366 4960 3424 5012 et
3446 4953 3624 5026 respi-

1985 5074 2013 5101 «
2048 5051 2208 5105 ciens
2240 5052 2418 5114 retro,
2450 5052 2625 5119 aptus
2658 5054 2746 5103 est
2776 5063 2952 5119 regno
2983 5047 3102 5102 Dei.
3137 5068 3165 5097 »

2057 5141 2141 5194 Ita
2173 5136 2344 5192 miles
2379 5136 2478 5192 Dei
2505 5135 2721 5192 Christi
2752 5152 2888 5191 cum
2921 5153 3028 5192 suo
3051 5133 3322 5191 familiari
3351 5137 3408 5188 et
3438 5133 3631 5188 dome-

1990 5230 2136 5285 stico
2170 5227 2450 5282 comitatu
2485 5225 2754 5298 princeps
2775 5225 3059 5296 graditur,
3079 5223 3512 5296 exercitumque
3534 5223 3635 5279 Dei

1991 5335 2064 5374 ne
2096 5319 2303 5389 paveat
2333 5314 2692 5370 exhortatur.
2726 5313 2934 5370 Decem
2966 5318 3021 5369 et
3050 5330 3115 5368 eo
3146 5310 3400 5382 amplius
3429 5311 3636 5368 diebus

1989 5409 2306 5478 peragrant
2336 5421 2434 5458 eas
2467 5402 2835 5468 solitudines,
2872 5419 2972 5474 per
2993 5419 3160 5474 quas,
3186 5405 3251 5456 ut
3271 5401 3492 5457 dictum
3525 5405 3633 5469 est,

1987 5512 2218 5566 semper
2247 5493 2520 5549 Saraceni
2553 5493 2793 5549 sedibus
2824 5492 3059 5548 incertis
3091 5492 3204 5548 huc
3235 5491 3488 5565 illucque
3531 5506 3629 5546 va-

1985 5588 2217 5660 gantur.
