4036 6184
183 386 320 449 “69

1764 391 1837 454 Vl
1847 394 1973 455 TA.

3412 395 3570 458 N70

183 523 299 576 est:
328 543 353 570 «
386 519 428 576 Ο
459 524 660 577 sancte
690 523 944 591 Andrea,
978 524 1147 596 cujus
1178 541 1271 581 me
1310 525 1506 581 tutelae
1537 525 1813 582 dominus
1842 526 1896 592 Α
1927 527 2251 601 plorantem
2321 529 2645 586 deducebat
2703 528 2938 597 Filium,
2990 517 3155 585 vultu
3229 545 3343 602 quo
3418 529 3572 586 inter

181 624 334 665 meus
365 609 691 666 Lietbertus
715 613 1026 684 episcopus
1049 615 1365 685 commisit,
1391 616 1676 686 cujusque
1700 631 1814 670 me-

181 698 413 754 moriam
445 698 502 752 in
536 701 797 756 cmnobio
830 703 981 773 quod
1030 707 1118 757 est
1165 705 1319 774 apud
1350 703 1572 758 Novum
1604 703 1814 759 Castel-

179 786 292 842 lum
322 787 498 842 situm
531 788 759 854 excolit,
796 790 844 845 si
876 796 938 846 tu
966 808 1097 847 vere
1126 791 1224 847 ille
1255 809 1317 847 es
1349 793 1614 848 Andreas
1645 793 1810 847 deco-

177 893 292 943 rus,
338 876 521 932 virilis
581 879 882 949 apostolus
911 881 1144 951 Christi,
1201 882 1427 937 amicus
1488 880 1609 948 Dei,
1638 897 1811 951 quem

177 965 446 1021 Dominus
478 966 678 1022 dilexit
724 967 783 1022 in
835 970 1072 1024 odorem
1122 971 1446 1038 suavitatis,
1476 985 1815 1026 succurrere

179 1054 396 1120 festina,
432 1055 730 1124 miserere,
765 1056 1133 1129 digitumque
1183 1063 1350 1114 tuum
1404 1059 1702 1131 intingens
1753 1057 1812 1112 in

177 1141 292 1198 oleo
323 1143 735 1201 misericordiae
782 1145 1094 1202 Genitricis
1145 1147 1240 1201 Dei
1291 1147 1540 1203 dominas
1601 1152 1810 1203 nostra;

174 1237 375 1286 sanctis
421 1233 636 1298 Maria},
667 1236 938 1305 precibus
969 1237 1090 1292 tuis
1140 1237 1397 1291 animam
1449 1237 1814 1292 deﬁcientem

172 1325 442 1388 sustenta,
472 1321 835 1378 laborantem
869 1324 1106 1393 adjuva;
1149 1342 1445 1390 succurre,
1473 1326 1660 1380 amice
1690 1324 1812 1395 Dei,

171 1426 270 1481 per
297 1415 580 1466 secretum
613 1411 825 1468 Christi
872 1414 1137 1485 magistri
1183 1414 1301 1479 tui;
1327 1415 1453 1486 jam
1489 1414 1726 1480 morior,
1760 1417 1816 1468 et

169 1499 317 1569 quod
354 1516 456 1570 per
503 1517 596 1556 me
645 1518 761 1556 non
811 1519 1076 1574 possum,
1128 1503 1593 1559 misericordiam
1642 1519 1815 1573 posce

171 1587 420 1657 pietatis,
455 1593 746 1659 quatenus
778 1590 923 1645 mihi
957 1591 1336 1660 subsidietur,
1369 1609 1483 1647 non
1516 1592 1663 1647 meis
1696 1608 1816 1646 me-

166 1675 292 1730 ritis
326 1677 540 1748 quibus
571 1694 742 1749 pcnna
769 1681 975 1735 mortis
1007 1682 1273 1746 debetur,
1302 1682 1398 1737 sed
1431 1683 1560 1751 ejus
1591 1681 1691 1753 qui
1723 1695 1817 1735 me

167 1764 329 1820 vobis
349 1766 651 1823 commisit
671 1767 945 1841 lacrymis
967 1774 1024 1825 et
1045 1771 1372 1843 precibus.»
1391 1771 1629 1826 Noctem
1655 1768 1814 1824 illam

167 1853 426 1925 pontifex
457 1855 626 1910 duxit
669 1856 1030 1926 insomnem;
1081 1876 1143 1914 se
1193 1874 1448 1932 suosque
1498 1864 1610 1914 Deo
1657 1875 1815 1914 com-

165 1943 446 1999 mendans
503 1945 825 2015 gemitibus
875 1947 1083 2013 solitis,
1129 1949 1397 2020 votisque
1446 1947 1813 2021 supplicibus

171 2031 470 2088 morientis
502 2035 674 2090 amici
704 2037 906 2092 vitam.

723 2141 956 2198 CAPUT
994 2143 1258 2198 XXXVII.

171 2227 268 2284 Ubi
291 2228 592 2285 Fulcherus
620 2233 861 2287 moriens
891 2232 1325 2358 dapistdwmones
1364 2233 1474 2288 sibi
1510 2233 1816 2288 insistentes

915 2321 969 2358 vi
1012 2321 1032 2358 ι
1065 2345 1075 2357 .

915 2321 1075 2358 viazt.

239 2389 484 2460 Jamque
513 2390 948 2463 propinquabat
976 2393 1164 2448 noctis
1195 2395 1404 2464 quarta
1435 2391 1647 2464 vigilia,
1681 2408 1816 2447 cum

166 2476 388 2532 caeteris
426 2478 526 2550 qui
560 2479 618 2534 in
653 2481 826 2536 domo
857 2486 1022 2536 erant
1054 2482 1112 2536 in
1145 2499 1260 2553 qua
1286 2481 1673 2536 decumhebat
1700 2480 1820 2535 lan-

172 2566 388 2638 guidus
420 2569 730 2639 soporatis,
753 2569 918 2625 visus
949 2575 1036 2626 est
1065 2570 1301 2626 sibimet
1323 2570 1492 2642 quasi
1525 2569 1821 2641 semivigi-

175 2653 306 2710 Ians
338 2655 782 2728 obdormivisse,
815 2663 871 2714 et
900 2675 1030 2714 ecce
1079 2659 1234 2714 videt
1274 2658 1445 2714 binos
1489 2659 1822 2714 daemonum

177 2743 420 2814 Spiritus
444 2751 646 2801 contra
675 2763 737 2801 se
769 2751 944 2815 stare,
969 2748 1214 2804 ferream
1239 2749 1550 2804 tridentem
1570 2747 1819 2802 ﬂammi-

169 2848 519 2904 vomamque
553 2834 707 2890 velut
735 2835 805 2890 de
836 2836 1068 2891 fornace
1100 2836 1253 2908 ignis
1286 2841 1513 2891 erutam
1548 2836 1821 2907 ferentes,

169 2937 245 2992 qu
260 2938 382 2986 am,
416 2922 566 2977 sicut
594 2921 750 2978 idem
784 2924 1003 2995 retulit,
1027 2926 1233 2980 mortis
1263 2925 1530 2981 aculeum
1556 2926 1821 2980 nomina-

165 3004 360 3065 bant’:
395 3010 662 3067 dicebant
693 3012 848 3067 enim
900 3030 962 3068 se
995 3015 1065 3068 ad
1099 3014 1208 3068 hoc
1255 3013 1558 3080 detulisse,
1593 3018 1659 3068 ut
1689 3030 1820 3068 eam

165 3097 328 3153 cordi
359 3099 485 3170 ejus
516 3101 842 3172 afﬁgerent,
870 3106 927 3156 et
950 3102 1034 3156 sic
1065 3101 1326 3157 animam
1357 3102 1652 3172 ejicerent.
1681 3101 1824 3167 Quis

162 3188 350 3243 timor
377 3187 492 3258 ille,
517 3190 706 3244 Deus?
728 3190 861 3261 quis
893 3190 1096 3245 dolor?
1120 3207 1247 3262 quas
1279 3190 1605 3262 angustiae?
1636 3190 1821 3245 Labo-

1923 619 2293 674 convivantes
2342 620 2689 691 suggerebat
2743 620 2986 675 deﬁcere
3036 619 3269 687 vinum;
3323 618 3444 684 illo,
3477 619 3567 675 in-

1923 721 2122 776 quam,
2155 704 2318 760 vultu
2351 723 2464 777 quo
2515 705 2806 762 dolentem
2857 705 3110 778 respexit
3151 705 3564 778 Theophilum,

1923 792 2086 849 vultu
2144 793 2475 850 dulcedinis
2530 799 2586 850 et
2642 794 2843 867 gratias
2886 812 2898 850 :
2950 812 3036 862 eo,
3087 795 3354 868 inquam,
3403 797 3566 852 vultu

1923 882 2270 955 languidum
2321 885 2450 954 jam
2507 900 2653 955 pene
2705 889 3004 939 mortuum
3053 885 3384 940 daemonum
3446 902 3570 940 ma-

1923 972 2099 1028 nibus
2130 975 2363 1027 erutum
2404 972 2672 1042 respexit,
2707 977 2764 1026 et
2797 976 2861 1026 ut
2893 978 3156 1045 surgeret
3204 974 3568 1044 pontiﬁcem-

1925 1077 2036 1132 que
2066 1065 2411 1132 sequeretur
2452 1061 2794 1133 imperando
2837 1061 3205 1133 signiﬁcavit,
3239 1063 3440 1134 sicque
3472 1080 3568 1118 re-

1924 1149 2119 1204 cessit.
2851 1205 2855 1213 λ

2492 1238 2720 1295 CAPUT
2759 1239 2997 1294 XXXIX.

1929 1327 2026 1384 Ubi
2052 1328 2363 1394 Fulcherus,
2395 1328 2612 1400 effectus
2653 1344 2851 1398 sospes,
2887 1329 3080 1384 eadem
3124 1329 3213 1383 die
3256 1329 3564 1400 episcopum

2562 1400 2926 1471 subsequitur.

1997 1505 2320 1560 Recedente
2361 1505 2604 1573 visione,
2647 1507 2748 1577 qui
2802 1505 2913 1560 sibi
2963 1505 3218 1560 dormire
3266 1506 3573 1562 videbatur

1924 1607 2075 1662 aeger
2104 1591 2303 1647 oculos
2334 1593 2582 1664 aperuit,
2615 1597 2672 1648 et
2701 1593 2780 1648 ita
2819 1609 2880 1648 se
2929 1609 3136 1648 sanum
3172 1593 3570 1666 sospitemquc

1926 1680 2142 1750 reperit
2173 1696 2237 1736 ac
2277 1680 2326 1735 si
2371 1681 2514 1736 nihil
2566 1682 2703 1736 mali
2755 1681 3108 1754 pertulisset.
3143 1682 3273 1737 Mox
3321 1682 3570 1739 clamato

1927 1785 2107 1839 puero
2139 1769 2240 1840 qui
2269 1768 2381 1824 sibi
2413 1771 2485 1824 ad
2516 1770 2624 1826 hoc
2657 1775 3016 1827 remanserat
3045 1771 3094 1826 si
3125 1775 3468 1838 moreretur,
3500 1787 3574 1827 ne

1927 1856 2258 1928 insepultus
2302 1863 2585 1926 maneret,
2622 1860 2893 1932 praecepit
2921 1864 2985 1914 ut
3027 1859 3376 1932 quantocius
3404 1858 3574 1914 vesti-

1925 1950 2122 2001 menta
2143 1946 2256 2001 sibi
2276 1947 2546 2018 deferret,
2565 1947 2787 2018 viasque
2813 1948 3147 2019 pontiﬁcem
3172 1948 3572 2002 subsecuturzs

1925 2034 2255 2090 necessaria
2284 2040 2490 2090 cuncta
2534 2041 2785 2108 pararet.
2816 2035 2916 2092 Illo
2947 2053 3079 2091 eum
3123 2040 3415 2091 amentem
3463 2052 3570 2106 pu-

1924 2126 2086 2178 tante
2118 2123 2386 2195 protinus
2426 2125 2698 2192 surrexit,
2732 2125 2856 2197 ipse
2887 2124 3190 2180 dominum
3235 2125 3447 2179 domus
3475 2139 3572 2178 vo-

1926 2212 2103 2278 cavit;
2137 2218 2426 2283 quantum
2476 2230 2578 2284 pro
2623 2212 2938 2285 impendiis
2964 2213 3076 2268 sibi
3108 2212 3334 2268 collatis
3364 2212 3573 2267 debea-

1927 2304 2025 2355 tur
2053 2301 2352 2372 quaesivit;
2404 2304 2760 2375 computatis
2809 2307 2867 2358 et
2913 2301 3156 2358 redditis
3203 2317 3386 2373 equos
3433 2317 3574 2356 suos

1928 2405 2104 2460 quam
2137 2389 2399 2445 celeriter
2428 2391 2620 2462 parari
2655 2393 2844 2463 jubet,
2879 2407 3244 2464 puerumque
3286 2388 3571 2461 supellec-

1928 2477 2048 2532 tilis
2080 2495 2199 2533 sum
2250 2478 2396 2534 nihil
2445 2479 2704 2535 oblivisci
2737 2485 2955 2550 monet,
2991 2495 3164 2551 quem
3214 2495 3328 2533 non
3381 2477 3573 2533 solum

1929 2566 2351 2638 paterfamilias
2396 2568 2456 2623 in
2488 2570 2657 2638 cujus
2689 2568 2943 2640 hospitio
2976 2573 3276 2623 manserat
3326 2567 3576 2622 miratur

1929 2655 2306 2722 incolumem,
2331 2657 2431 2712 sed
2461 2662 2518 2713 et
2548 2657 2739 2712 omnis
2764 2657 2977 2712 vicinia
3005 2657 3222 2730 gaudet
3253 2656 3532 2729 sospitem
3560 2672 3572 2710 :

1932 2745 2148 2816 gaudet
2177 2750 2388 2800 cuncta
2418 2746 2619 2800 civitas
2645 2750 2700 2801 et
2731 2745 3055 2818 applaudit,
3089 2745 3365 2818 quoniam
3399 2761 3571 2816 quem

1932 2838 2217 2905 praecepto
2244 2835 2576 2906 evangelico
2599 2838 2924 2890 statuerant
2954 2835 3298 2890 morientem
3333 2850 3460 2889 sero
3494 2849 3579 2888 se-

1933 2920 2132 2993 pelire,
2174 2924 2490 2978 cernebant
2546 2940 2718 2980 mane
2773 2924 3066 2979 velocibus
3123 2940 3342 2994 equum
3401 2939 3576 2978 suum

1935 3012 2209 3082 passibus
2255 3012 2520 3067 amittere
2569 3015 2656 3084 [[2,
2704 3012 2966 3084 anteire].
3001 3015 3127 3084 Ipse
3173 3029 3307 3068 vero
3356 3010 3584 3066 cunctis

1937 3101 2333 3170 quaerentibus
2364 3101 2532 3157 lactus
2566 3103 2849 3158 referebat
2879 3106 3100 3173 quanta
3137 3100 3247 3156 sibi
3280 3117 3383 3172 per
3412 3115 3583 3155 suam

1937 3187 2252 3259 gloriosam
2284 3189 2634 3244 Genitricem
2685 3195 3073 3261 sanctumque
3119 3189 3408 3243 Andream
3442 3204 3583 3258 apo-

163 3277 338 3332 rabat
361 3293 530 3350 aeger,
555 3277 858 3335 laborabat
887 3283 943 3335 et
965 3280 1288 3347 deﬁciebat,
1313 3261 1632 3351 aspiciebat
1665 3279 1818 3336 ictus
1849 3261 1891 3328 C
1930 3276 2145 3332 stolum
2207 3277 2442 3332 fecisset
2488 3278 2660 3333 Deus.
2715 3279 2858 3332 Inde
2905 3278 3088 3349 gradu
3138 3276 3443 3343 citissime,
3477 3291 3584 3330 suo

165 3365 345 3422 ferire
386 3366 763 3434 minantium,
799 3368 1153 3440 penitusque
1203 3367 1657 3437 dissolvebatur;
1708 3368 1827 3423 sin-

174 3453 438 3527 gultiens
478 3455 925 3526 dissolvebatur,
961 3462 1014 3512 et
1061 3457 1215 3512 inter
1263 3456 1553 3527 singultus
1600 3461 1829 3514 tantum

167 3543 446 3610 sonabat,
477 3544 679 3601 Sancta
714 3546 871 3615 Virgo
914 3546 1216 3616 virginum,
1250 3551 1428 3602 mater
1472 3549 1618 3614 Jesu,
1647 3555 1832 3602 sancte

161 3631 412 3688 Andrea.

718 3723 949 3779 CAPUT
989 3723 1276 3778 XXXVIII.

219 3809 324 3868 Ubi
359 3811 528 3879 Virgo
557 3811 732 3866 Maria,
770 3829 896 3867 cum
929 3812 1155 3868 xlndrea
1185 3813 1429 3881 apostolo
1460 3813 1784 3869 Fulcherum

581 3885 816 3938 visitans
847 3883 1118 3939 daemones
1150 3885 1415 3955 increpat.

241 3971 308 4024 In
345 3969 455 4024 hoc
485 3975 646 4027 tanto
697 3975 936 4044 tamque
966 3971 1213 4028 terribili
1243 3972 1638 4028 tribulationis
1686 3973 1828 4028 arti-

154 4059 325 4129 culo,
356 4058 510 4115 inter
539 4059 820 4132 caligines
849 4067 907 4116 et
951 4062 1195 4117 umbras
1227 4061 1437 4118 mortis
1487 4061 1718 4118 caelitus
1747 4063 1827 4118 ef-

152 4148 481 4222 fulgurans
510 4149 755 4205 irradiat
784 4149 977 4205 locum
1005 4168 1112 4206 sua
1144 4151 1518 4206 sanctissima
1548 4151 1827 4222 potentia,

153 4237 358 4294 Stella
389 4238 593 4308 maris,
627 4237 811 4294 Mater
839 4239 1098 4310 pietatis,
1124 4242 1198 4306 et,
1235 4239 1282 4294 si
1315 4239 1430 4294 dici
1459 4239 1548 4294 fas
1578 4245 1685 4304 est,
1709 4241 1828 4311 pie-

146 4332 256 4382 tas
283 4326 545 4397 pietatis,
567 4329 740 4398 cujus
771 4333 1032 4400 precatu
1059 4327 1246 4399 pietas
1267 4327 1367 4382 Dei
1401 4327 1589 4398 parcit
1620 4344 1833 4398 peccan

153 4420 300 4470 tum
337 4415 559 4488 culpis;
593 4417 775 4482 adest,
809 4417 1075 4488 inquam,
1110 4433 1243 4488 spes
1274 4415 1646 4486 miserorum,
1670 4415 1830 4470 salus

150 4503 485 4570 debilium,
509 4505 792 4576 gaudium
813 4505 1303 4575 Christianorum,
1322 4505 1655 4559 daemonum
1686 4505 1832 4559 forte

1939 3365 2253 3434 comitatus
2306 3365 2535 3434 cliente,
2595 3365 2833 3420 festinat
2883 3364 3162 3436 consequi
3225 3363 3584 3435 pontiﬁcem,

1941 3470 2115 3525 quem
2151 3453 2335 3526 pietas
2359 3458 2416 3509 et
2445 3455 2808 3526 providentia
2827 3453 2927 3509 Dei
2954 3453 3250 3509 detinebat
3279 3453 3338 3507 in
3369 3451 3584 3507 littore.

1940 3542 2036 3597 Sol
2080 3542 2346 3598 exoriens
2396 3543 2581 3598 oculis
2632 3546 2944 3598 nautarum
3003 3540 3242 3596 crinitos
3296 3540 3590 3595 infuderat

1940 3631 2164 3700 radios;
2199 3632 2416 3703 quibus
2437 3631 2580 3687 visis
2603 3631 2884 3703 magistro
2915 3629 3126 3702 puppis
3159 3629 3417 3684 futuram
3451 3645 3587 3699 pras-

1940 3720 2225 3775 notabant
2250 3724 2660 3792 tempestatem
2692 3738 2704 3776 :
2739 3719 2982 3774 consilio
3013 3718 3313 3774 communi
3347 3721 3585 3789 presto-
3685 3742 3688 3745 ·

1941 3808 2215 3864 labantur
2270 3810 2453 3864 donec
2512 3809 2655 3864 hora
2683 3807 2796 3863 diei
2858 3808 3050 3863 media
3099 3809 3398 3878 captarent
3446 3804 3584 3876 quid

1941 3896 2082 3952 solis
2133 3897 2410 3970 splendor
2463 3897 2855 3968 portenderet.
2900 3897 3054 3952 Inter
3111 3895 3233 3950 haec
3284 3893 3427 3950 hora
3473 3892 3589 3948 dici

1939 3988 2111 4042 tertia
2130 3988 2268 4041 dum
2290 3986 2547 4058 pontifex
2576 3986 2632 4041 in
2659 3985 2850 4041 littore
2868 3983 3299 4040 deambulando
3321 3987 3591 4055 pensaret

1942 4077 2212 4132 miserias
2241 4076 2369 4131 vitae
2403 4074 2724 4148 praesentis,
2757 4091 3075 4145 secumque
3105 4073 3356 4145 ploraret
3384 4088 3588 4128 casum

1942 4165 2203 4221 derelicti
2271 4164 2479 4231 ﬁdelis,
2537 4164 2842 4220 nuntiatur
2897 4164 2947 4219 ei
3007 4180 3040 4219 a
3096 4160 3589 4234 prospicientibus

1941 4255 2224 4309 domuum
2271 4254 2466 4310 venire
2524 4253 2896 4309 Fulcherum.
2951 4252 3142 4307 Primo
3200 4249 3587 4322 stupefactus,

1941 4342 2151 4398 dehinc
2182 4347 2437 4398 mentem
2468 4341 2813 4415 recolligens
2846 4341 3093 4414 inquirit
3114 4339 3366 4412 qualiter
3395 4339 3452 4393 id
3483 4338 3591 4393 sci-

1943 4435 2101 4498 rent;
2129 4430 2246 4486 illis
2277 4431 2665 4486 referentibus
2686 4447 2866 4502 equos
2893 4447 3041 4501 quos
3061 4429 3322 4500 equitare
3345 4426 3590 4494 solebat,

1942 4520 2043 4574 sed
2077 4524 2134 4574 et
2164 4519 2508 4574 vestimenta
2547 4520 2675 4589 ejus
2706 4519 2987 4574 veraciter
3013 4518 3250 4584 vidisse,
3285 4515 3592 4587 suspirans

142 4583 524 4660 lamentum,
550 4594 742 4649 ferens
764 4595 1019 4660 dextera,
1046 4609 1163 4664 qua
1182 4593 1477 4648 Christum
1505 4592 1717 4665 pannis
1746 4593 1817 4648 in-

1947 4608 2321 4679 respondisse
2351 4608 2534 4662 fertur
2567 4583 2631 4662 ;’‹‹
2667 4607 2859 4662 Potest
2889 4606 3061 4662 esse?
3092 4623 3204 4661 non
3238 4608 3326 4660 est
3355 4583 3592 4660 Fulche-

141 4681 444 4737 volutum
479 4682 780 4738 reclinavit
813 4683 870 4737 in
904 4682 1208 4755 praesepio,
1242 4682 1479 4737 viviﬁcze
1526 4682 1715 4738 crucis
1755 4685 1835 4738 si-

139 4787 395 4844 gnum;
452 4771 860 4827 sinistrorsum
922 4771 1162 4827 acclinis
1221 4787 1395 4844 super
1443 4771 1502 4826 S.
1537 4773 1832 4828 Andream

139 4860 512 4933 apostolum
549 4878 616 4916 :«
650 4860 899 4932 Ecquid,
934 4860 1146 4932 inquit,
1181 4860 1528 4932 nequissimi
1569 4860 1833 4933 spiritus,

136 4953 379 5004 tantus
411 4952 598 5004 terror
629 4950 846 5005 furoris
879 4950 1096 5004 vestri?
1128 4967 1241 5022 quo
1274 4949 1488 5005 ruitis?
1517 4967 1643 5021 quas
1675 4953 1837 5006 tanta

135 5038 462 5110 superbia
491 5038 654 5094 vobis
686 5039 818 5094 est?

357 5148 619 5201 Tantane
646 5161 738 5201 ros
767 5147 998 5218 generis
1030 5147 1202 5202 tenuit
1236 5145 1444 5216 ﬁducia
1473 5147 1657 5214 vestri,

131 5238 224 5290 ut
260 5251 369 5289 eos
401 5234 501 5307 qui
534 5233 705 5291 nobis
759 5234 1064 5290 commissi
1109 5237 1248 5289 sunt
1276 5233 1572 5290 vindicare
1602 5231 1837 5288 velitis?

133 5321 319 5388 Quid
354 5323 525 5379 vobis
557 5327 614 5379 et
645 5339 797 5396 (egro
827 5339 1001 5394 quem
1036 5323 1219 5378 Filius
1246 5339 1412 5378 meus
1445 5321 1636 5378 reddit
1656 5321 1840 5394 sospi-

131 5410 272 5468 tati
337 5411 520 5483 hujus
575 5412 761 5469 sancti
809 5412 1050 5467 Andreae
1107 5410 1427 5484 precibus?
1483 5410 1643 5466 Abite
1699 5410 1837 5466 hinc

132 5501 560 5572 quantocius,
588 5501 764 5557 abite.
789 5523 817 5552 »
844 5501 1024 5571 Cujus
1050 5501 1120 5556 ad
1151 5498 1464 5571 imperium
1491 5499 1644 5554 dicto
1666 5498 1836 5556 citius

138 5595 544 5646 evanescunt
602 5588 687 5645 illi
746 5590 1077 5645 daemonum
1135 5588 1399 5661 spiritus.
1436 5589 1600 5643 Tunc
1655 5587 1838 5644 Mater

131 5677 418 5751 pietatis
449 5696 669 5753 aagrum
693 5679 947 5752 respexit
966 5677 1128 5735 vultu
1152 5677 1509 5746 serenitatis,
1531 5675 1693 5733 vultu
1718 5693 1833 5749 quo

1949 4714 2072 4765 rus,
2107 4698 2208 4752 sed
2257 4697 2526 4752 fortassis
2559 4713 2705 4768 puer
2735 4697 2922 4767 ipsius
2955 4695 3054 4766 qui
3098 4694 3328 4766 sepulto
3375 4693 3590 4749 domno

1947 4803 2054 4842 nos
2104 4785 2510 4858 prosequitur;
2568 4801 2702 4838 nam
2753 4783 3101 4839 Fulcherum
3154 4782 3268 4837 nisi
3315 4781 3442 4836 sola
3488 4782 3590 4837 Dei

1947 4875 2256 4930 clementia
2279 4876 2404 4946 jam
2433 4890 2548 4928 non
2579 4889 2748 4945 spero
2789 4873 3012 4939 videre;
3046 4877 3302 4927 attamen
3334 4887 3448 4926 non
3479 4870 3589 4924 dif-

1946 4964 2062 5019 fido
2086 4965 2155 5018 de
2180 4962 2394 5018 Christi
2420 4961 2841 5033 misericordia,
2866 4978 2991 5033 quae
3016 4961 3316 5016 sororibus
3337 4958 3592 5014 reddidit

1950 5054 2254 5117 Lazarum,
2295 5052 2482 5106 vidum
2524 5051 2710 5106 ﬁlium
2763 5050 3024 5116 unicum,
3057 5048 3273 5121 quippe
3317 5045 3591 5102 credulus

1950 5143 2166 5214 quibus
2187 5158 2320 5198 eum
2345 5139 2789 5211 ﬁdejussoribus
2812 5140 3216 5210 deposueram.
3240 5158 3266 5185 ››
3284 5135 3434 5190 Dum
3468 5133 3590 5188 haec

1951 5247 2150 5287 secum
2181 5231 2519 5302 loqueretur
2535 5233 2590 5284 et
2619 5227 2826 5284 intenti
2850 5227 3145 5284 venientes
3177 5223 3591 5296 prospicerent,

1948 5321 2112 5376 adest
2161 5318 2499 5375 Fulcherus.
2533 5321 2577 5373 Ο
2605 5334 2780 5389 quam
2833 5315 3005 5372 fuerit
3052 5313 3400 5388 gaudiosum
3447 5327 3588 5383 gau-

1947 5410 2133 5476 dium,
2163 5425 2338 5481 quam
2386 5407 2520 5462 laeta
2566 5406 2788 5472 laetitia,
2824 5405 3046 5460 noverit
3077 5419 3241 5459 mens
3289 5400 3586 5457 humana!

1947 5499 2093 5566 Quid
2128 5497 2445 5570 qualiterve
2475 5495 2586 5552 sibi
2620 5495 2959 5566 contigisset
2990 5510 3102 5549 non
3132 5495 3255 5548 erat
3277 5491 3490 5548 referre
3523 5489 3589 5545 li-

1944 5589 2146 5656 citum,
2181 5591 2383 5644 tantus
2409 5590 2532 5643 erat
2560 5584 2871 5654 tumultus,
2887 5589 3060 5657 atque
3081 5587 3243 5639 tanta
3263 5578 3588 5655 frequentia

1945 5694 2068 5734 sese
2099 5675 2498 5750 complexibus
2528 5676 2656 5746 ejus
2685 5673 3096 5748 ingerentium.
