4036 6184
548 329 697 392 1471

1176 467 1405 525 CAPUT
1444 470 1557 525 XL.

653 554 770 624 Ubi,
806 554 1083 627 inopinate
1111 560 1319 629 recepto
1348 562 1567 685 cognite,
1599 576 1876 632 epzswpus
1906 578 2094 617 navem

1245 647 1401 685 ascen
1446 640 1506 685 it.

1245 640 1506 685 ascendit.

620 716 866 786 Accepto
899 716 1129 783 comite,
1161 719 1333 789 jussu
1378 724 1690 776 nautarum
1723 722 1974 777 domnus
2007 722 2194 793 ponti-

552 802 643 857 fex
674 819 877 858 navem
928 808 1266 862 conscendit
1310 826 1441 864 cum
1477 809 1620 866 suis.
1654 812 1851 867 Nautes
1901 811 2075 867 remis
2110 812 2196 866 in-

556 896 808 964 surgunt
836 894 1062 951 viribus
1093 897 1249 967 totis,

708 1001 1065 1071 Prosequitur
1093 1020 1324 1077 surgens
1354 1023 1386 1060 a
1414 1010 1584 1077 puppi
1612 1015 1803 1062 ventus
1832 1016 2046 1069 euntes;
2100 1017 2103 1020 '

1177 1063 1425 1146 (Visam:
1457 1063 1681 1145 zlE'neid,
1711 1078 1811 1133 lib.
1846 1081 1952 1149 ιιι.)

554 1176 835 1248 linquunt
861 1181 1144 1236 Laodicia;
1165 1188 1387 1253 portus,
1409 1184 1727 1256 pelagoque
1750 1185 1960 1250 volant,
1982 1185 2200 1240 crebris

556 1264 761 1337 legunt
792 1268 937 1323 freta
986 1271 1209 1325 concita
1253 1272 1441 1339 terris,
1475 1271 1601 1327 vela
1648 1273 1913 1343 pandunt
1961 1276 2015 1328 et
2066 1289 2202 1326 cava

554 1356 715 1409 trabe
735 1364 963 1412 vastum
984 1363 1226 1414 currunt
1244 1377 1459 1431 aequor.
1476 1366 1791 1431 Postquam
1814 1362 1996 1417 altum
2016 1362 2204 1417 tenuit

556 1444 739 1507 navis,
767 1462 869 1500 nec
896 1448 1021 1516 jam
1056 1448 1310 1519 amplius
1344 1450 1472 1505 ulla":
1504 1457 1787 1523 apparent
1820 1458 2003 1521 terrae,
2029 1469 2204 1506 caeru-

554 1530 684 1588 leus
716 1550 894 1605 supra
916 1542 1091 1607 caput
1124 1538 1309 1593 astitit
1340 1540 1545 1605 imber,
1573 1545 1798 1595 noctem
1832 1541 2204 1611 hiememque

554 1621 763 1689 ferens,
794 1628 850 1677 et
884 1624 1170 1680 inhorruit
1203 1628 1359 1683 unda
1388 1628 1665 1683 tenebris.
1698 1629 1987 1684 Continuo
2020 1629 2203 1684 invol-

552 1713 703 1765 vunt
734 1712 888 1767 venti
941 1731 1122 1783 mare,
1157 1716 1436 1787 nigraque
1485 1722 1736 1788 surgunt
1766 1736 2019 1790 aequora,
2054 1718 2205 1790 peri-

561 1798 832 1900 clitantes
869 1803 1170 1871 jactentur
1217 1805 1445 1876 gurgite
1473 1809 1636 1861 vasto
1672 1824 1684 1861 :
1720 1806 2007 1861 involvere
2053 1806 2205 1860 diem
2238 1842 2283 1907 Β

555 1888 768 1956 nimbi,
796 1895 851 1945 et
884 1908 995 1946 nox
1027 1893 1271 1948 humida
1294 1894 1504 1949 caelum
1538 1895 1807 1963 abstulit;
1844 1895 2207 1967 ingeminant

560 1977 829 2049 abruptis
860 1980 1149 2036 imbribus
1179 1981 1363 2053 ignes,
1388 1984 1763 2039 excutiuntur
1792 2002 1987 2054 cursu,
2022 1989 2077 2039 et
2105 2001 2206 2039 cae-

562 2065 646 2121 cis
685 2073 880 2122 errant
919 2068 977 2124 in
1012 2070 1184 2125 undis
1219 2088 1229 2124 :
1268 2072 1378 2143 ipsi
1429 2074 1769 2143 peritissimi
1819 2078 2029 2140 nauta,
2062 2091 2203 2145 quo-

557 2154 874 2211 dummodo
933 2160 1296 2216 marinorum
1354 2162 1639 2217 ﬂuctuum
1691 2163 2013 2233 domestici,
2049 2163 2204 2219 diem

554 2248 905 2316 noctemque
938 2254 1153 2319 negant
1182 2248 1240 2302 in
1276 2251 1471 2305 unda:
1505 2255 1623 2306 tres
1654 2252 1794 2306 adeo
1828 2252 2079 2308 incertos
2111 2269 2203 2307 so-

552 2330 636 2387 les
659 2338 855 2388 errant
876 2335 1099 2408 pelago,
1120 2338 1361 2393 totidem
1385 2339 1511 2394 sine
1533 2339 1722 2394 sidere
1746 2344 1976 2396 noctes:
1998 2345 2203 2412 quarto

553 2423 710 2476 terra
740 2422 829 2477 die
862 2424 1116 2495 primum
1167 2443 1228 2481 se
1259 2427 1521 2483 attollere
1567 2428 1691 2484 visa
1739 2434 1848 2499 est,
1877 2438 1932 2484 et
1982 2429 2205 2501 aperire

552 2510 752 2580 procul
786 2517 1014 2568 montes
1046 2518 1102 2569 et
1131 2514 1357 2571 volvere
1390 2516 1650 2583 fumum;
1683 2516 1813 2573 vela
1843 2518 2079 2584 cadunt,
2116 2518 2205 2572 in-

553 2604 809 2671 surgunt
837 2603 1189 2672 quantocius
1221 2610 1431 2674 nautre,
1456 2610 1513 2660 et
1544 2606 1739 2661 adnixi
1771 2611 2043 2678 torquent
2071 2623 2206 2679 spu-

558 2703 684 2744 mas
712 2693 770 2745 et
801 2690 1014 2746 caerula
1043 2698 1302 2749 verrunt.

1174 2800 1404 2856 CAPUT
1443 2802 1581 2856 XLI.

560 2886 659 2961 Ubi
675 2901 784 2961 per
812 2889 973 2961 varia
1001 2887 1120 2943 loca
1140 2889 1337 2944 ductus
1366 2892 1665 2959 episcopus,
1689 2896 1741 2944 et
1760 2893 1883 2961 jam
1902 2906 1994 2961 spe
2018 2890 2203 2945 viden-

624 2956 682 3011 di
725 2960 1040 3029 sepulcrum
1094 2961 1314 3015 Domini
1357 2956 1679 3029 frustratus,
1711 2956 1939 3016 tandem-
1976 2963 2203 3017 consilio

626 3028 970 3084 Laodicensis
998 3032 1244 3102 episcopi
1274 3028 1495 3087 mdistus
1526 3034 1833 3088 revertitur.

634 3135 779 3188 Dum
813 3136 1145 3207 pontiﬁcem
1177 3154 1309 3193 cum
1342 3139 1465 3195 suis
1497 3140 1773 3195 omnibus
1814 3145 2103 3196 servatum
2137 3156 2205 3195 ex

1523 336 1587 397 S.
1630 337 2044 400 LIETBERTI
2089 337 2679 400 CAMERACENSIS
2724 337 2966 398 EPISC.

3705 344 3807 405 1m

2218 473 2271 539 Α
2300 471 2412 527 bus
2453 470 2636 543 regni,
2670 488 2772 543 pro
2822 469 3221 526 simultatibus
3265 486 3401 542 quas
3439 473 3609 527 contra
3653 479 3807 544 patrem

2306 560 2589 615 habuerat
2620 560 2973 616 reconciliati
3005 564 3164 627 sunt,
3198 562 3427 630 uterque
3460 576 3623 617 comes
3646 562 3810 619 Baldui-

2306 666 2440 720 nus,
2474 652 2637 719 pater
2690 649 2911 705 scilicet
2951 653 3008 703 et
3059 648 3231 703 ﬁlius.
3262 649 3360 702 Cui
3410 648 3593 719 placito
3632 651 3810 706 interfuit

2306 739 2559 793 domnus
2592 738 2848 810 pontifex
2885 738 3201 793 Lietbertus
3250 737 3500 793 intonsus
3527 738 3690 805 adhuc,
3712 741 3809 794 sicut

2307 845 2340 883 a
2371 829 2835 899 peregrinatione
2882 828 3128 894 rediens,
3164 828 3233 882 ad
3265 844 3423 882 suam
3466 828 3697 883 civitatem
3718 846 3811 881 nun-

2308 919 2449 973 dum
2482 922 2736 983 venerat,
2773 917 2872 987 qui
2921 916 3287 971 familiariter
3325 916 3501 987 ipsum
3545 917 3749 971 comitem
3771 919 3813 971 ab

2308 1007 2541 1062 exordio
2574 1006 2666 1062 sui
2698 1006 3071 1077 pontiﬁcatus
3102 1006 3392 1060 dilexerat.

2903 1113 3129 1168 CAPUT
3169 1112 3353 1167 XLIII.

2385 1203 2483 1259 Ubi
2512 1202 2741 1258 domnus
2776 1203 3077 1258 Lietbertus
3107 1204 3287 1271 primo
3315 1203 3510 1255 Novum
3535 1201 3774 1257 Castellum.

2745 1274 2940 1329 deinde
2972 1273 3325 1328 Cameracum
3352 1274 3500 1327 venit.

2386 1364 2517 1417 Erat
2540 1363 2596 1417 in
2620 1363 2816 1417 animo
2838 1364 2966 1434 ejus
2991 1364 3169 1417 ﬁxum
3193 1378 3305 1416 non
3330 1362 3481 1433 prius
3500 1361 3675 1416 intrare
3692 1364 3821 1415 Came-

2313 1468 2513 1507 racum
2537 1468 2714 1521 quam
2736 1452 2999 1507 reviserit
3022 1449 3579 1517 Novum-Castellum,
3600 1450 3669 1503 sui
3688 1451 3822 1519 princi-

2316 1545 2485 1611 patus
2517 1539 2685 1594 ﬁdele
2731 1540 3144 1611 municipium,
3178 1540 3331 1610 quod
3381 1540 3447 1594 ob
3493 1540 3643 1593 sancti
3668 1539 3821 1591 Aust

2316 1628 2660 1684 memoriam
2705 1628 3047 1700 diligentius
3096 1628 3408 1684 excolebat.
3438 1628 3545 1691 Quo
3591 1626 3822 1697 perveniens

2316 1716 2530 1772 domno
2548 1718 2861 1772 comitatus
2879 1717 3180 1783 Fulchero,
3196 1734 3328 1771 cum
3346 1716 3546 1770 caeteris
3564 1714 3741 1769 familia:
3754 1731 3822 1767 sua

2318 1806 2626 1861 comitibus
2676 1806 3104 1861 ofﬁciosissime
3158 1805 3469 1877 suscipitur
3518 1804 3580 1858 ab
3626 1803 3821 1865 omnibus,

2317 1900 2743 1967 susceptusque
2776 1896 2834 1949 in
2866 1894 3085 1965 templo
3117 1894 3317 1949 Sancti
3347 1894 3567 1948 Andrem
3594 1890 3822 1947 duciturad

2316 1984 2656 2039 orationem.
2673 1984 3003 2039 Prostratus
3028 1984 3151 2038 solo
3180 2000 3293 2039 non
3327 1982 3631 2054 quaesivitin
3653 1981 3821 2034 oratione

2315 2070 2623 2145 lacrymas,
2658 2090 2805 2143 quas
2854 2088 3083 2143 semper
3135 2070 3598 2127 familiarissimas
3630 2068 3821 2125 habebat;

2316 2162 2449 2217 dein
2484 2178 2730 2234 surgens
2761 2160 2920 2216 dedit
2964 2159 3456 2227 benedictionem;
3489 2175 3613 2229 quos
3638 2156 3825 2227 potuitex

2314 2254 2576 2321 tempore
2608 2249 3002 2313 exosculatus,
3037 2248 3323 2322 processit
3368 2246 3561 2319 palam,
3589 2244 3823 2313 cunctisque

2315 2338 2490 2393 refert
2521 2343 2773 2409 quantos
2810 2336 2913 2392 viae
2966 2336 3276 2408 pertulerit
3305 2353 3486 2391 casus.
3507 2337 3641 2389 Tunc
3665 2334 3824 2387 domnus

2314 2426 2632 2482 Fulcherus
2676 2444 2740 2482 eo
2770 2431 3051 2498 praesente
3104 2426 3368 2496 procedit
3412 2425 3476 2479 ad
3522 2422 3684 2487 altare,
3707 2424 3827 2473 narrat

2314 2533 2444 2587 quae
2474 2520 2762 2587 quantave
2808 2532 2909 2586 per
2953 2531 3122 2570 suam
3158 2514 3594 2570 benedictionem
3618 2510 3826 2581 gloriosam

2314 2604 2429 2661 sibi
2461 2603 2693 2659 fecisset
2714 2604 3001 2659 Dominus
3026 2604 3217 2658 sancti
3239 2603 3464 2658 Andreae
3494 2600 3677 2656 meritis
3693 2603 3731 2652 et
3752 2610 3824 2665 pre-

2313 2694 2500 2760 cibus,
2543 2697 2675 2764 post
2723 2692 2929 2763 capitis
2980 2692 3302 2763 deditione,
3334 2690 3631 2746 videntibus
3668 2684 3823 2747 cunctis,

2314 2798 2441 2838 sese
2462 2787 2661 2837 sancto
2686 2781 2931 2836 tradidit
2953 2782 3221 2848 Andreas,
3237 2781 3473 2836 offerens
3493 2794 3641 2849 super
3653 2778 3823 2829 sanctum

2313 2872 2439 2941 ejus
2470 2870 2650 2925 altare
2698 2871 2846 2925 duas
2878 2870 3082 2925 uncias
3125 2870 3255 2925 auri
3308 2868 3603 2942 purissimi,
3636 2872 3763 2933 utque
3791 2858 3825 2911 in

2312 2960 2516 3014 eodem
2547 2958 2671 3013 loco
2704 2958 2774 3013 ad
2810 2957 3093 3013 honorem
3138 2958 3245 3013 Dei
3298 2962 3354 3012 et
3401 2954 3691 3011 memoriam
3714 2946 3823 3003 sancti

2310 3048 2551 3103 Andreae
2584 3063 2686 3119 pro
2732 3063 2793 3102 se
2823 3063 3030 3119 perpes
3063 3047 3318 3102 servitus
3348 3050 3508 3110 esset,
3538 3042 3687 3097 ﬁlium
3722 3051 3825 3093 suum

2313 3154 2420 3193 suo
2452 3138 2522 3191 de
2554 3135 2789 3191 nomine
2821 3136 3192 3191 nominatum
3244 3135 3537 3191 Fulconem
3565 3126 3747 3186 tradidit
3766 3123 3826 3176 ibi-

560 3223 734 3279 undis
764 3224 961 3281 littora
992 3226 1162 3298 Cypri
1194 3228 1505 3300 accipiunt,
1540 3246 1713 3300 quem
1746 3230 2017 3301 princeps
2047 3229 2205 3285 illius
2236 3211 2278 3277 (ἶ
2317 3226 2481 3292 dem;
2516 3241 2631 3297 quo
2662 3224 2949 3280 monacho
2982 3225 3158 3291 facto,
3195 3222 3533 3279 victualibus
3560 3222 3743 3275 fratrum
3762 3228 3831 3267 ma-

560 3312 784 3381 insulae,
812 3331 985 3386 quem
1020 3316 1326 3386 Ratapant,
1360 3317 1468 3371 hoc
1512 3324 1601 3373 est
1652 3320 1977 3374 secundum
2012 3318 2203 3374 domi-

561 3419 705 3458 num
737 3408 968 3473 vocant,
991 3405 1207 3461 timens
1242 3422 1311 3460 ne
1343 3406 1401 3461 in
1425 3423 1637 3462 manus
1668 3424 2030 3479 paganorum
2061 3408 2205 3462 inci-

557 3491 735 3557 deret,
774 3508 807 3546 a
836 3492 1024 3563 pridie
1058 3494 1358 3551 Nonarum
1388 3496 1529 3551 Julii
1563 3513 1749 3567 usque
1780 3498 1851 3551 ad
1885 3497 2071 3568 pridie
2102 3497 2207 3552 Ka-

559 3580 871 3636 lendarum
924 3583 1196 3654 Augusti,
1230 3584 1498 3652 detinuit,
1532 3584 1715 3640 donec
1745 3584 1844 3640 illa
1874 3586 1987 3653 die,
2022 3584 2206 3641 multo

562 3685 702 3724 auro
735 3670 889 3725 exitu
920 3671 1012 3726 vix
1043 3672 1372 3743 impetrato,
1406 3674 1547 3728 dum
1589 3690 1823 3729 rursum
1857 3675 2083 3730 marino
2116 3674 2209 3729 iti-

562 3774 698 3813 nere
731 3775 792 3814 se
823 3760 1082 3815 crederet
1112 3762 1422 3835 proﬁcisci,
1452 3762 1657 3817 fraude
1688 3767 2001 3819 nautarum
2034 3763 2209 3818 decli-

558 3847 829 3903 nautium
895 3849 1142 3906 insidias
1182 3867 1544 3924 paganorum
1602 3852 1935 3907 Laodiciam
1994 3852 2209 3908 relatus

563 3939 681 4003 est;
718 3937 775 3991 in
810 3953 925 4009 quo
956 3937 1081 3994 loco
1114 3940 1253 3994 dum
1288 3957 1493 3996 rursus
1521 3957 1714 3996 moras
1746 3941 2085 4009 innecteret,
2108 3957 2212 3996 nec

559 4042 693 4096 spes
726 4025 844 4081 ulla
890 4027 1223 4097 perﬁciendi
1256 4033 1388 4084 vota
1436 4034 1787 4101 superesset,
1816 4030 2209 4086 remeantibus

562 4130 695 4168 cum
731 4116 1109 4171 Laudunensi
1136 4118 1405 4188 episcopo
1430 4120 1545 4188 ian.
1578 4119 2016 4189 Ingelranno]...
2042 4124 2208 4190 (quo-

564 4203 722 4257 niam
750 4208 807 4257 et
826 4203 950 4274 ipse
972 4203 1088 4259 illis
1111 4204 1315 4259 diebus
1340 4206 1484 4260 ierat
1508 4206 1989 4278 Hierosolymam)
2015 4224 2217 4279 quam-

571 4290 840 4364 pluribus
872 4296 929 4346 et
958 4291 1182 4347 itineris
1218 4292 1621 4348 difﬁcultatem
1650 4295 2057 4364 referentibus,
2082 4301 2211 4351 tan-

568 4382 701 4436 dem
747 4379 990 4435 consilio
1040 4380 1416 4437 Laodicensis
1465 4381 1720 4455 episcopi
1769 4384 2050 4440 redeundi
2107 4385 2214 4441 iter

564 4473 808 4525 moestus
840 4468 1109 4540 arripuit.

1172 4576 1410 4632 CAPUT
1450 4577 1615 4634 XLII.

568 4668 670 4725 Ubi
700 4668 998 4738 imperator
1036 4670 1086 4721 et
1134 4668 1598 4749 remFrancorurn
1627 4669 2015 4739 componendae
2061 4671 2218 4740 pacis

1095 4746 1293 4808 gratia
1334 4746 1681 4794 conveniunt.

646 4829 707 4882 In
741 4826 937 4898 regnis
985 4825 1455 4881 Lothariensium
1499 4844 1722 4883 necnon
1756 4828 2110 4885 Francorum
2141 4830 2218 4886 si-

570 4915 1023 4972 multationibus
1094 4915 1308 4970 exortis
1366 4915 1846 4987 quampluribus,
1909 4918 2222 4989 imperator

571 5005 859 5063 Henricus
892 5009 949 5059 et
979 5020 1078 5058 rex
1128 5004 1484 5059 Francorum
1518 5006 1800 5061 Henricus
1831 5011 1895 5061 ut
1926 5023 2023 5062 eas
2054 5008 2219 5063 seda-

565 5100 700 5153 rent
757 5095 828 5150 ad
881 5092 1242 5164 colloquium
1286 5098 1699 5165 convenerunt,
1727 5096 1824 5150 sed
1886 5094 2224 5167 imperfecta

568 5202 709 5258 pace
743 5184 1159 5239 discesserunt.
1194 5182 1309 5238 Nec
1341 5182 1527 5237 multo
1568 5188 1699 5254 post
1725 5184 2009 5240 Henricus
2039 5185 2224 5257 impe-

574 5280 734 5329 rator
755 5275 1041 5345 praesente
1072 5288 1223 5343 papa
1242 5270 1491 5338 Victore,
1513 5271 1611 5343 qui
1635 5289 1736 5343 pro
1759 5273 1954 5329 causis
1976 5277 2224 5345 papatus

578 5378 679 5432 per
711 5363 1007 5417 Romanos
1040 5360 1191 5415 male
1223 5364 1525 5428 tractatus,
1560 5361 1713 5431 apud
1746 5360 1942 5433 ipsum
1974 5377 2226 5434 conque-

573 5457 778 5504 sturus
807 5455 1065 5517 venerat,
1100 5450 1253 5506 diem
1302 5448 1516 5504 clausit
1554 5454 1899 5507 extremum.
1934 5451 2070 5507 Post
2098 5454 2225 5531 ejus

583 5541 829 5594 mortem
862 5556 995 5593 cum
1028 5538 1145 5594 ﬁlio
1190 5539 1318 5609 ejus
1365 5538 1611 5594 Henrico
1660 5544 1716 5595 et
1765 5540 1964 5613 regina
2010 5542 2224 5597 domno

579 5643 733 5703 papa
762 5627 1000 5695 arbitro,
1026 5629 1125 5685 sed
1158 5631 1214 5684 et
1231 5626 1535 5699 judicibus
1556 5629 1846 5703 episcopis
1874 5635 1933 5688 et
1956 5631 2227 5705 principi-

2309 3332 2425 3389 gna
2455 3314 2695 3371 donaria
2725 3313 2993 3379 contulit,
3028 3331 3159 3385 quae
3194 3310 3723 3386 privilegiorumjure
3744 3317 3828 3372 pon-

2310 3405 2485 3460 tiﬁcis
2514 3403 2856 3459 auctoritate
2886 3403 3159 3458 ﬁrmavit.
3195 3402 3475 3457 Omnibus
3520 3399 3613 3454 rite

2310 3495 2468 3548 venit
2495 3494 2750 3548 domnus
2780 3492 3038 3564 pontifex
3068 3496 3461 3559 Cameracum,
3487 3494 3537 3543 et
3562 3482 3740 3559 gaudiis
3753 3482 3829 3547 qui-

2314 3583 2424 3639 bus
2455 3582 2713 3654 oportuit
2742 3599 2776 3635 a
2803 3581 2931 3637 suis
2961 3580 3270 3652 excipitur.

2907 3686 3138 3743 CAPUT
3182 3685 3375 3741 XLIV.

2394 3778 2493 3835 Ubi
2522 3779 2804 3849 Hugonem
2829 3775 3180 3847 capellanum
3212 3776 3387 3849 multa
3416 3772 3552 3828 mata
3576 3768 3787 3840 facientem

2884 3848 3399 3903 excommunicauit.

2390 3937 2614 3993 Interea
2669 3940 2855 4008 Hugo,
2906 3934 3151 3992 Walteri
3201 3932 3481 4007 capellam
3525 3931 3832 4018 ηεροδ-(ΡΨ

2322 4027 2778 4099 prmnotavimus
2838 4024 3212 4081 castellatura
3246 4025 3559 4088 ‘donatum,
3610 4009 3834 4088 proﬁciebat

2326 4118 2512 4170 aetate.
2534 4117 2789 4186 Tempus
2814 4114 3072 4170 instabat
3092 4113 3425 4185 proximum
3446 4124 3552 4180 quo
3569 4100 3770 4196 Ansellus
3788 4106 3834 4146 re-

2327 4204 2546 4277 gimine
2576 4205 2703 4274 ejus
2743 4220 2958 4268 carere,
2981 4207 3038 4258 et
3066 4202 3193 4273 ipse
3220 4203 3437 4257 bonum
3484 4211 3636 4253 suum
3674 4196 3834 4277 ι’θοιρθτέ

2328 4275 2592 4349 debebat.
2612 4294 2786 4349 Porro
2811 4292 3044 4348 Ansello
3068 4290 3374 4347 videbatur
3396 4289 3523 4360 quia
3542 4285 3603 4340 ad
3628 4275 3836 4351 regendam

2329 4381 2763 4439 castellaturam
2790 4382 3024 4450 juvenis
3062 4379 3159 4435 ille
3193 4380 3453 4436 nondum
3500 4378 3632 4432 esset
3664 4368 3837 4449 idoneus,

2328 4470 2574 4542 ideoque
2605 4471 2891 4541 protelare
2920 4469 3148 4524 volebat
3172 4485 3293 4524 sum
3319 4464 3576 4523 custodias
3595 4456 3837 4542 ofﬁcium._51

2246 4578 2294 4643 D
2326 4559 2438 4616 sibi
2461 4535 2824 4632 permitteret
2844 4558 3183 4630 episcopus;
3209 4558 3312 4613 sed
3336 4553 3582 4627 quamvis
3600 4535 3838 4643 pontit‘ex‘lie

2328 4649 2766 4720 imperfectione
2797 4647 3060 4719 Hugonis
3098 4646 3357 4716 idipsum
3386 4642 3603 4699 sentiret
3640 4632 3838 4729 cum-“Au;

2327 4718 2491 4803 sello,
2543 4738 2776 4794 nolebat
2820 4718 3015 4792 tamen
3067 4736 3265 4806 ipsum
3314 4729 3555 4789 fraudari
3596 4744 3624 4782 α
3660 4718 3839 4814 prsﬁniu

2332 4827 2609 4899 temporis
2640 4826 2847 4898 spatio,
2882 4829 3095 4895 putans
3126 4825 3403 4894 juvenem
3444 4835 3538 4891 per
3577 4807 3836 4901 disciplinast

2330 4894 2502 4973 suam
2532 4917 2602 4972 ad
2634 4914 2894 4971 veritatis
2924 4913 3079 4968 viam
3110 4928 3282 4984 posse
3311 4906 3569 4972 revocari,
3594 4901 3635 4957 si
3657 4894 3838 4984 θεειωξε

2332 5023 2450 5061 suae
2472 5004 2801 5077 ignorantia
2822 5021 2855 5059 a
2874 5006 3029 5058 recto
3051 5000 3423 5057 deviaret.Sic
3443 4998 3520 5052 sic
3536 4974 3839 5083 Ansellus‘nnul'

2332 5072 2563 5150 latenus
2586 5094 2899 5165 impetrare
2918 5091 3104 5147 valuit
3126 5106 3291 5163 prece
3308 5087 3395 5144 vel
3423 5083 3605 5159 pretio,
3618 5075 3725 5149 quin
3738 5072 3837 5165 Ηιξξο

2334 5181 2632 5239 castellatu
2643 5158 2767 5237 ram
2790 5197 2960 5237 suam
2983 5158 3262 5252 reciperet
3284 5177 3343 5231 in
3367 5175 3454 5230 die
3474 5158 3837 5255 suo.AdePi9m_'

2335 5288 2447 5344 que
2470 5272 2635 5344 Hugo
2662 5270 2902 5327 honoris
2926 5269 3013 5326 sui
3038 5264 3445 5341 gubernaculo,
3467 5259 3633 5335 palam
3656 5254 3833 5344 οοθυθῗῗ

2334 5341 2467 5417 fecit
2490 5341 2765 5416 omnibus
2786 5360 2937 5431 quod
2962 5358 3271 5415 claudebat
3289 5357 3346 5411 in
3377 5353 3579 5462 animo
3599 5348 3729 5462 satis

2521 5451 2530 5461 .
3354 5460 3362 5462 Α
3400 5440 3541 5462 ___L;
3586 5447 3687 5462 -.ηπ
3727 5441 3744 5462 ς
3785 5458 3790 5462 Α

2335 5451 2654 5524 quominus
2675 5465 3052 5523 cognosceres
3074 5464 3228 5514 eum,
3244 5460 3372 5500 cum
3399 5434 3710 5527 prohiberent
3726 5434 3815 5527 sun-if

2335 5546 2474 5598 aetas
2491 5545 2548 5596 et
2564 5540 2843 5613 magister
2861 5556 2873 5596 :
2899 5538 3071 5595 modo
3092 5553 3223 5593 vero
3243 5552 3358 5591 sum
3378 5524 3646 5604 potestatis
3662 5524 3825 5613 co‘mps‘f:

2334 5630 2514 5690 totius
2540 5604 2862 5704 magisterii
2902 5632 2958 5685 et
2987 5626 3303 5701 disciplina:
3346 5617 3677 5687 contemptor,
3702 5604 3825 5666 {We
