4036 6184
516 299 669 357 1475

1481 294 1542 352 S.
1593 290 2010 352 LlETBERTI
2054 288 2654 352 CAMERACENSIS
2700 291 2945 351 EPISC.

3678 308 3783 366 Mlti

510 430 727 485 nachos
754 430 942 484 eidem
977 426 1099 482 loco
1124 424 1468 497 assignavit,
1498 441 1611 479 non
1647 428 1875 479 tantum
1904 426 2153 490 mortuo,
2186 425 2242 490 Α
2270 423 2446 478 ctioni
2478 424 2631 477 sicut
2660 424 2903 479 decebat
2930 423 3209 478 interfuit.
3246 424 3425 495 Ipsum
3454 430 3661 500 profecto
3685 452 3783 503 prae.

511 521 610 575 sed
643 517 907 590 regnanti
936 516 993 570 in
1046 514 1206 570 ccelis
1253 514 1503 577 Christo,
1556 514 1802 585 mystica
1832 512 2162 568 orationum

508 610 807 678 unguenta
852 604 1234 659 exbibituros.
1288 602 1431 657 Huic
1467 607 1683 657 sanctae
1716 600 2161 671 consecrationi,

511 700 574 750 ut
604 711 664 749 se
695 693 946 749 etelestis
970 692 1228 765 potentia
1248 692 1305 745 in
1339 692 1551 746 virtute
1584 682 2163 746 sanctiﬁcationis'li-

507 786 809 856 quesceret
839 781 1116 847 adfuisse,
1178 780 1484 836 visibiliter
1539 779 2005 835 demonstravit:
2063 794 2166 849 per

510 876 699 927 totum
731 871 918 925 noctis
972 870 1229 941 spatium
1282 887 1408 941 quae
1468 874 1680 924 sanctae
1744 866 2163 923 benedictionis

510 960 867 1032 praecedebat
887 959 1061 1024 diem,
1088 975 1256 1030 seper
1278 959 1472 1030 ipsum
1494 957 1914 1013 monasterium
1936 956 2163 1028 sphaera

506 1049 658 1104 lucis
688 1048 745 1103 in
781 1048 1022 1103 modum
1055 1064 1275 1101 coronae
1326 1047 1552 1102 coalitus
1602 1048 1829 1101 emissa:
1864 1045 2158 1117 pependit,

510 1139 763 1210 profecto
787 1138 911 1207 jam
945 1136 1313 1208 signiﬁcante
1345 1136 1458 1191 Deo
1491 1154 1592 1207 pro
1629 1136 1737 1190 hoc
1787 1135 2001 1190 laboris
2052 1136 2159 1189 im-

512 1227 724 1299 pendio
741 1226 1094 1281 Lietbertum
1112 1225 1441 1296 pontiﬁcem
1458 1224 1866 1279 misericordiae
1886 1240 2159 1279 coronam

512 1319 908 1387 accepturum.
942 1314 1057 1367 Hoc
1091 1313 1431 1368 incredibile
1464 1312 1753 1369 videbitur
1795 1313 1877 1368 eis
1910 1312 2009 1384 qui
2044 1330 2159 1367 non

513 1405 758 1459 credunt
779 1403 976 1457 omnia
997 1401 1299 1472 possibilia
1320 1402 1690 1456 credentibus
1717 1420 1729 1467 ;
1754 1403 1855 1457 sed
1877 1418 1948 1456 ne
1971 1402 2064 1456 cui
2086 1402 2157 1455 ad

509 1491 979 1547 incredulitatem
1028 1489 1370 1561 scrupulum
1421 1495 1665 1556 moveat,
1721 1491 1961 1545 testium
1994 1507 2156 1545 vera-

512 1582 667 1636 cium
700 1579 982 1635 relatione
1013 1579 1291 1633 defendor
1319 1597 1331 1645 ;
1367 1579 1493 1650 ipsa
1516 1595 1750 1651 quoque
1780 1579 2004 1635 Veritas
2036 1596 2158 1634 SUIS

514 1670 783 1725 ﬁdelibus
819 1668 1106 1739 promittit
1138 1668 1369 1723 dicens:
1404 1668 1463 1721 Si
1492 1670 1611 1740 quis
1641 1670 1781 1723 mihi
1808 1670 2159 1723 ministrave-

514 1761 607 1823 rit,
641 1757 1019 1827 honoriﬁcabit
1055 1772 1177 1811 eum
1218 1758 1379 1812 Pater
1434 1774 1582 1812 meus
1641 1758 1823 1827 (Joan.
1882 1775 1983 1826 xu,
2041 1758 2154 1821 26‘,
2191 1792 2237 1855 Β

516 1848 671 1902 unde
701 1846 996 1901 credimus
1019 1846 1095 1899 ibi
1120 1862 1234 1900 non
1257 1844 1512 1899 defuisse
1539 1845 1724 1899 Patris
1746 1845 2157 1913 honorem,ubi

514 1942 600 1992 tot
629 1939 964 1991 sanctorum
996 1948 1235 2005 corpora
1264 1937 1546 1987 conventa
1577 1933 1826 1987 fuerant.
1850 1933 2068 2005 Viginti
2101 1938 2159 1987 et

516 2023 917 2079 duodicuntur
936 2020 1211 2088 adfuisse;
1238 2037 1488 2091 quorum
1522 2021 1843 2076 nominane
1859 2021 2159 2093 prolixitas

518 2113 818 2169 fastidium
862 2114 1119 2182 generet,
1166 2110 1493 2165 omittimus
1552 2110 1822 2171 scribere,
1884 2115 2159 2165 ceterum

516 2202 663 2259 scire
693 2200 945 2255 volentes
977 2217 1009 2252 a
1041 2214 1101 2252 se
1135 2198 1277 2269 ipsis
1312 2202 1582 2269 poterunt
1613 2199 1899 2269 colligere.
1951 2202 2156 2253 Actum

517 2296 573 2345 et
592 2293 999 2345 consecratum
1024 2287 1337 2341 Dominicaa
1359 2286 1787 2341 lncarnationis
1805 2304 1957 2340 anno
1982 2286 2163 2341 mille-

517 2378 666 2434 simo
698 2377 1058 2447 sexagesimo
1090 2374 1638 2445 quarto,indictione
1670 2376 1947 2444 secunda,
2010 2392 2162 2430 anno

521 2482 753 2539 quoque
782 2464 1155 2538 pontiﬁcatus
1177 2464 1376 2518 domui
1410 2463 1593 2518 nostri
1625 2468 1681 2518 et
1728 2465 1952 2535 patroni
2010 2463 2160 2519 Liet-

519 2555 666 2611 berti
698 2571 810 2625 xxv,
844 2554 1037 2608 Romae
1059 2552 1405 2623 praesidente
1436 2569 1586 2623 papa
1618 2550 1965 2607 Alexandro.

1182 2658 1413 2715 CAPUT
1445 2658 1506 2713 L.

526 2750 683 2824 Quod
711 2748 1014 2824 canobiurn
1043 2749 1192 2824 intra
1222 2748 1410 2824 urbem
1440 2764 1598 2802 muro
1629 2747 1922 2824 inclusum,
1974 2751 2024 2824 et
2075 2764 2166 2801 su-

592 2821 847 2894 pradicta
870 2820 1098 2894 ecclesia
1126 2820 1183 2874 in
1217 2820 1475 2874 honorem
1531 2820 1706 2873 sancti
1762 2820 1982 2873 Nicolai
2036 2834 2169 2872 con-

596 2892 805 2948 Secrata
835 2892 1025 2961 fuerit.

596 3001 666 3054 Et
698 3016 766 3053 ne
797 2997 1221 3052 monasterium
1245 3000 1405 3050 extra
1433 2996 1682 3050 civitatis
1729 2996 2017 3050 ambitum
2082 3012 2169 3051 re-

525 3090 807 3150 maneret,
841 3086 1195 3140 studuerunt
1235 3084 1515 3155 ampliare
1547 3084 2169 3151 mcenia,circumdan-

2274 510 2467 565 dictus
2498 511 2969 582 archiepiscopus
2990 512 3335 567 omnimodis
3361 514 3601 587 diligebat
3636 526 3678 575 et
3718 542 3788 578 su-

2274 614 2376 670 per
2406 616 2609 655 omnes
2643 600 2980 672 metropolis
3027 617 3146 655 sum
3194 601 3476 673 episcopos
3500 610 3789 670 venerabatur

2276 692 2333 742 et
2354 687 2599 743 colebat.

2908 778 3140 833 CAPUT
3182 780 3293 834 LII.

2278 866 2381 922 Ubi
2409 869 2469 921 in
2497 884 2645 922 caena
2669 869 2889 945 Domini
2910 868 2977 945 _ab
3004 867 3393 945 archiepiscopo
3419 871 3584 926 divina
3608 881 3793 945 mysteria

2782 940 3059 994 celebrare
3088 941 3434 1011 supplicatur.

2344 1027 2567 1081 Accidit
2598 1027 2655 1081 in
2690 1045 2807 1083 una
2840 1028 3045 1099 quinta
3074 1028 3210 1083 feria
3242 1030 3466 1099 majoris
3517 1031 3794 1091 hebdomade

2272 1131 2399 1186 quae
2434 1121 2703 1170 sanctum
2740 1117 2964 1171 Pascha
3012 1117 3299 1187 praecedit,
3345 1117 3592 1175 infulatus
3640 1126 3796 1192 pontifi-

2270 1204 2497 1259 calibus
2515 1203 2787 1276 insigniis
2810 1205 3281 1275 archiepiscopus
3300 1208 3429 1261 dum
3453 1209 3723 1278 procederet
3738 1230 3797 1266 sa-

2270 1298 2571 1347 crosancta
2608 1292 2925 1347 missarum
2979 1293 3261 1349 solemnia
3315 1294 3597 1363 celebrem,
3644 1302 3798 1371 prOSpi-

2269 1381 2429 1435 ciens
2461 1381 2605 1435 vidit
2637 1386 2924 1436 astantem
2947 1382 3230 1437 domnum
3265 1388 3511 1437 nostrum
3540 1385 3799 1441 Lietbertum

2271 1470 2624 1540 pontiﬁcem;
2646 1487 2760 1541 quo
2782 1470 2905 1525 viso
2930 1471 3626 1543 substitit,retrorsumque
3644 1476 3801 1530 rediens

2268 1559 2483 1628 quibus
2516 1565 2638 1613 erat
2668 1559 2950 1613 infulatus
2982 1559 3261 1631 insigniis
3283 1560 3517 1625 exuitur,
3542 1567 3588 1615 et
3608 1563 3721 1632 quod
3744 1580 3801 1618 ce-

2267 1645 2600 1702 lebraturus
2630 1652 2753 1701 crat
2784 1653 3221 1702 sacramentum
3256 1647 3576 1720 suppliciter
3601 1650 3799 1705 domuum

2266 1736 2621 1791 Lietbertum
2656 1742 2818 1808 rogat
2852 1736 3193 1804 celebrare;
3256 1738 3403 1808 quod
3455 1738 3537 1792 vix
3582 1738 3799 1809 impetrare

2269 1823 2455 1878 valuit
2478 1842 2625 1896 :quce
2658 1842 2749 1881 res
2772 1826 2996 1880 cunctis
3029 1828 3130 1897 qui
3165 1826 3404 1881 aderant
3432 1826 3485 1880 in
3513 1843 3624 1881 eum
3652 1843 3799 1899 magna

2274 1913 2671 1969 venerationis
2702 1930 2882 1969 causa
2912 1914 3040 1968 fuit.

2900 2020 3131 2075 CAPUT
3162 2021 3304 2076 LIII.

2373 2110 2472 2165 Ubi
2496 2111 2737 2180 Hugonis
2768 2110 3139 2179 municipium
3168 2111 3522 2181 Porgivallem
3550 2110 3758 2165 subvertit.

2349 2202 2466 2252 Hoc
2487 2201 2817 2269 temporum
2877 2198 3169 2253 curriculo
3228 2199 3521 2271 praedictus
3571 2199 3697 2270 Hugo
3734 2200 3802 2253 Ca-

2272 2286 2591 2341 meracensi
2626 2303 2772 2357 pago
2806 2304 2919 2341 non
2953 2287 3186 2358 longius
3220 2306 3252 2343 a
3284 2289 3499 2343 civitate
3551 2305 3690 2359 quam
3731 2288 3795 2340 de-

2271 2390 2393 2430 cem
2428 2373 2779 2429 milliaribus
2802 2376 2957 2447 apud
2992 2378 3307 2447 quemdam
3343 2376 3539 2443 locum,
3594 2373 3799 2447 Porgival-

2274 2464 2387 2518 lem
2410 2462 3047 2535 dictum,municipium
3078 2466 3414 2534 ﬁrmavit,in
3439 2466 3577 2537 quod
3604 2464 3799 2518 introiens

2275 2568 2406 2606 cum
2432 2551 2784 2607 satellitibus
2817 2553 2940 2607 suis
2990 2570 3083 2608 res
3131 2555 3356 2609 vicinas
3400 2554 3688 2609 devastabat
3725 2550 3799 2621 epi-

2277 2640 2456 2710 scopi.
2493 2640 2607 2694 Hoc
2640 2641 2946 2712 episcopus
2968 2642 3066 2696 diu
3102 2643 3253 2697 ferre
3286 2660 3394 2697 non
3424 2643 3605 2714 potuit,
3632 2640 3703 2696 sed
3726 2638 3801 2693 col-

2277 2733 2433 2784 ectos
2482 2730 2707 2799 equites
2729 2733 2785 2783 et
2817 2730 3037 2800 pedites
3089 2730 3233 2786 illuc
3263 2732 3461 2787 direxit
3493 2728 3805 2799 :municipium

2279 2817 2500 2873 assultu
2529 2818 2899 2889 opprimitur,
2933 2824 2987 2873 et
3008 2819 3139 2890 igne
3171 2837 3513 2875 succensum
3561 2820 3618 2873 ad
3664 2821 3804 2871 terram

2280 2905 2668 2977 prosternitur
2692 2922 2703 2959 :
2731 2906 2929 2977 sicque
2950 2906 3111 2963 locus
3143 2907 3244 2963 ille
3275 2926 3306 2963 a
3335 2907 3649 2964 satellitibus
3674 2920 3807 2959 emun-

2280 2995 2644 3066 datur.Hugo
2669 3011 2909 3049 suorum
2935 2994 3219 3067 spelunca
3240 2996 3504 3068 praedicta
3532 2992 3807 3062 [deestdintla

2283 3086 2385 3137 aut
2416 3083 2557 3153 quid
2595 3083 2811 3153 simile]
2843 3082 2981 3137 alibi
3015 3084 3270 3152 divertit,
3305 3085 3613 3156 praedasque
3637 3086 3679 3136 et
3713 3076 3809 3133 mala

525 3181 614 3230 tes
645 3191 815 3229 omne
837 3173 981 3228 illud
1016 3173 1353 3227 monasterii
1384 3173 1691 3228 mdiﬁcium
1732 3173 1880 3229 vallo
1902 3178 1958 3228 et
2016 3175 2169 3228 fossa
2200 3157 2242 3222 C
2285 3171 2539 3243 plurima
2560 3171 2616 3225 in
2646 3171 2986 3242 episcopum
3012 3173 3403 3243 repetivit.His
3432 3171 3608 3227 etaliis
3628 3168 3809 3241 pluribus

526 3281 660 3319 cum
693 3263 925 3318 civitate
950 3266 1087 3317 tota.
1124 3262 1285 3327 Quod
1309 3262 1538 3316 duabus
1568 3278 1637 3316 ex
1675 3263 1869 3316 causis
1930 3278 2027 3317 eos
2082 3262 2168 3317 fe-

2284 3260 2621 3314 infortuniis
2652 3277 2763 3314 non
2794 3260 3172 3331 frangebatur
3205 3262 3374 3317 miles
3404 3260 3612 3326 Christi,
3638 3258 3712 3312 sed
3754 3270 3813 3324 pa-

526 3353 675 3407 cissc
706 3356 933 3405 constat
968 3354 1072 3405 :ut
1103 3349 1304 3405 civitas
1362 3349 1748 3420 amplioribus
1808 3350 2068 3404 {adiﬁciis
2116 3354 2173 3403 et
2280 3349 2491 3403 tienter
2510 3349 2707 3403 omnia
2732 3342 3811 3421 ferens,meditabaturqualiteripsiusiu-

524 3440 799 3511 plurimis
852 3437 1279 3493 habitatoribus
1331 3437 1753 3507 nobilitaretur,
1828 3443 1885 3491 ct
1948 3438 2169 3491 circum

525 3527 959 3597 manentesipsi
984 3526 1107 3580 loco
1130 3525 1382 3580 civitatis
1440 3525 1717 3581 ﬁrmitate
1772 3526 2166 3580 munirentur.

523 3615 840 3671 Ecclesiam
874 3632 1029 3679 vero,
1053 3631 1226 3685 quam
1260 3613 1516 3669 diximus
1548 3614 1835 3669 mansisse
1866 3614 2166 3683 intactam,

524 3710 725 3777 postea
757 3704 1073 3759 multorum
1110 3703 1339 3757 labente
1400 3708 1726 3774 temporum
1786 3720 1962 3757 cursu
2012 3703 2167 3757 Wal-

521 3798 683 3849 terus
716 3795 826 3865 (10)
858 3792 1039 3847 abbas
1069 3793 1331 3863 ejusdem
1357 3791 1487 3860 loci,
1520 3793 1796 3863 quoniam
1847 3792 2027 3847 nimia
2072 3809 2167 3847 ve-

526 3887 744 3938 tustate
766 3881 1086 3949 decidebat,
1121 3879 1402 3951 ampliare
1434 3881 1791 3935 meliorando
1826 3880 2171 3943 studuit,ad-

526 3970 781 4041 ditisque
809 3974 1152 4025 Sanctorum
1178 3970 1520 4040 pignoribus
1553 3969 1893 4024 memoriam
1929 3969 2171 4024 sanctis-

524 4060 656 4115 simi
679 4059 896 4115 Nicolai
931 4058 1147 4114 ibidem
1174 4058 1496 4113 constituit.

1174 4164 1400 4219 CAPUT
1422 4165 1510 4219 LI.

533 4256 632 4311 Ubi
660 4255 777 4323 ﬁlio
806 4256 955 4321 regis
1000 4254 1333 4326 Francorum
1388 4253 1695 4326 coronando
1751 4254 1936 4309 adesse
1986 4263 2166 4326 postu-

1099 4325 1247 4378 latur
1274 4325 1596 4379 Lietbertus.

605 4412 805 4469 Remis
836 4412 1142 4483 Philippus
1174 4411 1402 4467 Henrici
1435 4412 1587 4483 regis
1618 4413 1969 4468 Francorum
2012 4415 2170 4469 ﬁlius

2287 3438 2597 3492 solentiam
2642 3439 3062 3493 contunderet:
3097 3440 3254 3510 quod
3285 3444 3339 3495 et
3358 3440 3498 3494 fecit.

2902 3545 3129 3599 CAPUT
3161 3546 3300 3600 LIV.

2283 3634 2382 3689 Ubi
2411 3639 2566 3704 [Iugo
2604 3634 2812 3687 absolvi
2841 3650 2946 3687 non
2982 3641 3234 3688 meretur
3281 3636 3394 3689 nisi
3448 3635 3588 3704 prius
3610 3630 3741 3700 faciat
3774 3640 3813 3677 ta

2646 3720 2770 3775 qua:
2800 3707 2868 3758 ab
2898 3705 3145 3776 ορίδεορο
3174 3706 3555 3761 decernuntur.

2352 3796 2490 3848 Post
2519 3793 2637 3847 haec
2668 3797 2833 3863 Hugo
2867 3794 3182 3863 quamdam
3212 3794 3461 3865 puellam
3486 3784 3816 3857 Adam[f.Alam

2278 3882 2364 3936 vel
2396 3880 2656 3951 Adelam]
2684 3881 2939 3951 nomine,
2961 3888 3191 3952 neptem
3227 3882 3487 3937 videlicet
3512 3874 3815 3933 Richeldisco-

2280 3971 2521 4025 mitissa:
2550 3969 2895 4031 Montcnsis.
2927 3971 3099 4040 coepit
3128 3984 3585 4040 amare,eamque
3612 3966 3658 4019 in
3684 3959 3815 4028 conju-

2279 4060 2438 4131 gium
2464 4059 2574 4113 sibi
2605 4058 2749 4114 velle
2772 4058 3063 4130 copulare;
3085 4060 3184 4114 sed
3207 4060 3347 4132 quia
3382 4051 3816 4115 excommunicalUS

2279 4153 2422 4213 erat,
2456 4148 3011 4219 quomodo,quaque
3043 4149 3270 4204 ratione
3295 4149 3352 4203 id
3383 4135 3819 4220 perﬁceretnescie-

2279 4238 2396 4291 bat.
2423 4236 2571 4300 Quid
2596 4238 2809 4291 faceret
2838 4237 2865 4290 ‘?
2896 4236 3341 4292 Absolutionem
3376 4253 3488 4291 non
3517 4231 3716 4289 curabat
3740 4237 3817 4277 ma-

2280 4340 2568 4397 gnopere;
2602 4326 2811 4397 quaerit
2833 4330 3027 4379 tamen
3059 4343 3185 4380 eam
3210 4344 3245 4381 a
3276 4324 3506 4380 domino
3526 4320 3743 4392 episcopo
3758 4323 3821 4381 ρετ

2278 4413 2672 4468 internuntios
2702 4414 2988 4469 desiderio
3018 4414 3223 4485 cupitae
3256 4413 3477 4485 puellae.
3504 4412 3653 4466 Porro
3677 4400 3824 4473 episco-

537 4507 821 4574 praasente
842 4500 1086 4557 concilio
1119 4501 1448 4573 principum
1482 4501 1644 4573 regni
1669 4502 1854 4557 fuerat
1882 4503 1941 4557 in
1974 4520 2166 4575 regem
2204 4522 2246 4585 ι)
2280 4520 2414 4575 pus,
2449 4502 2724 4574 fatigatus
2752 4502 2955 4557 multis
2985 4504 3222 4573 injuriis
3255 4504 3407 4574 ejus,
3458 4496 3711 4555 absolvere
3736 4497 3822 4585 eum.

528 4592 982 4647 benedicendus.
1017 4591 1175 4645 Hanc
1224 4590 1685 4645 benedictionem
1729 4592 1863 4661 jure
1894 4610 2000 4647 suo
2037 4593 2170 4647 Ger-

528 4682 727 4736 vasius
758 4679 1560 4752 archiepiscopusRemensis
1602 4679 1767 4733 XLIII
1830 4681 1953 4751 [al.,
2006 4681 2166 4752 XLV]

529 4771 899 4842 procurabat,
932 4770 1020 4822 vir
1066 4767 1225 4823 omni
1257 4767 1514 4821 bonitate
1537 4769 1910 4839 conspicuus.
1956 4769 2055 4823 llic
2106 4776 2170 4823 ut

528 4858 619 4913 sui
653 4857 824 4912 ofﬁcii
850 4855 1133 4910 celebrius
1151 4856 1662 4910 commendaretur
1682 4857 2018 4926 auctoritas,
2047 4860 2165 4911 tam

528 4945 822 5017 regalibus
853 4961 1027 5016 quam
1053 4944 1178 4998 suis
1209 4960 1441 5014 quoque
1466 4944 1689 4999 nuntiis
1710 4945 1991 4998 domuum
2028 4962 2169 5015 pon-

526 5035 742 5090 tiﬁcem
772 5032 1273 5098 studuitinvitare;
1304 5034 1402 5103 qui
1428 5032 1562 5087 licet
1584 5030 1726 5088 alias
1746 5033 2017 5087 maximis
2042 5050 2172 5088 cau-

525 5124 607 5179 sis
637 5128 957 5194 occupatus
986 5125 1301 5189 teneretur,
1328 5126 1383 5174 et
1414 5122 1667 5175 maxime
1695 5139 1795 5193 pro
1826 5139 2169 5194 guerrarum

522 5212 897 5280 tumultibus,
932 5227 1077 5281 quas
1108 5209 1560 5281 parvipendebat
1590 5209 1913 5282 insurgere,
1968 5211 2169 5267 libenti

528 5304 722 5354 tamen
757 5300 952 5356 animo
984 5299 1127 5354 satis
1158 5315 1285 5353 sese
1338 5299 1668 5369 petentibus
1727 5300 1988 5356 exhibuit
2044 5302 2170 5372 ipso

533 5386 626 5442 die
649 5387 1015 5444 Pentecostes
1044 5405 1203 5442 xxm.
1252 5386 1381 5441 Maii
1434 5387 1571 5441 1059
1610 5388 1877 5461 regisque
1934 5390 2170 5445 benedi-

2280 4591 2653 4660 nolebat,nisi
2678 4591 2843 4662 prius
2875 4591 3283 4647 dimissionem
3308 4607 3479 4645 manu
3509 4570 3824 4668 propriattlu‘fd

2278 4685 2335 4735 et
2364 4680 2535 4753 vulgo
2572 4682 2802 4751 werpire
2833 4680 3071 4748 dicitur)
3096 4683 3309 4735 faceret
3338 4697 3403 4734 ex
3425 4676 3569 4733 omni
3625 4664 3823 4753 beneﬁrCiO

2279 4770 2433 4840 quod
2467 4752 2619 4824 infra
2641 4769 2929 4824 ambitum
2963 4774 3365 4825 Cameracenze
3397 4763 3626 4823 civitatis
3649 4752 3826 4844 habebat

2278 4862 2443 4928 Hugo
2475 4874 2628 4925 vero,
2663 4858 2953 4913 desiderio
2979 4858 3307 4928 juvenculaz
3342 4841 3826 4912 intlamm:.1tus,i€tit

2280 4946 2552 5017 episcopo
2575 4947 2896 5001 secundum
2922 4947 3215 5017 optionem
3252 4949 3414 5017 ejus:
3446 4928 3824 5023 werpivit

2280 5036 2576 5101 omnibus,
2601 5041 2880 5106 praesente
2910 5035 3145 5091 domino
3168 5036 3441 5107 episcopo
3470 5030 3676 5098 suisque
3692 5016 3827 5112 militi-

2279 5126 2411 5190 bus.
2439 5132 2720 5194 Prmsente
2750 5124 3049 5179 comitissa
3084 5123 3361 5179 Richelde
3394 5121 3613 5189 suisque
3633 5110 3826 5201 principl-

2282 5214 2413 5281 bus,
2447 5212 2731 5283 quidquid
2767 5212 3021 5267 habebat
3052 5212 3313 5268 beneﬁcii
3342 5212 3488 5266 infra
3514 5204 3750 5261 civitatem
3770 5203 3822 5258 Ψ

2282 5318 2407 5356 sam
2426 5301 2961 5371 Cameraci.Sicque
2976 5302 3280 5356 absolutus
3299 5298 3613 5355 ﬁdelitatem
3630 5285 3823 5378 epis???

2282 5389 2415 5445 fecit
2446 5390 2515 5444 de
2546 5388 2785 5460 reliquis
2810 5366 3192 5445 castellaturze
3219 5390 3471 5455 bonis,et
3498 5382 3615 5439 inde
3659 5366 3820 5429 obsides

597 5564 711 5645 (10)
746 5564 799 5620 Is
832 5565 943 5623 fuit
970 5565 1198 5641 primus
1244 5565 1425 5622 abbas
1473 5565 1532 5623 S.
1559 5565 1885 5642 Sepulchri,
1918 5569 1989 5626 de
2018 5585 2134 5643 quo
2172 5569 2540 5628 Colvenerius
2570 5568 2629 5626 in
2664 5568 2816 5626 notis
2848 5570 2919 5627 ad
2943 5587 3070 5645 cap.
3101 5569 3170 5624 78
3192 5566 3291 5626 lib.
3317 5568 3411 5625 IIl.
3448 5565 3582 5622 Hist.
3608 5542 3813 5615 Balduini.
