4036 6184
415 317 569 375 1479

1382 310 1447 369 8.
1495 307 1905 369 LIETBERTI
1952 307 2548 370 CAMERACENSIS
2595 309 2836 370 EPISC.

3659 310 3813 372 1480

414 449 702 503 Robertus
735 446 827 499 ille
849 441 1143 497 Flandrias
1175 440 1712 507 inlraverat,dolose
1736 439 2049 511 pugnanti-
2082 440 2136 505 Α
2168 456 2337 507 nona,
2372 441 2551 495 movit
2579 445 2790 511 castra,
2824 445 2882 496 et
2912 440 3046 495 licet
3079 440 3434 511 infrendens,
3458 441 3592 497 licet
3615 442 3811 498 minas

412 538 521 593 bus
554 541 609 591 et
639 541 799 604 terga
824 531 1203 596 vertentibus,
1227 530 1509 601 ipsepuer
1530 529 1808 584 Arnulfus
1840 529 2052 583 occidi-

415 631 512 680 tur
545 643 555 691 ;
591 640 704 693 quo
740 626 988 688 mortuo,
1022 620 1339 692 fugataque
1365 622 1732 687 matre,totus
1766 616 2055 672 marchio-

411 719 585 769 natus
607 710 782 767 cessit
813 710 1083 765 Roberto.
1114 709 1229 763 Hoc
1260 713 1467 763 eventu
1500 707 1633 762 belli
1660 708 1836 761 nimis
1862 708 2058 761 effera-

418 810 513 857 tus
546 802 601 855 in
634 804 859 854 tantam
892 797 1156 870 prorupit
1196 797 1508 865 insaniam,
1570 801 1633 849 ut
1689 795 2055 849 dominatum

417 891 817 945 Cameracenaa
850 886 1098 942 civitatis
1124 886 1366 957 imperio
1397 884 1701 955 praeripere
1744 883 1913 939 vellet
1948 884 2056 937 im—

417 978 625 1051 periali
644 982 700 1033 et
730 995 846 1032 suae
871 976 1214 1031 submittere
1239 974 1442 1030 ditioni
1470 990 1482 1039 ;
1518 974 1671 1028 unde
1693 972 1930 1028 collecto
1954 972 2056 1027 fre—

420 1066 623 1137 quenti
652 1062 1095 1131 exercitu,villas
1128 1061 1343 1116 civitati
1364 1062 1660 1132 proximas
1691 1058 2056 1131 depopulans

419 1172 523 1227 per
554 1158 825 1209 cunctam
857 1152 1127 1207 viciniam
1161 1149 1745 1215 bacchabatur.Quod
1777 1148 1918 1202 dum
1943 1163 2056 1202 non

414 1243 724 1308 semel,sed
747 1241 838 1296 bis
870 1240 1173 1295 annuatim
1205 1239 1437 1305 faceret,
1461 1243 1759 1310 totamque
1788 1238 2055 1293 Camera-

418 1348 649 1388 censem
683 1330 931 1402 patriam
964 1328 1197 1400 penitus
1226 1328 1286 1382 in
1312 1326 1691 1383 solitudinem
1747 1326 2054 1398 redigeret,

416 1422 671 1476 domnus
702 1418 958 1491 pontifex
989 1434 1090 1489 per
1119 1416 1510 1472 internuntios
1542 1433 1675 1471 eum
1716 1432 1867 1487 szepe
1900 1431 2055 1469 com-

413 1510 711 1578 monebat,
743 1512 799 1563 et
830 1512 893 1563 ut
923 1507 995 1562 ab
1020 1508 1269 1578 incoepto
1305 1506 1611 1562 desisteret
1654 1520 1809 1559 nunc
1867 1519 2054 1575 prece,

410 1616 567 1654 nunc
600 1597 804 1670 pretio,
841 1596 1055 1667 saepius
1089 1596 1328 1651 orabat:
1356 1596 1453 1651 sed
1492 1612 1562 1650 ne
1585 1594 1819 1665 quidem
1854 1593 2057 1648 audire

407 1688 786 1754 volens,fastu
811 1685 1095 1757 superbia
1115 1684 1411 1739 saecularis
1438 1683 1696 1750 inﬂatus,
1720 1682 2057 1737 minabatur

408 1793 521 1832 non
558 1776 729 1831 modo
770 1792 803 1830 a
834 1774 1231 1830 devastatione
1263 1772 1514 1844 regionis
1547 1788 1661 1826 non
1694 1768 2053 1839 cessare,sed

405 1866 593 1937 ipsam
628 1879 863 1936 quoque
896 1860 1333 1927 civitatem,nisi
1358 1860 1467 1916 sibi
1492 1877 1618 1914 eam
1644 1860 1912 1915 redderet
1933 1858 2053 1929 epi-

403 1971 637 2024 scopus,
672 1954 744 2006 ad
778 1951 1029 2006 nihilum
1063 1949 1341 2019 redigere.

416 2113 515 2169 sz
551 2114 722 2167 bonus
750 2120 936 2182 pastor
965 2111 1266 2165 Lietbertus
1288 2116 1565 2179 mgrotans
1608 2110 1666 2163 in
1698 2110 1827 2182 tecto
1875 2116 2055 2177 gesta-

477 2186 624 2238 toria
671 2180 761 2237 (μί’
798 2185 1092 2237 tentorium
1147 2183 1359 2236 comitis
1417 2182 1606 2235 urbem
1659 2180 1954 2235 obsidentis
2002 2195 2057 2233 se

477 2255 687 2325 deferri
705 2255 891 2325 jussit,
923 2261 973 2307 et
1030 2269 1151 2307 eum
1213 2268 1531 2325 omnemque
1583 2254 1889 2325 exercitum,
1938 2251 2055 2325 ejus

472 2322 670 2398 gladio
702 2322 1076 2398 anathemati}:
1097 2324 1392 2393 percussit,
1422 2328 1473 2378 et
1499 2326 1580 2377 sic
1608 2325 1803 2378 eadem
1835 2322 1923 2376 die
1951 2323 2057 2376 ob-

473 2396 741 2452 sidionem
774 2396 957 2451 solvit.

480 2490 637 2539 Inter
666 2486 772 2539 hos
805 2482 1125 2538 laboriosos
1156 2484 1284 2537 vitae
1317 2482 1582 2537 mortalis
1614 2482 1879 2548 sudores,
1906 2481 2057 2536 inter

413 2573 749 2645 prwscripta
772 2577 1109 2627 sanctorum
1136 2588 1377 2643 operum
1412 2576 1610 2640 aperta
1638 2570 1910 2625 exercitia
1941 2570 2054 2624 Deo

411 2662 629 2735 dignus
652 2661 904 2733 pontifex
936 2661 1233 2732 fatigatus,
1266 2659 1322 2713 in
1385 2660 1785 2714 inﬁrmitatem
1840 2659 2056 2713 decidit

413 2769 589 2824 quam
621 2767 723 2823 per
751 2754 867 2804 tres
899 2748 1205 2803 continuos
1233 2764 1417 2803 annos
1450 2748 1596 2802 mira
1629 2747 1910 2819 patientia
1962 2748 2057 2802 de-

405 2840 565 2905 vicit,
600 2838 917 2903 sustinuit;
954 2854 1126 2908 quem
1158 2841 1441 2907 tyrannus
1468 2835 1562 2889 ille
1596 2838 1840 2890 audiens
1872 2852 2056 2906 aegro-

410 2933 555 2997 tare,
589 2933 868 2998 tanquam
902 2927 972 2980 de
1004 2924 1254 2996 pastoris
1277 2925 1539 2979 absentia
1586 2924 2055 2995 gratulabundus

413 3032 621 3070 rursus
653 3014 933 3081 infremit,
968 3014 1251 3068 rursusin
1286 3011 1484 3067 caulas
1516 3012 1802 3067 Dominici
1861 3012 2054 3083 gregis

416 3103 635 3159 insanit
663 3120 676 3169 ;
712 3101 950 3157 collecto
984 3102 1235 3155 maximo
1267 3102 1520 3155 exercitu
1552 3100 1708 3155 velut
1737 3117 1805 3155 ex
1835 3101 2054 3171 impro-

2164 528 2554 600 ingeminans,
2589 535 2876 601 quantum
2909 530 3033 586 dies
3064 529 3372 597 concessit,
3397 535 3560 585 extra
3589 535 3806 587 terram

2165 632 2291 687 quae
2323 618 2431 673 sibi
2457 619 2964 674 contradicebatur
2993 619 3255 674 secessit.
3288 618 3489 674 Caeteri
3552 636 3801 691 quorum

2167 722 2332 760 mens
2358 707 2554 762 sanior
2598 708 2727 773 fuit,
2760 707 3104 780 priusquam
3140 708 3491 773 recederent,
3525 709 3797 779 prostrati

2166 794 2288 850 solo
2306 811 2499 850 coram
2529 797 2800 868 pontifice
2829 797 3054 852 veniam
3090 800 3315 868 petunt,
3344 800 3401 851 et
3432 797 3586 868 quod
3637 797 3803 852 dein-

2166 899 2301 955 ceps
2332 884 2439 939 hoc
2472 884 2691 940 malum
2725 902 2901 958 super
2950 885 3424 941 Cameracensem
3484 884 3810 941 Ecclesiam

2166 971 2765 1044 noniterarent,tactis
2784 979 3119 1030 sanctorum
3144 974 3407 1045 reliquiis
3430 975 3805 1045 juraverunt.

2166 1064 2451 1117 I—‘onentes
2479 1061 2675 1133 itaque
2707 1062 2924 1135 singuli
2954 1063 3235 1118 damnum
3278 1062 3432 1133 quod
3491 1062 3817 1118 intulerant

2166 1149 2417 1220 patriam
2446 1150 3266 1223 depopulantes,absolutione
3289 1155 3562 1224 suscepta
3591 1150 3704 1205 laeti
3724 1169 3811 1207 re-

2166 1239 2651 1310 deunt,quoniam
2687 1240 2787 1311 qui
2813 1243 3090 1295 venerant
3119 1239 3328 1295 armati
3365 1240 3559 1295 furore
3582 1239 3809 1310 bellico,

2166 1328 2830 1400 recedebantgratiﬁcati
2865 1329 3073 1384 timore
3098 1328 3313 1384 divino.
3332 1329 3417 1384 Ita
3447 1328 3692 1385 liberata
3723 1329 3809 1385 ci-

2164 1417 2313 1472 vitas
2344 1415 2415 1470 ab
2445 1416 2768 1473 obsidionis
2798 1421 3017 1473 terrore
3034 1417 3231 1473 studio
3253 1416 3343 1473 sui
3368 1417 3808 1489 pontiﬁcis,lau-

2166 1504 2269 1560 des
2302 1506 2476 1561 relert
2501 1510 2613 1563 Deo
2645 1523 2883 1579 suaeque
2914 1505 3180 1578 gloriosae
3213 1506 3515 1562 Genitrici.

2804 1595 3033 1651 CAPUT
3064 1594 3173 1651 LX.

2293 1684 2391 1740 Ubi
2417 1684 2835 1740 commendatur
2864 1686 3174 1741 constantia
3205 1685 3358 1739 beati
3382 1684 3685 1757 pontiﬁcis.

2220 1772 2263 1826 Ο
2280 1770 2596 1843 gloriosum
2616 1773 2949 1844 pontiﬁcem
2966 1790 3080 1828 non
3101 1772 3279 1828 armis
3296 1773 3395 1828 sed
3419 1773 3531 1827 ﬁde
3548 1789 3811 1844 pugnan-

2164 1863 2278 1914 tem
2308 1860 2318 1913 Ξ
2353 1862 2843 1931 Mercenarius,qui
2868 1878 2977 1917 non
3007 1866 3088 1916 est
3111 1871 3318 1931 pastor,
3340 1861 3483 1916 videt
3517 1862 3703 1931 lupum
3724 1878 3807 1917 re-

2163 1950 2405 2005 nientem
2434 1956 2483 2007 et
2513 1951 2740 2006 dimittit
2769 1967 2887 2006 oves
2916 1955 2967 2006 et
2987 1951 3332 2023 fugit.Bonus
3358 1952 3811 2022 pastoranimam

2162 2056 2321 2093 suam
2350 2040 2443 2095 dat
2465 2056 2564 2111 pro
2595 2041 2788 2096 ovibus
2818 2042 2932 2095 suis
2963 2040 3144 2111 (Joan.
3178 2058 3232 2106 x,
3270 2039 3379 2111 12).
3442 2038 3583 2095 Ecce
3638 2037 3809 2094 liber-

2166 2128 2302 2183 tatis
2335 2129 2692 2200 praesidium,
2727 2145 2855 2185 ecce
2878 2129 3169 2202 pontiﬁcis
3190 2128 3446 2184 ofﬁcium
3477 2128 3805 2183 Lietbertus

2166 2218 2238 2271 ab
2270 2216 2496 2273 hostilis
2528 2218 2848 2273 invasionis
2879 2217 3257 2289 oppressione
3301 2216 3513 2271 liberat
3557 2218 3807 2289 patriam

2166 2308 2421 2377 pontifex
2440 2313 2571 2378 post
2592 2306 3060 2379 redargutionem
3086 2304 3367 2361 scelerum
3394 2305 3813 2360 conﬁtentibus

2165 2394 2441 2465 implorat
2472 2393 2996 2463 veniam,libertate
3026 2393 3243 2450 nobilis
3270 2394 3452 2449 animi
3478 2409 3607 2449 sese
3639 2394 3814 2448 virili-

2168 2487 2255 2538 ter
2286 2483 2531 2555 ingessit
2563 2483 2851 2551 hostibus,
2886 2483 3227 2538 auctoritate
3260 2482 3580 2553 pontiﬁcali
3615 2483 3811 2537 redar-

2165 2571 2290 2643 guit
2320 2578 2698 2643 tyrannorum
2733 2573 2975 2637 rabiem,
3010 2588 3080 2627 ne
3111 2576 3229 2625 tam
3256 2570 3570 2627 crudeliter
3598 2571 3666 2625 ad
3691 2570 3816 2625 ani-

2167 2678 2396 2715 marum
2431 2679 2668 2715 suarum
2695 2660 3020 2731 periculum
3054 2664 3462 2732 grassarentur
3494 2660 3555 2714 in
3582 2659 3819 2731 populo-

2167 2766 2297 2803 rum
2330 2748 2880 2821 deprmdationibus,
2916 2750 3179 2804 ascendit
3210 2766 3279 2803 ex
3329 2749 3574 2804 adverso
3632 2765 3815 2819 oppo-

2166 2853 2311 2892 nens
2340 2854 2401 2892 se
2433 2854 2666 2891 murum
2702 2854 2803 2908 pro
2834 2839 3005 2893 domo
3048 2837 3245 2901 Israel,
3275 2837 3383 2892 hoc
3410 2842 3499 2892 est
3552 2854 3655 2908 pro
3706 2838 3809 2892 Ec-

2165 2924 2340 2980 clesia
2372 2925 2478 2980 sibi
2505 2927 2913 2994 commissa,ut
2945 2932 3141 2997 posset
3163 2932 3315 2981 stare
3335 2926 3391 2980 in
3418 2926 3615 2996 przelio
3640 2926 3699 2980 in
3724 2925 3813 2981 die

2164 3013 2416 3069 Domini.
2450 3014 2530 3069 Ex
2561 3015 2800 3070 adverso
2833 3016 3164 3086 ascendere,
3197 3020 3284 3070 est
3313 3015 3681 3086 quibuslibet
3712 3032 3809 3086 po-

2162 3103 2472 3159 testatibus
2504 3120 2675 3174 prave
2697 3102 3005 3175 agentibus
3030 3103 3211 3158 libera
3242 3104 3482 3158 rationis
3502 3120 3641 3158 voce
3671 3120 3812 3158 con-

412 3192 541 3247 viso
568 3192 638 3247 ad
672 3191 959 3246 civitatem
992 3189 1221 3245 advolat
1278 3195 1556 3260 tanquam
1609 3195 2055 3261 expugnaturus
2087 3179 2129 3245 C
2166 3192 2423 3258 traire,et
2454 3192 2511 3245 in
2545 3192 2636 3246 die
2668 3192 2895 3247 Domini
2927 3209 3030 3263 pro
3064 3193 3236 3247 domo
3269 3191 3443 3247 Israel
3496 3192 3556 3246 in
3615 3191 3811 3264 pralio

411 3298 563 3337 eam.
597 3281 757 3346 Quod
792 3280 1015 3334 factum
1032 3280 1283 3334 domnus
1305 3278 1563 3350 pontifex
1590 3278 1934 3350 gravissime
1963 3283 2055 3332 tu-

410 3370 497 3435 lit,
532 3374 588 3424 et
640 3369 791 3423 ultra
848 3385 1024 3439 quam
1084 3367 1195 3421 dici
1256 3372 1446 3438 potest
1476 3366 2053 3438 indoluit;prazcepit

412 3458 762 3531 quantocius
789 3461 851 3511 ut
884 3457 939 3509 in
972 3455 1119 3511 lecto
1142 3456 1455 3527 gestatorio
1486 3455 1793 3525 levaretur,
1835 3460 1893 3510 et
1954 3472 2056 3526 per

414 3548 639 3603 medias
669 3548 821 3602 acies
843 3544 1192 3601 bellatorum
1223 3561 1407 3614 usque
1438 3545 1509 3598 ad
1529 3544 1839 3599 tentorium
1866 3544 2053 3615 ipsius

410 3632 645 3709 tyranni
678 3639 1043 3707 portaretur:
1078 3633 1258 3688 tantis
1290 3632 1581 3704 siquidem
1608 3633 1873 3704 podagra:
1902 3632 2055 3688 dolo-

409 3724 575 3780 ribus
606 3725 1021 3797 angebatur,ut
1049 3721 1208 3776 nullo
1236 3722 1408 3776 modo
1440 3721 1495 3774 in
1531 3722 1702 3792 pedes
1735 3722 2055 3777 subsistere

406 3813 875 3885 posset.Delatus
906 3829 974 3867 ex
1004 3810 1295 3866 sententia
1314 3826 1502 3881 usque
1525 3809 1595 3864 ad
1619 3808 1935 3864 tentorium
1964 3826 2054 3864 co-

412 3902 593 3969 mitis,
630 3906 941 3973 postquam
982 3899 1126 3953 vidit
1181 3914 1312 3953 eum
1347 3898 1601 3969 graviter
1650 3898 1969 3963 infremuit,
1996 3902 2054 3952 et

406 4008 540 4046 cum
577 4008 787 4061 magna
818 3988 1120 4045 severitate
1146 3987 1425 4041 scelestos
1448 4004 1628 4042 ausus
1647 3985 2049 4057 prmsumptio-

407 4079 500 4133 nis
531 4080 659 4148 ejus
692 4078 1217 4149 increpavit,utque
1249 4076 1319 4129 de
1340 4080 1493 4129 terra
1523 4074 1769 4129 domina:
1792 4091 1907 4127 sua:
1932 4074 2049 4127 Ma-

410 4167 505 4220 ria:
539 4165 1231 4233 discederet,auctoritate
1263 4162 1578 4233 pontiﬁcali
1640 4162 2000 4216 commonuit
2032 4180 2044 4216 :

408 4271 554 4308 suus
585 4256 739 4309 enim
775 4253 1164 4325 parochianus
1187 4255 1310 4305 erat
1342 4252 1396 4304 in
1422 4255 1707 4320 quantum
1741 4250 2052 4306 comitatus

406 4342 811 4397 Atrebatensis
833 4341 941 4395 sibi
962 4340 1219 4405 cedebat,
1238 4338 1515 4410 quoniam
1543 4340 1981 4395 Cameracensis
1996 4344 2052 4395 et

401 4430 799 4487 Atrebatensis
844 4429 1095 4485 Ecclesia
1127 4433 1265 4483 tunc
1297 4428 1576 4500 temporis
1636 4428 1736 4483 uni
1792 4428 2048 4500 pontiﬁci

404 4520 790 4593 parebat(ll).
821 4519 922 4575 Illo
954 4535 1067 4573 non
1101 4522 1358 4583 curante,
1395 4519 1492 4572 sed
1547 4522 1741 4573 mente
1799 4519 2050 4590 superba

400 4607 700 4663 Pontiﬁcis
719 4608 1155 4680 objurgationes
1176 4607 1343 4678 quasi
1370 4607 1635 4677 quaedam
1659 4606 1883 4661 ludicra
1913 4608 2049 4662 sub-

400 4701 708 4767 sannante,
732 4696 987 4768 pontifex
1018 4695 1292 4751 manibus
1323 4710 1449 4750 sese
1472 4699 1805 4750 sustentans
1828 4712 2051 4751 resum-

403 4787 517 4859 ptis
551 4787 777 4841 viribus
808 4787 866 4840 in
898 4786 1044 4841 lecto
1077 4786 1310 4854 resedit,
1339 4790 1401 4838 ut
1430 4784 1717 4856 sibivirga
1738 4785 2049 4856 pastoralis

398 4892 533 4932 cum
554 4875 702 4931 stola
725 4874 1067 4931 sacerdotali
1094 4873 2050 4946 porrigereturimperavit,quibus

396 4966 656 5036 acceptis
679 4964 1189 5035 inpraesentiarum
1224 4963 1491 5034 protinus
1522 4962 1717 5034 ipsum
1774 4964 2047 5018 comitem

394 5071 527 5110 cum
546 5053 705 5109 omni
734 5052 991 5108 exercitu
1020 5054 1147 5123 ejus
1169 5068 1355 5123 usque
1376 5052 1445 5107 ad
1479 5051 1934 5107 satisfactionem
1955 5069 2049 5108 ex-

394 5142 877 5198 communicavit.
910 5141 1127 5196 Videns
1160 5157 1352 5196 comes
1386 5145 1608 5195 tantam
1670 5142 1728 5195 in
1771 5142 1893 5197 viro
1951 5144 2051 5199 Dei

400 5232 612 5287 mentis
644 5236 701 5287 et
732 5230 973 5301 iustitia:
1008 5232 1420 5299 constantiam,
1483 5230 1766 5286 reveritus
1823 5237 2050 5287 (etatem

401 5323 457 5373 et
490 5320 767 5375 reveritus
792 5320 1086 5392 pontiﬁcis
1118 5320 1825 5391 auctoritatem,quodque
1857 5322 2052 5378 verius

409 5411 521 5476 est,
554 5411 769 5463 terrore
802 5409 997 5465 divino
1031 5425 1364 5481 percussus,
1398 5424 1532 5463 cum
1566 5414 1720 5465 esset
1748 5409 1891 5465 hora
1939 5412 2051 5466 diei

2165 3284 2317 3335 stare
2343 3299 2354 3348 ;
2378 3297 2441 3335 ac
2460 3297 2692 3335 murum
2718 3297 2779 3335 se
2810 3285 3213 3352 opponere,est
3240 3280 3440 3337 ﬁdeles
3470 3281 3813 3336 innocentes

2165 3374 2365 3423 contra
2398 3386 2799 3440 perversorum
2834 3369 3184 3441 injustitiam
3208 3370 3535 3440 exjustitiaz
3560 3370 3811 3425 auctori-

2163 3462 2281 3513 tate
2312 3458 2623 3513 vindicare.
2658 3459 2768 3514 Sed
2804 3464 2958 3514 stare
2989 3459 3047 3513 in
3080 3458 3407 3530 periculum
3442 3476 3553 3513 non
3591 3462 3807 3530 potest,

2164 3547 2265 3618 qui
2294 3563 2359 3601 eo
2386 3547 2538 3617 quod
2572 3552 2775 3618 praeest
2795 3564 2905 3602 non
2938 3564 3071 3603 oves
3103 3547 3291 3619 diligit
3321 3548 3417 3603 sed
3442 3548 3667 3602 lucrum
3693 3552 3811 3601 ter-

2163 3652 2368 3691 renum
2402 3636 2647 3707 quaerit;
2679 3636 2886 3691 animae
2925 3642 3191 3707 pereunt,
3223 3641 3280 3691 et
3309 3636 3434 3708 ipse
3459 3637 3527 3691 de
3559 3636 3811 3691 terrenis

2162 3725 2488 3779 commodis
2510 3724 2760 3779 laetatur.
2795 3726 2905 3780 Sed
2940 3730 3138 3780 noster
3169 3730 3367 3796 pastor
3398 3742 3499 3795 per
3534 3725 3629 3779 Dei
3673 3740 3809 3796 gra-

2164 3813 2302 3868 tiam
2335 3814 2525 3869 bonus
2555 3818 2611 3868 et
2636 3814 2875 3869 libertas
2907 3815 3103 3885 patria:
3135 3831 3423 3886 opponere
3483 3831 3543 3869 se
3603 3819 3813 3868 contra

2162 3901 2487 3972 periculum
2520 3920 2633 3956 non
2666 3902 2994 3973 trepidavit,
3044 3919 3115 3957 ne
3147 3902 3253 3957 hoc
3312 3903 3466 3973 quod
3523 3902 3807 3973 diligebat

2163 3990 2488 4055 amitteret;
2523 4008 2626 4045 nec
2649 3990 2847 4045 timuit
2877 4007 3092 4046 cuneos
3116 3991 3331 4045 intrare
3354 3990 3810 4057 bellatorum,ue

2160 4079 2352 4149 gregis
2383 4078 2493 4132 sibi
2526 4079 2823 4134 commissi
2857 4080 3145 4135 sustineat
3173 4080 3807 4135 detrimentumJustus

2163 4172 2220 4221 ut
2274 4168 2353 4222 leo
2421 4168 2640 4236 conﬁdit
2702 4168 2847 4238 (Pro.
2910 4169 3188 4239 xxvm,);
3243 4185 3373 4224 vere
3411 4168 3647 4223 conﬁdit
3708 4167 3812 4239 qui

2161 4254 2388 4310 comitis
2422 4255 2827 4311 Flandriarum
2863 4257 3066 4312 faciem
3099 4274 3212 4312 non
3235 4255 3490 4320 erubuit,
3523 4255 3621 4326 qni
3653 4256 3813 4309 inter

2161 4343 2385 4415 gladios
2409 4345 2660 4399 militum
2687 4346 3021 4416 superbiam
3055 4345 3437 4417 malignitatis
3454 4346 3581 4413 ejus
3600 4360 3712 4398 non
3736 4344 3816 4398 εἰς

2159 4432 2269 4488 luit.
2303 4449 2314 4488 :
2349 4438 2643 4504 postremo
2676 4434 2866 4489 minas
2888 4434 3217 4505 tyrannidis
3247 4436 3375 4504 ejus
3407 4450 3520 4488 non
3570 4433 3814 4487 timuit:

2079 4544 2126 4608 D
2158 4538 2288 4576 vere
2305 4523 2547 4577 conﬁdit
2569 4523 2955 4594 quicomitem
2972 4522 3374 4578 Flandriarum
3397 4521 3819 4593 pontiﬁcaliter

2162 4611 2482 4682 increpavit
2518 4630 2531 4679 ;
2563 4616 2619 4667 et
2649 4615 2787 4683 quia
2818 4612 3050 4667 obedire
3072 4612 3671 4685 nolebat,prazsentem
3705 4627 3815 4665 ex-

2160 4699 2614 4755 communicavit
2638 4719 2649 4769 ;
2676 4699 3813 4773 perpetratavictoria,fugatishostibus,

2160 4789 2399 4843 libertas
2422 4789 2619 4860 patrita
2653 4806 2765 4861 quo
2798 4791 3074 4845 advectus
3094 4789 3447 4845 fueratlecto
3481 4792 3818 4861 reportatur

2160 4878 2229 4932 ad
2265 4878 2759 4945 domum‘,necnon
2785 4879 2937 4934 intra
2966 4878 3300 4951 pontiﬁcale
3334 4876 3812 4934 relocaturcubi-

2160 4965 2377 5021 culum.

2776 5056 3012 5113 CAPUT
3047 5056 3185 5113 LXI.

2576 5145 2844 5203 Narratio
2872 5150 3244 5219 afﬂictionum
3278 5149 3417 5215 eius.

2234 5236 2649 5292 Deﬁcientibus
2681 5237 2940 5308 corporis
2962 5237 3185 5291 viribus
3209 5235 3699 5308 augmentabatur
3726 5234 3817 5289 in-

2162 5325 2494 5392 ﬁrmitas,et
2524 5326 2593 5379 de
2626 5325 2717 5380 die
2752 5326 2808 5380 in
2842 5325 2995 5381 diem
3032 5326 3235 5381 multis
3265 5324 3657 5381 incommodis
3680 5340 3811 5378 mo—

2162 5413 2483 5469 lestabatur
2502 5414 2703 5469 senilis
2723 5420 2949 5484 aetas;et
2984 5416 3262 5487 quoniam
3289 5412 3814 5484 diutinolanguore

478 5584 591 5661 (11)
615 5582 883 5642 Urbanus
903 5586 977 5642 IlI
1002 5586 1060 5642 in
1092 5587 1718 5647 conc.Claromontano
1750 5606 1903 5649 anno
1936 5593 2073 5651 1094
2101 5594 2403 5669 proprium
2436 5595 2668 5669 utrique
2698 5594 2962 5653 Ecclesia
2993 5596 3331 5670 episcopum
3356 5592 3697 5667 assignavit.
