4036 6184
311 237 459 298 “Si

1919 234 2124 292 VI'I‘A.

3564 242 3717 302 M89

299 370 589 440 jacuerat,
622 365 729 422 etsi
762 369 1128 438 putrescente
1149 382 1320 423 carne
1354 383 1497 438 pene
1531 365 1808 423 membris
1831 381 1960 420 om-
1991 367 2045 430 Α
2079 386 2106 413 ‹‹
2134 364 2294 433 trari,
2331 365 2440 418 mei
2475 364 2804 419 charissimi
2840 364 2963 432 lilii,
2989 381 3082 420 me
3111 365 3253 421 velle
3286 369 3452 438 quasi
3473 372 3718 429 decurso

312 459 488 513 nibus
538 454 819 510 deflueret
866 456 1097 525 humor,
1131 473 1424 526 nusquam
1454 460 1651 510 tamen
1705 455 1960 509 cilicium

315 562 428 618 quo
459 562 494 600 a
523 543 730 598 diebus
747 561 864 598 suae
883 545 1266 600 ordinationis
1298 560 1529 616 semper
1558 560 1699 599 usus
1717 547 1961 614 est,mu-

311 640 438 689 tare
468 631 672 698 voluit,
706 648 894 702 neque
924 630 1056 686 lecti
1107 633 1383 688 duritiem
1417 650 1450 688 a
1498 633 1792 704 proposito
1827 631 1961 687 reli-

311 721 506 795 gionis
538 721 726 792 rigore
748 720 962 776 molliri
995 721 1278 792 permisit.
1303 721 1629 777 Laborabat
1653 721 1713 776 in
1743 720 1964 794 gemitu

314 828 449 877 suo,
481 809 711 864 lavabat
740 824 844 881 per
874 808 1139 880 singulas
1169 814 1368 866 noctes
1397 809 1615 865 lectum
1651 825 1849 878 suum,
1877 808 1965 862 la-

318 899 532 971 crymis
567 901 816 954 stratum
857 914 1033 953 suum
1063 898 1291 969 rigabat
1342 899 1518 968 (Psat.
1548 915 1622 966 v1,
1657 900 1734 969 7).
1767 897 1964 962 Quoad

316 989 480 1054 vixit,
513 987 683 1059 panis
713 987 1072 1042 hordeaceus
1115 987 1304 1043 victus
1333 988 1462 1059 ejus
1509 987 1619 1042 fuit
1648 987 1923 1043 assiduus
1951 1003 1964 1052 ;

318 1094 424 1133 nec
455 1091 589 1132 eum
619 1075 732 1130 nisi
762 1075 891 1131 dies
920 1073 1201 1130 solemnis
1231 1075 1496 1143 levabat;
1530 1091 1703 1146 quem
1737 1075 1818 1131 sic
1849 1074 1966 1131 sol-

315 1164 494 1231 licite,
516 1163 602 1219 sic
631 1163 876 1219 honeste
907 1163 1184 1236 anteponi
1204 1164 1749 1220 mandaveratinter
1766 1162 1968 1236 epulas

319 1252 706 1326 pontiﬁcales,
722 1255 787 1308 ut
812 1269 845 1308 a
863 1251 1024 1308 nullo
1040 1253 1473 1308 convivantium
1494 1252 1709 1324 percipi
1731 1257 1929 1324 posset
1954 1270 1969 1312 ;

317 1342 504 1416 epulae
533 1340 770 1412 quidem
801 1339 1067 1396 carnium
1099 1340 1458 1397 sufﬁcienter
1504 1341 1968 1412 apponebantur,

320 1433 424 1490 sed
457 1429 626 1503 panis
655 1434 712 1486 et
731 1446 886 1500 aqua
915 1429 1360 1501 disciplinaliter
1389 1430 1792 1486 sumebantur.
1818 1434 1973 1485 Inter

321 1509 697 1578 convivantes
726 1518 983 1588 jejunus,
1014 1519 1165 1573 inter
1204 1519 1500 1589 jucundos
1549 1518 1779 1574 sobrius
1809 1522 1968 1586 erat;

324 1611 550 1665 mensis
581 1607 767 1680 ipsius
798 1622 1083 1678 pauperes
1129 1624 1434 1677 nunquam
1465 1608 1724 1676 deerant,
1756 1607 1972 1678 quibus

323 1700 600 1754 diurnam
632 1712 926 1754 annonam
953 1696 1106 1752 sicut
1126 1695 1463 1752 domesticis
1495 1697 1619 1752 suis
1650 1697 1972 1752 constitue-

327 1793 456 1855 rat;
491 1787 643 1842 inter
696 1801 846 1857 quos
896 1785 946 1839 si
995 1784 1260 1855 leprosus
1307 1785 1581 1854 venisset,
1625 1785 1880 1856 scyphus
1922 1784 1974 1840 ei

325 1874 678 1949 pontificalis
725 1874 1110 1945 praebebatur,
1143 1877 1200 1928 et
1231 1877 1512 1946 tanquam
1562 1873 1712 1929 calix
1745 1872 1971 1928 Domini

325 1962 640 2036 praeclarus
670 1961 882 2016 iterum
916 1960 1176 2032 pontiﬁci
1205 1962 1686 2032 praesentabatur.
1712 1961 1975 2016 Psalmos

326 2049 758 2124 paenitentiales
779 2051 985 2106 diebus
1019 2049 1382 2105 inﬁrmitatis
1404 2067 1523 2106 suae
1550 2051 1892 2106 intuebatur
1921 2055 1977 2105 et

327 2140 577 2213 legebat,
610 2144 665 2194 et
695 2139 947 2194 ubertim
977 2155 1044 2193 ac
1068 2138 1290 2210 jugiter
1319 2138 1571 2207 dolebat,
1604 2144 1661 2194 et
1689 2155 1761 2193 ne
1792 2139 1978 2193 inten-

325 2230 408 2285 tio
439 2231 566 2300 ejus
607 2245 641 2284 a
689 2243 989 2300 quoquam
1037 2227 1438 2298 impediretur,
1471 2226 1760 2299 religiosis
1808 2231 1864 2283 et
1893 2245 1978 2283 ec-

327 2316 675 2374 clesiasticis
735 2315 875 2370 viris
922 2315 1213 2385 utebatur,
1264 2332 1517 2386 quorum
1579 2315 1980 2372 consolatione

328 2406 632 2477 passiones
662 2405 856 2460 carnis
887 2408 945 2459 et
973 2403 1180 2459 animas
1212 2403 1522 2460 relevabat.

934 2544 1166 2600 CAPUT
1206 2545 1362 2600 LXII.

332 2635 433 2691 Ubi
450 2638 690 2706 regrotus
720 2633 1166 2706 lectodecubans
1194 2633 1264 2687 ad
1286 2637 1524 2702 requiem
1553 2651 1847 2705 supernam
1868 2652 1976 2690 an-

399 2705 639 2768 helabat,
673 2713 722 2777 et
750 2705 1007 2777 subjectis
1037 2706 1250 2760 monita
1289 2707 1505 2776 pariter
1533 2710 1584 2759 et
1613 2709 1867 2777 exempta
1898 2723 1982 2760 sa-

402 2779 537 2832 lutis
569 2775 877 2831 exhibebat.

404 2883 448 2937 Ο
480 2880 873 2936 irrecusabilis
914 2880 1235 2935 necessitas
1284 2880 1526 2937 mortis!
1564 2899 1594 2937 ο
1628 2882 1981 2939 inevitabilis

331 2971 584 3026 conditio
608 2987 736 3041 quae
755 2967 898 3024 nulli
918 2969 1100 3040 parcit
1124 2969 1136 3022 l
1171 2973 1368 3024 noster
1387 2969 1679 3041 siquidem
1701 2971 1983 3042 pontifex,

327 3063 452 3114 tam
483 3063 780 3113 senectuto
803 3074 982 3129 quam
1007 3058 1210 3112 morbo
1231 3059 1546 3128 confectus,
1571 3059 1725 3113 diem
1748 3051 1866 3114 sum
1886 3077 1980 3114 vo-

327 3145 577 3202 cationis
594 3145 868 3201 ultimum
887 3145 1282 3216 exspectabat,
1301 3149 1358 3200 et
1376 3146 1529 3202 sicut
1551 3162 1752 3202 cervus
1774 3146 1982 3201 sitiens

330 3235 406 3290 ad
437 3234 626 3289 fontes
648 3250 958 3305 aquarum,
982 3235 1054 3288 ad
1073 3248 1238 3304 spem
1269 3239 1496 3290 aeternae
1521 3235 1735 3306 quietis
1756 3234 1990 3291 anhela.

331 3324 455 3378 bat.
490 3323 598 3388 Qui
629 3321 909 3378 nimirum
962 3323 1022 3400 in
1053 3321 1201 3377 lecto
1252 3323 1570 3389 decubans,
1601 3322 1742 3379 licet
1787 3322 1988 3380 fractis

329 3413 559 3467 viribus
573 3411 1000 3482 deliquescens,
1017 3411 1252 3466 morbos
1274 3415 1470 3467 tamen
1493 3415 1752 3468 etannos
1775 3412 1988 3468 mentis

333 3501 680 3556 fortitudine
709 3500 1206 3566 vincens,sanctis
1229 3501 1466 3556 monitis
1497 3502 1570 3556 ad
1593 3502 1988 3557 hazreditatem

331 3589 588 3645 caelestis
617 3591 819 3660 patriae
849 3593 1088 3644 cunctos
1117 3589 1435 3653 invitabat;
1471 3590 1732 3646 imitator
1773 3591 1990 3662 quippe

333 3679 512 3733 fiebat
561 3679 827 3750 magistri
882 3680 997 3747 sui,
1030 3678 1100 3733 de
1150 3694 1265 3749 quo
1315 3678 1531 3733 dicitur
1564 3697 1576 3734 :
1614 3680 1787 3751 Cmpit
1831 3685 1990 3738 Jesus

326 3770 533 3838 facere,
565 3771 620 3822 et
649 3767 836 3822 docere
865 3768 1001 3837 (Act.
1035 3783 1072 3833 ι,
1110 3768 1182 3838 1).
1220 3767 1560 3823 Insinuabat
1579 3769 1988 3824 mansuetudi-

319 3872 476 3910 ~nem
510 3860 565 3911 et
586 3855 1414 3927 misericordiam,largitatem
1434 3857 1490 3910 in
1525 3875 1808 3929 pauperes
1833 3858 1992 3913 Chri-

335 3945 417 3999 sti
452 3960 626 4015 quam
657 3961 888 4016 semper
906 3951 1263 4010 exercuerat,
1286 3945 1499 4001 docens
1529 3951 1804 4017 quantam
1836 3948 1989 4017 apud

332 4032 524 4088 Deum
557 4034 966 4088 confidentiam
1001 4050 1104 4105 pro
1123 4033 1229 4088 hac
1250 4035 1347 4104 qui
1380 4038 1647 4090 exercent
1676 4052 1992 4107 conseque-

332 4127 565 4188 rentur,
599 4127 665 4176 ut
714 4138 812 4178 eos
842 4122 902 4177 in
950 4139 1017 4176 eo
1063 4123 1158 4177 die
1187 4122 1583 4193 periclitantes
1617 4124 1678 4179 in
1709 4129 1989 4180 eternum

334 4228 516 4267 suum
538 4212 984 4266 tabernaculum
1008 4210 1174 4283 [deest
1204 4213 1481 4282 reciperet
1504 4214 1586 4266 vel
1608 4216 1749 4283 quid
1763 4215 1990 4282 simile].

334 4299 744 4371 Compleverat
780 4305 836 4353 et
866 4300 987 4371 ipse
1020 4299 1363 4353 mandatum
1408 4301 1805 4370 evangelicum
1837 4304 1990 4372 quod

334 4387 484 4442 dicit
516 4405 528 4442 :
569 4387 738 4443 Vende
767 4404 892 4458 quae
920 4389 1104 4456 habes,
1136 4397 1186 4442 et
1213 4388 1283 4442 da
1308 4389 1662 4459 pauperibus,
1696 4398 1747 4444 et
1775 4391 1996 4444 habebis

335 4476 630 4532 thesauros
656 4477 714 4531 in
743 4479 873 4532 caelo
906 4477 1115 4547 (Matth.
1148 4494 1261 4542 XIX,
1292 4479 1403 4544 2i).
1435 4477 1708 4531 Vendidit
1739 4494 1870 4544 sua,
1892 4478 1993 4531 sed
2026 4470 2071 4531 D

339 4571 497 4633 Deo;
532 4566 807 4636 quoniam
842 4565 912 4621 de
943 4566 1170 4620 cunctis
1194 4566 1491 4636 qumjuris
1523 4566 1614 4619 sui
1642 4570 1807 4620 erant
1828 4583 1998 4636 spon-

339 4672 472 4710 sam
527 4654 741 4709 Christi
768 4654 999 4709 Domini
1047 4655 1159 4724 sui,
1195 4659 1456 4709 sanctam
1506 4653 1776 4710 videlicet
1807 4655 1997 4709 Eccle-

338 4744 981 4812 siam,subarrhaverat
1008 4762 1020 4812 ;
1053 4743 1442 4815 pluribusque
1465 4742 1790 4810 Iocis,sicut
1821 4761 2001 4816 supra

338 4832 699 4898 taxavimus,
748 4832 961 4888 Christi
1019 4849 1306 4904 pauperes
1354 4832 1562 4899 alebat,
1613 4837 1671 4887 et
1717 4839 1998 4905 exoptans

340 4925 468 4976 toto
516 4922 729 4977 mentis
781 4922 987 4976 alfectu
1039 4922 1318 4992 prolicere
1351 4923 1421 4976 de
1465 4923 1677 4976 virtute
1729 4923 1786 4976 in
1819 4923 2000 4978 virtu-

338 5015 488 5076 tem,
513 5016 766 5065 eunctos
792 5010 903 5065 sibi
936 5011 1283 5066 commissos
1308 5011 1654 5066 hortabatur
1686 5016 1748 5066 ut
1778 5016 2003 5083 poterat

339 5105 663 5171 praesentes
696 5104 1045 5170 postponere
1077 5101 1381 5172 praesentis
1407 5100 1603 5156 saeculi
1637 5101 1926 5157 desideria
1947 5107 2004 5157 et

341 5204 548 5242 amare
575 5187 856 5244 coelestia.

968 5295 1192 5350 CAPUT
1233 5295 1398 5350 LXIII

423 5421 693 5493 Cumque
725 5422 793 5476 de
841 5419 1171 5475 imminenti
1201 5421 1330 5491 ejus
1372 5421 1530 5476 exitu
1579 5424 2003 5492 conquerentes

346 5510 703 5569 alterutrum
738 5510 1223 5580 lamentarentur,
1266 5510 1497 5566 dicebat
1526 5525 1540 5566 :
1581 5533 1600 5560 α
1633 5509 1822 5566 Nolite
1852 5510 2004 5567 arbi-

693 5641 950 5701 Parnm.
997 5638 1248 5701 CXLVI.

2076 475 2102 501 ‹‹
2135 453 2322 524 spatio
2356 455 2425 507 ad
2450 471 2709 509 carceres
2737 472 2770 508 a
2801 454 2946 509 cella
2978 455 3254 510 revocari.
3276 455 3423 517 Quid
3446 459 3602 514 enim
3624 461 3720 515 ha-

2072 563 2100 591 ‹‹
2136 542 2232 596 bet
2251 541 2368 596 vita
2388 541 3104 614 humanajucundi?quid
3131 560 3243 598 non
3267 543 3722 614 potiuslaboris?

2073 654 2100 680 «
2135 631 2258 685 Non
2299 629 2436 686 libet
2484 631 2640 686 enim
2673 631 2818 686 mihi
2865 631 3166 703 deplorare
3216 631 3393 688 vitam
3426 637 3721 706 quomodo

2078 741 2106 770 υ
2134 719 2305 774 multi
2336 723 2392 774 et
2421 719 2636 775 indocti
2669 719 2909 790 faciunt,
2953 736 3144 790 neque
3173 736 3268 776 me
3294 721 3508 779 vixisse
3535 723 3722 796 pinni-

2078 832 2105 861 «
2135 812 2239 874 tet,
2265 807 2542 879 quoniam
2566 808 2647 864 ita
2665 808 2779 864 vixi
2804 813 2866 863 ut
2889 825 3004 864 non
3031 810 3250 865 frustra
3267 826 3360 867 me
3383 815 3586 870 natum
3609 813 3722 869 exi-

2079 917 2107 947 «
2136 897 2370 952 stimem
2399 917 2412 966 ;
2446 899 2503 952 et
2523 913 2592 952 ex
2619 897 2738 952 vita
2752 896 2986 952 discedo
3017 897 3099 953 ita
3116 902 3398 971 tanquam
3421 917 3492 958 ex
3517 901 3722 974 hospi-

2077 1008 2104 1035 «
2138 984 2240 1052 tio,
2275 1000 2390 1039 non
2425 988 2704 1056 tanquam
2756 1001 2786 1040 e
2816 985 3009 1041 domo.
3044 989 3460 1044 Commorandi
3501 994 3721 1046 natura

2078 1097 2106 1126 ‹‹
2140 1079 2343 1130 auctor
2391 1079 2541 1129 Deus
2591 1074 2761 1130 nobis
2812 1074 3220 1144 diversorium;
3257 1093 3374 1132 non
3416 1077 3723 1135 habitandi

2079 1186 2107 1214 ‹‹
2142 1163 2322 1218 dedit.
2357 1163 2726 1218 Moriendum
2749 1167 2900 1218 certe
2931 1167 3040 1231 est,
3064 1168 3121 1219 et
3149 1164 3206 1219 id
3238 1165 3527 1222 incertum
3557 1184 3634 1223 an
3657 1183 3725 1224 eo

2081 1275 2107 1302 ‹‹
2141 1251 2272 1323 ipso
2304 1251 2398 1307 die
2431 1269 2444 1307 :
2478 1251 2669 1307 omnia
2719 1267 2854 1308 vero
2905 1268 3034 1323 quae
3077 1253 3403 1310 secundum
3451 1259 3727 1312 naturam

2081 1364 2109 1392 «
2142 1341 2315 1407 ﬁunt,
2345 1343 2482 1395 sunt
2502 1340 2773 1396 habenda
2797 1341 2855 1395 in
2886 1341 3077 1397 bonis.
3103 1342 3249 1406 Quid
3273 1346 3362 1398 est
3379 1347 3577 1400 autem
3605 1348 3727 1400 tam

2084 1449 2112 1478 «
2144 1427 2471 1483 secundum
2503 1433 2776 1484 naturam
2813 1445 2992 1500 quam
3022 1429 3262 1486 senibus
3311 1431 3537 1488 emori?
3565 1431 3729 1487 Horsa

2083 1539 2111 1568 «
2146 1517 2383 1588 quidem
2429 1517 2646 1572 cedunt
2677 1521 2732 1572 et
2761 1516 2908 1585 dies,
2941 1521 2999 1573 et
3046 1533 3301 1587 menses,
3332 1523 3389 1576 et
3415 1519 3592 1587 anni;
3624 1535 3730 1576 nec

2086 1627 2114 1656 ‹‹
2147 1606 2505 1677 praeteritum
2536 1611 2772 1678 tempus
2801 1622 3065 1678 unquam
3097 1607 3426 1676 revertitur,
3459 1624 3566 1664 nec
3587 1607 3729 1680 quid

2084 1717 2111 1744 «
2145 1697 2422 1765 sequatur
2461 1693 2598 1750 sciri
2627 1698 2823 1766 potest
2849 1713 2862 1751 :
2894 1696 3052 1766 quod
3083 1696 3295 1768 cuique
3339 1696 3626 1767 temporis
3656 1696 3731 1753 ad

2085 1805 2112 1832 ‹‹
2146 1783 2458 1838 vivendum
2490 1783 2681 1850 datur,
2702 1799 2770 1839 eo
2801 1783 2972 1840 debet
2987 1801 3116 1841 esse
3132 1788 3477 1841 contentus:
3501 1789 3730 1841 tantum

2086 1894 2114 1921 ‹‹
2149 1876 2412 1926 remanet
2442 1873 2596 1941 quod
2629 1876 2780 1927 recte
2834 1872 3008 1929 factis.
3033 1877 3090 1928 et
3115 1874 3328 1929 virtute
3380 1878 3733 1932 consecutus

2086 1981 2113 2009 ‹‹
2148 1959 2252 2024 sis,
2284 1959 2385 2014 sed
2432 1958 2662 2016 vivendi
2712 1959 2847 2016 ﬁnis
2877 1965 2966 2016 est
3015 1961 3275 2032 Optimus
3325 1979 3460 2020 cum
3505 1964 3735 2034 integra

2089 2069 2117 2099 ι(
2148 2052 2342 2103 mente
2368 2048 2656 2118 certisque
2672 2049 2946 2106 sensibus
2975 2066 3122 2121 opus
3153 2051 3278 2122 ipse
3307 2068 3482 2108 suum
3512 2051 3614 2124 qui
3635 2068 3734 2108 ce-

2087 2159 2116 2188 «
2150 2136 2526 2209 agmentavit,
2549 2136 2839 2208 dissolvit,
2855 2142 2912 2193 et
2940 2138 3251 2195 aedificium
3283 2140 3439 2196 idem
3461 2139 3738 2197 facillime

2087 2249 2115 2277 ‹‹
2148 2225 2420 2292 destruit,
2452 2225 2551 2296 qui
2602 2226 2967 2293 construxit;
3000 2227 3084 2284 sie
3112 2227 3410 2284 hominem
3463 2230 3738 2286 eumdem

2092 2336 2120 2365 ‹‹
2151 2315 2372 2386 optime
2403 2316 2504 2386 qui
2535 2313 2961 2385 conglutinavit
2989 2316 3165 2388 Deus,
3189 2316 3472 2374 dissolvit.
3493 2318 3738 2376 Montem

2091 2425 2118 2452 «
2153 2403 2332 2475 igitur
2364 2403 2640 2458 omnibus
2670 2403 2830 2458 horis
2871 2403 3310 2476 impendentem
3339 2406 3739 2476 meditemur;

2090 2515 2118 2542 ‹‹
2148 2509 2283 2546 nam
2317 2493 2458 2546 dum
2482 2508 2690 2547 sumus
2709 2493 2767 2546 in
2785 2492 2879 2549 his
2897 2495 3282 2566 compagibus
3305 2496 3739 2568 corporis,quo-

2091 2605 2117 2631 ‹‹
2152 2582 2286 2636 dam
2319 2581 2684 2635 necessitatis
2710 2586 2768 2635 et
2789 2582 2948 2653 gravi
2979 2597 3148 2652 opere
3170 2583 3580 2656 perlungimur
3602 2600 3616 2641 :
3639 2585 3742 2640 sed

2090 2693 2120 2722 ‹‹
2153 2670 2277 2740 ipse
2296 2669 2450 2725 Deus
2461 2669 3211 2729 auctorimmortalitatis-ut
3228 2672 3745 2744 ﬁnemimpanemt

2092 2782 2119 2810 ‹‹
2152 2757 2506 2826 necessitati,
2540 2758 2857 2813 terminum
2902 2759 3031 2814 vitae
3081 2760 3298 2816 carnali
3333 2760 3510 2827 dedit,
3544 2760 3744 2818 volens

2092 2873 2119 2900 ‹‹
2155 2866 2260 2904 nos
2287 2848 2483 2903 venire
2505 2849 2577 2902 ad
2603 2849 2801 2919 ipsum
2829 2865 3046 2905 munus
3075 2849 3562 2918 immortalitatis;
3588 2851 3744 2906 unde

2092 2961 2120 2988 ‹‹
2154 2955 2225 2993 ne
2237 2935 2854 3008 eenseatislugendam
2875 2942 3122 2994 mortem
3137 2955 3311 3010 quam
3328 2939 3742 2996 immortalitas

2093 3051 2120 3077 ‹‹
2152 3025 2549 3097 consequitur.
2583 3024 2644 3080 Si
2671 3027 2820 3080 enim
2847 3027 3122 3082 credimus
3143 3027 3282 3098 quod
3309 3028 3464 3084 Iesus
3492 3037 3744 3084 mortuus

2012 3099 2055 3166 C
2095 3137 2125 3167 «
2153 3120 2230 3172 est
2260 3120 2309 3170 et
2335 3115 2656 3184 resurrexit,
2688 3116 2766 3170 ita
2794 3123 2845 3170 et
2877 3116 3014 3171 Deus
3042 3133 3128 3172 eos
3158 3118 3252 3190 qui
3280 3117 3627 3174 dormierunt
3643 3133 3746 3190 per

2096 3228 2124 3255 ‹‹
2154 3205 2337 3260 Jesum
2365 3202 2591 3260 adducet
2621 3219 2747 3258 cum
2777 3219 2840 3259 eo
2869 3204 2917 3275 (Ι
2943 3204 3176 3260 Thessat.
3209 3222 3284 3274 Iv,
3315 3206 3424 3276 13).
3464 3228 3492 3254 ››

2683 3361 2918 3418 CAPUT
2959 3362 3143 3417 LXIV.

2137 3454 2254 3522 Ubi,
2285 3457 2535 3526 percepto
2565 3453 2765 3526 viatico
2794 3453 3120 3526 corporiset
3140 3453 3436 3526 sanguinis
3468 3455 3712 3522 Domini,

2650 3525 2910 3594 spiritum
2941 3522 3188 3578 tradidit.

2171 3649 2328 3703 Inter
2357 3649 2477 3703 hrec
2508 3648 2685 3703 ﬂante
2715 3653 2913 3703 austro
2962 3647 3150 3703 lilium
3184 3649 3403 3704 sensim
3437 3644 3498 3704 in
3529 3649 3752 3722 pallore

2099 3737 2408 3808 migrabat,
2440 3737 2578 3808 quia
2606 3737 2875 3795 videlicet
2899 3738 3076 3795 cumis
3104 3753 3228 3794 caro
3248 3739 3472 3808 fenum,
3489 3745 3548 3796 et
3571 3741 3750 3797 om;

2099 3827 2279 3895 gloria
2310 3827 2426 3897 ejus
2457 3827 2614 3898 quasi
2641 3827 2737 3894 ﬂos
2759 3826 2881 3894 feni
2909 3827 3036 3897 (Isa.
3069 3843 3158 3892 xc,
3191 3826 3266 3896 6).
3302 3826 3462 3888 Quod
3485 3827 3750 3883 animad-

2099 3918 2387 3970 vertentes
2419 3913 2519 3986 qui
2574 3914 2838 3983 aderant,
2872 3915 3230 3970 sacrosancti
3263 3915 3562 3986 Evangelii
3591 3916 3749 3972 defe-

2100 4008 2242 4058 runt
2272 4003 2554 4069 codicem,
2579 4006 2868 4073 quatenus
2899 4003 3190 4059 recedenti
3219 4004 3290 4058 de
3318 4003 3530 4059 saeculo
3560 4003 3750 4060 Domi-

2101 4093 2243 4148 nica:
2257 4090 2550 4163 passionis
2563 4091 2852 4162 supplicia
2867 4107 2994 4162 qua)
3017 4109 3120 4166 pro
3137 4095 3336 4148 nostra
3355 4091 3750 4164 redemptione

2101 4180 2385 4236 sustinuit
2414 4179 2816 4250 recitarentur,
2849 4184 2906 4235 et
2937 4181 3266 4236 damonum
3301 4181 3544 4253 spiritus
3574 4185 3748 4236 tanta)

2101 4269 2366 4325 lectionis
2389 4269 2710 4324 ventilabro
2733 4267 3487 4341 repellerentur.Cumquea
3507 4271 3753 4326 circum-

2102 4359 2394 4413 stantibus
2418 4359 2875 4429 interrogaretur
2895 4375 2968 4413 an
2988 4359 3314 4414 intenderet
3332 4359 3424 4414 his
3446 4376 3571 4431 quae
3598 4358 3752 4431 lege-

2103 4445 2342 4510 bantur,
2360 4447 2664 4516 respondit
2682 4447 2908 4500 recitari
2947 4447 3277 4517 passionem
3299 4448 3514 4503 Christi
3547 4464 3753 4502 secun-

2107 4533 2246 4586 dum
2271 4532 2642 4604 Evangelium
2669 4534 2936 4588 Joannis.
2963 4539 3278 4605 Postquam
3302 4541 3539 4590 ventum
3573 4540 3662 4591 est
3683 4535 3756 4590 ad

2107 4621 2163 4674 id
2198 4636 2211 4673 :
2249 4621 2384 4674 Cum
2412 4637 2544 4692 ergo
2591 4624 2879 4691 accepisset
2923 4626 3082 4677 Jequ
3131 4631 3364 4693 acetum,
3395 4624 3538 4679 dixit
3568 4641 3586 4677 :
3620 4623 3756 4678 Con-

2106 4714 2440 4764 summatum
2488 4718 2565 4764 est
2609 4711 2786 4780 (Joan.
2837 4728 2950 4779 x13,
2990 4712 3101 4782 30),
3157 4713 3483 4784 percipiens
3534 4717 3591 4767 et
3635 4713 3759 4784 ipse

2108 4797 2384 4853 viaticum
2419 4798 2677 4870 corporis
2699 4803 2755 4854 et
2786 4799 3094 4871 sanguinis
3117 4800 3350 4871 Christi,
3370 4800 3521 4856 inter
3543 4817 3757 4856 manus

2110 4887 2534 4959 plangentium,
2585 4887 2724 4952 Deo,
2757 4888 2850 4942 cui
2900 4888 3099 4943 omnia
3145 4889 3364 4953 vivunt,
3399 4892 3456 4943 et
3503 4889 3595 4943 cui
3643 4906 3758 4943 non

2110 4980 2356 5049 pereunt
2387 4976 2688 5032 moriendo
2710 4993 2953 5049 corpora
2983 4982 3204 5043 nostra,
3231 4978 3332 5033 sed
3367 4981 3672 5032 mutantur
3699 4977 3758 5030 in

2112 5064 2343 5130 melius,
2376 5082 2547 5120 suum
2585 5066 2826 5120 tradidit
2855 5066 3127 5138 spiritum
3159 5066 3434 5122 vicesimo
3467 5069 3628 5121 sexto
3660 5082 3758 5120 or-

2111 5154 2432 5210 dinationis
2463 5172 2576 5208 suae
2607 5172 2758 5210 anno
2810 5155 2944 5209 felix
2976 5154 3307 5227 episcopus,
3341 5171 3517 5210 senex
3545 5155 3759 5210 emeri-

2112 5248 2229 5313 tus,
2253 5248 2419 5298 vetus
2453 5243 2911 5316 hospes,plenus
2940 5244 3350 5315 dierum,dans
3372 5261 3572 5315 pacem
3605 5243 3761 5315 filiis,

2114 5339 2170 5386 et
2201 5333 2325 5388 vale
2357 5333 2555 5388 dicens
2587 5334 2886 5400 ultimum,
2918 5333 3169 5389 vinculis
3212 5333 3406 5389 carnis
3437 5334 3762 5403 absolutus,

2113 5421 2358 5476 feliciter
2389 5423 2613 5478 decimo
2635 5422 2926 5480 Kalendas
2958 5422 3124 5493 Julii,
3147 5423 3468 5484 decedente
3499 5423 3637 5495 sole,
3663 5424 3769 5480 mi-

2115 5511 2304 5584 gravit
2333 5512 2405 5568 ad
2435 5511 2753 5570 Christum.
2820 5504 2822 5506 ’

3378 5647 3448 5705 4ῖ
