4036 6184
429 203 584 264 1483

1026 330 1257 388 CAPUT
1298 329 1462 386 LXV.

529 465 608 517 De
633 458 956 532 quibusdam
980 455 1272 511 miraculis
1299 456 1359 509 in
1387 455 1504 525 ejus
1533 454 1687 509 obitu
1716 455 1963 510 ostensis.

493 601 710 659 Testati
741 602 881 656 sunt
901 597 1000 670 qui
1030 597 1447 664 interfuerunt,
1474 600 1607 668 post
1637 595 1922 652 emissum
1954 594 2073 666 spi-

429 692 606 748 ritum
637 687 981 761 capillorum
999 686 1187 759 ipsius
1209 684 1539 741 albedinem
1561 685 1619 739 in
1643 685 1962 756 pristinum
1985 700 2073 739 re-

429 779 608 835 diisse
634 774 1248 847 coloremjuventutis.
1275 775 1549 829 Testatur
1567 773 1743 828 etiam
1775 771 2072 844 religioso-

428 885 556 924 rum
587 869 845 923 virorum
892 863 1326 920 contubernalis
1365 864 1601 927 veritas,
1635 863 1787 932 quod
1840 879 1941 933 per
1970 861 2072 916 de-

424 957 698 1013 cennium
711 955 1058 1027 priusquam
1071 954 1190 1012 vita
1201 952 1500 1008 decederet
1512 955 1713 1006 atactu
1729 949 2072 1022 genitalium

423 1045 823 1101 membrorum
854 1044 1089 1116 penitus
1134 1041 1506 1110 abstinuerit,
1540 1041 1641 1095 sed
1673 1039 1723 1094 si
1755 1039 2074 1094 necessitas

421 1133 706 1191 naturalis
725 1132 813 1189 vel
835 1133 895 1187 in
925 1130 1243 1203 equitando
1264 1130 1352 1186 vel
1383 1129 1442 1184 in
1471 1129 1776 1200 procinctu
1811 1127 2076 1198 quolibet

421 1223 535 1281 alio
563 1228 803 1295 tangere
832 1219 1135 1292 compulit,
1154 1218 1241 1274 vel
1272 1216 1572 1290 pallio,vel
1605 1216 2076 1273 camisiamanus

420 1311 689 1368 obvolvit.
717 1311 867 1366 Dum
888 1326 1020 1365 vero
1051 1324 1263 1378 corpus
1281 1307 1409 1377 ejus
1429 1309 1726 1361 mortuum
1753 1306 2075 1360 nudaretur

423 1402 494 1457 ad
524 1400 861 1466 lavandum,
896 1403 961 1453 ut
1010 1400 1362 1452 monstraret
1389 1395 1543 1450 Deus
1593 1395 1748 1466 quod
1789 1394 2072 1465 pudorem

423 1489 708 1546 castitatis
736 1491 1087 1553 servaverat,
1120 1502 1188 1542 ea
1219 1486 1485 1541 membra
1513 1482 1848 1539 cancellatis
1880 1481 2072 1538 mani-

425 1580 537 1635 bus
562 1578 676 1635 sibi
704 1577 866 1646 texit,
894 1576 1098 1648 sicque
1117 1575 1300 1630 donec
1326 1574 1735 1630 reindueretur
1757 1571 1968 1642 jacuit,
1994 1570 2074 1627 lo-

422 1672 521 1725 tus
551 1684 718 1740 aqua,
748 1665 998 1738 vinoque
1027 1663 1301 1737 perfusus
1350 1665 1661 1735 postquam
1693 1659 2074 1716 femoralibus

424 1757 732 1813 reindutus
762 1754 1095 1828 complosas
1116 1768 1331 1809 manus
1359 1749 1647 1818 dissolvit,
1671 1750 1873 1820 sicque
1903 1747 2074 1821 quasi

422 1862 629 1903 rursus
659 1848 901 1901 mortue
923 1843 1274 1899 reciderunt.
1306 1839 1414 1904 Qui
1443 1841 1688 1895 aderant
1716 1837 2072 1910 gloriﬁcave—

423 1939 564 1990 runt
586 1934 791 1998 Deum,
814 1932 914 2005 qui
938 1932 1076 1986 facit
1095 1946 1188 1986 res
1211 1927 1543 1995 mirabiles;
1577 1932 1634 1982 et
1662 1926 1885 1982 funeris
1915 1943 2076 1982 exse-

423 2025 595 2096 quias
615 2022 916 2096 explentes
946 2021 1283 2077 levaverunt
1303 2035 1515 2090 corpus
1537 2018 1768 2087 feretro,
1794 2016 1950 2088 quod
1983 2017 2077 2072 de-

421 2113 675 2169 terentes
705 2111 1044 2167 locaverunt
1071 2109 1132 2164 in
1163 2106 1408 2164 ecclesia
1438 2107 1660 2162 Sanctae
1691 2105 1793 2160 Dei
1827 2105 2076 2160 Genitri-

423 2201 508 2258 cis
539 2205 597 2258 et
633 2203 924 2273 perpetuae
973 2196 1217 2270 virginis
1244 2196 1457 2265 Marias,
1487 2195 1841 2267 vigiliasque
1884 2193 2077 2249 noctis

421 2290 584 2346 illius
615 2305 749 2345 cum
779 2287 1026 2361 psalmis
1053 2291 1112 2343 et
1126 2285 1491 2343 orationibus
1521 2300 1655 2340 cum
1673 2283 1834 2339 luctu
1856 2287 1913 2339 et
1931 2299 2074 2338 mce-

425 2396 557 2438 rore
588 2378 864 2450 maximo,
895 2380 1261 2450 peregerunt.

1014 2535 1248 2592 CAPUT
1289 2535 1475 2591 LXVI.

414 2646 568 2716 Quod
593 2648 653 2703 in
677 2646 911 2703 ecclesia
930 2644 1125 2701 Sancti
1158 2642 1430 2715 Sepulcri,
1453 2656 1620 2714 quam
1649 2643 1765 2713 ipse
1794 2640 2074 2710 aediﬁcare

1268 200 1332 259 S.
1378 197 1790 259 LIETBERTI
1837 197 2439 260 CAMERACENSIS
2487 198 2732 259 EPISC.
2780 197 2991 259 VITA.

3611 209 3734 272 1484

2103 345 2159 410 Α
2257 340 2306 388 ει
2337 331 2603 410 dedicare,
2634 332 2854 410 meruit,
2886 339 3011 410 ante
3046 332 3454 410 quinquennium
3476 335 3568 391 sibi
3592 343 3736 410 sepul-

2256 419 2412 458 crum
2437 401 2601 472 effodi
2623 405 2838 473 fecerit,
2873 404 2933 457 in
2962 401 3068 475 quo
3096 411 3146 459 ei
3171 401 3396 474 sepultus
3423 401 3681 478 requiescit.

2253 512 2419 564 Mane
2438 509 2607 576 facto,
2628 509 2964 565 detulerunt
2984 509 3124 566 illud
3149 510 3217 565 ad
3239 513 3612 568 monasterium
3628 516 3736 572 San-

2184 598 2261 653 cti
2291 597 2553 669 Sepulcri
2586 599 2741 670 quod
2773 616 2800 654 s
2828 599 3008 654 fundo
3038 599 3187 655 sicut
3225 603 3307 654 est
3333 599 3670 668 aedificaverat,
3695 610 3737 660 et

2183 687 2448 743 ordinato
2479 688 2686 743 abbate
2717 693 2773 742 et
2803 688 3106 744 monachis
3136 688 3319 743 locum
3348 690 3727 760 possessionibus

2183 779 2239 830 et
2271 778 2442 831 rebus
2475 776 2798 832 commodis
2822 778 2974 832 sicut
3001 777 3280 832 hactenus
3309 778 3536 833 cernitur
3553 779 3732 836 honora-

2184 869 2359 920 verat.
2383 866 2462 920 Ibi
2489 883 2721 936 quoque
2744 871 2879 921 ante
2901 865 3359 938 quinquennium
3389 882 3539 937 quam
3557 869 3652 923 vita
3669 871 3738 924 de-

2183 952 2411 1006 cederet
2443 952 2615 1007 eli‘odi
2647 953 2983 1024 sepulcrum
3017 953 3128 1008 sibi
3160 954 3308 1019 fecit,
3332 970 3464 1024 quos
3489 957 3633 1010 certis
3657 958 3743 1012 die-

2183 1038 2293 1094 bus
2326 1040 2604 1108 revisens,
2628 1045 2684 1095 et
2715 1041 2903 1113 primo
2937 1041 3175 1112 quidem
3210 1042 3444 1112 desuper
3467 1042 3742 1099 incumbens

2184 1128 2462 1200 lacrymis
2492 1134 2549 1183 et
2577 1129 2897 1201 gemitibus
2929 1131 3146 1186 fossam
3179 1130 3552 1201 perfundebat,
3586 1133 3743 1187 deinde

2185 1233 2334 1288 pane
2355 1217 2442 1272 vel
2475 1235 2670 1290 carne,
2687 1218 2775 1274 vel
2800 1219 2930 1275 aliis
2948 1219 3185 1275 cibariis
3216 1217 3494 1291 implebat,
3509 1236 3615 1290 quae
3632 1237 3741 1291 psu-

2184 1307 2420 1377 peribus
2460 1308 2684 1379 erogari
2717 1325 2850 1363 mox
2900 1309 3168 1364 faciebat.
3201 1307 3458 1379 Sepultus
3485 1314 3559 1364 est
3593 1314 3737 1365 autem

2181 1412 2313 1449 cum
2328 1394 2512 1467 gloria
2533 1401 2588 1451 et
2605 1396 2821 1452 honore
2835 1396 3158 1469 pontificali
3176 1414 3323 1452 anno
3336 1397 3656 1468 pontiﬁcatus
3668 1397 3734 1453 sui

2182 1483 2455 1540 vicesimo
2486 1489 2646 1541 sexto
2677 1485 2813 1556 (12),
2833 1502 2986 1541 nono
3017 1485 3302 1542 Kalendas
3330 1484 3737 1554 Julii,Dominica

2183 1573 2608 1630 Incarnationis
2657 1575 2816 1642 1076,
2863 1575 3227 1647 temporibus
3275 1574 3513 1647 Gregorii
3561 1575 3737 1646 septimi

2181 1679 2364 1734 papae,
2397 1668 2678 1735 regnante
2729 1664 2972 1720 Domino
3014 1668 3214 1720 nostro
3263 1667 3396 1720 Jesu
3440 1662 3648 1731 Christo,
3671 1663 3738 1718 cui

2183 1755 2272 1806 est
2300 1750 2486 1807 honor
2503 1755 2560 1807 et
2588 1751 2776 1824 gloria
2802 1752 2864 1808 in
2895 1751 3113 1810 saecula
3142 1752 3493 1810 saeculorum.
3522 1756 3687 1808 Amen.

2184 1859 2345 1929 (Quae
2372 1866 2676 1930 sequuntur
2700 1861 2769 1932 ab
2813 1858 2928 1915 alio
2957 1869 3179 1915 auctore
3206 1861 3410 1932 scripta
3433 1874 3532 1916 esse
3555 1862 3737 1914 constare

2664 1931 2878 1986 videtur
2905 1948 2975 1986 ex
3002 1947 3049 1986 ε.
3081 1934 3117 1985 2
3140 1931 3354 2003 supra.)

2257 2018 2490 2075 Decimo
2522 2019 2808 2076 Kalendas
2850 2020 2988 2075 Julii
3031 2020 3177 2076 obiit
3207 2021 3450 2076 domnus
3489 2018 3741 2074 Lietbertus

2185 2106 2496 2179 episcopus
2516 2108 2953 2165 Cameracensis
2974 2113 3150 2180 atque
3179 2109 3554 2164 Atrebatensis
3579 2107 3740 2163 tricesi-

2186 2212 2318 2252 mus
2349 2197 2596 2268 primus,
2630 2215 2782 2254 anno
2835 2198 3149 2254 Dominicaa
3201 2196 3589 2254 Incarnationis
3627 2197 3739 2264 1076,

2184 2289 2393 2355 quarto
2425 2285 2714 2342 Kalendas
2736 2287 3019 2343 Octobris.
3048 2286 3375 2343 Translatio
3395 2287 3509 2357 ejus
3534 2301 3654 2340 anno
3669 2283 3744 2339 Do-

2184 2373 2411 2429 minicis
2433 2375 3029 2432 Incarnationis121l.
3053 2376 3141 2431 Ab
3165 2377 3326 2432 obitu
3341 2390 3512 2448 usque
3531 2373 3741 2428 adtrans-

2183 2462 2460 2520 lationem
2490 2466 2618 2536 ejus
2651 2466 2788 2534 135;
2823 2482 2857 2520 a
2885 2465 3273 2522 translatione
3321 2465 3496 2536 prima
3521 2478 3668 2534 usque
3690 2459 3740 2514 sd

2181 2553 2500 2610 secundam
2532 2554 2672 2610 anni
2710 2555 2801 2624 61,
2852 2571 2979 2626 quae
3011 2555 3167 2611 facta
3197 2559 3285 2611 est
3313 2558 3497 2610 octavo
3540 2552 3649 2608 Idus
3669 2549 3740 2605 Ju-

2181 2658 2285 2697 n11.

582 2951 980 3034 Epitaphium
1008 2950 1233 3012 domini
1257 2947 1550 3012 Lietberti
1577 2947 2013 3011 Cameracensis
2041 2946 2313 3029 episcopi,
2347 2946 2597 3009 ecclesias
2629 2947 2926 3010 Dominici
2951 2948 3234 3030 Sepulcri
3254 2948 3590 3030 fundatoris.

1336 3124 1634 3182 Clauderis
1663 3123 1774 3180 hoc
1801 3122 1972 3180 titulo
2000 3123 2288 3196 lapidum,
2317 3125 2584 3181 Lietberte
2612 3126 2887 3182 sacerdos

1417 3216 1562 3288 Spes
1593 3217 1651 3270 et
1679 3229 1844 3270 amor
1872 3213 2095 3286 patriae,
2124 3212 2276 3286 laus,
2309 3214 2487 3270 decus
2517 3213 2809 3270 Ecclesiae.

1382 3305 1662 3377 Hancque
1690 3304 1932 3359 domum
1961 3301 2175 3359 Christi
2203 3317 2308 3375 spe
2338 3301 2475 3358 felix
2504 3303 2837 3372 instituisti,

1571 3392 1799 3448 Rursus
1830 3396 1895 3447 ut
1921 3394 2121 3448 octava
2148 3391 2278 3448 luce
2307 3392 2519 3449 fruaris
2549 3409 2634 3449 ea.

1412 3482 1719 3539 Clauditur
1748 3483 1982 3538 incessu
2013 3481 2240 3554 Cancri,
2273 3482 2534 3555 solisque
2563 3497 2796 3540 recessu

1502 3572 1640 3629 Orbi
1670 3574 1833 3628 sexta
1858 3570 2003 3639 dies,
2035 3586 2164 3642 qum
2194 3572 2301 3627 tibi
2330 3571 2406 3628 sit
2436 3572 2687 3644 requies.

401 3733 3173 3771 W

1487 3868 2148 3965 LIETBEBTI
2219 3869 2720 3965 CHARTA

795 4090 886 4150 De
916 4080 1369 4147 constituendis
1399 4077 1721 4143 canonicis
1751 4075 2147 4158 regularibus
2177 4077 2242 4137 in
2271 4075 2535 4138 ecclesia
2563 4079 2628 4139 S.
2660 4075 2952 4139 Autberti
2982 4077 3440 4140 Cameracensi.

1892 4255 2084 4326 (Anno
2115 4254 2300 4326 1066.)

1277 4427 1448 4495 (Actes
1475 4425 1542 4483 de
1570 4424 1624 4482 la
1647 4425 1914 4497 province
1943 4423 2347 4496 ecclésiastique
2373 4424 2442 4480 de
2468 4424 2671 4493 Reims,
2701 4423 2767 4501 II,
2797 4423 2921 4495 77.)

454 4715 944 4784 LIE'rssa'rus,Dei
964 4714 1153 4788 gratia
1167 4711 1675 4769 Cameracensium
1693 4709 2027 4782 episcopus,
2062 4716 2104 4783 ρ
2144 4711 2458 4779 secratum,
2494 4708 2594 4764 ubi
2625 4712 2778 4765 retro
2802 4709 3241 4766 deserviebatur
3270 4709 3459 4767 ofﬁcio
3485 4701 3734 4764 canonico-

384 4808 826 4870 successoribus
854 4806 979 4861 suis
1018 4803 1328 4875 episcopis,
1359 4805 1416 4856 et
1463 4799 1685 4854 caeteris
1716 4798 1933 4854 Christi
1964 4799 2031 4852 ﬁ-

381 4900 615 4957 delibus
645 4895 1064 4968 sempiternam
1097 4891 1365 4964 gloriam.

449 4989 551 5045 Est
580 4986 876 5060 quoddam
911 4979 1501 5039 monasteriuminfra
1529 4992 1728 5032 muros
1755 4976 2033 5031 Camera-

379 5096 458 5134 σω
492 5077 764 5142 civitatis,
788 5075 846 5128 in
881 5073 1099 5129 honore
1130 5074 1463 5125 sanctorum
1495 5064 1896 5136 apostolorum
1931 5065 2032 5119 Pe-

380 5168 455 5222 tri
488 5171 544 5222 et
563 5162 1057 5233 Pauli,sanctique
1079 5157 1344 5214 Autberti
1371 5155 1746 5224 confessoris,
1770 5154 2034 5224 ejusdem

382 5255 638 5310 civitatis
669 5252 947 5325 episcopi,
982 5249 1199 5306 ibidem
1231 5261 1470 5318 corpore
1501 5243 1882 5315 quiescentis,
1905 5259 2037 5298 con-

2145 4815 2276 4853 rum
2311 4816 2324 4854 :
2358 4798 2575 4868 quibus
2606 4797 2936 4869 injunctam
2967 4799 3310 4856 servitutem
3345 4791 3733 4871 negligentibus,

2145 4887 2318 4958 coepit
2350 4886 2513 4942 locus
2541 4886 2639 4942 ille
2657 4885 2956 4956 vilescere,
2978 4892 3035 4942 et
3065 4888 3123 4942 in
3155 4888 3283 4944 dies
3314 4905 3348 4943 a
3376 4884 3570 4960 prioris
3595 4879 3735 4934 hono-

2144 4976 2439 5031 riﬁcentia:
2462 4979 2619 5031 statu
2645 4975 2960 5032 declinare.
2989 4977 3108 5033 Hoc
3127 4993 3233 5048 ego
3251 4976 3611 5033 considerans
3636 4980 3736 5021 con-

2143 5064 2324 5132 dolui,
2348 5065 2614 5136 coepique
2637 5066 2833 5120 animo
2855 5063 3085 5121 volvere
3105 5065 3362 5136 qualiter
3383 5062 3574 5119 melius
3595 5056 3651 5112 ad
3668 5051 3735 5106 di-

2142 5154 2346 5209 vinum
2378 5152 2601 5209 cultum
2645 5170 2878 5226 possem
2909 5155 3181 5210 relevare.
3230 5156 3486 5210 Tandem
3533 5147 3636 5203 zelo
3657 5139 3735 5197 Dei

2143 5242 2438 5298 animatus
2459 5247 2516 5296 et
2546 5242 2805 5298 ﬁdelium
2825 5247 3164 5299 nostrorum
3183 5243 3428 5299 consilio
3459 5237 3734 5294 roboratus,

451 5428 563 5513 (12)
595 5427 715 5482 Imo
875 5429 1350 5513 siquidemnanno
1568 5422 1823 5513 Cerardo
1874 5422 2178 5489 successit,
2213 5438 2280 5476 ex
2310 5439 2434 5493 cap.
2468 5422 2556 5490 46,
2590 5420 2976 5494 interfuitque
3001 5425 3127 5494 jam
3171 5422 3480 5495 episcOpus
3523 5403 3734 5480 Philippi

380 5495 1112 5578 regis'coronationi-anno
1146 5499 1302 5568 1049,
1335 5513 1404 5552 ex
1434 5511 1558 5567 cap.
1591 5495 1681 5548 51.
