4036 6184
266 326 424 388 1485

944 328 1335 392 ROGERIUS
1380 329 1482 389 JC.
1535 330 1836 390 l'l‘ALUS.
1872 364 1947 373 -—-
1979 331 2079 388 DF.
2126 331 2486 391 DIVERSIS
2531 331 3007 393 PRIESCBIP’I‘.

3520 340 3673 400 1486

263 459 564 534 regulares
593 460 1001 524 canonicos,de
1030 460 1325 516 communi
1357 461 1635 525 viventes,
1676 466 1733 516 et
1770 462 1911 516 nihil
1943 468 1991 530 Α
2028 462 2267 533 insuper
2333 462 2675 535 potestatem
2744 464 2999 520 donandi
3068 465 3409 537 praebendas
3476 469 3673 525 abbati

262 549 564 622 proprium
596 548 897 613 habentes,
926 552 983 604 et
1013 550 1276 620 ejusdem
1313 550 1689 621 professionis
1736 557 1790 605 et
1821 567 1911 605 or-

263 639 417 694 dinis
446 638 717 693 abbatem
764 654 831 693 eo
881 638 939 693 in
990 638 1114 694 loco
1145 640 1453 706 constitui;
1487 639 1826 695 restauratis
1856 644 1913 695 et

262 727 404 783 alibi
437 727 727 783 restitutis
749 728 1074 800 praebendis
1103 729 1517 783 canonicorum
1548 728 1913 800 illorum,qui

263 816 568 888 proprium
599 816 937 887 retinentes,
978 816 1097 871 illic
1146 818 1538 873 communiter
1580 817 1768 874 vivere
1811 834 1912 872 no-

260 906 517 961 luerunt.
540 904 901 961 jEdilitatem
924 922 1057 962 vero
1087 910 1143 961 et
1172 907 1777 977 praeposituram,quze
1799 907 1913 962 mei

252 994 410 1065 juris
439 998 842 1067 erant,prteter
862 995 1103 1067 antiqua
1132 996 1285 1051 bona
1312 995 1493 1067 hujus
1525 995 1764 1067 loci,per
1784 1012 1915 1052 con-

259 1082 461 1140 silium
493 1082 1123 1152 archidiaconorum,et
1152 1085 1654 1153 canonicorum,et
1682 1089 1913 1142 caetero-

256 1188 391 1228 rum
423 1172 686 1228 fidelium
717 1176 1076 1245 nostrorum,
1108 1172 1247 1229 huic
1296 1172 1554 1230 ecclesiis
1584 1173 1827 1244 contuli,
1860 1178 1917 1231 et

2024 567 2307 606 concessn

2096 640 2337 712 Signum
2372 640 2604 697 Henrici
2628 640 2745 712 (IV)
2774 641 2947 713 regis.
2975 642 3355 716 Sigisbardus
3386 645 3669 702 cancella-

2025 728 2167 800 rius,
2194 730 2316 785 vice
2341 730 2602 802 Sigifridi
2636 730 3150 799 archicancellarii,
3175 733 3502 804 recognovi.
3527 733 3673 790 Data

2025 834 2177 874 anno
2206 817 2519 874 Dominicae
2540 819 2966 875 Incarnationis
3000 821 3371 892 1066,indict.
3405 838 3482 888 ιν,
3517 837 3671 878 anno

2026 912 2220 963 autem
2274 907 2663 963 ordinationis
2713 902 2942 963 Henrici
2994 907 3111 982 (IV)
3144 911 3318 983 regis,
3350 926 3476 982 xm,
3512 911 3674 984 regni

2026 1013 2161 1053 vero
2191 1014 2245 1052 Χ.

2098 1088 2303 1142 Actum
2332 1086 2726 1143 Triremundi.

442 1371 608 1381 ιλςμῑ-μρῑ

1610 1513 1748 1554 POST
1786 1512 2020 1556 MBDIUM
2060 1513 2369 1556 SECULUM.

1431 1672 2531 1841 ROGEBIUS.

1347 2056 1642 2114 NOTITIA
1680 2056 2065 2115 HISTORICA
2105 2057 2176 2115 IN
2216 2058 2619 2116 ROGERIUM.

1178 2199 1459 2271 (FABRIC.,
1518 2200 1781 2256 Biblioth.
1838 2199 1981 2256 med.
2039 2208 2090 2257 et
2147 2201 2255 2275 inf.
2316 2205 2436 2258 Lat.
2498 2201 2593 2272 VI,
2653 2202 2802 2274 121.)

342 2430 652 2504 Rogerius,
697 2430 851 2502 aliis,
894 2435 1185 2504 corrupte,
1231 2431 1537 2503 Frigerius,
1592 2431 1774 2504 Italus
1811 2430 2300 2504 jurisconsultus,
2351 2448 2483 2487 saec.
2534 2449 2613 2504 xi,
2669 2430 2769 2503 qui
2816 2431 3046 2503 primus
3097 2432 3156 2488 in
3205 2447 3335 2489 eam
3384 2432 3700 2489 Pandecta-

265 2517 406 2559 rum
439 2501 669 2576 partem,
697 2520 873 2576 quam
909 2501 1267 2576 [inforiiatum
1318 2501 1528 2558 vocant
1576 2501 2070 2576 glossas‘emisit,
2102 2503 2353 2576 pprimus
2404 2501 3084 2576 etiam'o‘dmm—ampsive
3110 2504 3527 2576 ,Compcndium
3561 2505 3705 2576 iuri:

255 2574 618 2647 composuit.
656 2574 901 2646 Reliqua
928 2574 1087 2630 illius
1117 2575 1176 2629 in
1208 2576 1459 2647 obscuro
1490 2574 1647 2630 sunt.
1681 2574 2068 2647 Panciroﬁllus.
2100 2574 2179 2630 De
2209 2574 2386 2629 claris
2417 2575 2613 2647 legum
2644 2574 3069 2647 interpretibus
3104 2574 3287 2643 11,18}
3312 2575 3350 2631 C

256 2646 397 2719 ejus
430 2646 555 2704 sive
585 2646 832 2717 Summa,
867 2662 1091 2702 necnon
1121 2647 1387 2717 Dialogus
1415 2646 1481 2702 de
1504 2646 2033 2719 prascriptionibus,
2076 2649 2308 2702 exstant
2350 2646 2411 2701 in

258 2717 389 2771 136.

279 2864 2310 2897 Μ

2493 2591 2613 2646 gum
2644 2575 3069 2647 interpretibus
3104 2575 3175 2643 ll,
3200 2575 3287 2631 18.
3312 2575 3704 2649 Compendium

2493 2647 2707 2702 ’ractatu
2750 2650 3111 2719 tractatuum,
3144 2652 3286 2703 tom.
3318 2647 3411 2719 IX,
3445 2647 3544 2705 fol.
3578 2647 3701 2719 135,

1559 3016 2422 3123 ROGERIUS
2645 3133 2651 3141 ,

893 3230 1057 3325 DE
1119 3228 1709 3325 DIVERSIS
1774 3228 3067 3327 PRAESCRIPTIONIBUS.

1310 3420 1615 3493 (Tractatus
1639 3423 1996 3488 o-actatuum,
2023 3424 2168 3477 tom.
2198 3420 2367 3490 XVII,
2396 3420 2534 3478 folio
2565 3419 2679 3490 48.)

880 3659 1342 3717 SUMMARIUM.

356 3748 408 3804 1.
441 3746 807 3821 Praescriptio
852 3749 1068 3805 dicitur
1115 3748 1388 3821 quaelibet
1433 3749 1693 3821 exceptio
1735 3765 1933 3805 essen-

274 3835 429 3892 tiam
457 3836 694 3910 capiens
725 3854 793 3894 ex
822 3842 1105 3911 tempore.

352 3926 410 3981 2.
459 3926 730 4000 Exceptio
778 3926 904 3984 solo
952 3930 1292 4000 comparata
1337 3927 1552 3995 favore,
1607 3943 1734 3999 quas
1785 3926 1940 3983 dica-

277 4018 404 4070 tur.

354 4103 410 4159 3.
444 4103 712 4177 Exceptio
743 4120 848 4160 nec
881 4105 1073 4162 favore
1114 4121 1219 4161 nec
1256 4106 1389 4161 odio
1420 4109 1777 4177 comparata,
1811 4121 1939 4177 qua

278 4192 386 4248 sit.
418 4193 713 4261 Actiones,
746 4198 811 4249 ut
840 4193 1189 4265 plurimum,
1222 4194 1619 4251 terminantur
1649 4211 1823 4250 anno.

359 4281 411 4335 4.
446 4281 794 4354 Prescriptio
822 4283 1089 4355 quaedam
1118 4282 1313 4338 triduo
1340 4282 1620 4354 compleri
1653 4287 1867 4354 potest.

359 4372 413 4425 5.
446 4370 777 4443 Appellanti
809 4373 1045 4442 quando
1077 4372 1272 4427 obstet
1302 4371 1659 4443 praescriptio
1685 4371 1845 4425 anni.

359 4460 412 4513 6.
450 4460 809 4532 Prmscriptio
835 4461 1089 4517 duorum
1122 4462 1419 4517 mensium
1458 4458 1672 4515 actioni
1722 4475 1792 4515 ex
1839 4458 1941 4514 sti-

281 4545 493 4620 pulatu
524 4552 717 4620 potest
746 4550 980 4621 opponi.

358 4637 414 4693 7.
449 4636 851 4693 Redbibitoria
889 4638 1037 4694 actio
1085 4642 1306 4710 quanto
1338 4636 1752 4710 praescribatur
1797 4640 1944 4691 tem-

285 4741 450 4797 pore.
486 4725 879 4781 Estimatoria
910 4728 1058 4782 actio
1090 4725 1489 4798 praescribitur
1518 4742 1691 4779 anno.

364 4815 417 4869 8.
451 4815 738 4870 Praetoriaa
766 4815 1023 4871 actiones
1052 4832 1205 4870 anno
1241 4814 1367 4870 utili
1400 4815 1877 4887 praescribuntur.

360 4903 415 4958 9.
450 4903 613 4958 Actio
645 4904 781 4958 furti
812 4904 1102 4959 manifesti
1135 4910 1414 4976 perpetua
1443 4908 1549 4959 est.

366 4992 455 5046 10.
489 4992 761 5049 Petitioni
794 4992 1152 5048 haereditatis
1183 4993 1582 5064 prescribitur
1611 4992 1941 5065 quinquen-

290 5096 415 5137 ῐιιο.

366 5170 457 5223 11.
490 5169 691 5225 Fiscus
723 5168 1126 5241 quadriennali
1152 5170 1555 5242 praecriptione
1575 5170 1792 5241 gaudet
1812 5185 1946 5224 con-

287 5262 504 5315 ventus
536 5275 639 5329 pro
670 5275 729 5313 re
761 5258 949 5314 aliena
978 5275 1178 5330 quam,
1202 5264 1267 5313 ut
1298 5276 1489 5325 suam,
1522 5258 1803 5313 vendidit.

1962 3663 2012 3728 B

2481 3656 2893 3715 CAPITULUM
2932 3656 3245 3715 PRIMUM.

2118 3748 2396 3805 Omnium
2428 3746 2935 3821 prmscriptionum
2980 3746 3136 3803 viam
3186 3747 3268 3803 ita
3311 3763 3485 3820 posse
3528 3747 3697 3806 facile

2046 3837 2267 3910 percipi
2296 3837 2628 3910 opinamur,
2660 3836 2711 3892 si
2740 3836 3005 3909 ipsarum
3034 3835 3340 3895 varietates
3372 3836 3536 3910 prius
3563 3836 3697 3893 dili-

2047 3929 2255 3997 genter
2272 3924 2737 3997 exposuerimus.

2121 4015 2172 4069 1.
2205 4014 2307 4070 Est
2332 4029 2469 4086 ergo
2497 4013 2860 4086 praescriptio
2909 4013 3102 4070 omnis
3152 4014 3413 4086 exceptio
3452 4030 3522 4071 ex
3548 4018 3698 4071 tem-

2049 4118 2189 4175 pore
2218 4103 2534 4159 essentiam
2566 4102 2834 4175 capiens;
2858 4101 3004 4158 alias
3028 4102 3288 4174 abusive,
3316 4102 3591 4174 quislibet
3609 4118 3701 4160 ex-

2050 4192 2448 4264 ceptio,etiam
2481 4192 2611 4262 tori,
2641 4190 3004 4263 praescriptio
3032 4195 3292 4247 vocatur.
3325 4191 3478 4248 Sunt
3506 4196 3702 4249 autem

2050 4280 2422 4353 exceptiones
2478 4280 2649 4346 tales,
2693 4283 2797 4336 aut
2842 4280 3059 4349 favore,
3100 4285 3203 4338 aut
3246 4281 3380 4338 odio
3431 4280 3555 4339 solo
3602 4285 3706 4338 aut

2052 4373 2299 4440 utroque
2329 4374 2535 4425 neutro
2566 4372 2939 4441 comparata.

2120 4457 2175 4511 2.
2199 4458 2413 4512 Favere
2442 4456 2563 4512 solo
2595 4461 2936 4528 comparata
2962 4460 3052 4512 est
3080 4461 3315 4513 centum
3346 4459 3573 4515 dierum
3613 4458 3703 4513 vel

2053 4546 2192 4601 anni
2224 4544 2610 4616 praescriptio,
2641 4560 2769 4615 qua:
2800 4545 3091 4599 bonorum
3125 4547 3449 4616 possessori
3479 4545 3701 4616 objicit.

2053 4634 2185 4689 Haec
2216 4634 2400 4699 enim,
2431 4648 2536 4688 nec
2566 4631 2742 4703 primi
2772 4632 2991 4704 gradus
3021 4632 3175 4701 odio,
3210 4632 3304 4688 cui
3333 4632 3555 4705 objicit,
3601 4649 3706 4690 nec

2053 4722 2356 4793 sequentis
2388 4723 2597 4790 favore,
2630 4721 2722 4776 cui
2754 4719 3051 4791 competit,
3066 4721 3167 4776 sed
3191 4722 3544 4777 creditorum
3573 4737 3706 4795 gra-

2053 4810 2230 4877 tia,ut
2259 4810 2371 4865 cito
2402 4810 2555 4881 quod
2592 4808 3351 4877 convenerunt,babeant,et
3378 4810 3567 4882 ipsius
3590 4826 3708 4867 ma-

2053 4898 2209 4955 xime
2237 4898 2496 4954 defuncti
2528 4913 2727 4967 causa,
2760 4913 2833 4953 ne
2863 4898 2993 4968 ejus
3020 4898 3175 4955 bona
3205 4903 3486 4970 tanquam
3512 4899 3709 4972 prodi-

2060 4988 2114 5061 gi
2148 4994 2206 5043 et
2236 4987 2428 5059 inopis
2459 4986 2818 5058 possideant,
2845 4990 2934 5042 est
2964 5004 2998 5041 a
3027 4992 3267 5059 praetore
3296 4986 3547 5042 inventa.
3566 4986 3709 5042 Huic

2062 5075 2275 5132 similis
2298 5091 2428 5132 vero
2459 5073 2844 5145 quinquennii
2878 5075 3258 5146 praescriptio,
3288 5074 3546 5130 defuncti
3594 5080 3710 5131 sta-

2059 5171 2183 5221 tum
2210 5166 2446 5236 juvans,
2478 5168 2543 5218 ut
2572 5164 2725 5219 Inui.
2777 5163 2842 5219 de
2893 5164 3033 5219 bono
3074 5179 3191 5235 pos.
3222 5162 3253 5235 §
3283 5162 3388 5218 ult.
3419 5164 3568 5219 Licet
3594 5180 3707 5220 non

2057 5269 2273 5326 semper
2299 5255 2619 5324 comparata
2638 5256 2717 5307 est
2739 5252 3048 5323 longissimi
3076 5253 3339 5323 temporis
3364 5252 3707 5324 praescriptio

367 5346 455 5401 12.
488 5347 758 5402 Actiones
789 5347 1123 5404 criminales
1155 5346 1531 5418 (injuriarum
1561 5345 1818 5418 dempta)
1860 5345 1949 5402 vi-
2058 5346 2171 5399 sive
2196 5358 2418 5414 usucap.

288 5435 444 5508 ginti
476 5450 764 5491 annorum
794 5435 1081 5492 tolluntur
1109 5434 1565 5507 praascriptione.

367 5524 456 5580 13.
491 5522 873 5597 Prescriptio,
907 5524 1045 5581 anni
1088 5523 1253 5579 utilis
1298 5522 1384 5579 vel
1436 5528 1671 5580 centum
1720 5523 1947 5581 dierum

293 5611 467 5669 obest
495 5612 547 5669 ei
577 5612 677 5684 qui
704 5614 973 5685 pratorio
995 5615 1130 5685 jure
1159 5612 1282 5669 vult
1313 5614 1645 5669 succedere.

2130 5433 2182 5487 3.
2215 5431 2429 5486 Neutro
2457 5430 2636 5502 igitur
2666 5446 2771 5485 nec
2801 5429 2932 5484 odio
2964 5445 3069 5484 nec
3101 5428 3312 5497 favore,
3350 5433 3415 5484 ut
3443 5430 3707 5501 prescri-

2057 5520 2177 5594 ptio
2209 5518 2591 5591 annalis,quaa
2621 5518 2952 5574 actionibus
2981 5516 3267 5589 pratoriis
3296 5522 3352 5573 et
3380 5517 3711 5590 pcenalibus

2058 5609 2401 5685 plerumque
2432 5608 2734 5680 objicitur,
2759 5622 2887 5681 qua;
2920 5621 3026 5663 nec
3057 5606 3270 5665 actoris
3300 5607 3455 5680 odio,
3487 5622 3592 5663 nec
3629 5604 3714 5662 rei
