4036 6184
341 427 498 494 1489

1523 432 1627 492 ns
1669 413 2030 494 DIVERSIS
2075 431 2560 495 PRESCRIPT.

3587 405 3743 497 4496

401 565 774 639 Praescriptio
802 564 962 639 longi
992 564 1276 639 temporis
1306 565 1545 637 quibus,
1576 583 1678 622 seu
1707 581 1809 637 per
1855 581 1982 637 qua:
2012 566 2068 633 Α
2097 565 3233 641 exdantis,nisiverusdominusjussum
3259 571 3315 653 et
3329 566 3738 626 alienationem

326 654 606 729 impediri
640 655 850 728 possit.

399 747 454 800 9.
488 744 866 816 Privilegium
897 745 978 800 rei
1009 742 1507 816 praescriptionem
1537 741 1806 814 impedit;

402 836 488 890 10.
521 833 745 889 Vitium
779 834 943 889 fundi
973 833 1218 905 impedit
1249 832 1765 905 praescriptionem.

405 924 491 979 11.
549 921 918 994 Praescriptio
978 926 1110 994 post
1166 921 1320 977 sicut
1377 922 1450 977 ab
1508 921 1672 977 initio
1710 918 1978 992 impediri

331 1017 547 1085 potest.

402 1103 490 1156 12.
549 1099 1018 1173 Prescriptionis
1075 1099 1234 1172 longi
1290 1098 1574 1171 temporis
1629 1097 1769 1170 quid
1796 1097 1979 1168 sitjef-

330 1190 543 1247 fectus.

403 1280 490 1334 13.
526 1277 882 1351 Prsascriptio
913 1278 1072 1352 longi
1092 1277 1372 1350 temporis
1395 1276 1554 1334 solas
1579 1276 1638 1332 in
1662 1292 1780 1332 rem
1811 1275 1982 1332 actio-

329 1383 437 1424 nes
467 1365 641 1424 tollit.

985 1508 1221 1566 CAPUT
1253 1509 1324 1565 II.

635 1619 712 1674 De
745 1619 899 1690 longi
927 1620 1192 1690 temporis
1217 1619 1664 1690 praescriptione.

395 1745 597 1798 Restat
627 1746 694 1798 ut
723 1741 882 1814 longi
915 1760 980 1798 ac
1039 1741 1250 1797 deinde
1309 1741 1638 1814 longissimi
1696 1739 1977 1812 temporis

318 1831 824 1905 praescriptionem
848 1832 1288 1887 videamus.Est
1303 1847 1437 1903 ergo
1449 1829 1766 1886 videndum
1791 1846 1974 1900 quan-

2094 655 2308 712 factam
2339 657 2584 730 ignoret.

2160 763 2214 819 5.
2250 765 2316 819 Et
2340 769 2425 821 est
2454 765 2599 822 fides
2628 769 2784 822 bona
2815 769 3102 838 quantum
3159 766 3231 821 ad
3287 766 3440 822 hanc
3479 765 3738 838 praescri-

2090 853 2347 924 ptionem
2363 855 2411 909 si
2425 855 2476 910 is
2498 856 2597 927 qui
2613 857 3081 928 accepitdantem
3101 855 3420 912 arbitretur
3443 853 3734 911 alienandi

2089 959 2156 998 eo
2187 944 2359 999 modo
2381 945 2483 1015 jus
2516 945 2871 1001 haereditate.
2905 947 3049 1001 Item
3069 949 3124 1001 et
3152 945 3212 1000 in
3243 945 3563 1015 dantem,et
3583 944 3734 1000 hanc

2089 1030 2264 1086 ﬁdem
2290 1036 2353 1086 ut
2373 1049 2477 1104 pro
2503 1037 2762 1105 emptore
2783 1033 3143 1105 praescriptio
3164 1033 3488 1098 inchoetur,
3506 1036 3732 1106 oportet

2089 1119 2370 1176 interesse
2402 1125 2458 1177 et
2484 1122 2834 1178 venditionis
2864 1129 2921 1178 et
2957 1122 3290 1179 traditionis
3338 1126 3636 1195 tempore;
3670 1122 3731 1177 in

2089 1207 2220 1265 aliis
2252 1213 2444 1266 autem
2479 1211 2700 1266 sufﬁcit
2728 1227 2855 1267 eam
2872 1213 3077 1269 adesse
3093 1211 3424 1267 traditionis
3443 1215 3726 1284 tempore,

2087 1297 2176 1353 vel
2235 1315 2350 1370 quo
2407 1298 2644 1356 initium
2719 1305 2914 1357 sumet
2960 1299 3342 1373 praescriptio,
3403 1303 3471 1356 ut
3521 1299 3582 1354 tl‘.
3628 1316 3730 1372 pro

2087 1391 2266 1459 empto
2298 1405 2360 1456 ιι,
2386 1393 2444 1444 et
2498 1387 2538 1443 1.
2599 1391 2715 1462 Qui
2761 1390 3030 1461 fundum,
3096 1391 3132 1466 §_
3159 1389 3546 1458 Promittatur,
3578 1392 3636 1444 et
3671 1387 3733 1444 in

2085 1476 2341 1534 Aulhent.
2401 1483 2462 1533 ul
2516 1493 2736 1551 sponsa.
2805 1480 2969 1551 larg.,
3028 1479 3058 1552 §
3113 1480 3323 1535 Rursus
3370 1478 3594 1534 collatio
3653 1494 3729 1546 1x,

2085 1567 2300 1623 conslit.
2350 1584 2411 1622 ιι.

2154 1656 2210 1709 5.
2244 1655 2506 1712 Personae
2539 1657 2970 1715 adminiculum
3010 1658 3070 1715 in
3127 1658 3238 1715 hac
3294 1655 3731 1731 prtescriptione

2085 1733 2471 1816 desideratur,
2501 1750 2564 1801 ut
2593 1762 2727 1802 cum
2758 1747 3062 1803 exordium
3121 1763 3326 1819 capere
3384 1746 3613 1816 debeat,
3647 1743 3730 1800 sic

2086 1831 2162 1885 sit
2184 1848 2432 1904 persona
2450 1850 2576 1904 quas
2591 1852 2768 1891 suum
2790 1835 3012 1908 aliquid
3034 1835 3221 1908 possit
3241 1836 3455 1891 habere
3481 1853 3496 1903 ;
3519 1851 3646 1908 qua:
3680 1832 3730 1889 si

316 1921 394 1977 do
412 1920 533 1976 haec
548 1921 907 1994 praescriptio
930 1920 1458 1988 inchoetur;causaa
1473 1915 1974 2005 quoqucvidendsz
2009 1939 2057 2005 B
2086 1918 2254 1987 desit,
2277 1921 2731 1992 praescriptionis
2755 1928 2944 1980 cessat
2965 1924 3224 1980 initium.
3244 1924 3383 1979 Inde
3399 1927 3489 1978 est
3501 1923 3658 1995 quod
3679 1920 3731 1976 si

321 2013 614 2082 suntquae
647 2009 930 2064 deficiunt
959 2007 1047 2063 vel
1083 2007 1415 2081 impediunt
1447 2008 1517 2062 ab
1542 2006 1726 2078 initio,
1741 2004 1830 2061 vel
1852 2023 1982 2077 pos-

323 2106 425 2154 tea
450 2116 463 2166 ;
499 2098 744 2154 effectus
774 2100 903 2170 ejus
933 2098 1171 2152 tandem
1201 2096 1468 2168 liquebit.

405 2207 453 2260 1.
480 2198 796 2262 Inchoatur
811 2208 1007 2261 autem
1021 2204 1142 2259 haec
1156 2202 1501 2275 prescriptio
1519 2202 1580 2257 in
1594 2218 1714 2257 rem
1730 2201 1982 2258 alienam

326 2311 362 2350 a
387 2312 500 2350 non
525 2294 764 2351 domino
788 2311 965 2367 quam
983 2311 1052 2348 ex
1076 2298 1309 2366 compto
1322 2291 1602 2349 velsimili
1623 2308 1800 2348 causa
1829 2305 1986 2347 acce-

332 2401 526 2456 peras.
554 2384 846 2440 Inducunt
870 2387 1067 2439 autem
1099 2380 1564 2454 prmsciptionem
1595 2381 1746 2436 hanc
1778 2380 1981 2452 impri-

331 2471 448 2526 mis
466 2471 673 2528 titulus
679 2472 1053 2544 justus,ﬁdes
1067 2472 1378 2542 bona,cum
1393 2487 1655 2542 personae
1666 2469 1984 2543 apprehen-

333 2560 532 2616 dentis
567 2559 946 2631 adminiculo,
981 2560 1136 2632 quod
1168 2559 1278 2615 sibi
1317 2560 1504 2631 possit
1561 2559 1882 2630 acquirere,
1915 2575 1981 2614 ac

333 2649 577 2705 tandem
593 2649 988 2722 possessionis
1002 2653 1220 2704 statuto
1233 2653 1494 2720 tempore
1506 2647 1864 2704 continuatio
1878 2665 1980 2720 per

331 2737 802 2794 adversariorum
834 2737 1132 2794 silentium
1154 2738 1442 2793 roborata.

403 2848 460 2899 2.
495 2844 728 2900 Titulus
761 2849 848 2900 est
878 2844 1070 2900 omnis
1127 2845 1468 2916 acquirendi
1531 2844 1772 2900 dominii
1804 2860 1982 2900 causa

332 2934 518 3004 iusta,
543 2951 613 2989 ex
636 2950 754 3005 qua
784 2939 1052 2990 nostrum
1084 2935 1207 3002 fiat,
1226 2935 1381 3006 quod
1397 2951 1512 2989 non
1534 2939 1657 2990 erat
1678 2939 1976 3002 nostrum;

333 3022 545 3078 horum
569 3022 874 3078 titulorum
901 3022 1142 3094 quidam
1156 3022 1612 3093 aliena,quidam
1627 3022 1809 3078 solius
1824 3023 1978 3092 juris

331 3111 608 3167 nituntur
657 3111 1027 3168 auctoritate.
1087 3115 1155 3166 Et
1211 3111 1313 3182 qui
1393 3110 1582 3166 aliena
1637 3111 1977 3166 auctoritate

332 3200 626 3269 nituntur,
661 3200 1028 3274 plerumque,
1053 3199 1290 3273 propria
1309 3198 1549 3256 nomina
1568 3199 1808 3268 habent,
1835 3204 1978 3272 puta

332 3306 440 3362 pro
472 3293 755 3362 emptore,
789 3307 892 3362 pro
923 3291 1162 3358 donato,
1195 3306 1298 3362 pro
1329 3290 1484 3357 dote,
1519 3305 1622 3362 pro
1653 3289 1975 3362 legato,pro
2011 3308 2054 3376 α

333 3378 636 3446 derelicto,
669 3395 773 3452 pro
804 3379 1050 3446 herede,
1083 3395 1189 3450 pro
1220 3378 1433 3434 soluto.
1492 3377 1599 3444 Qui
1628 3394 1761 3434 vero
1796 3379 1980 3436 solius

324 3467 487 3541 juris
518 3469 863 3526 auctoritate
883 3470 1164 3542 gaudent,
1197 3485 1316 3524 uno
1347 3467 1603 3541 generali
1630 3467 1868 3525 nomine
1897 3468 1984 3524 illi

335 3573 440 3628 pro
464 3573 571 3613 suo
593 3561 856 3628 utuntur,
891 3574 1007 3630 quo
1040 3557 1164 3613 solo
1187 3557 1356 3614 titulo
1380 3562 1581 3614 nostra
1599 3557 1751 3613 ﬁunt
1763 3556 1982 3627 omnia,

335 3661 465 3717 quas
499 3646 670 3715 mari,
703 3652 878 3714 terra,
912 3646 1174 3719 coeloque
1203 3649 1491 3718 capimus,
1541 3663 1668 3719 quae
1698 3648 1770 3702 de
1808 3647 1982 3703 rebus

335 3739 537 3791 nostro
568 3736 828 3792 dominio
860 3737 1142 3807 subjectis
1175 3741 1518 3807 nascuntur,
1550 3740 1607 3791 et
1635 3753 1702 3792 ea
1723 3753 1850 3808 quae
1870 3737 1982 3791 ﬂu-

333 3822 533 3896 minis,
541 3825 696 3896 jure,
711 3825 870 3896 agris
882 3825 1098 3882 nostris
1115 3825 1565 3896 accrescunt,vel
1577 3825 1978 3897 occupatione,

331 3911 424 3966 vel
455 3912 906 3984 speciﬁcatione,
938 3913 1026 3970 vel
1056 3913 1236 3970 simili
1257 3915 1395 3985 jure
1426 3913 1595 3970 nobis
1639 3914 1978 3983 obveniuut,

332 4004 390 4055 et
408 3999 491 4056 sic
508 4001 637 4057 istis
655 4001 844 4057 titulis
865 4010 1131 4059 nostrum
1151 4003 1216 4057 ﬁt
1240 4021 1254 4070 ;
1277 4008 1404 4058 tum
1425 4019 1560 4058 vero
1573 4007 1629 4058 et
1645 4001 1978 4068 traditione,

331 4091 491 4161 quod
522 4107 556 4145 a
585 4091 736 4146 veris
765 4091 1042 4160 dominis,
1077 4091 1165 4146 vel
1209 4092 1576 4164 perceptione
1631 4092 1786 4164 quod
1819 4093 1890 4147 de
1920 4107 1981 4147 re

331 4183 539 4235 nostra
566 4179 956 4252 percepimus,
991 4180 1074 4234 ita
1103 4181 1153 4235 si
1186 4181 1480 4236 credimus
1521 4180 1810 4250 dominos,
1843 4180 1980 4237 licet

330 4285 449 4323 non
479 4268 618 4338 sint,
652 4268 751 4341 qui
783 4269 954 4324 nobis
978 4269 1242 4336 tradunt,
1273 4268 1362 4324 vel
1410 4269 1678 4324 ancillam
1712 4275 1972 4325 nostram

328 4373 399 4413 ex
429 4374 546 4429 qua
576 4362 812 4429 partum
841 4357 1229 4429 percepimus,
1291 4357 1792 4429 praescriptionem
1826 4358 1974 4413 servi

327 4447 688 4518 usucapioue
718 4447 1083 4502 inchoamus.

400 4554 454 4608 3.
490 4553 591 4609 Sin
624 4558 821 4610 autem
852 4570 1025 4609 verus
1055 4552 1264 4608 titulus
1295 4553 1480 4619 deest,
1515 4551 1647 4608 licet
1689 4552 1885 4623 ipsum
1917 4555 1974 4608 et

323 4643 595 4699 crederes
624 4643 936 4712 hearedem,
970 4660 1085 4698 non
1117 4657 1492 4715 usucaperes,
1525 4640 1636 4696 nisi
1685 4641 1968 4714 probabili

321 4749 518 4789 errore
543 4733 680 4788 facti
712 4733 989 4804 deceptus
1021 4747 1201 4800 esses,
1234 4731 1318 4787 uti
1351 4732 1422 4786 de
1479 4748 1545 4787 eo
1599 4731 1816 4786 dicitur
1869 4733 1972 4802 qui

319 4822 395 4877 ad
423 4822 737 4877 emendum
795 4821 1014 4894 aliquid
1072 4837 1176 4877 suo
1235 4820 1538 4876 mandavit
1584 4820 1963 4892 procuratori,

317 4911 475 4984 quod
506 4927 641 4966 cum
675 4927 789 4965 non
821 4911 1046 4982 emerit,
1078 4927 1140 4967 se
1170 4911 1382 4967 emisse
1434 4909 1746 4982 persuasit,
1789 4911 1963 4980 atque

319 5000 404 5056 ita
434 4999 762 5067 tradiderit,
797 5001 982 5072 magis
1013 5005 1104 5056 est
1131 5004 1197 5055 ut
1244 4999 1522 5055 dominus
1580 4998 1679 5070 qui
1711 4996 1814 5053 tali
1868 4999 1963 5054 de-

315 5094 521 5161 ceptus
545 5105 739 5145 errore
771 5089 1001 5161 accipit,
1036 5107 1137 5161 pro
1166 5094 1428 5162 emptore
1461 5088 1797 5161 prmacribat
1827 5088 1962 5144 licet

314 5178 483 5234 nulla
512 5177 686 5234 fuerit
714 5179 950 5250 emptio.

386 5286 438 5339 4.
459 5285 634 5340 Error
655 5300 769 5339 non
801 5284 860 5338 in
890 5283 1063 5339 alieni
1095 5283 1228 5338 facti
1261 5284 1610 5355 ignorantia,
1672 5285 1810 5356 quia
1839 5284 1958 5357 ple-

314 5391 565 5446 rumque
588 5373 1044 5446 prudentissimo
1068 5372 1235 5440 fallit,
1261 5367 1961 5446 est'tolerabilis,ideoque

313 5461 675 5535 praescriptio
705 5463 960 5534 prodest,
988 5465 1054 5516 ut
1084 5461 1140 5516 π.
1175 5465 1259 5517 De
1286 5477 1532 5533 usucap.,
1567 5461 1605 5516 l.
1649 5462 1853 5530 Celsus,
1904 5468 1962 5520 et

315 5552 357 5607 1.
391 5553 719 5624 Numquam,
762 5549 822 5605 θ’.
853 5567 952 5622 pro
1005 5558 1204 5622 empto,
1238 5550 1276 5604 l.
1340 5551 1491 5617 Quod
1533 5552 1714 5621 vulgo,
1771 5551 1829 5605 ﬁ‘.
1859 5569 1959 5623 pro

319 5657 436 5712 suo,
470 5640 509 5697 l.
539 5641 646 5696 ult.
678 5643 734 5696 et
761 5641 800 5695 l.
837 5658 853 5693 1
886 5643 943 5695 et
972 5657 1033 5710 ιι,
1068 5639 1125 5693 ff.
1145 5639 1211 5693 de
1232 5655 1480 5710 usucap.,
1508 5639 1544 5693 1.
1570 5642 1762 5695 Potest.
1788 5640 1960 5696 Nulla

320 5732 476 5788 bona
531 5729 675 5788 fides
727 5745 797 5785 ex
852 5727 1188 5801 accipientis
1247 5731 1409 5799 parte
1464 5727 1846 5800 desideratur,
1901 5737 1960 5788 el;

2092 2007 2232 2078 quid
2266 2023 2432 2063 servo
2463 2007 2830 2067 haereditario
2862 2012 3055 2078 detur,
3086 2016 3242 2080 ante,
3294 2027 3401 2066 nec
3427 2013 3556 2082 ejus
3589 2026 3725 2065 usu-

2091 2096 2277 2167 capio,
2311 2113 2414 2153 nec
2446 2099 2805 2172 praescriptio
2838 2100 3231 2169 inchoabitur,
3259 2115 3439 2172 quam
3471 2098 3521 2154 si
3551 2098 3733 2153 haere-

2091 2183 2242 2240 ditas
2263 2185 2676 2244 fueritaddita:
2713 2189 2796 2244 sic
2827 2193 2892 2244 ut
2920 2189 3228 2245 inchoatur
3246 2189 3367 2244 haec
3390 2187 3732 2260 prescriptio

2093 2289 2400 2344 personam
2431 2276 2745 2332 desiderat.
2778 2277 2852 2333 Ut
2882 2282 3078 2333 autem
3137 2281 3452 2350 postquam
3511 2281 3600 2332 est
3647 2275 3734 2332 in-

2092 2362 2320 2431 choata,
2354 2365 2840 2446 continuaverunt
2860 2382 3011 2434 eam,
3035 2382 3141 2422 nec
3166 2367 3320 2422 bona
3338 2367 3505 2434 ﬁdes,
3527 2365 3611 2421 ita
3631 2381 3736 2421 nec

2091 2468 2351 2524 personae
2395 2454 2760 2511 desideratur
2802 2455 3266 2524 adminiculum;
3315 2471 3474 2522 nam,
3523 2469 3631 2510 nec
3669 2469 3737 2510 ex

2089 2542 2409 2611 posteriore
2435 2543 2515 2598 rei
2550 2544 2752 2600 alienas
2785 2545 3026 2601 scientia
3071 2545 3521 2617 interrumpitur
3549 2547 3606 2599 et
3633 2560 3736 2616 per

2090 2629 2494 2687 hzereditatem
2523 2639 2828 2690 vacantem
2861 2633 3207 2706 completur,
3243 2641 3308 2690 ut
3335 2651 3463 2706 cap.
3497 2635 3570 2689 De
3597 2649 3735 2689 usu-

2088 2735 2207 2789 βαρ.
2241 2735 2352 2774 non
2396 2729 2593 2788 trans,
2630 2722 2669 2777 l.
2703 2725 2954 2795 Usucap.,
3014 2723 3072 2778 ﬂ‘.
3105 2723 3170 2779 de
3214 2739 3414 2795 usucap
3443 2724 3736 2794 Nunquam

2078 2807 2246 2879 justo,
2277 2811 2641 2882 praescriptio,
2670 2815 2955 2883 possessio,
2983 2817 3040 2868 et
3061 2811 3098 2867 l.
3129 2814 3332 2870 eres.

2157 2915 2211 2969 7.
2237 2916 2347 2970 Sed
2370 2916 2816 2989 titulusjustus,
2846 2920 2990 2976 fides
3016 2911 3192 2987 bona,
3223 2935 3485 2992 personae
3534 2917 3729 2974 admi-

2087 3003 2374 3072 niculum,
2399 3010 2464 3060 ut
2480 3006 2713 3063 initium
2746 3008 3102 3081 prtescriptio
3119 3009 3331 3080 capiat,
3351 3011 3692 3080 spectantur
3716 3025 3732 3076 ;

2090 3096 2154 3146 ut
2183 3109 2316 3149 vero
2348 3098 2878 3154 consummationis
2907 3098 3086 3153 linem
3116 3097 3328 3170 capiat,
3352 3096 3748 3169 possessionis

2092 3181 2454 3238 continuatio
2486 3201 2588 3256 per
2616 3187 2816 3241 decem
2856 3203 3039 3242 annos
3070 3186 3222 3242 inter
3281 3190 3620 3258 presentes,
3651 3185 3741 3242 vel

2090 3268 2298 3342 viginti
2328 3269 2480 3327 inter
2504 3273 2775 3330 absentes
2805 3278 2896 3329 est
2929 3274 3278 3343 necessaria,
3335 3275 3387 3329 si
3429 3278 3741 3346 praesentes

2094 3363 2255 3430 sunt,
2291 3361 2390 3431 qui
2420 3361 2480 3416 in
2511 3363 2714 3418 eadem
2741 3362 3040 3434 provincia
3096 3361 3462 3419 domicilium
3493 3362 3736 3431 habent,

2094 3447 2366 3505 absentes
2398 3451 2499 3521 qui
2531 3451 2590 3506 in
2619 3451 2883 3508 diversis.

2164 3558 2218 3610 8.
2250 3555 2640 3613 Continuatur
2672 3562 2865 3614 autem
2897 3559 3018 3615 haec
3037 3557 3398 3631 praescriptio
3430 3558 3533 3630 sic,
3567 3558 3618 3614 si
3641 3567 3746 3615 nec

2093 3643 2359 3716 civiliter,
2383 3662 2489 3702 nec
2519 3647 2866 3704 naturaliter
2893 3649 3023 3719 ejus
3055 3664 3266 3704 cursus
3287 3647 3736 3703 fueritinterru-

2092 3737 2251 3801 plus.
2284 3734 2364 3790 De
2397 3751 2512 3806 qua
2543 3751 2604 3790 re
2635 3736 2813 3792 etiam
2841 3735 3018 3793 latius
3049 3736 3401 3804 videbimus,
3421 3741 3487 3792 ut
3503 3753 3632 3809 cap.
3661 3738 3740 3792 De

2086 3825 2373 3894 prcwsrip.
2411 3824 2556 3896 long.
2587 3827 2779 3897 temp.,
2811 3825 2915 3882 lib.
2949 3843 2989 3894 1,
3023 3843 3064 3881 ιι
3093 3829 3150 3882 et
3178 3824 3305 3880 ulti.
3338 3825 3481 3882 Cum
3513 3841 3650 3898 ergo
3673 3841 3742 3881 ea

2091 3911 2328 3980 adsunt,
2362 3929 2490 3983 quae
2521 3931 2678 3970 nunc
2709 3915 3063 3983 notavimus,
3123 3918 3316 3970 curret
3355 3913 3736 3986 praescriptio,

2093 3999 2139 4054 si
2166 4017 2402 4072 quoque
2419 4002 2616 4058 absint
2637 4019 2704 4058 ea
2727 4021 2854 4075 quas
2875 4020 3004 4059 eam
3033 4003 3380 4075 impediunt.
3403 4002 3738 4075 Impediunt

2091 4093 2285 4144 autem
2312 4107 2440 4146 eam
2474 4091 2696 4147 domini
2727 4109 2997 4164 persona,
3022 4109 3130 4162 res,
3164 4107 3387 4148 necnon
3409 4096 3466 4148 et
3485 4091 3735 4146 actionis

2088 4193 2294 4250 genus,
2319 4196 2456 4234 nam
2490 4185 2692 4237 contra
2722 4180 3089 4254 personalem
3123 4180 3405 4238 actionem
3433 4181 3557 4236 haec
3587 4197 3731 4252 prs:-

2087 4267 2294 4339 criptio
2322 4285 2439 4325 non
2471 4271 2672 4340 currit,
2737 4275 2798 4326 ut
2855 4288 2981 4344 cap.
3042 4272 3150 4340 Qui
3197 4286 3309 4326 non
3365 4271 3541 4326 obstat
3584 4271 3728 4341 long.

2086 4358 2323 4428 tempore
2370 4361 2654 4430 praescrip.
2719 4360 2755 4414 l.
2806 4362 2987 4432 Neque
3042 4362 3245 4424 mutui,
3294 4375 3468 4432 neque
3519 4359 3735 4415 domini

2079 4459 2372 4513 personna.
2405 4447 2566 4502 Hanc
2596 4449 3091 4520 praescriptionem
3122 4449 3370 4519 impedit
3387 4452 3450 4502 ut
3465 4448 3515 4502 si
3539 4447 3732 4502 minor

2080 4531 2152 4583 25
2183 4533 2374 4600 annis,
2406 4533 2494 4588 vel
2525 4535 2804 4602 furiosus,
2862 4535 2948 4590 vel
3009 4535 3320 4606 collegium
3351 4534 3615 4590 divinum
3647 4535 3731 4589 rei

2081 4621 2525 4690 praescribenden
2556 4623 2633 4678 sit
2663 4623 3033 4692 dominus,ut
3061 4640 3188 4694 cap.
3224 4625 3332 4692 Qui
3358 4638 3469 4679 non
3488 4623 3553 4679 ob
3575 4624 3723 4693 long.

2083 4714 2246 4780 temp.
2277 4713 2594 4781 pr.rscrib.,
2619 4712 2657 4767 1.
2692 4714 2808 4769 Non
2838 4717 2937 4780 est,
2982 4717 3040 4768 et
3069 4729 3195 4785 cap.
3231 4713 3339 4781 Qui
3367 4728 3468 4768 cau
3496 4712 3558 4767 in
3585 4713 3720 4768 inte.

2079 4799 2234 4854 resti.
2267 4817 2379 4856 non
2407 4810 2487 4857 est
2515 4818 2602 4858 ne.
2628 4802 2666 4857 l.
2695 4807 2756 4858 ut
2784 4807 2837 4858 et
2869 4805 2926 4858 in
2951 4805 3199 4859 authen-l.
3252 4803 3317 4859 de
3370 4803 3541 4859 Eccle.
3570 4801 3658 4858 tit.
3693 4804 3722 4875 ἓ

2073 4911 2170 4966 pro
2192 4893 2610 4964 temporalibus.
2645 4893 2757 4948 Res
2774 4909 3005 4964 quoque
3028 4892 3229 4949 multis
3252 4882 3442 4948 modis
3464 4892 3723 4964 prascri-

2072 4983 2254 5056 ptioni
2290 4983 2474 5053 obest,
2508 4998 2662 5036 nunc
2692 4981 2881 5053 ipsius
2913 4983 2994 5038 rei
3026 4982 3346 5055 privilegio,
3378 4998 3534 5038 nunc
3553 4981 3714 5037 vitio.

2141 5094 2195 5145 9.
2230 5090 2328 5145 Rei
2353 5087 2720 5160 privilegium
2744 5089 3238 5161 praescriptionem
3261 5086 3526 5160 impedit,
3558 5088 3713 5159 quod

2072 5198 2105 5235 a
2134 5176 2506 5248 commercio,
2530 5177 2650 5233 sive
2679 5177 2940 5233 dominio
2963 5182 3160 5234 nostro
3189 5177 3277 5232 vel
3301 5178 3437 5248 jure
3453 5193 3582 5232 eam
3599 5177 3711 5232 eri-

2069 5269 2215 5341 puit.
2238 5268 2459 5324 Natura
2479 5285 2512 5323 a
2533 5267 2881 5322 commercio
2902 5267 3199 5323 hominem
3222 5265 3474 5322 liberum
3490 5265 3713 5335 eximit,

2069 5359 2315 5430 ideoque
2333 5356 2494 5412 nullo
2523 5362 2787 5428 tempore
2809 5357 3220 5429 praescribitur.
3244 5358 3268 5411 ,1
3279 5373 3346 5412 us
3369 5359 3566 5412 autem
3589 5369 3712 5412 rem

2071 5464 2322 5515 sacram,
2345 5450 2628 5515 sanctam,
2654 5449 2711 5501 et
2731 5445 2983 5501 similem
3012 5463 3045 5500 a
3065 5447 3412 5502 commercio
3442 5451 3499 5504 et
3519 5464 3554 5502 a
3574 5461 3711 5518 pra:-

2070 5536 2385 5608 scriptione
2406 5535 2625 5600 eximit,
2646 5551 2749 5589 nec
2770 5551 2888 5589 non
2920 5539 2977 5590 et
2998 5535 3247 5592 fundum
3269 5535 3520 5593 dotalem
3547 5535 3712 5589 dum-

2071 5627 2243 5682 modo
2275 5623 2718 5680 matrimonium
2751 5624 2938 5696 duret,
2972 5629 3029 5680 et
3054 5625 3131 5682 sit
3152 5627 3240 5681 vir
3268 5624 3563 5683 solvendo.

2147 5723 2450 5788 10.'Fundi
2480 5748 2714 5803 quoque
2741 5731 2947 5789 vitium
2975 5735 3472 5807 praescriptionem
3513 5731 3704 5802 impe-
