4036 6184
322 340 472 404 1491
1572 329 1916 394 ROGERIU

2089 332 2117 391 ἱ.
2162 329 2468 392 ITALUS.
3536 331 3683 391 ’1192

322 473 427 530 dit.
462 476 528 529 ut
557 471 605 528 si
637 471 714 528 sit
742 469 796 525 vi
827 483 1174 540 possessus:
1208 471 1349 522 tunc
1377 465 1533 522 enim
1567 482 1671 522 nec
1702 465 1774 520 ab
1806 464 1971 518 inva-
2000 465 2055 530 Α
2085 463 2285 519 riculis
2312 462 2658 535 completur,
2703 466 2761 518 et
2817 480 2850 518 a
2906 461 3224 534 superioris
3267 461 3683 534 praescriptionis

325 578 477 627 sore,
501 560 778 633 quoniam
805 556 961 612 mala
981 557 1114 626 ﬁde,
1139 560 1195 611 et
1217 556 1341 612 sine
1366 555 1536 610 titulo
1565 554 1845 626 possidet,
1871 568 1973 607 nec
2081 557 2331 607 tractatu
2355 554 2524 624 longe
2555 552 2785 623 lateque
2815 552 2997 607 abest.
3021 555 3197 606 Porro
3220 568 3354 606 cum
3384 551 3685 607 tricennalis

327 651 398 706 ab
429 654 686 720 emptore
715 647 894 702 etiam
913 647 1078 701 bonae
1104 646 1236 699 ﬁdei
1262 643 1558 715 praescribi
1583 647 1790 715 potest,
1822 644 1976 695 ante-
2084 641 2442 714 praseriptio
2475 641 2550 696 sit
2580 641 2952 713 frequentior,
2988 641 3243 712 primum
3293 641 3362 696 de
3393 641 3683 706 tricennali,

329 755 504 812 quam
537 734 908 809 possessione
939 735 1010 789 ad
1045 733 1349 789 dominum
1404 748 1632 787 reversa
1691 730 1866 785 fuerit
1896 729 1978 783 rei
2086 731 2295 785 deinde
2325 731 2396 785 de
2427 729 2889 802 quadragennali
2916 729 2972 784 in
2994 731 3131 804 ejus
3170 729 3398 784 defectu
3428 736 3687 799 comperta

331 826 537 883 vitium
571 830 906 897 purgatum.
2087 819 2437 874 videbimus.
2463 819 2729 873 Videnda
2747 822 2887 873 sunt
2911 819 3104 889 itaque
3126 835 3253 889 quae
3276 834 3402 872 eam
3422 817 3684 884 inducant,

403 916 489 971 11.
523 915 592 970 Et
620 913 773 970 sicut
827 911 1188 984 praescriptio
1244 911 1438 966 obstat
1483 910 1555 964 ab
1612 907 1779 962 initio
1811 907 1893 962 sic
1925 912 1980 961 et
2090 907 2176 962 vel
2207 907 2527 979 impediant
2557 923 2704 971 eam,
2736 911 2792 961 et
2823 907 2955 978 quis
2988 907 3064 961 sit
3093 907 3220 976 ejus
3239 906 3471 962 eﬁ‘ectus
3495 925 3506 974 ;
3532 914 3581 962 et
3599 910 3690 978 pri-

335 1006 486 1076 post,
519 1008 576 1057 et
603 1000 952 1072 interruptio
986 998 1170 1054 civilis
1204 1003 1307 1054 aut
1364 998 1669 1065 naturalis,
1704 1014 1830 1068 quae
1865 1013 1979 1052 non
2093 1013 2254 1050 mum
2279 996 2512 1066 quando
2535 995 2655 1050 haec
2670 995 3026 1067 praescriptio
3044 995 3690 1067 sitnecessaria,etquars

333 1092 406 1148 ob
430 1091 485 1146 id
511 1090 701 1146 solum
719 1088 1026 1159 contingit,
1063 1088 1202 1159 quia
1233 1102 1536 1158 possessor
1560 1090 1690 1157 post
1719 1084 1981 1157 prascri-
2093 1085 2172 1139 sit
2203 1085 2453 1140 inventa.

336 1179 550 1252 ptionis
576 1178 810 1233 initium
846 1193 966 1232 rem
1001 1192 1128 1231 esse
1152 1175 1401 1231 alienam
1427 1175 1747 1246 cognoscit,
1766 1179 1831 1227 ut
1853 1190 1980 1244 cap.
2168 1176 2217 1227 1.
2252 1175 2352 1228 Est
2375 1178 2568 1229 autem
2595 1173 2714 1229 hinc
2739 1173 3097 1246 praescriptio
3120 1178 3261 1229 tunc
3286 1173 3510 1229 demum
3525 1191 3688 1232 neces-

334 1268 401 1324 de
423 1269 567 1338 long.
604 1272 730 1322 tem.
761 1283 896 1337 prae.
931 1282 986 1337 q.
1017 1282 1143 1336 pro,
1177 1263 1239 1319 li.
1274 1263 1310 1317 l.
1347 1263 1452 1318 ult.
1487 1269 1543 1318 et
1575 1264 1633 1318 il‘.
1665 1263 1730 1317 de
1760 1279 1983 1332 usucap,
2096 1262 2270 1330 saria,
2304 1279 2432 1316 cum
2466 1261 2621 1334 longi
2651 1263 2932 1334 temporis
2964 1263 3326 1334 praescriptio
3352 1264 3550 1328 deﬁcit,
3565 1267 3688 1336 quod

337 1357 376 1412 l.
402 1358 807 1427 Usucapionem,
842 1362 897 1410 et
927 1354 964 1410 l.
987 1354 1198 1426 Sequit,
1233 1356 1258 1422 §
1290 1353 1441 1421 Quod
1470 1361 1657 1408 autem
1688 1357 1745 1406 et
1775 1351 1837 1416 1.,
1871 1353 1988 1405 Non
2097 1351 2398 1422 contingit,
2433 1356 2498 1405 ut
2527 1357 2582 1406 et
2615 1369 2793 1423 supra
2823 1352 3100 1418 diximus,
3131 1353 3253 1407 sive
3284 1369 3416 1408 reus
3446 1354 3689 1423 personali

336 1448 534 1512 solum,
556 1450 613 1501 et
636 1443 672 1498 l.
708 1449 918 1517 Quare,
952 1443 1066 1498 etl.
1095 1444 1228 1498 Cum
1261 1444 1367 1497 vir.
1394 1441 1452 1496 ﬁ‘.
1483 1441 1548 1496 de
1574 1443 1702 1511 ['un.
1734 1439 1902 1507 do.,l.
1928 1439 1990 1494 Si
2097 1440 2323 1496 actione
2354 1445 2630 1511 perpetua
2659 1441 2965 1495 convenire
2997 1442 3199 1512 possit,
3230 1442 3348 1496 sive
3399 1442 3453 1495 in
3501 1459 3621 1507 rem,
3646 1449 3691 1497 et

337 1534 594 1607 fundum.
629 1551 754 1606 cap.
790 1538 873 1588 De
891 1533 1022 1604 jure
1069 1533 1179 1599 (10.,
1215 1531 1253 1585 l.
1308 1548 1438 1602 pen.
1474 1539 1532 1584 et
1563 1546 1688 1600 cap.
1731 1531 1802 1583 De
1831 1545 1985 1583 usuc.
2099 1529 2362 1598 titulum,
2388 1534 2489 1584 aut
2515 1529 2667 1584 bona
2693 1530 2805 1584 ﬁde
2826 1535 3040 1599 careat,
3060 1534 3162 1584 aut
3182 1530 3233 1585 si
3266 1531 3343 1585 sit
3371 1547 3457 1585 res
3485 1531 3690 1598 vitiosa;

337 1641 438 1698 pro
459 1622 680 1696 emp.,l.
705 1623 766 1679 Si
781 1631 994 1696 partem
1014 1625 1071 1676 et
1100 1639 1223 1692 cap.
1261 1623 1334 1676 De
1366 1621 1510 1691 long.
1545 1624 1706 1689 temp.
1737 1621 1988 1691 primori.
2101 1618 2275 1673 habet
2297 1622 2492 1673 autem
2525 1618 2882 1689 praescriptio
2911 1619 3032 1674 haec
3063 1636 3167 1674 nec
3185 1618 3423 1674 titulum
3445 1635 3537 1675 nec
3553 1620 3689 1675 ﬁdem

343 1712 386 1770 ι,
410 1730 470 1781 ιι,
2102 1708 2338 1778 bonam,
2372 1707 2472 1762 sed
2502 1708 2582 1762 rei
2614 1708 2840 1774 vitium,
2874 1707 3047 1763 sicuti
3101 1725 3207 1764 nec
3257 1708 3493 1764 actionis
3527 1724 3693 1780 genus,

422 1803 507 1858 12.
541 1801 641 1856 Est
657 1804 852 1856 autem
883 1797 1338 1870 praescriptionis
1369 1795 1628 1866 cujusvis
1659 1795 1896 1850 effectus
1931 1798 1995 1849 ut
2031 1836 2070 1870 η
2106 1812 2209 1850 nec
2240 1796 2451 1851 actoris
2476 1796 2594 1851 sive
2628 1797 2707 1851 rei
2765 1813 3076 1868 personam
3134 1797 3374 1853 omnino
3413 1797 3693 1869 distinguit.

351 1891 639 1947 actionem
663 1906 764 1960 per
790 1887 1189 1958 exceptionem
1221 1885 1406 1951 tollat,
1439 1890 1494 1940 et
1516 1901 1689 1940 suum
1709 1884 1995 1954 quosdam
2027 1884 2072 1899 ³¹
2177 1887 2229 1939 3.
2291 1886 2470 1941 Fures
2527 1902 2718 1958 neque
2770 1891 2826 1941 et
2883 1887 3180 1943 invasores
3239 1884 3361 1941 haec
3390 1887 3694 1958 praescriptio

356 1983 421 2034 ut
450 1979 625 2034 etiam
659 1976 986 2032 dominium
1015 1975 1347 2042 transferat,
1381 1979 1437 2029 et
1488 1971 1813 2045 possessori
1861 1988 1994 2026 cum
2109 1975 2316 2029 munit.
2345 1976 2466 2029 Imo
2491 1991 2620 2030 vero
2645 1980 2880 2047 propter
2901 1975 3139 2043 milites,
3169 1975 3422 2043 adultos,
3450 1975 3694 2045 mulieres,

356 2072 610 2122 actorem
633 2065 691 2121 in
720 2081 840 2120 rem
874 2063 1270 2119 defensionem
1294 2063 1498 2134 pariat,
1525 2061 1842 2116 dummodo
1865 2077 1995 2131 pos-
2109 2069 2165 2119 et
2194 2064 2487 2134 absentes,
2521 2081 2553 2118 a
2574 2064 2911 2135 junioribus
2941 2065 3089 2120 divis
3118 2064 3479 2136 principibus
3508 2069 3583 2118 est
3598 2063 3697 2119 ideo

357 2157 564 2224 sideat,
595 2154 781 2210 eidem
816 2169 1049 2225 quoque
1081 2151 1287 2207 saltem
1323 2150 1528 2206 utilem
1561 2149 1723 2205 dabit
1751 2148 2002 2203 vindica-
2109 2153 2364 2225 inventa,
2396 2158 2451 2207 et
2481 2153 2620 2223 quia
2648 2157 2782 2208 ante
2815 2157 3104 2224 perpetuis
3151 2153 3476 2208 constitutis
3511 2153 3695 2206 fuerant

355 2246 598 2314 tionem,
632 2243 681 2300 si
715 2260 748 2298 a
777 2241 1146 2315 possessione
1176 2241 1466 2296 ceciderit.
2113 2224 2390 2309 actiones,
2425 2247 2579 2297 certo
2615 2242 2728 2297 ﬁne
2761 2247 3118 2307 taxarentur,
3151 2247 3212 2296 et
3269 2258 3399 2296 cum
3442 2241 3511 2297 sit
3535 2241 3695 2296 odiosa

435 2334 520 2389 13.
552 2331 692 2388 Solae
721 2347 855 2387 vero
885 2348 957 2386 an
992 2331 1050 2385 in
1084 2346 1205 2385 rem
1260 2330 1542 2395 actiones,
1602 2329 1719 2383 sive
1775 2327 2001 2380 directa)
2112 2332 2230 2386 haec
2264 2331 2641 2402 praescriptio,
2675 2331 2961 2386 inducunt
2991 2347 3119 2386 eam
3154 2336 3392 2402 propter
3430 2329 3694 2403 personalis

361 2424 484 2480 sive
515 2421 711 2486 utiles,
744 2421 853 2476 hac
885 2419 1319 2492 prisscriptione
1375 2418 1685 2484 tolluntur,
1743 2435 1846 2472 nec
1887 2435 2000 2472 non
2113 2420 2358 2476 actionis
2388 2420 2696 2488 desidiam,
2727 2425 2783 2476 et
2813 2425 3048 2492 propter
3104 2420 3549 2476 vendicationem
3576 2417 3698 2472 illius

361 2512 516 2586 quod
549 2516 741 2566 metus
773 2527 949 2565 causa
979 2509 1147 2576 actio,
1194 2507 1313 2563 sive
1369 2507 1723 2563 hereditatis
1782 2508 2002 2580 petitio,
2113 2508 2372 2578 longam,
2406 2513 2461 2562 et
2493 2509 2860 2564 iconcussam
2893 2509 3390 2573 detentationem;
3421 2513 3479 2562 ut
3507 2505 3575 2561 nil
3604 2522 3698 2578 per-

361 2601 636 2674 quoniam
669 2616 803 2655 cum
835 2599 998 2654 bona:
1031 2597 1163 2652 ﬁdei
1192 2600 1512 2667 emptorem
1554 2602 1915 2668 competunt,
1950 2599 2007 2652 et
2115 2596 2394 2652 sonaliter
2415 2597 2546 2668 quis
2568 2597 2859 2669 obligatus
2882 2602 2990 2666 est,
3015 2598 3219 2653 statim
3244 2615 3310 2653 ex
3332 2614 3442 2669 quo
3467 2596 3581 2667 quis
3599 2611 3699 2650 cum

360 2692 471 2747 hoc
499 2689 596 2745 illo
621 2689 758 2762 quia
786 2686 1194 2743 vindicationis
1226 2685 1349 2740 loco
1373 2686 1669 2753 dantur,et
1696 2690 1757 2740 ut
1779 2687 1856 2740 rei
1881 2702 2004 2740 cor-
2116 2686 2320 2741 eil‘ectu
2342 2687 2650 2742 convenire
2673 2704 2806 2741 cum
2825 2687 3109 2743 creditore
3132 2692 3347 2758 potest,
3371 2693 3426 2742 et
3443 2691 3622 2751 cessat,
3642 2685 3703 2738 ita

363 2779 576 2853 poralis
607 2776 920 2834 vindicatio
943 2776 1044 2831 tali
1068 2773 1499 2848 praescriptione
1522 2773 1999 2845 tollatur,supra-
2119 2780 2184 2829 ut
2200 2774 2278 2829 nil
2311 2775 2486 2829 faciat
2517 2792 2619 2846 pro
2642 2792 2748 2830 suo
2780 2777 2838 2830 in
2865 2791 2925 2830 re
2948 2776 3584 2840 conservando,initium
3601 2772 3704 2828 talis

363 2868 519 2924 dicta
538 2867 972 2932 desiderantur;
994 2869 1058 2919 ut
1079 2869 1273 2919 autem
1293 2863 1374 2918 rei
1404 2862 1806 2932 incorporalis,
1841 2863 1896 2916 id
1921 2866 2011 2916 est
2120 2863 2480 2934 praescriptio
2513 2864 2688 2935 capit,
2720 2870 2777 2918 et
2809 2865 2936 2920 ideo
2963 2867 3145 2921 donec
3167 2871 3424 2921 actorem
3445 2879 3592 2936 agere
3608 2878 3707 2933 pro-

365 2956 660 3014 servitutis
689 2953 1000 3008 vindicatio
1033 2952 1274 3007 tollatur
1329 2968 1397 3005 ex
1429 2950 1633 3006 ordine
1665 2950 1809 3005 satis
1841 2956 1930 3004 est
1959 2950 2008 3004 si
2122 2952 2302 3018 hibet,
2339 2952 2542 3023 nequit
2571 2951 2856 3008 inchoari.

365 3043 638 3118 praedicto
669 3045 929 3113 tempore
952 3039 1228 3096 servitute
1251 3055 1366 3094 non
1392 3039 1564 3094 fuerit
1586 3039 1857 3110 usus,qui
1882 3056 2010 3094 eam
2195 3041 2248 3095 3.
2282 3041 2557 3096 Prohibet
2591 3048 2784 3098 autem
2822 3044 2923 3113 jus
2953 3060 3128 3114 quem
3162 3049 3376 3115 petere,
3401 3059 3540 3098 nunc
3562 3039 3704 3112 ipsius

365 3136 592 3207 poterat
621 3130 935 3194 vindicare,
968 3129 1016 3184 si
1049 3127 1438 3184 restitutinnis
1462 3129 1597 3199 jure
1647 3128 1886 3182 omnino
1918 3144 2011 3182 ca-
2053 3199 2084 3207 _
2126 3130 2391 3197 actionis,
2426 3147 2551 3200 quae
2585 3131 2851 3186 interdici
2876 3133 3066 3202 debet,
3093 3139 3324 3198 natura,
3349 3147 3493 3187 nunc
3515 3129 3704 3185 credito-

367 3199 511 3290 reat,
536 3225 599 3276 ut
622 3237 748 3291 cap.
774 3221 846 3275 De
861 3233 1098 3292 praescr.
1122 3218 1195 3272 3O
1216 3218 1297 3272 vel
1329 3218 1396 3270 40
1424 3233 1581 3287 ama,
1616 3216 1654 3286 l,
1680 3217 1740 3272 Si
1767 3219 1934 3287 quis,
1958 3219 2015 3272 et
2045 3199 2087 3266 (ἶ
2126 3219 2205 3274 ris
2238 3199 2504 3290 persona.
2523 3221 2780 3276 Actionis
2803 3226 3014 3276 natura
3043 3199 3172 3277 tum
3193 3217 3705 3294 impediturcreditor

367 3312 637 3383 oap.Qui.
663 3325 792 3365 non.
818 3309 902 3364 ob.
931 3308 1041 3363 lon.
1063 3316 1190 3362 tem.
1221 3322 1386 3377 pra3.,
1416 3305 1455 3360 l.
1490 3307 1671 3376 Neque
1696 3309 1752 3360 et
1780 3322 1907 3377 cap.
1942 3307 2015 3361 De
2125 3325 2315 3381 egere,
2349 3314 2406 3364 et
2442 3309 2567 3364 ideo
2599 3314 2801 3364 contra
2830 3327 2963 3365 eum
3023 3327 3140 3366 non
3200 3312 3383 3367 oritur
3410 3304 3702 3381 praescriptio

372 3401 456 3455 his
480 3414 603 3472 qua
631 3399 730 3464 vi.,
764 3414 890 3468 cap.
925 3398 999 3451 De
1030 3396 1160 3450 edit.
1191 3395 1307 3450 divi
1338 3393 1492 3449 Adri.
1526 3394 1619 3449 tot.
1654 3394 1737 3462 ﬁ.,
1772 3399 1827 3449 et
1884 3411 2012 3466 cap.
2127 3415 2259 3452 cum
2291 3398 2553 3454 debitum
2587 3399 2739 3469 quod
2774 3399 2830 3453 in
2863 3399 3220 3470 obligatione
3245 3401 3475 3456 vertitur
3525 3412 3618 3451 non
3650 3391 3705 3447 sit

373 3491 448 3546 De
473 3487 658 3553 servi,
683 3485 722 3551 l,
745 3486 912 3552 Sicut,
938 3485 995 3539 if.
1014 3484 1256 3539 deserui.
1275 3499 1361 3537 ur.
1381 3498 1546 3552 prae,
1571 3483 1615 3538 l.
1638 3485 1765 3540 Ilaec
1788 3491 2014 3554 autem,
2127 3504 2365 3560 purum,
2388 3488 2486 3542 sed
2512 3487 3044 3553 autconditionem,
3068 3493 3173 3544 aut
3191 3487 3463 3560 temporis
3482 3481 3702 3541 dilatione

373 3593 498 3648 cap.
532 3577 605 3632 De
622 3591 696 3631 se.
730 3590 808 3645 re,
831 3590 948 3645 pu.,
991 3573 1027 3630 1.
1072 3571 1428 3628 duilicinus.
2127 3576 2529 3648 suspenditur,
2563 3580 2628 3630 ut
2655 3576 2704 3632 si
2736 3576 3114 3649 promittatur
3159 3579 3250 3634 vel
3296 3577 3506 3649 legetur
3529 3567 3701 3642 aliquid

975 3661 1425 3719 SUMMARIUM.
2128 3664 2187 3720 in
2219 3665 2376 3720 diem
2408 3665 2496 3720 vel
2526 3665 2637 3720 sub
2669 3664 3022 3721 conditione.

446 3755 497 3809 1.
530 3749 896 3824 Prescriptio
928 3749 1258 3822 longissimi
1313 3747 1594 3820 temporis
1652 3749 1887 3820 quando
1919 3764 2018 3804 ne-
2199 3756 2252 3809 4.
2287 3755 2441 3810 Idem
2476 3758 2564 3808 est
2591 3759 2648 3809 et
2675 3754 2733 3808 in
2760 3755 2892 3809 dote
2922 3753 3149 3810 mulieri
3182 3755 3392 3818 debita,
3424 3767 3580 3824 quam
3606 3750 3704 3802 ante

371 3841 628 3898 cessaris
657 3840 753 3897 sit.
2131 3843 2389 3899 solutum
2424 3843 2865 3899 matrimonium
2897 3859 2966 3899 ex
2995 3845 3205 3900 ordine
3242 3848 3485 3915 repetere
3509 3841 3702 3900 vetetur,

445 3932 499 3986 2.
519 3929 882 4002 Praescriptio
904 3927 1533 4000 longissimitemporis
1555 3925 1674 3982 sive
1688 3925 2022 3982 tricennalis
2131 3932 2375 4004 ideoque
2406 3937 2540 3987 ante
2571 3936 2772 3988 contra
2800 3949 2928 3988 eam
2957 3949 3190 3988 currere
3238 3950 3350 3988 non
3396 3928 3577 4000 incipit
3601 3939 3707 3996 prte-

375 4020 593 4091 quibus
624 4019 828 4091 prosit,
860 4023 962 4074 aut
992 4018 1166 4074 obsit.
2133 4021 2396 4092 scriptio.
2429 4021 2660 4076 Actoris
2691 4038 2940 4092 persona
2998 4021 3269 4093 prohibet
3314 4023 3412 4092 jus
3447 4019 3613 4090 ipsum
3638 4007 3707 4065 cui

446 4108 499 4162 3.
532 4107 640 4163 Jus
671 4111 814 4178 quot
845 4107 1033 4162 modis
1066 4123 1239 4177 quem
1274 4109 1464 4177 petere
1496 4103 1820 4174 prohibeat.
2133 4110 2272 4181 quid
2308 4110 2555 4164 debetur
2587 4113 2798 4181 petere,
2834 4114 2891 4165 et
2942 4111 3071 4166 ideo
3116 4111 3295 4182 hujus
3325 4099 3707 4182 praescriptionis

449 4195 501 4247 4.
537 4195 653 4248 Dos
687 4193 916 4248 mulieri
949 4193 1144 4248 debita
1176 4191 1552 4247 matrimonio
1582 4196 1889 4247 constante
1908 4207 2021 4246 non
2133 4203 2324 4254 cessat
2357 4199 2592 4253 initium
2625 4203 2690 4253 ut
2746 4199 2792 4254 si
2856 4200 2995 4271 quid
3055 4201 3333 4256 debeatur
3376 4189 3706 4251 ﬁliofamilias,

378 4286 570 4354 potest
598 4281 798 4353 ι’θρθῑὶ.
2136 4292 2370 4360 propter
2397 4304 2570 4360 quem
2604 4288 2731 4344 ideo
2764 4306 2881 4345 non
2913 4289 3094 4344 currit
3121 4286 3483 4361 prmscriptio,
3533 4278 3645 4353 quia
3663 4275 3704 4330 in

449 4372 504 4426 5.
529 4369 894 4443 Praescriptio
917 4369 1256 4426 tricennalis
1273 4369 1557 4424 duntaxat
1577 4371 1777 4424 contra
1795 4368 2025 4426 desides
2126 4377 2370 4447 judicio,
2399 4377 2696 4432 communi
2722 4378 2875 4448 jure,
2911 4379 3037 4433 sine
3067 4378 3249 4449 patris
3265 4376 3536 4433 voluntate
3551 4363 3706 4437 nequit

379 4458 574 4517 locum
606 4459 801 4516 habet.
2135 4466 2470 4522 consistere.

451 4550 508 4604 6.
540 4548 903 4620 Praescriptio
939 4547 1277 4604 tricennalis
1325 4548 1559 4620 quando
1612 4551 1810 4602 contra
1845 4547 2023 4602 actio-
2057 4564 2102 4626 ι)
2204 4557 2258 4610 :3.
2283 4553 2668 4618 Quamobrem
2699 4555 2748 4609 si
2772 4571 2886 4610 non
2901 4555 3205 4627 judicatur
3225 4556 3506 4619 deses,nec
3523 4540 3703 4603 desidia

385 4653 519 4694 ηοω
551 4637 919 4710 Ρϐτδοηᾶιθω
953 4643 1245 4693 υᾶεοαὶυτο
2139 4661 2370 4716 poenam
2427 4643 2599 4698 debet
2656 4645 2796 4715 pati,
2859 4654 2911 4699 et
2970 4644 3092 4700 haec
3165 4641 3502 4716 prescriptio
3550 4635 3704 4716 conm

453 4726 892 4798 ‘7.Praesoriptio
916 4725 1252 4782 tricennalis
1274 4742 1375 4798 per
1397 4723 2028 4797 quaeimpediripossit.
2139 4714 2368 4788 aegides
2401 4714 2684 4787 duntaxat
2738 4731 2932 4788 locum
2965 4714 3444 4805 habet._Amplius
3490 4725 3615 4782 sicut
3642 4714 3703 4771 illi

454 4818 488 4871 8
520 4815 882 4887 Prmscriptio
915 4815 1157 4888 triginta
1185 4831 1473 4870 annorum
1532 4813 1850 4885 impeditur
1898 4829 2028 4884 pro-
2140 4821 2238 4892 qui
2275 4839 2385 4876 non
2421 4822 2557 4892 egit,
2618 4822 2754 4892 quia
2814 4841 2926 4877 non
2986 4824 3176 4894 potuit
3225 4839 3332 4877 non
3387 4816 3546 4873 currit
3567 4821 3701 4883 pres-

385 4910 513 4978 pter
543 4906 757 4962 actoris
791 4904 1112 4976 impuberis
1144 4921 1473 4976 personam.
2140 4910 2346 4980 criptio
2374 4929 2385 4972 ς
2417 4910 2465 4963 si
2499 4927 2604 4965 nec,
2663 4911 2933 4965 creditori
2990 4913 3085 4981 qui
3144 4913 3272 4967 ideo
3329 4923 3488 4963 suum
3529 4897 3702 4956 debitov

452 4996 507 5050 9.
536 4995 902 5067 Prescriptio
935 4995 1002 5050 40
1032 5010 1319 5050 annorum
1352 4993 1409 5048 in
1442 4992 1657 5065 quibus
1697 4990 1894 5046 locum
1921 4990 2026 5044 ha-
2140 5016 2260 5054 rem
2290 5016 2403 5054 non
2430 4998 2713 5066 convenit,
2745 5000 2897 5070 quod
2923 5000 3092 5055 annis
3118 4998 3360 5071 singulis
3375 4995 3423 5052 ei
3442 4989 3586 5050 solvit
3603 4997 3704 5040 usu-

384 5083 534 5139 beat.
2142 5105 2262 5153 rus;
2293 5087 2444 5142 idem
2468 5087 2525 5141 in
2554 5087 2868 5155 cohaerede,
2895 5089 3014 5143 sive
3046 5089 3221 5158 socio,
3254 5090 3440 5144 contra
3467 5093 3589 5151 quos
3606 5072 3700 5126 ideo

459 5174 544 5226 10.
576 5171 1035 5244 Ριδίεεστὶιήὶυηίε
1097 5170 1436 5228 tricennalis
1491 5175 1545 5226 et
1574 5167 2030 5242 quadragenalis

2141 5176 2325 5231 famil.
2359 5175 2585 5246 ercisc.,
2618 5193 2718 5231 seu
2741 5193 2890 5232 com.
2919 5177 3059 5232 divi.
3092 5177 3239 5234 actio
3262 5177 3310 5232 ei
3334 5189 3438 5230 non
3462 5158 3698 5235 competit,

387 5259 626 5318 ell‘ectus
659 5261 871 5333 qualis.
2141 5267 2280 5336 quia
2309 5283 2443 5321 cum
2475 5283 2539 5320 co
2598 5264 2867 5321 similiter
2924 5267 3274 5338 possidendo
3329 5274 3532 5331 semper
3577 5253 3700 5338 dele

1028 5350 1264 5407 CAPUT
1296 5350 1391 5405 ΙΙῘ·
2142 5359 2423 5426 tauquam
2445 5355 2740 5409 communi
2770 5336 3199 5422 ;obventionem
3224 5351 3458 5428 percepit
3477 5343 3562 5401 tali
3580 5336 3700 5394 enim

634 5438 706 5492 De
746 5439 1052 5510 longissimi
1073 5441 1328 5511 temporis
1356 5437 1787 5511 préescriplione'
2142 5443 2314 5512 facto,
2348 5443 2482 5499 licet
2542 5442 2782 5515 quidam
2839 5461 3088 5515 quorum
3149 5441 3474 5501 sententiam
3515 5433 3696 5486 inanem

469 5531 516 5584 1.
546 5529 710 5582 Nunc
733 5527 801 5580 de
823 5527 1148 5598 longissimi
1177 5529 1454 5598 temporis
1487 5524 1921 5598 prmscriptiono
1949 5523 2032 5577 vi-
2143 5533 2518 5604 probavimus
2551 5535 2938 5600 consentiant,
2974 5551 3086 5589 non
3114 5534 3306 5590 minus
3334 5526 3467 5586 actio
3490 5518 3698 5577 servatur

395 5619 652 5673 dendum
686 5619 792 5687 est,
828 5632 953 5688 quas
985 5617 1131 5672 alias
1165 5633 1231 5671 ex
1261 5618 1348 5686 30,
1393 5616 1536 5671 alias
1563 5632 1630 5670 ex
1661 5615 1727 5668 40
1756 5630 1896 5672 ann.
1929 5629 2033 5669 cur
2142 5600 2479 5694 incorrupta,
2508 5637 2685 5693 quam
2717 5623 2766 5677 si
2798 5622 3004 5680 fuisset
3025 5622 3380 5694 injudicium
3401 5609 3625 5671 deducta,
3651 5600 3696 5653 ιιι
