4036 6184
345 384 501 450 1493

1526 385 1630 450 DE
1673 386 2037 452 DIVERSIS
2079 386 2559 453 PBJESCRIPT.

3592 397 3751 462 1494

336 517 519 575 lnstit.
552 516 620 580 de
646 526 837 592 perpet
863 523 915 577 et
943 528 1107 592 temp.
1140 528 1271 590 act.,
1300 524 1357 577 et
1386 537 1510 593 cap.
1543 523 1661 579 Non
1700 524 1812 589 0b.,
1844 524 1889 577 Ι.
1950 540 1988 589 ι,
2019 522 2074 589 Α
2103 528 2381 590 non,ante
2400 524 2529 596 ejus
2550 524 3579 601 consummationeminterrumpitur
3595 525 3746 603 legi-

332 625 391 681 p.
424 608 465 665 l.
496 610 695 681 Neque,
728 626 856 682 cap.
893 610 1040 668 Unde
1066 611 1141 678 vi,
1173 612 1215 667 Ι.
1248 609 1401 680 ulti.,
1431 613 1720 684 etcap.De
1734 613 1983 684 pra'scri.

2095 612 2256 668 time.
2294 613 2497 671 Modos
2516 630 2651 671 vero
2676 612 3141 690 interrumpendi
3158 632 3288 675 eam
3311 616 3523 675 melius
3545 622 3741 677 osten-

332 699 404 754 30
434 699 537 755 vel.
568 700 637 755 40
665 715 786 767 αη.,
818 700 861 754 Ι.
893 702 1042 757 sicut
1068 706 1126 756 et
1156 699 1292 756 Cum
1318 701 1614 769 notissimi,
1630 706 1687 757 et
1704 702 1747 757 Ι.
1779 702 1841 758 Si
1862 703 1965 774 qui.

2092 700 2301 758 demus

333 791 391 844 et
419 804 545 861 cap.
568 789 647 845 De
672 805 765 844 an.
798 793 1003 861 except.
1035 789 1079 845 Ι.
1113 807 1151 856 ι,
1182 792 1210 859 §
1240 790 1321 861 6.,
1356 806 1483 862 cap.
1526 792 1599 847 De
1617 790 1747 863 jure
1791 790 1901 860 do.,
1935 791 1977 846 Ι.

329 880 400 935 1η
431 878 614 947 rebus,
642 882 695 935 et
721 881 785 933 in
813 883 1022 935 auctor.
1056 882 1118 935 ut
1144 894 1345 948 sponsa
1373 880 1504 949 lar.,
1546 881 1573 949 §
1602 883 1827 952 Rursus,
1867 880 1980 937 col-

328 965 384 1033 9,
416 968 636 1023 constit.
666 968 725 1023 2.

397 1057 453 1111 6.
487 1056 597 1114 Sed
630 1056 869 1129 quidem
896 1056 1187 1114 sancitum
1218 1060 1307 1113 est
1336 1057 1431 1113 hic
1454 1061 1520 1114 ut
1550 1061 1752 1114 contra
1778 1074 1978 1129 perso-

324 1145 518 1202 nalem
550 1146 838 1204 actionem
868 1150 1148 1203 nascatur
1175 1145 1313 1202 talis
1343 1146 1699 1219 praescriptio
1723 1164 1738 1215 ;
1759 1150 1823 1201 ut
1844 1162 1976 1203 vero

321 1240 527 1292 contra
545 1236 905 1291 venditorem
934 1234 1168 1291 initium
1191 1235 1400 1308 capiat,
1461 1240 1517 1292 et
1572 1235 1877 1308 petitorem
1908 1252 1977 1291 ex

320 1340 439 1397 quo
491 1340 660 1397 agere
706 1324 896 1396 possit
950 1324 1122 1380 silere
1167 1325 1438 1381 convenit
1475 1329 1532 1380 et
1580 1325 1775 1396 ipsum
1808 1341 1973 1380 reum

316 1414 619 1486 possidere
634 1413 1267 1485 noncorporaliter,sed
1292 1417 1490 1469 tamen
1513 1412 1758 1470 civiliter
1785 1429 1971 1485 quan-

316 1502 510 1574 doque
533 1518 637 1575 pro
667 1518 793 1558 suo.
829 1502 1078 1575 Ideoque
1106 1518 1212 1558 nec
1236 1501 1531 1573 colonum,
1578 1518 1682 1557 nec
1729 1501 1969 1574 emphy-

312 1593 538 1646 teutam
559 1589 620 1645 in
651 1589 895 1645 dominii
925 1590 1413 1662 quaestione,dum
1441 1588 1842 1661 productionis
1865 1607 1967 1646 no-

315 1678 475 1734 mine
530 1678 880 1751 possidetur,
939 1694 1073 1734 cum
1113 1679 1353 1734 domum
1380 1678 1640 1734 tuebitur
1657 1678 1791 1733 talis
1823 1695 1966 1750 prai-

311 1766 573 1840 scriptio.
597 1767 754 1824 Idem
785 1771 844 1823 et
868 1766 929 1822 in
958 1767 1263 1834 creditore,
1296 1767 1437 1822 dum
1466 1766 1800 1839 hypothecas
1831 1767 1966 1837 jure

2160 792 2216 846 9.
2246 792 2329 847 Ad
2363 791 2481 848 haec
2512 797 2839 853 notandum
2869 795 2929 850 in
2962 794 3315 868 quibusdam
3348 796 3417 851 40
3446 812 3745 854 annorum

2088 880 2586 953 prescriptionem
2618 884 2945 956 subrogari,
2991 884 3052 939 in
3083 884 3297 957 quibus
3351 884 3737 942 tricennalem

2086 983 2315 1025 cessare
2342 971 2619 1042 diximus,
2653 976 2718 1028 ut
2745 973 2803 1028 in
2836 973 3062 1030 actione
3092 973 3508 1047 hypothecaria
3536 978 3740 1032 contra

2086 1058 2430 1127 debitorem,
2456 1060 2542 1117 vel
2573 1064 2899 1118 secundum
2929 1062 3275 1119 creditorem
3322 1063 3512 1135 primo
3543 1063 3736 1121 credi-

2082 1148 2193 1203 tori
2252 1152 2635 1221 competente,
2693 1152 2847 1207 sicut
2884 1154 2941 1206 et
2974 1154 3176 1207 contra
3205 1150 3397 1207 locum
3428 1151 3733 1209 venerabi-

2084 1234 2198 1291 lem
2226 1240 2369 1300 tunc
2400 1237 2593 1293 locum
2627 1238 2821 1305 habet,
2851 1256 2984 1295 cum
3012 1239 3063 1296 ei
3089 1238 3223 1295 talis
3255 1240 3538 1313 competit
3558 1242 3729 1309 actio,

2082 1340 2210 1395 quae
2241 1325 2292 1380 si
2348 1326 2571 1397 privato
2601 1332 2973 1400 competeret,
3007 1329 3075 1384 10
3102 1328 3190 1385 vel
3218 1331 3309 1399 20,
3339 1328 3430 1384 vel
3458 1330 3528 1385 30
3556 1345 3734 1385 anno-

2080 1429 2211 1468 rum
2243 1413 2677 1486 praascriptione
2701 1414 3031 1487 tolleretur,
3064 1417 3165 1473 sed
3189 1417 3289 1473 ubi
3330 1416 3528 1488 aliqua
3583 1434 3731 1489 pra-

2078 1500 2317 1573 scriptio
2325 1502 2536 1573 judicii
2552 1503 2991 1561 continuatione
3009 1509 3100 1562 est
3119 1505 3447 1578 interrupta
3466 1522 3479 1574 ;
3510 1505 3563 1562 ei
3583 1505 3727 1577 hac,

2076 1589 2134 1645 id
2164 1594 2254 1645 est
2277 1592 2346 1645 40
2373 1608 2661 1647 annorum
2705 1592 3060 1665 praescriptio
3108 1592 3303 1650 locum
3333 1593 3531 1659 habet,
3571 1597 3630 1650 et
3660 1611 3728 1651 ex

2074 1694 2140 1734 eo
2168 1682 2431 1751 tempore
2458 1680 2664 1753 incipit
2688 1697 2921 1737 currere
2941 1698 3010 1738 ex
3030 1699 3148 1755 quo
3176 1681 3388 1739 ultima
3406 1684 3729 1755 procedunt

2071 1766 2282 1839 litigia,
2312 1771 2376 1822 ut
2395 1784 2521 1839 cap.
2548 1770 2623 1825 De
2646 1771 2934 1842 praescrip.
2968 1771 3037 1826 30
3065 1787 3258 1838 annm,
3287 1771 3579 1839 I.0mnes.,
3609 1775 3668 1827 et
3680 1772 3723 1843 Ι,

309 1854 544 1956 pignori
576 1855 872 1921 inhaereat,
904 1854 1294 1956 licetquidam
1310 1855 1818 1956 contradicent,
1833 1871 1961 1926 cap.
1996 1892 2045 1956 B
2076 1855 2216 1956 gum
2266 1856 2594 1956 notissimi,“
2614 1856 2657 1912 Ι.
2690 1858 2865 1956 Saepe,
2907 1862 2965 1956 et
3010 1859 3248 1956 φερῖρε
3271 1875 3453 1956 anna,
3494 1863 3722 1956 except?

308 1944 789 2016 com.Deusucap.
825 1948 936 2000 1.et
964 1960 1092 2016 cap.
1130 1945 1207 2000 De
1236 1960 1475 2016 proescr.
1509 1944 1579 1999 30
1605 1942 1696 1999 vel
1753 1944 1821 1998 40
1869 1960 1963 1998 an.

306 2030 350 2087 Ι.
385 2031 540 2089 male
566 2034 831 2105 igitur.et
854 2049 983 2105 cap.
1034 2033 1138 2088 eod
1165 2037 1210 2087 Ι.
1274 2033 1409 2089 Cum
1464 2032 1817 2106 notissimi,§
1864 2031 1966 2088 Sed

302 2137 451 2178 cum.

374 2211 430 2266 7.
458 2211 526 2266 Et
554 2210 691 2268 licet
720 2211 899 2284 hujus
930 2211 1385 2284 praescriptionis
1416 2210 1602 2267 facilis
1632 2210 1709 2266 sit
1737 2210 1961 2283 ingres-

301 2316 431 2367 sus,
464 2304 602 2356 sunt
629 2305 828 2363 tamen
859 2305 1136 2373 presteres
1168 2316 1298 2372 qum
1325 2317 1507 2372 supra
1532 2299 1809 2370 diximus,
1833 2316 1959 2371 quae

302 2404 435 2444 eam
465 2388 797 2461 impediunt
829 2390 901 2445 ab
931 2389 1120 2460 initio,
1153 2393 1255 2445 aut
1284 2393 1436 2460 post.
1458 2388 1543 2444 Ab
1574 2387 1740 2444 initio
1780 2388 1961 2460 impe-

302 2477 470 2533 ditur
497 2479 641 2545 hsec,
696 2479 753 2534 id
804 2483 894 2535 est
942 2480 1012 2534 30
1041 2496 1136 2535 an.
1188 2478 1546 2551 praescriptio
1578 2495 1691 2534 nuc
1723 2482 1961 2551 propter

304 2582 453 2637 rem,
482 2584 639 2623 nunc
669 2572 908 2639 propter
936 2567 1149 2624 actoris
1180 2584 1511 2639 personam,
1536 2583 1692 2622 nunc
1723 2571 1959 2639 propter

302 2655 387 2710 rei
419 2672 755 2727 personam,
787 2660 844 2712 et
881 2656 1126 2712 actionis
1182 2672 1387 2728 genus.
1447 2656 1548 2711 Rei
1606 2655 1750 2712 ratio
1809 2656 1958 2711 hanc

302 2744 802 2817 praescriptionem
859 2744 1125 2816 impedit,
1176 2749 1241 2800 ut
1269 2745 1319 2800 si
1350 2744 1427 2800 sit
1453 2744 1602 2800 liber
1628 2744 1824 2813 homo,
1858 2748 1960 2800 aut

304 2849 539 2890 sacrum
573 2834 729 2904 quod
762 2833 1223 2905 possidetur,aut
1241 2832 1357 2890 tale
1381 2835 1551 2905 cujus
1582 2850 1697 2889 non
1730 2834 1807 2889 sit
1826 2850 1956 2906 pro-

308 2922 439 2994 pria
491 2925 547 2977 et
597 2922 879 2979 continua
908 2922 1224 2994 possessio,
1260 2938 1512 2995 quorum
1543 2939 1788 2979 numero
1821 2926 1961 2978 sunt

305 3027 513 3067 omnes
568 3011 877 3068 servitutes
916 3010 1148 3065 rusticae
1178 3014 1385 3082 praeter
1410 3011 1840 3081 aquaeductum,
1864 3011 1960 3066 hic

306 3098 468 3156 enim
498 3116 625 3171 qua;
654 3100 784 3171 ejus
814 3098 1110 3171 possessio
1133 3098 1213 3154 sit
1233 3098 1403 3170 quasi
1431 3099 1730 3165 continua,
1762 3115 1958 3154 rerum

304 3187 703 3244 immobilium
734 3187 996 3261 exemplo
1024 3187 1440 3260 praescribitur.
1475 3188 1631 3243 Idem
1653 3192 1743 3244 est
1773 3188 1832 3242 in
1864 3205 1961 3242 ur-

2079 1944 2122 1998 I.
2156 1960 2195 2011 1,
2253 1952 2308 2000 et
2361 1944 2419 2000 in
2477 1943 2698 2000 authen.
2730 1945 2795 2002 de
2823 1947 3055 2003 ecclesia
3102 1946 3191 2002 tit.
3212 1949 3240 2016 §
3263 1947 3375 2003 Pro
3406 1949 3727 2020 temporali-

2075 2032 2191 2088 bus.

2146 2122 2231 2175 10.
2257 2124 2475 2177 Harum
2508 2122 2759 2178 duarum
2790 2123 3318 2196 prmscriptionum,
3351 2141 3484 2181 cum
3506 2126 3722 2183 fuerint

2072 2211 2361 2283 perfectae,
2394 2210 2592 2267 varius
2623 2215 2712 2267 est
2740 2212 3015 2281 effectus;
3050 2230 3186 2269 nam
3220 2214 3540 2271 debitorem
3581 2232 3719 2273 con-

2070 2304 2161 2355 tra
2184 2299 2550 2371 personalem
2582 2300 2871 2358 actionem
2902 2305 3183 2374 perpetua
3238 2304 3515 2359 muniunt
3559 2320 3721 2361 exce-

2067 2388 2286 2460 ptione.
2321 2389 2444 2460 Cui,
2469 2389 2521 2444 si
2542 2388 2798 2457 solverit,
2820 2407 2935 2447 non
2957 2390 3099 2446 dant
3119 2390 3714 2466 condictionem,quo-

2065 2475 2223 2532 niam
2256 2482 2395 2533 sunt
2422 2482 2766 2551 comparatae
2789 2479 3091 2536 creditoris
3110 2480 3241 2536 odio
3265 2498 3278 2549 ;
3313 2497 3711 2553 possessorem

2063 2580 2218 2632 vero,
2252 2565 2354 2637 qui
2408 2567 2768 2623 venditorem
2799 2570 3026 2640 poterat
3054 2568 3379 2637 convenire,
3410 2573 3713 2642 perpetua,

2067 2654 2208 2709 dum
2231 2653 2548 2726 possideat,
2571 2659 2815 2711 tuentur
2842 2656 3261 2728 exceptione,et
3290 2656 3339 2712 si
3360 2658 3557 2714 bouem
3578 2658 3717 2716 fidei

2066 2758 2392 2814 possessor,
2453 2744 2888 2817 praescriptione
2942 2744 3129 2811 ﬁnita,
3181 2745 3351 2801 cadat
3396 2746 3716 2819 deposses-

2067 2831 2400 2903 sione,dant
2426 2832 2479 2888 ei
2498 2832 2777 2890 utilemin
2808 2849 2932 2889 rem
2963 2833 3272 2903 actionem,
3301 2850 3428 2906 quis
3467 2835 3632 2893 malis
3654 2836 3722 2892 ﬂ-

2070 2921 2161 2977 dei
2193 2921 2519 2993 possessori
2550 2923 2955 2995 denegaretur,
2984 2922 3033 2978 si
3096 2924 3167 2979 de
3196 2924 3569 2996 possessione
3598 2924 3727 2981 sine

2070 3010 2314 3066 alterius
2342 3010 2620 3068 violentia
2640 3027 2980 3083 quanquam
3002 3026 3063 3067 re
3084 3012 3211 3083 jam
3261 3011 3603 3085 praescripta
3631 3028 3727 3069 ca-

2072 3098 2252 3153 deret.
2285 3099 2396 3153 Sed
2428 3115 2563 3154 cum
2594 3115 2765 3155 verus
2796 3115 3103 3171 possessor
3133 3115 3257 3155 rem
3296 3099 3592 3156 vindicare
3612 3116 3730 3157 non

2071 3185 2283 3251 valeat,
2317 3202 2496 3257 quam
2530 3187 2689 3241 mala
2716 3187 2832 3242 fide
2861 3186 3318 3259 praescripserat,
3348 3187 3437 3243 vel
3493 3187 3732 3245 domino

305 3275 479 3332 benis
500 3258 921 3345 servitutibus;
952 3277 1010 3331 in
1030 3258 1341 3348 superﬁcie
1392 3277 1870 3343 consistentibus,
1903 3280 1969 3331 ut
1997 3258 2039 3324 C
2077 3273 2164 3329 vel
2196 3274 2489 3339 creditori,
2512 3273 2605 3330 cui
2636 3290 2704 3331 ea
2724 3291 2816 3330 res
2844 3258 3034 3330 fuerat
3062 3274 3337 3347 obligata,
3371 3276 3547 3331 datur
3601 3276 3731 3346 ejus

304 3363 457 3436 tigni
488 3364 839 3436 immitendi,
862 3370 919 3421 et
946 3364 1556 3437 stillicidii,iiscalidus
1576 3382 1808 3437 quoque
1830 3367 1962 3421 fun-

304 3452 601 3510 ctionibus
627 3471 641 3522 ;
665 3452 943 3525 quoniam
976 3454 1060 3510 eis
1081 3470 1282 3525 parere
1305 3454 1571 3510 convenit
1589 3470 1793 3510 omnes
1824 3472 1965 3526 prae-

305 3540 540 3598 diorum
572 3558 961 3615 possessores,
994 3542 1167 3599 sicuti
1198 3542 1424 3611 curiali,
1456 3543 1963 3615 colonariaeve,seu

308 3630 648 3703 ascriptitia
706 3631 1027 3689 conditioni
1083 3631 1328 3688 minime
1389 3632 1733 3705 prsajudicat
1782 3632 1964 3704 hujus

305 3719 764 3792 praascriptionis
821 3720 1272 3789 adminiculum,
1333 3725 1399 3776 ut
1428 3737 1554 3793 cap.
1587 3722 1664 3777 De
1691 3724 1880 3777 servit.
1914 3730 1966 3777 et

306 3825 498 3880 aqua.,
526 3808 566 3865 l.
599 3809 661 3865 Si
687 3826 909 3880 aquam.
941 3817 1000 3865 et
1028 3811 1089 3865 if.
1121 3810 1187 3866 de
1213 3818 1379 3867 mort.
1419 3810 1523 3871 inf.
1559 3827 1687 3883 cap.
1714 3812 1785 3866 De
1814 3812 1964 3881 agri-

303 3906 360 3954 et
388 3900 556 3955 censi.
591 3898 608 3953 l
690 3899 826 3954 Cum
880 3901 1024 3954 satis
1067 3899 1107 3955 l.
1143 3900 1215 3969 Il,
1248 3904 1306 3954 et
1334 3914 1466 3971 cap,
1498 3899 1565 3955 de
1586 3900 1873 3971 prwscrip.
1897 3900 1967 3955 36

303 4003 569 4045 amorum
600 3985 639 4053 Ι,
666 3989 1159 4059 prwscriptionem,
1186 3992 1244 4043 et
1273 3986 1314 4042 l.
1346 3990 1631 4060 Competit.
1680 3989 1685 3995 '

379 4077 434 4141 8,
467 4075 707 4148 Propter
735 4075 952 4131 actoris
983 4092 1293 4147 personam
1327 4077 1645 4149 impeditur
1667 4076 1800 4133 talis
1823 4095 1965 4150 pree-

304 4163 569 4237 scriptio,
627 4164 678 4220 si
725 4164 804 4220 sit
852 4168 1014 4220 actor
1065 4164 1357 4235 impubes.
1390 4166 1460 4221 Et
1488 4183 1605 4223 non
1625 4171 1790 4223 curet
1820 4184 1965 4239 prae-

306 4253 889 4325 scriptio,antequam
912 4252 1237 4325 pubertatis
1258 4269 1444 4308 annos
1463 4254 1965 4326 ingrediatur,sic-

306 4341 397 4396 uti
426 4358 532 4398 nec
581 4346 783 4399 contra
812 4340 1007 4398 locum
1032 4340 1422 4397 venerabilem
1482 4358 1589 4397 nec
1654 4350 1857 4399 contra
1886 4345 1966 4399 ci-

306 4430 642 4503 vitatem,ut
670 4448 796 4504 cap.
826 4432 903 4487 De
930 4431 1241 4503 prcesscrip.
1274 4431 1345 4486 30
1368 4446 1534 4486 anno.
1570 4431 1611 4486 Ι.
1644 4432 1813 4490 Sicut.
1837 4436 1889 4488 et
1919 4435 1963 4489 Ι.

312 4519 450 4575 Cum
478 4521 775 4586 notissimi,
797 4524 853 4576 et
878 4521 940 4576 in
966 4522 1118 4576 auth.
1150 4520 1218 4576 de
1246 4520 1448 4576 Eccles.
1478 4520 1739 4592 rit.§Pro
1761 4524 1965 4593 tempo-

308 4610 507 4678 ralib.,
541 4626 668 4683 cap.
700 4611 774 4665 De
798 4625 1076 4666 sacrosan.
1116 4611 1310 4680 Eccei.,
1342 4610 1383 4664 Ι.
1421 4611 1483 4667 Ut
1512 4611 1675 4666 inter.
1710 4609 1811 4665 Rei
1833 4611 1964 4666 Per-
1994 4627 2043 4691 D

309 4715 459 4756 sona
496 4715 563 4754 ac
621 4698 864 4755 actionis
896 4715 1081 4772 genus
1102 4699 1174 4754 ab
1194 4698 1360 4754 initio
1393 4698 1542 4753 hanc
1572 4698 1962 4771 prwscriptio-

308 4803 446 4844 nem
478 4786 746 4858 impedit,
778 4790 845 4841 ut
872 4786 922 4842 si
955 4785 1226 4842 creditori
1247 4801 1352 4857 pro
1381 4783 1622 4858 pignore
1667 4785 1822 4857 quod
1866 4787 1965 4842 de-

308 4876 465 4932 bitor
477 4874 567 4932 vel
588 4876 846 4932 debitore
865 4874 994 4932 vivo
1017 4875 1309 4931 secundus
1321 4874 1575 4930 creditor
1604 4874 1962 4946 possidebat.

307 4964 728 5038 hypothscaria
783 4967 1073 5037 competat
1121 4963 1290 5034 actio,
1325 4966 1390 5019 ut
1418 4979 1544 5035 cap.
1575 4963 1652 5018 De
1675 4965 1969 5035 prsa’cript

307 5056 380 5111 3O
410 5072 503 5109 an.
538 5056 580 5110 Ι.
650 5053 821 5110 Sicut.
881 5056 937 5109 et
966 5058 1010 5121 Ι,
1039 5052 1172 5108 Cum
1200 5051 1498 5119 notissimi,
1530 5055 1557 5120 §
1586 5050 1689 5108 Sed
1708 5067 1852 5107 cum.
1886 5051 1969 5107 Ex

308 5147 445 5217 post
470 5143 624 5200 facto
648 5159 902 5216 quoque,
934 5141 1158 5199 scilicet
1169 5142 1298 5213 jam
1328 5141 1406 5197 sit
1432 5145 1620 5213 coepta
1650 5143 1721 5198 ab
1776 5140 1963 5211 initio,

308 5248 384 5289 ne
417 5231 746 5301 inchoetur,
779 5230 916 5287 huic
947 5230 1367 5303 prmscriptioni
1426 5231 1594 5286 obest
1648 5229 1771 5285 litis
1820 5247 1964 5286 con-

307 5321 564 5390 testatio,
596 5322 684 5378 vel
708 5321 1011 5378 conventio
1027 5320 1479 5392 judicialis,quae
1502 5337 1623 5376 rem
1645 5319 1961 5393 litigiosam

307 5411 467 5480 facit,
501 5416 569 5467 ut
624 5427 751 5483 cap.
780 5411 857 5466 30
885 5426 1049 5466 anno.
1076 5411 1384 5483 praescrip.,
1415 5412 1454 5465 Ι.
1518 5409 1653 5465 Cum
1692 5412 1964 5469 notissimi

308 5506 368 5560 et
395 5519 434 5559 1.
494 5501 633 5574 Scep,
665 5516 792 5574 cap.
827 5504 908 5557 De
952 5515 1129 5556 anna.
1158 5515 1365 5571 θυεμ,
1398 5501 1440 5556 Ι.
1474 5517 1510 5554 ι.
1544 5498 1647 5553 His
1678 5501 1959 5556 cessanti-

309 5590 443 5658 bus,
477 5607 603 5664 qum
631 5588 1055 5663 praescriptioni
1077 5588 1215 5644 huic
1242 5588 1475 5644 obstare
1524 5588 1875 5659 notavimus,
1907 5590 1956 5645 si

2072 3363 2155 3418 rei
2186 3362 2524 3433 vindicatio,
2560 3362 2691 3419 licet
2719 3363 2976 3431 invasor,
3008 3364 3058 3419 si
3089 3379 3246 3419 nunc
3276 3363 3730 3435 possideret.eos

2073 3450 2296 3507 scilicet
2352 3451 2660 3507 dominum
2718 3449 2806 3507 vel
2855 3451 3222 3521 creditorem,
3260 3452 3332 3509 ab
3362 3451 3588 3524 agendo
3618 3451 3728 3509 hac

2072 3539 2509 3612 praescriptione
2538 3539 2861 3612 repelleret,
2896 3545 2961 3596 ut
2987 3544 3198 3613 cap.De
3217 3558 3378 3613 pres.
3399 3542 3471 3597 30
3499 3556 3655 3608 ann.,
3677 3542 3722 3597 Ι.

2076 3628 2246 3695 Sicut,
2305 3632 2364 3684 et
2392 3628 2432 3684 l.
2492 3629 2557 3686 Si
2610 3631 2754 3703 quis.
2786 3630 2848 3685 ﬂ‘.
2878 3629 2946 3685 de
2972 3630 3150 3687 condi.
3184 3629 3329 3698 ind.,
3362 3629 3401 3685 l.
3444 3630 3728 3702 Exceptio-

2070 3732 2221 3775 nem.

2715 3805 3184 3864 SUMMARIUM.

2149 3895 2198 3950 1.
2225 3894 2585 3967 Praescriptio
2615 3894 2947 3968 longissimi
2994 3895 3277 3967 temporis
3305 3902 3598 3969 quomodo
3621 3918 3731 3959 na-

2074 3981 2273 4040 tuliter
2297 3983 2764 4056 interrumpitur.

2143 4076 2200 4128 2.
2233 4071 2598 4145 Prsescriptio
2629 4071 2959 4145 longissimi
2990 4074 3274 4145 temporis
3287 4072 3410 4131 litis
3441 4079 3734 4135 contesta-

2074 4160 2233 4218 tione
2263 4160 2508 4218 civiliter
2535 4161 3008 4233 interrumpitur.

2143 4252 2198 4307 3.
2218 4254 2394 4307 Actor
2414 4252 2649 4324 quando
2675 4251 2861 4324 possit
2876 4250 3184 4324 prassidem
3204 4251 3365 4310 adire
3386 4256 3446 4311 et
3464 4254 3732 4328 praescri-

2076 4339 2337 4410 ptionem
2369 4341 2816 4414 interrumpere.

2146 4429 2199 4482 4.
2232 4428 2705 4501 Prsescriptiones
2737 4445 2864 4500 quae
2895 4446 3101 4485 omnes
3130 4428 3337 4487 tollant
3374 4431 3651 4489 actiones.

2144 4516 2199 4571 5.
2260 4514 2733 4586 Prascriptiones
2791 4514 3047 4571 minores
3095 4533 3211 4573 non
3241 4520 3486 4575 currunt
3522 4522 3727 4578 contra

2077 4603 2335 4659 minores
2361 4603 2567 4675 viginti
2600 4602 2856 4675 quinque
2886 4620 3195 4660 annorum.

2142 4694 2195 4747 6.
2248 4691 2613 4763 Praescriptio
2662 4693 2933 4765 opposita
2958 4709 3075 4749 non
3107 4698 3422 4751 numeratis
3462 4699 3725 4768 pecunia

2075 4781 2291 4854 quibus
2313 4780 2669 4853 infringatur
2697 4780 2908 4836 modis.

2729 4870 2967 4927 CAPUT
2995 4869 3087 4927 1V.

2358 4960 2434 5031 De
2462 4959 2954 5031 interruptionibus
2980 4962 3483 5033 praescriptionum.

2147 5048 2259 5104 Sed
2292 5048 2572 5120 quoniam
2592 5047 2717 5104 istas
2746 5052 2803 5104 et
2831 5047 2956 5105 aliaa
2988 5048 3476 5122 praescriptiones,
3506 5066 3580 5107 ne
3598 5066 3729 5109 con-

2076 5136 2487 5193 sommationis
2543 5136 2720 5191 ﬁnem
2773 5136 3025 5207 capiant.
3088 5137 3727 5210 interrumpunturt‘re-

2074 5225 2615 5299 quentissime,ideo
2640 5225 3133 5297 interruptionum
3154 5227 3360 5283 modos
3381 5227 3491 5285 hoc
3520 5228 3582 5285 in
3596 5228 3724 5288 loco

2075 5314 2469 5373 numerandos
2500 5314 2778 5385 diximus,
2812 5332 2878 5371 ac
2910 5317 2980 5371 de
3002 5316 3192 5373 modis
3211 5316 3351 5373 30et
3378 5318 3447 5373 40
3474 5335 3721 5392 an.pres-

2071 5405 2418 5479 scriptiones
2462 5403 2926 5476 interrumpendi
2974 5405 3236 5478 primum
3266 5406 3583 5465 videndum
3608 5412 3722 5465 est-

2144 5498 2191 5551 1.
2228 5493 2679 5566 Interrumpitur
2709 5496 2903 5550 autem
2936 5494 3057 5551 haec
3088 5495 3448 5570 praescriptio
3478 5500 3710 5553 natura.

2066 5586 2196 5642 liter
2224 5584 2399 5641 veluti
2425 5583 2474 5640 si
2504 5598 2827 5655 possessor,
2861 5588 3048 5656 ccepta
3067 5586 3195 5657 jam
3252 5583 3708 5660 praescriptione,

309 5683 497 5752 coepta
566 5679 758 5751 fuerit,
814 5677 1076 5737 ell‘ettum
1122 5677 1431 5736 sortiretur
1472 5677 1852 5749 praescriptio,
1904 5679 1953 5735 si
2064 5677 2259 5748 aliquo
2290 5683 2427 5729 casu
2458 5671 2888 5745 possessionem
2919 5674 3169 5746 amittat,
3189 5676 3239 5732 si
3259 5676 3427 5747 vi,vel
3449 5674 3712 5733 ﬂuminis
