4036 6184
278 387 432 451 nos
1419 367 1422 371 ’
1605 382 1923 446 nosam:
1967 382 2075 444 ιο.
2123 382 2360 443 ITALI.
3532 382 3691 443 use

275 519 526 592 impetu,
555 516 644 577 vel
682 521 891 589 sponte
952 515 1206 589 propria,
1266 516 1398 573 aliis
1454 516 1658 573 multis
1716 516 1936 583 modis,
1967 517 2023 583 Α
2051 515 2288 571 Hisdem
2320 514 2510 572 modis
2538 516 2608 571 20
2637 519 2693 571 et
2722 516 2791 572 30
2820 530 3107 572 annorum
3143 512 3501 588 praeor-iptio
3563 530 3689 586 qum

279 613 345 664 ut
368 610 426 664 ff.
474 610 548 665 De
600 622 810 672 amem,
867 607 905 661 l.
948 608 1311 664 Naturaliter.
1346 612 1403 663 et
1433 607 1450 663 l
1483 609 1549 662 Ei
1579 624 1612 662 α
1642 622 1744 677 quo
1776 607 1832 661 ﬁ‘.
1868 604 1934 660 de
2046 607 2326 677 usucapio
2354 610 2610 675 vocatur,
2644 611 2893 678 quatuor
2913 605 2999 661 vel
3033 606 3205 660 etiam
3226 605 3485 676 quinque
3506 621 3686 659 anno~

278 700 457 771 aequi.
509 712 652 768 pos.,
712 695 730 751 l
785 698 889 764 Qui
934 700 1218 752 universas
1248 715 1260 765 ;
1296 713 1400 769 cap
1427 699 1500 751 De
1529 699 1707 767 aequi.
1738 711 1855 766 pos.
1891 694 1931 749 l-
2044 712 2173 751 rum
2206 696 2656 766 praescriptione,
2690 700 2747 750 et
2767 696 2817 750 si
2849 712 2966 767 qua
2987 695 3178 750 minor
3208 694 3691 766 sit,interrumpi-

281 791 414 843 ante
469 784 666 857 penul.
727 786 831 841 Hic
856 790 1050 842 autem
1078 786 1520 857 interruptionis
1551 786 1757 840 modus
1792 784 1933 838 solis
2040 788 2137 839 tur
2168 784 2383 856 quibus
2412 787 2482 839 30
2513 784 2599 841 vel
2643 802 2931 841 annorum
2985 784 3277 855 praescrip.
3330 784 3684 855 interrumpi

279 874 773 931 vindicationibus
804 879 869 930 ut
893 879 1331 946 perpetuentur,
1366 875 1621 946 prodest.
2043 873 2316 941 diximus,
2376 878 2613 945 excepta
2659 874 2878 928 biennii
2934 872 3197 929 continui
3229 873 3687 944 praescriptione,

349 964 403 1019 2.
456 963 713 1020 Giviliter
761 980 895 1033 vero
943 964 1389 1036 interrumpitur
1428 963 1783 1035 praescriptio
1813 962 1933 1017 litis
2043 963 2198 1033 quod
2230 964 2298 1018 de
2329 963 2460 1018 dolo
2492 963 2701 1017 actioni
2734 963 3027 1033 objicitur,
3061 967 3117 1017 et
3146 962 3518 1034 quadriennii
3555 978 3689 1016 con-

282 1055 721 1120 contestatione,
782 1070 909 1125 quas
966 1054 1031 1108 ﬁt
1088 1070 1221 1108 cum
1269 1053 1711 1124 coeperitjudex
1734 1051 1933 1107 audire
2042 1051 3028 1124 tinuiexceptione,qumpostulanti
3056 1052 3115 1107 in
3145 1052 3436 1124 integrum
3457 1051 3693 1106 restitu-

280 1141 496 1213 negotii
556 1157 853 1197 summam
915 1157 1014 1212 per
1070 1142 1323 1212 partium
1374 1142 1765 1197 narrationem
1797 1141 1934 1195 hinc
2044 1140 2258 1195 tionem
2280 1141 2739 1212 opponitur,hzec
2771 1141 2928 1196 enim
2960 1142 3086 1196 dua:
3117 1140 3570 1212 prescriptiones
3587 1155 3691 1195 nec

282 1230 418 1287 inde
474 1231 727 1297 factam;
780 1231 846 1284 ﬁt
876 1246 1107 1301 quoque
1145 1230 1491 1301 interruptio
1524 1230 1647 1285 sola
1685 1246 1933 1295 conven-
2043 1228 2163 1285 litis
2221 1229 2635 1286 constitutione
2686 1229 3301 1301 interrumpuntur,ut
3330 1230 3691 1302 cap.Dedol.

280 1320 439 1377 tione
470 1334 567 1375 reo
597 1317 907 1389 declarata,
931 1318 1016 1374 vel
1047 1320 1175 1390 ejus
1204 1318 1413 1375 saltem
1442 1319 1643 1374 domui
1672 1318 1937 1391 pcrjudi-
2044 1319 2083 1375 l.
2143 1319 2442 1390 Optimum,
2492 1324 2549 1373 et
2604 1335 2730 1391 cap.
2775 1321 2847 1374 De
2869 1329 3033 1391 temp.
3066 1323 3122 1374 in
3155 1320 3269 1391 ing.
3302 1320 3449 1375 resti.
3479 1336 3502 1381 ;
3538 1320 3557 1374 Ι
3576 1360 3587 1373 .
3618 1324 3695 1375 Ba

284 1408 371 1465 cis
398 1410 816 1464 exsecutorem.
840 1408 895 1462 Si
928 1407 1225 1463 debitorin
1246 1424 1421 1463 suum
1453 1408 1799 1464 creditorem
1830 1423 1932 1462 no-
2045 1426 2179 1480 quae.
2212 1412 2267 1463 et
2298 1411 2337 1463 Ι.
2360 1407 2631 1475 Petendw,
2667 1411 2707 1464 Ι.
2743 1409 3163 1481 Supervacuum.

284 1501 381 1554 vat
409 1496 497 1553 vel
528 1496 756 1552 emittat
776 1497 1127 1560 cautionem,
1151 1502 1253 1553 aut
1283 1497 1457 1553 etiam
1510 1514 1825 1552 usurarum
1858 1497 1937 1552 fa-
2114 1502 2233 1553 Hoc
2263 1497 2520 1569 amplius
2550 1502 2752 1553 contra
2783 1498 3039 1554 minores
3094 1499 3167 1553 25
3214 1514 3526 1564 annorum,
3570 1498 3695 1569 ipso

287 1586 400 1643 ciat
428 1585 802 1653 solutionem,
836 1586 954 1641 sive
984 1587 1254 1655 creditor,
1288 1585 1407 1642 sive
1438 1586 1485 1642 si
1519 1586 1934 1658 pignorisnan-
2041 1588 2173 1658 jnre
2229 1604 2343 1641 non
2398 1590 2641 1641 currunt
2679 1586 2803 1641 istae
2834 1587 3109 1665 minores,
3139 1586 3380 1651 scilicet,
3414 1587 3483 1640 10
3511 1585 3601 1640 vel
3628 1588 3698 1640 20

290 1674 548 1732 ciscatur
577 1676 1004 1747 possessionem
1034 1694 1046 1731 :
1079 1676 1181 1731 tali
1212 1676 1365 1731 enim
1399 1676 1644 1741 facto,40
1679 1692 1931 1746 an,prae-
2047 1692 2333 1731 annorum
2381 1679 2483 1731 aut
2538 1675 2870 1731 rescissoris
2899 1674 3180 1747 temporis
3206 1675 3696 1747 praescriptiones,

288 1763 545 1836 scriptio,
579 1781 707 1835 quae
736 1768 939 1820 contra
967 1764 1463 1836 hypothecariam,
1495 1768 1551 1818 et
1578 1762 1934 1819 tricennalis.
2047 1768 2251 1834 exepta
2293 1764 2676 1834 quinquennii
2739 1762 3173 1834 praescriptione
3215 1762 3474 1818 defuncti
3519 1766 3699 1817 statu-

290 1870 418 1925 quaa
449 1856 651 1909 contra
682 1854 969 1909 actionem
1005 1854 1369 1925 personalem
1404 1868 1635 1907 currere
1665 1855 1934 1922 cmperat,
1970 1896 2017 1959 B
2047 1857 2174 1908 tum
2207 1852 2569 1908 defendente.
2589 1852 2801 1907 Contra
2815 1854 3066 1923 majores
3089 1868 3321 1923 quoque
3345 1851 3699 1922 quandoque

290 1942 769 2012 interrumpetur.
1970 1939 2017 1959 ”
2052 1946 2151 1997 aut
2180 1943 2306 2013 ipso
2329 1942 2463 2012 jure
2493 1942 2904 2007 defenduntur,
2939 1939 3118 1995 autin
3152 1941 3445 2011 integrum
3472 1940 3701 1995 restitu-

361 2032 414 2086 3.
447 2030 559 2086 Sed
591 2033 646 2085 et
674 2045 808 2084 cum
841 2045 972 2085 eum
1005 2030 1309 2085 convenire
1339 2029 1680 2093 difficilesit,
1701 2044 1766 2084 eo
1786 2030 1940 2100 quod
2050 2031 2207 2086 tione
2238 2030 2554 2095 eliduntur,
2587 2035 2727 2100 puta
2757 2045 2888 2084 cum
2922 2033 3125 2084 auctor
3148 2030 3271 2099 jam
3304 2029 3456 2083 intra
3482 2033 3702 2083 statuta

291 2120 466 2185 absit,
514 2120 602 2173 vel
661 2117 738 2173 sit
776 2123 999 2190 potens,
1035 2118 1121 2173 vel
1153 2119 1346 2174 infans
1375 2123 1565 2173 tutore
1584 2134 1808 2188 carens,
1855 2116 1942 2171 vel
2052 2118 2939 2191 prmscriptionumtemporajus
2970 2134 3143 2173 suum
3165 2117 3705 2188 exsequiexproba-

291 2207 549 2263 furiosus
581 2210 908 2262 curatorem
942 2223 1054 2262 non
1086 2207 1331 2273 habens,
1356 2211 1546 2279 potest
1595 2212 1754 2263 actor
1783 2206 1943 2261 adire
2052 2207 2151 2262 bili
2175 2224 2353 2262 causa
2375 2206 2549 2262 fuerit
2584 2207 2924 2278 impeditus.
2948 2207 3206 2270 Quorum
3226 2223 3468 2261 numero
3488 2211 3633 2261 sunt
3649 2222 3704 2259 re

292 2296 601 2370 provinciae
662 2296 989 2367 praesidem,
1049 2296 1136 2352 vel
1196 2301 1632 2367 procuratorem
1692 2297 1941 2364 mittere,
2054 2294 3187 2366 publicabonaﬁdeabsentcs,veletiam
3213 2295 3349 2349 alibi
3372 2295 3702 2350 studiorum

293 2385 516 2457 absque
538 2383 658 2440 litis
688 2386 1112 2441 contestatione
1132 2384 1550 2456 veljudiciaria
1569 2385 1945 2441 conventione
2053 2400 2232 2440 causa
2288 2389 2526 2455 agentes
2569 2388 2625 2439 et
2654 2384 2898 2450 similes,
2932 2388 2998 2438 ut
3031 2400 3156 2455 cap.
3188 2390 3266 2439 De
3293 2386 3409 2455 qui.
3443 2390 3505 2438 in
3535 2386 3703 2451 integ.

295 2473 794 2546 praescriptionem
827 2473 1268 2546 interrumpere,
1303 2476 1353 2530 si
1384 2475 1589 2530 saltem
1622 2476 1678 2529 in
1713 2473 1945 2545 scriptis
2054 2476 2206 2528 resti.
2238 2489 2347 2528 non
2376 2482 2452 2528 est
2482 2489 2625 2541 nec,
2662 2473 2700 2527 1.
2738 2473 2825 2527 ult
2854 2478 2912 2528 et
2943 2474 3001 2528 ﬂ‘.
3028 2474 3104 2529 Ne
3123 2474 3188 2529 de
3218 2478 3322 2528 sta.
3354 2473 3421 2528 de
3476 2490 3536 2542 p.
3575 2489 3634 2543 q.
3667 2472 3702 2527 l.

296 2562 453 2634 apud
500 2579 633 2618 eum
692 2580 725 2618 a
780 2580 843 2619 se
875 2563 1086 2619 factam
1126 2565 1377 2634 deponat
1401 2563 1730 2635 querelam;
1765 2563 1865 2618 sed
1898 2562 1945 2617 si
2056 2564 2175 2618 Non
2205 2579 2340 2629 esse,
2398 2579 2524 2633 cap.
2559 2579 2617 2633 q.
2654 2579 2710 2617 n.
2745 2563 2862 2630 0b.,
2896 2561 2934 2617 Ι.
2963 2562 3002 2632 l,
3028 2579 3108 2634 p.,
3144 2564 3185 2617 Ι.
3220 2580 3260 2628 1,
3294 2580 3333 2617 11
3365 2565 3424 2617 et
3446 2579 3535 2626 III,
3560 2566 3618 2616 et
3646 2561 3700 2615 in

299 2650 608 2723 prasidem
641 2651 801 2706 adire
816 2653 1247 2723 nequeat,apud
1270 2650 1725 2723 episcopum,vel
1756 2650 1949 2706 defen-
2057 2652 2208 2707 auth.
2233 2654 2293 2705 ut
2346 2668 2541 2721 sponsa
2590 2652 2694 2705 lar.
2726 2668 2835 2722 spe.
2870 2668 2918 2706 s.
2952 2668 3101 2706 com.
3136 2652 3164 2724 ἓ
3192 2653 3264 2707 De
3293 2652 3710 2723 prseeriptione

303 2756 496 2795 sorem
542 2739 813 2807 civitatis,
854 2739 913 2795 in
945 2740 1178 2811 scriptis
1202 2740 1501 2810 querelam
1532 2740 1873 2811 deponendo
1889 2737 1947 2791 id
2056 2756 2203 2795 vero.
2238 2740 2296 2793 if.
2328 2756 2395 2795 ea:
2424 2742 2538 2811 qui.
2572 2756 2694 2795 eau.
2726 2742 2860 2811 maj.
2893 2742 2982 2794 25.
3018 2743 3057 2795 Ι.
3090 2758 3128 2795 1.

306 2832 714 2899 consequetur.
749 2828 810 2885 Si
840 2846 971 2885 vero
1002 2846 1216 2901 praeses
1247 2834 1303 2883 ot
1323 2830 1653 2900 episcopus,
1685 2832 1742 2883 et
1762 2828 1951 2882 defen.
2128 2830 2181 2884 6.
2208 2828 2567 2899 Praescriptio
2599 2845 2851 2900 quoque,
2887 2846 3013 2900 quae
3046 2845 3160 2884 non
3192 2834 3498 2885 numerate
3533 2845 3706 2901 pecu-

307 2933 404 2973 sor
435 2917 628 2986 fuerit,
651 2917 787 2974 licet
815 2919 994 2973 actori
1017 2918 1266 2989 publice,
1300 2925 1357 2972 et
1385 2934 1517 2972 cum
1548 2916 1949 2982 tabellionum,
2061 2917 2169 2973 nise
2200 2916 2520 2988 exceptioni
2552 2918 3086 2989 opponitur,modis
3115 2935 3293 2990 supra
3314 2919 3486 2973 dictis
3510 2918 3713 2972 infrin-

303 3005 393 3061 vel
440 3004 648 3061 saltem
696 3006 878 3059 trium
920 3005 1155 3060 testium
1188 3005 1642 3076 subscriptione,
1670 3004 1719 3059 si
1751 3004 1952 3059 civitas
2062 3006 2241 3080 gitur,
2302 3010 2577 3078 praeterea
2632 3007 2693 3060 in
2750 3006 2985 3079 scriptis
3036 3007 3189 3062 facta
3234 3012 3394 3062 extra
3416 3008 3708 3077 judicium

301 3092 407 3149 illa
464 3096 657 3148 careat
685 3092 1121 3156 tabellionibus,
1163 3093 1588 3165 querimoniam
1612 3108 1953 3166 proponere,
2066 3095 2500 3151 denuntiatione
2531 3095 2999 3166 interrumpitur.
3033 3096 3507 3166 Praescriptiones
3567 3111 3713 3167 quo-

306 3182 407 3238 ubi
436 3197 592 3247 reus,
619 3182 796 3237 habet
825 3181 1281 3247 domicilium,ut
1301 3183 1382 3238 sic
1405 3183 1958 3254 praescriptionisin-
2066 3201 2179 3256 que
2232 3201 2459 3251 annuae,
2511 3199 2613 3239 seu
2640 3183 2885 3238 minoris
2906 3184 3204 3255 temporis,
3236 3184 3723 3256 interumpuntur

307 3274 708 3342 terrumpatur
738 3287 967 3339 cursus,
998 3275 1063 3326 ut
1092 3275 1148 3325 et
1176 3276 1317 3326 tunc
1348 3272 1953 3343 dilfertcumpupilla-
1987 3260 2030 3329 C
2067 3273 2243 3329 etiam
2275 3290 2376 3344 per
2394 3272 2578 3328 solam
2600 3289 2836 3343 precum
2853 3273 3487 3345 oblationem,principi
3512 3275 3719 3328 factam

307 3361 389 3416 ris
445 3362 585 3415 satas
632 3358 962 3425 intervenit,
989 3364 1130 3430 puta
1160 3376 1293 3415 cum
1326 3362 1606 3429 majorem
1639 3360 1741 3415 tali
1773 3364 1959 3432 coepta
2069 3364 2117 3419 si
2151 3364 2223 3417 ad
2254 3379 2350 3417 eas
2375 3361 2663 3432 principes
2698 3361 3039 3432 rescribant,
3074 3367 3139 3417 ut
3167 3379 3293 3433 cap.
3331 3364 3405 3417 De
3454 3378 3567 3416 non
3619 3380 3725 3416 me.

309 3447 741 3521 praescriptione
771 3452 828 3503 et
860 3450 1120 3503 nondum
1143 3448 1432 3520 completa
1462 3466 1597 3504 cum
1617 3450 1957 3516 decessisse,
2064 3469 2180 3525 pec.
2240 3451 2278 3505 l.
2336 3451 2466 3517 ult.,
2500 3468 2626 3523 cap.
2675 3453 2851 3519 Quan.
2887 3452 3039 3505 libet.
3071 3454 3219 3521 prin.
3250 3454 3337 3505 da.
3373 3454 3459 3507 lit.
3482 3468 3606 3507 con.
3633 3456 3677 3504 Ι.
3708 3469 3722 3505 ι

310 3537 478 3608 eique
510 3537 797 3609 pupillum
833 3537 1209 3593 successisse.
1245 3539 1307 3593 In
1339 3538 1445 3594 hoc
1470 3539 1624 3593 enim
1645 3540 1963 3610 casujuxta
2072 3546 2129 3597 et
2160 3559 2220 3595 ιι.
2252 3541 2359 3594 Sed
2396 3540 2672 3611 quoniam
2704 3545 2843 3595 sunt
2872 3541 3136 3610 quaedam
3168 3540 3395 3611 species
3419 3540 3482 3595 in
3510 3541 3721 3613 quibus

311 3626 634 3699 pubertatis
662 3630 896 3694 tempus
928 3626 1195 3681 differtur
1223 3626 1678 3698 praescriptionis
1731 3645 1959 3684 cursus.
2074 3629 2247 3703 paulo
2276 3633 2409 3685 ante
2439 3629 2933 3701 praescriptionem
2957 3645 3187 3685 currere
3207 3630 3725 3702 negavimas,quod

382 3718 435 3770 4.
468 3716 564 3771 Hae
618 3715 1072 3787 praescriptionis
1138 3732 1340 3770 omnes
1418 3717 1675 3772 actiones
1733 3720 1853 3772 tam
1903 3718 1963 3772 in
2076 3721 2147 3774 ab
2178 3718 2309 3774 aliis
2341 3718 2834 3787 alﬁrmatur,ideo
2856 3719 3352 3789 quemadmodum
3373 3718 3721 3774 contrariam

314 3820 437 3860 rem
494 3802 553 3857 in
606 3820 915 3876 personam
953 3802 1261 3873 tolluntur,
1323 3808 1379 3859 et
1438 3809 1753 3877 postquam
1828 3810 1967 3861 sunt
2077 3807 3269 3878 sententiaminfirmetjurisprudentiaab
3290 3807 3420 3878 ipsa
3442 3812 3727 3879 exspecte-

315 3892 726 3964 perfectaaoum
759 3892 819 3947 in
834 3892 1043 3964 sequit.
1077 3894 1709 3965 (t),dencgaturomnis
1734 3895 1966 3949 restitu-
2079 3913 2232 3967 mus,
2294 3896 2447 3967 quod
2494 3895 2728 3966 quidem
2768 3896 2853 3950 ita
2878 3895 3143 3966 liquebit,
3178 3897 3225 3951 si
3257 3897 3315 3950 in
3348 3898 3719 3967 questionum

316 3982 419 4048 tio,
452 3986 519 4037 ut
547 3998 673 4053 cap.
706 3983 781 4036 De
807 3983 1064 4053 praeripi.
1098 3984 1169 4036 5O
1198 3998 1314 4052 an.,
1349 3982 1389 4037 l.
1427 3983 1561 4039 Cum
1597 3985 1878 4039 notissimi
1915 3989 1972 4040 et
2082 3985 2284 4040 modos
2315 3985 2778 4039 adversariorum
2794 3984 3176 4057 allegationes
3192 3983 3731 4057 etjurisprudentiaa

319 4070 360 4125 l.
388 4071 564 4141 Saepe.
598 4086 723 4141 cap.
749 4071 832 4125 Ea:
859 4071 1073 4142 quibus.
1113 4070 1246 4124 Cum
1276 4072 1337 4125 in
1378 4073 1545 4141 integ.
1578 4074 1726 4128 recti.
1758 4090 1869 4128 non
1897 4082 1974 4129 est
2081 4089 2384 4144 responsa,
2420 4089 2545 4143 quas
2580 4073 2652 4128 ab
2678 4074 2808 4144 ipsa
2843 4074 3231 4145 percepimus,
3276 4074 3631 4129 inseramus.

318 4173 517 4228 mea,
579 4159 622 4212 Ι.
686 4158 815 4222 ulti,
880 4175 1005 4229 cap.
1062 4163 1146 4213 De
1193 4176 1361 4215 anna.
1410 4164 1644 4230 except,
1696 4162 1737 4213 Ι.
1775 4166 1970 4231 Ictu,

391 4278 471 4350 (1)
503 4279 690 4334 Locus
714 4279 985 4335 mutilus.

633 4467 1157 4563 ROGERII
1229 4471 1393 4563 DE
1465 4472 2710 4567 PRZESCRIPTIONIBUS
2779 4475 3441 4569 DIALOGUS.

1015 4702 1463 4759 SUMMARIUM.
2005 4711 2053 4772 D
2153 4706 2207 4760 7.
2243 4704 2715 4776 Praescriptiones
2748 4705 3003 4776 poenales
3054 4704 3376 4761 mollienda:
3428 4710 3569 4761 sunt
3624 4722 3726 4759 non

395 4788 444 4843 1.
479 4788 643 4844 Actio
665 4789 1040 4862 pignoratitia
1072 4808 1252 4862 quare
1265 4797 1396 4863 post
1413 4810 1597 4849 annos
1614 4794 1976 4866 quadragina
2083 4796 2479 4866 exagorandaz.

321 4877 675 4931 concedatur
694 4877 937 4933 debitori
969 4879 1189 4935 solvere
1221 4886 1444 4951 parato.
2100 4922 2101 4927 η
2152 4886 2205 4937 8.
2240 4884 2415 4939 Deses
2450 4901 2594 4956 puer
2621 4882 2818 4939 omnia
2849 4899 3018 4937 nemo
3040 4883 3294 4953 judicari
3318 4887 3523 4955 potest.

389 4969 445 5019 2.
478 4965 827 5037 Prescriptio
856 4972 1075 5037 quanto
1106 4969 1242 5024 oriri
1275 4969 1522 5026 dicatur.
1690 5023 1700 5033 ,
2153 4972 2206 5026 9.
2250 4973 2512 5027 Creditor
2561 4991 2679 5043 qua
2724 4971 2946 5027 ratione
2976 4972 3192 5043 pignus
3215 4973 3461 5028 debitori
3493 4973 3730 5028 reddere

392 5054 446 5109 3.
475 5053 583 5109 Jus
615 5053 873 5111 solvendi
905 5056 992 5112 vel
1025 5058 1303 5114 offerendi
1334 5076 1436 5130 per
1452 5059 1842 5132 quadraginta
1872 5078 1973 5116 an-
2083 5062 2467 5133 compellatur

325 5158 531 5198 norum
564 5142 796 5215 lapsum
823 5162 940 5200 non
966 5151 1156 5217 potest
1187 5149 1421 5204 auferri.
2156 5152 2240 5219 1ο.
2273 5150 2530 5206 Creditor
2551 5151 2844 5205 secundus
2874 5166 3048 5220 quam
3084 5150 3583 5223 praescriptionem
3618 5151 3732 5224 pri-

395 5232 453 5289 4.
502 5232 613 5289 Jus
643 5234 875 5305 petendi
905 5238 962 5292 et
981 5236 1189 5308 agendi
1219 5237 1358 5308 quid
1390 5239 1649 5310 requirat
1676 5243 1742 5295 ut
1772 5244 1974 5296 contra
2084 5256 2177 5294 mo
2199 5239 2466 5295 creditori
2500 5256 2791 5311 opponere
2821 5239 3026 5310 possit.

322 5318 577 5390 aliquem
608 5338 840 5379 currere
872 5327 1075 5395 possit.
2154 5327 2894 5399 il.Jusquodlibetcuique
2912 5331 3248 5398 competens
3262 5344 3333 5383 an
3358 5330 3545 5401 possit
3564 5332 3729 5387 annis

389 5410 444 5465 5.
480 5408 823 5483 Prescriptio
854 5416 1306 5487 quadragenalis
1366 5417 1505 5489 quid
1567 5419 1846 5491 requirat,
1909 5422 1972 5472 ut
2152 5418 2218 5469 40
2249 5416 2393 5473 tolli.

320 5502 524 5555 contra
553 5498 808 5570 aliquem
840 5520 1071 5559 currere
1102 5507 1303 5576 possit.
2154 5507 2235 5559 12.
2268 5506 2374 5560 Jus
2407 5506 2682 5560 ollerendi
2714 5522 2829 5562 non
2855 5505 3079 5560 tollitur
3107 5505 3563 5578 prisseriptione,
3597 5506 3725 5562 licet

388 5589 441 5642 6.
480 5587 915 5645 Filiusfnmilias
945 5609 1051 5646 suo
1086 5594 1318 5649 nomine
1350 5594 1521 5649 utiles
1556 5600 1745 5667 potest
1790 5596 1968 5649 octio-
2220 5595 2369 5648 actio
2397 5594 2807 5666 hypothecaria
2840 5594 3110 5650 elidatur.

320 5692 423 5732 nes
448 5676 767 5733 intendere.
2153 5685 2237 5737 13.
2266 5683 2535 5739 Actiones
2567 5683 2798 5739 familiae
2829 5683 3201 5739 erciscundae.
3243 5685 3543 5741 communi
3580 5685 3713 5741 divi-
