4036 6184
234 423 389 486 1501

1419 428 1523 489 DE
1566 427 1926 492 DIVERSIS
1966 430 2452 496 PBJESGRIPT.

3484 437 3639 500 1503

232 558 807 621 oommuniterannis
827 559 906 617 sit
924 576 1217 632 possessa,
1245 562 1314 617 40
1339 561 1524 618 fateor
1544 580 1558 630 ;
1577 562 1677 618 sed
1708 561 1880 619 actio-
1906 566 1962 632 Α
2060 568 2273 623 Bonna.
2306 565 2620 639 Nunquam
2652 567 2765 624 fuit
2793 568 2865 625 de
2893 568 3003 626 hac
3035 584 3097 626 re
3126 568 3437 628 haesitatio.

233 667 367 709 nem
386 668 491 724 pro
513 650 798 707 divisione
816 649 944 706 tolli
966 650 1118 721 dico,
1143 655 1207 705 ut
1228 651 1311 707 sic
1333 652 1392 707 in
1416 656 1715 721 posterum
1734 668 1886 708 com-

231 740 500 797 munioni
517 745 672 797 stare
688 756 791 812 per
806 739 958 796 hanc
980 740 1476 813 praescriptionem
1499 744 1765 797 arceatur
1785 758 1884 798 so-

229 830 379 896 cius,
412 830 913 902 quemadmodum
946 828 1253 903 hucusque
1283 834 1543 886 steterat.

300 955 570 1011 JUBISPR.
604 954 821 1010 Eadem
882 953 1107 1010 ratione
1135 954 1294 1010 dices
1352 955 1508 1025 quod
1548 955 1595 1010 si
1651 972 1754 1027 per
1783 972 1878 1009 an.

230 1044 299 1099 40
330 1043 488 1099 solas
518 1058 731 1099 usuras
760 1042 983 1114 accepit
1003 1044 1274 1109 creditor,
1299 1047 1364 1098 ut
1383 1059 1489 1099 nec
1511 1048 1751 1109 sortem,
1776 1059 1881 1099 nec

227 1133 448 1207 pignus
479 1132 667 1205 possit
708 1136 925 1204 petere,
957 1133 1059 1189 sed
1087 1150 1189 1205 pro
1221 1134 1419 1189 usuris
1450 1134 1735 1189 duntaxat
1762 1132 1879 1188 liti-

226 1226 347 1296 get,
381 1226 446 1278 ut
474 1222 522 1278 ei
553 1222 611 1278 in
646 1222 909 1278 futurum
968 1227 1402 1294 praestarentur,
1463 1227 1527 1278 ut
1557 1227 1696 1278 sunt
1727 1226 1879 1279 retro

226 1313 524 1383 praestita,
551 1327 623 1367 ne
642 1312 784 1383 quid
808 1311 967 1367 aliud
986 1311 1140 1367 ultra
1160 1317 1357 1383 petere
1373 1312 1575 1381 valeat,
1594 1314 1749 1384 quod
1774 1329 1878 1370 neo

225 1403 317 1467 tu,
350 1404 416 1455 ut
445 1416 593 1468 reor,
626 1400 916 1457 concedis.
967 1402 1092 1456 Non
1124 1417 1260 1473 ergo
1290 1400 1393 1457 tali
1447 1402 1877 1474 prmscriptione

225 1505 403 1561 quem
433 1489 681 1545 invitum
727 1490 1128 1546 communioni
1186 1495 1344 1547 stare
1390 1490 1558 1560 dici,
1592 1491 1743 1547 sicut
1773 1508 1877 1547 nec

224 1578 477 1634 invitum
496 1578 841 1635 creditorem
860 1596 1176 1635 usurarum
1193 1580 1439 1652 quaestui
1455 1585 1609 1637 stare
1621 1581 1874 1653 compel-

223 1666 396 1736 leres,
431 1671 495 1722 ut
522 1683 649 1737 cap.
710 1669 956 1724 Comma.
1013 1668 1147 1724 divi.
1180 1668 1221 1723 l.
1256 1668 1360 1724 ult.
1420 1673 1477 1724 et
1502 1686 1629 1742 cap.
1686 1671 1759 1725 De
1805 1671 1878 1725 30

224 1773 322 1811 an.
341 1771 507 1829 praes.
540 1756 579 1811 ι.
612 1757 676 1813 Si
704 1758 825 1827 quis
847 1759 1159 1828 emptionis.

297 1863 384 1919 17.
403 1863 515 1919 Sed
536 1866 675 1920 tunc
698 1866 826 1919 tum
850 1864 1317 1937 praescriptiones
1341 1864 1447 1920 bas
1470 1864 1729 1921 actiones
1748 1864 1871 1920 tolli

220 1950 557 2007 dicas.Cum
572 1949 719 2007 alter
730 1951 923 2007 socius
935 1950 1096 2007 solus
1113 1968 1215 2022 per
1228 1950 1534 2019 rem,velut
1549 1950 1868 2023 propriam,
1899 1938 1948 2003 B

225 2040 503 2096 tenuerit.
537 2040 652 2095 Hoc
684 2056 893 2111 nempe
920 2039 981 2094 in
1041 2056 1179 2096 casu
1214 2056 1325 2095 non
1376 2044 1465 2095 est
1497 2041 1874 2111 quaerendum

224 2128 383 2183 ultra
412 2129 483 2184 de
512 2145 594 2194 re,
626 2146 697 2184 an
722 2129 1055 2184 communis
1081 2129 1277 2197 fuerit,
1311 2129 1555 2200 ideoque
1577 2129 1873 2185 communi

222 2216 534 2274 dividendo
566 2218 717 2273 actio
774 2217 1019 2283 tollitur,
1052 2219 1152 2274 sed
1212 2216 1404 2274 solum
1465 2218 1595 2287 hoc,
1628 2234 1701 2273 an
1730 2217 1878 2273 alter

224 2310 391 2362 tanto
403 2310 681 2377 tempore,
700 2324 801 2379 pro
820 2324 925 2363 suo
939 2324 1061 2363 rem
1081 2307 1355 2373 tenuerit,
1375 2312 1431 2362 et
1448 2308 1683 2379 quando
1696 2306 1873 2362 etiam

225 2394 370 2450 alias
403 2396 643 2463 obtinet,
677 2400 734 2452 et
761 2414 837 2452 an
868 2402 1007 2453 tunc
1030 2395 1388 2469 praescriptio
1418 2395 1611 2451 locum
1640 2395 1870 2466 habeat,

223 2501 360 2540 cum
395 2489 597 2540 auctor
626 2485 684 2540 in
738 2485 1161 2557 quaestionibus
1218 2485 1579 2558 prsejudicet.
1638 2486 1708 2539 At
1739 2502 1870 2539 cum

222 2574 399 2628 ambo
420 2578 477 2629 et
496 2574 893 2629 communiter
915 2574 1236 2646 possident,
1264 2578 1321 2630 et
1339 2576 1409 2629 de
1440 2590 1500 2629 re
1522 2572 1698 2629 veluti
1722 2591 1875 2630 com-

223 2662 389 2717 muni
421 2662 649 2719 l'ructus
679 2663 1022 2736 percipiant,
1082 2664 1263 2719 secuti
1297 2680 1474 2735 super
1499 2679 1559 2718 re
1589 2667 1869 2735 tanquam

222 2751 523 2807 communi
554 2768 659 2823 per
687 2753 973 2809 actionem
997 2751 1335 2808 divisoriam
1366 2751 1545 2823 quaari
1576 2756 1785 2823 potest,
1808 2756 1873 2807 ut

217 2840 371 2896 alter
400 2840 459 2895 in
490 2857 619 2895 eam
652 2841 813 2897 solus
856 2841 1179 2913 impendat,
1230 2840 1554 2912 delinquat,
1585 2840 1673 2895 vel
1705 2842 1775 2896 de
1802 2857 1870 2896 ea

218 2928 463 3001 quidem
486 2929 647 2985 solus
670 2929 970 3002 percipiat,
990 2929 1094 2995 sic,
1118 2930 1273 3001 quod
1292 2930 1361 2985 ad
1389 2928 1731 2986 divisionem
1749 2945 1871 2999 per-

216 3017 370 3074 tinet
380 3018 601 3089 eadem,
617 3022 744 3074 acto
758 3022 1038 3091 tempore,
1055 3022 1338 3089 quantum
1360 3018 1430 3072 ad
1447 3032 1565 3073 rem
1585 3017 1870 3089 principa-

215 3106 358 3171 lem,
373 3111 587 3178 pereat,
610 3108 763 3180 quod
783 3106 1169 3175 accessiones,
1191 3107 1326 3162 licet
1347 3123 1449 3178 pro
1480 3122 1540 3161 re
1560 3104 1867 3178 principali

216 3196 495 3251 subblata
524 3200 654 3268 post
682 3198 873 3262 duret,
906 3198 1060 3269 quod
1092 3200 1247 3253 esset
1276 3196 1622 3251 absurdum.

2062 654 2329 710 JURISpa.
2366 657 2476 712 Has
2506 657 2763 713 actiones
2786 657 2946 714 nullo
2971 663 3231 731 tempore
3251 659 3429 731 ﬁniri,
3460 661 3637 719 etiam

1992 740 2173 799 altero
2192 743 2315 800 solo
2335 744 2689 817 possidente,
2711 747 3027 819 putabatur
3046 765 3059 816 ;
3081 747 3228 819 quite
3252 749 3467 821 saepius
3480 753 3642 808 nasci

1990 831 2357 889 videbantur.
2381 834 2735 891 Credebatur
2764 852 2975 909 nempe
3003 837 3233 909 quoties
3256 838 3450 895 socius
3481 839 3643 896 solus

1992 921 2062 977 de
2092 922 2390 978 communi
2422 940 2482 978 re
2512 923 2722 995 capiat,
2756 923 2843 980 vel
2868 924 2927 980 in
2954 941 3084 981 eam
3116 924 3515 997 impendebat,
3538 943 3642 983 seu

1990 1008 2294 1082 delinquat
2320 1035 2335 1076 ;
2369 1010 2476 1067 bas
2506 1012 2703 1067 enasci
2736 1013 3016 1081 actiones,
3042 1030 3107 1069 eo
3139 1015 3294 1085 quod
3318 1031 3422 1087 pro
3444 1016 3637 1071 omni-

1988 1099 2101 1155 bus
2122 1100 2214 1155 bis
2235 1104 2407 1171 prout
2426 1100 2721 1172 eveniunt,
2745 1101 2901 1158 socio
2922 1102 3218 1175 obligatur
3237 1104 3449 1160 socius.
3478 1105 3637 1160 Idem

1988 1189 2048 1243 in
2081 1189 2307 1245 actione
2338 1190 2475 1245 furti
2507 1190 2752 1259 dicetur,
2775 1206 2842 1247 eo
2874 1190 3031 1246 enim
3052 1192 3209 1263 quod
3237 1192 3476 1248 assidua
3505 1209 3641 1249 con-

1986 1278 2253 1334 trectatio
2285 1294 2356 1334 ne
2382 1280 2477 1334 fur
2505 1295 2738 1353 semper
2759 1280 2979 1336 furtum
3004 1280 3197 1347 faciat,
3232 1281 3400 1354 quasi
3425 1281 3639 1353 saepius

1988 1368 2366 1433 renascendo,
2399 1367 2701 1424 dicebatur
2757 1369 2941 1425 donec
2974 1386 3096 1426 rem
3156 1369 3481 1441 possideret
3511 1370 3640 1425 nul-

1985 1452 2100 1510 lius
2129 1460 2460 1528 temporum
2484 1456 2688 1515 lustris
2711 1459 2847 1514 furti
2873 1462 3158 1514 actionem
3185 1459 3464 1531 expirate,
3488 1463 3545 1515 et
3565 1460 3638 1515 ad

1985 1543 2093 1598 has
2124 1543 2409 1600 tollendas
2439 1545 2653 1601 similis
2681 1547 2753 1602 de
2784 1546 3018 1603 familiaa
3065 1548 3443 1615 erciscundaa,
3476 1564 3637 1604 com-

1986 1633 2150 1688 muni
2181 1634 2513 1701 dividendo,
2542 1652 2646 1707 pro
2677 1636 2855 1703 socio,
2897 1637 3037 1693 furti
3070 1637 3294 1693 actione
3322 1636 3518 1694 locuta
3547 1641 3637 1694 est

1984 1722 2347 1789 constitutio,
2380 1729 2445 1779 ut
2476 1741 2765 1781 annorum
2789 1727 2860 1781 3O
2898 1726 3334 1798 prescriptione
3364 1725 3632 1798 tolleret;

1982 1809 2117 1866 licet
2136 1812 2351 1868 etenim
2377 1814 2615 1870 assidue
2640 1816 3055 1871 contrectaudo
3077 1816 3171 1871 fur
3186 1816 3412 1871 furtum
3426 1816 3634 1884 faciat;

1983 1904 2385 1957 verumtamen
2408 1902 2547 1974 quia
2568 1903 2627 1957 in
2651 1920 2713 1958 se
2735 1902 3046 1959 revolvitur
3065 1904 3159 1961 fur
3176 1908 3408 1976 furtum,
3432 1905 3636 1976 sicque

1987 2004 2090 2059 pro
2115 2006 2181 2044 eo
2204 2006 2320 2045 una
2343 1990 2468 2046 sola
2490 1991 2812 2063 semelque,
2835 1996 2961 2047 tum
2994 1993 3133 2047 furti
3155 1993 3330 2059 actio,
3355 1992 3475 2049 sive
3499 2010 3635 2048 con-

1985 2077 2160 2133 dictio
2175 2078 2460 2146 nascitur,
2483 2083 2539 2134 et
2558 2079 2687 2135 ideo
2710 2079 3180 2137 uniustrecennii
3201 2081 3639 2154 praescriptione

1984 2166 2233 2233 tollitur,
2265 2166 2357 2223 Sic
2388 2184 2620 2239 quoque
2645 2167 2776 2224 licet
2804 2169 2876 2224 de
2906 2169 3205 2225 communi
3234 2168 3634 2241 percipiendo,

1982 2254 2070 2311 vel
2100 2255 2159 2310 in
2183 2272 2311 2311 eam
2338 2256 2816 2327 impendendove,
2842 2258 3036 2313 socius
3058 2257 3366 2330 obligetur,
3391 2273 3493 2315 seu
3517 2257 3632 2313 sibi

1984 2344 2233 2400 alterum
2262 2344 2499 2418 obliget,
2524 2362 2638 2401 non
2660 2350 2855 2402 tamen
2889 2346 3087 2418 plures
3108 2346 3293 2401 famil.
3321 2346 3488 2403 ercis.
3524 2362 3628 2402 seu

1984 2433 2283 2489 communi
2306 2433 2614 2490 dividendo
2627 2434 2909 2501 actiones,
2924 2436 3023 2491 sed
3048 2452 3165 2490 una
3177 2434 3475 2507 semelque
3490 2439 3631 2491 tunc

1983 2526 2120 2578 nata
2148 2526 2237 2578 est
2264 2522 2415 2578 inter
2443 2540 2542 2579 eos
2574 2523 2742 2595 actio,
2778 2528 2843 2579 ut
2888 2524 2972 2580 sic
3002 2541 3121 2579 una
3148 2524 3337 2595 possit
3364 2523 3631 2596 prescri-

1981 2610 2176 2683 ptione
2205 2610 2352 2683 tolli,
2386 2628 2523 2667 nam
2554 2612 2723 2668 sicuti
2759 2614 2887 2684 ipsa
2915 2613 3249 2669 communio
3294 2628 3513 2684 rerum,
3546 2612 3630 2669 sic

1981 2701 2216 2772 quando
2240 2718 2309 2757 ea
2340 2706 2542 2757 noscat
2574 2718 2691 2757 una
2721 2701 2846 2758 sola
2873 2702 3022 2758 actio
3045 2706 3154 2758 est.

2052 2790 2266 2845 Ronan.
2310 2791 2379 2845 Et
2435 2790 2687 2847 rationes
2742 2791 3007 2863 exempla
3062 2790 3361 2864 proposita
3421 2790 3631 2848 retinet

1982 2879 2408 2950 interpretatio.

2047 2967 2320 3024 JURISPR.
2354 2968 2442 3024 19.
2476 2968 2616 3039 Ejus
2646 2967 2787 3024 solis
2808 2967 3252 3025 consuetudinis
3278 2968 3541 3025 timenda
3561 2969 3629 3024 fit

1977 3055 2395 3127 interpretatio,
2429 3075 2557 3130 quea
2604 3073 2797 3113 errore
2850 3074 3051 3125 vacua,
3111 3056 3343 3130 legibus
3378 3057 3623 3129 ronique

1976 3146 2317 3201 ostendetur
2343 3146 2651 3202 contraria.
2681 3147 3068 3220 Quincunque
3090 3147 3166 3204 sit
3189 3163 3347 3220 ergo,
3374 3147 3467 3203 cui
3492 3146 3626 3220 plus

1980 3232 2222 3305 placeat,
2255 3235 2452 3307 Capito
2480 3252 2553 3290 an
2601 3235 2806 3303 Labeo,
2850 3235 3184 3307 praemissas
3215 3235 3624 3292 dictinctiones

292 3303 379 3358 18.
414 3302 631 3359 Roosa.
664 3304 827 3360 Tunc
883 3320 988 3359 cur
1016 3304 1276 3360 actiones
1334 3302 1481 3358 dicis
1524 3302 1609 3358 eis
1638 3320 1869 3359 currere

1996 3298 2058 3378 ot
2080 3297 3339 3396 rationibbsoomprobata's,-&equitatilegum
3354 3339 3419 3379 ac
3446 3340 3623 3379 sensu

216 3390 737 3465 prascriptionem,
759 3409 894 3449 cum
908 3392 1055 3449 alter
1070 3392 1231 3450 solus
1252 3392 1409 3449 velut
1430 3409 1549 3448 rem
1571 3393 1867 3466 propriam

214 3480 518 3553 possideat
538 3482 566 3537 ?

282 3587 552 3646 Junius.
581 3592 648 3645 In
675 3605 854 3661 quam
876 3588 904 3645 7

1978 3411 2438 3478 commendabit,
2470 3411 2787 3484 legumque
2828 3412 3194 3485 argumentis
3242 3416 3402 3468 tanto
3432 3412 3631 3467 fortio-

1978 3499 2163 3567 ribus,
2188 3500 2593 3572 comprobabit
2613 3505 2831 3573 quanto
2854 3500 2965 3559 sibi
2979 3500 3240 3559 faciliora
3254 3518 3384 3558 esse
3404 3500 3629 3573 majora

1976 3605 2094 3644 non
2126 3589 2377 3645 diffidat.

657 3875 1357 3965 CATALOGUS
1409 3874 2439 3963 PR/ESCRIPTIONUM
2495 3876 2601 3959 D.
2674 3875 3179 3966 ROGERI].

282 4101 387 4156 Est
414 4098 721 4173 praeceptio
751 4098 934 4155 trium
965 4098 1217 4170 dierum,
1250 4103 1316 4155 ut
1345 4100 1405 4155 in
1438 4100 1737 4168 advocato,
1770 4097 1865 4155 cui

208 4188 349 4245 licet
378 4188 529 4244 infra
561 4187 823 4244 triduum
856 4204 1110 4244 errorem
1170 4188 1478 4261 corrigere,
1524 4192 1589 4245 ut
1618 4205 1748 4260 cap.
1789 4190 1866 4244 De

212 4294 339 4335 erro
372 4279 556 4335 advoc.

283 4368 390 4424 Est
416 4368 485 4421 10
512 4366 765 4433 dierum,
789 4368 855 4421 ut
874 4366 945 4421 de
966 4363 1461 4438 appellationibus
1491 4363 1685 4433 hodie,
1709 4367 1775 4418 ut
1804 4363 1864 4417 in

209 4456 442 4513 authen.
474 4456 540 4512 de
567 4472 663 4527 ap.
698 4457 759 4510 in
787 4456 938 4526 prin.
971 4459 1029 4510 et
1058 4454 1119 4509 if.
1152 4453 1217 4509 de
1245 4454 1329 4521 iti,
1362 4460 1588 4525 actuque
1609 4454 1723 4525 pri.
1752 4451 1791 4506 l.
1826 4470 1862 4507 ι.

209 4546 317 4602 Est
347 4545 419 4600 45
449 4545 675 4601 dierum
703 4543 762 4598 in
796 4560 862 4600 eo
915 4544 1016 4615 qui
1045 4543 1173 4599 vult
1218 4543 1384 4598 litem
1432 4541 1769 4609 contestari,
1803 4545 1868 4596 ut

212 4651 344 4708 cap.
370 4638 452 4691 De
481 4638 626 4706 εδει,
658 4632 697 4688 1.
732 4632 793 4689 Si
820 4633 1054 4705 quando.

286 4726 392 4781 Est
417 4725 487 4779 20
513 4723 739 4780 dierum
771 4722 830 4778 in
861 4738 928 4779 eo
960 4722 1060 4795 qui
1090 4722 1215 4778 vult
1243 4720 1402 4777 litem
1433 4721 1767 4792 contestari,
1801 4724 1867 4776 ut

211 4812 275 4869 in
306 4812 465 4868 auth.
499 4813 563 4869 de
592 4811 743 4869 exhi.
776 4816 827 4868 et
855 4814 1009 4869 intra
1039 4828 1101 4868 re
1131 4814 1157 4882 Ξ
1187 4811 1330 4866 illud
1359 4826 1587 4883 quoque.

286 4902 392 4958 Est
417 4903 486 4957 30
515 4902 769 4971 dierum,
827 4905 892 4957 ut
935 4902 1006 4958 de
1063 4900 1346 4957 creditore
1403 4900 1501 4972 qui
1535 4899 1772 4973 scripsit
1801 4916 1863 4955 se

212 4991 509 5066 accepisse
538 4990 848 5061 creditum,
902 4995 962 5046 ut
1019 5007 1144 5063 cap.
1204 4992 1276 5047 De
1317 5006 1427 5046 non
1470 5007 1571 5045 ms.
1602 5006 1699 5062 pec
1729 4988 1767 5043 l.
1802 4990 1863 5043 In

207 5082 584 5139 contractibus
614 5082 643 5150 §
669 5098 836 5153 super
862 5081 1095 5137 caeteris.

282 5172 388 5228 Est
414 5170 845 5244 quinquaginta
902 5169 1127 5226 dierum
1180 5186 1307 5243 qua:
1366 5169 1541 5224 datur
1577 5168 1757 5224 tutori
1788 5168 1859 5223 ad

210 5262 641 5317 excusandum.
674 5264 741 5316 ut
770 5261 951 5316 Instit.
989 5258 1055 5315 de
1080 5262 1331 5329 excusa.§
1359 5260 1457 5330 qui
1485 5265 1686 5315 autem.

286 5350 465 5407 Est60
482 5350 732 5418 dierum,
754 5365 887 5407 cum
910 5348 1043 5420 quis
1065 5349 1207 5405 emit
1225 5348 1326 5417 ita,
1349 5352 1413 5403 ut
1434 5348 1482 5405 si
1503 5347 1859 5420 displiceret,

206 5444 367 5497 esset
390 5458 483 5497 res
514 5441 793 5513 inempta,
853 5443 915 5494 ut
971 5438 1031 5495 ﬂ.
1064 5438 1129 5495 de
1182 5438 1333 5496 sedit.
1391 5438 1520 5493 edic
1550 5436 1589 5491 l.
1638 5438 1785 5506 Quod
1813 5438 1863 5493 si

202 5530 367 5599 nolit,
399 5532 428 5600 §
454 5533 504 5586 si
530 5531 654 5604 quis
683 5530 913 5586 venerit.

286 5620 387 5676 Est
413 5620 484 5674 80
513 5619 741 5676 dierum
775 5635 902 5691 quas
934 5617 1143 5673 marito
1202 5616 1479 5689 objicitur
1500 5618 1634 5688 jure
1665 5617 1861 5673 mariti

206 5724 491 5769 accusare
520 5708 753 5779 volenti,
788 5713 853 5765 ut
881 5724 1005 5780 cap.
1039 5706 1108 5762 ad
1127 5707 1264 5779 jul.,
1295 5706 1316 5761 l
1344 5707 1475 5763 lure
1506 5708 1714 5763 mariti.

2045 4098 2147 4153 Est
2176 4101 2412 4153 centum
2445 4097 2673 4153 dierum
2708 4099 2780 4153 ad
2812 4099 3121 4170 petendam
3173 4098 3458 4155 bonorum
3491 4116 3627 4172 pos-

1974 4187 2325 4257 sessionem,
2384 4191 2447 4243 ut
2504 4203 2632 4260 cap.
2668 4189 2773 4256 Qui
2828 4187 3023 4244 admit.
3055 4188 3126 4243 ad
3182 4189 3263 4244 bo.
3301 4204 3447 4260 pass.
3481 4188 3521 4244 1.
3568 4189 3629 4245 Si

1977 4276 2258 4333 bonorum.

2044 4376 2147 4429 Est
2177 4375 2430 4430 duorum
2462 4374 2549 4430 vel
2583 4380 2836 4448 quatuor
2878 4376 3196 4442 mensium,
3228 4376 3277 4432 si
3302 4376 3624 4449 promisisti

1973 4466 2032 4517 te
2055 4462 2456 4517 exbibiturum
2480 4464 2605 4518 sine
2627 4464 2882 4535 scriptis,
2911 4468 2979 4519 ut
2998 4465 3057 4519 ff.
3084 4466 3160 4519 De
3188 4481 3247 4521 re
3265 4464 3442 4536 judic.
3465 4464 3504 4520 l.
3528 4467 3625 4521 De-

1977 4549 2263 4605 biloribus.

2049 4639 2148 4694 Est
2176 4655 2276 4695 sex
2308 4654 2602 4709 mensum,
2650 4643 2717 4696 ut
2745 4639 3165 4710 redhibitoria;
3197 4657 3324 4714 cap.
3372 4643 3449 4699 De
3474 4642 3622 4699 sedit.

1975 4727 2112 4783 edic.
2146 4726 2185 4782 l.
2220 4746 2280 4783 II.

1894 4827 1942 4893 ι)
2046 4821 2145 4872 Est
2173 4820 2301 4873 octo
2326 4834 2599 4873 mensum
2641 4819 2711 4875 ad
2758 4819 3526 4890 facienduminventarium,
3558 4824 3625 4877 ut

1972 4921 2099 4978 cap.
2134 4907 2207 4961 De
2231 4908 2364 4977 jure
2395 4906 2509 4962 del.
2544 4907 2585 4962 Ι.
2619 4907 2850 4964 Scimus.

2042 4995 2145 5050 Est
2201 5012 2416 5063 annua,
2477 5000 2541 5050 ut
2594 4996 2990 5065 aestimatoria,
3049 5002 3105 5054 et
3162 4997 3522 5070 rescissoria,
3565 5004 3623 5055 et

1973 5088 2190 5155 quanto
2224 5083 2491 5157 minoris,
2541 5089 2608 5141 ut
2632 5087 2689 5141 ff.
2722 5088 2798 5141 De
2853 5086 3001 5142 sedit.
3032 5087 3172 5144 edic.
3206 5087 3244 5143 l.
3278 5087 3621 5161 Sciendum§

1970 5175 2095 5230 ulti.

2044 5264 2179 5319 Erat
2210 5261 2351 5318 olim
2388 5279 2605 5331 annua,
2627 5263 2809 5332 bima,
2831 5263 3008 5321 trima
3037 5264 3150 5333 die,
3174 5282 3301 5338 quae
3324 5264 3496 5322 hodie
3518 5282 3624 5340 per

1972 5370 2040 5410 ex
2070 5352 2351 5425 stipulatu
2406 5352 2700 5409 adtionem
2726 5357 2808 5409 est
2865 5354 3115 5422 sublata,
3162 5359 3228 5410 ut
3283 5371 3410 5428 cap.
3443 5356 3516 5413 De
3536 5358 3624 5413 rei

1972 5460 2102 5499 uno.
2138 5444 2252 5498 acti
2263 5485 2275 5497 .
2310 5442 2339 5515 ἕ
2366 5458 2491 5496 cum
2519 5450 2716 5498 autem.

2042 5533 2143 5588 Est
2172 5548 2369 5587 annua
2390 5548 2517 5604 quas
2549 5532 2723 5586 datur
2778 5532 3142 5602 parentibus,
3200 5538 3257 5590 et
3310 5534 3510 5591 liberis
3540 5535 3613 5589 ad

1970 5621 2277 5694 petendam
2342 5622 2626 5676 bonorum
2684 5621 3135 5692 possessionem,
3202 5627 3266 5679 ut
3321 5639 3448 5695 cap.
3508 5623 3618 5689 Qui

1969 5711 2167 5768 admit.
2201 5710 2272 5767 ad
2300 5710 2434 5767 bono
2462 5727 2573 5785 pos.
2608 5711 2949 5785 enancipata.
