4036 6184
486 428 641 493 1503

1534 432 1775 497 GUIDO
1820 426 2349 493 AMBIANENSIS
2393 427 2846 489 EPISCOPUS.

3669 434 3776 497 1591

556 566 654 619 Est
682 562 990 630 biennalis,
1023 566 1087 619 ut
1116 564 1185 620 de
1211 562 1364 636 dolo,
1414 566 1471 621 et
1499 566 1571 621 de
1613 566 1872 621 debitore
1902 564 2002 636 qui
2034 579 2120 617 re-
2152 566 2206 629 Α
2237 576 2544 631 annorum,
2576 564 2642 615 ut
2669 576 2796 631 cap.
2831 562 2908 614 De
2929 559 3251 631 praescripr.
3283 557 3319 614 1.
3363 576 3398 615 ι.
3429 562 3480 616 et
3504 562 3569 618 De
3587 568 3780 634 praseip.

485 652 1022 724 scripsitaccepisse
1044 653 1371 725 pecuniam,
1396 659 1461 709 ut
1482 671 1608 727 cap.
1635 656 1707 713 De
1728 671 1855 710 non.
1871 670 1967 711 nu.
1992 669 2128 725 pce,

485 740 525 795 1.
559 744 623 797 In
649 743 1042 813 contractibus,
1078 745 1137 797 in
1159 746 1312 814 prin.

558 831 659 885 Est
688 831 905 885 biennii
935 831 1020 886 vel
1045 833 1411 903 quadriennii
1444 850 1559 904 qua
1595 833 1909 889 creditores
1932 832 1988 886 in
2022 832 2129 887 bo-

486 935 695 975 norum
719 922 1151 992 possessionem
1176 922 1343 978 missi
1371 923 1441 977 ab
1462 922 1592 978 aliis
1616 940 1677 977 se
1702 923 2038 988 defendunt,
2069 925 2133 976 ut

486 1026 610 1081 cap.
645 1010 717 1065 de
747 1011 828 1081 bo,
862 1011 1018 1066 auth.
1044 1014 1132 1081 ju.
1165 1028 1277 1083 pos.
1313 1012 1350 1066 1.
1387 1014 1520 1067 Cum
1548 1013 1710 1083 apud.

558 1100 661 1153 Est
687 1099 923 1154 triennii
956 1100 1012 1153 in
1064 1101 1423 1172 usucapiono
1482 1102 1790 1156 mobilium
1822 1117 2039 1169 rerum,
2072 1100 2132 1153 in

486 1189 661 1242 instit.
687 1189 753 1244 de
780 1204 902 1259 usu,
936 1206 1060 1259 cap.
1094 1191 1153 1245 in
1178 1192 1332 1260 prin.

556 1277 656 1331 Est
679 1277 1048 1348 quadriennii
1098 1296 1225 1350 quae
1256 1280 1429 1334 datur
1459 1280 1529 1334 ad
1564 1279 1925 1351 implendam
1961 1278 2131 1333 resti-

486 1366 774 1421 tutionem
802 1371 933 1438 post
962 1367 1250 1422 minorem
1303 1372 1552 1437 aetatem,
1602 1384 1729 1440 quae
1760 1368 1932 1423 etiam
1964 1368 2136 1423 datur

488 1454 617 1510 utili
649 1472 800 1511 anno
833 1455 1029 1524 hodie,
1061 1461 1127 1511 ut
1175 1473 1302 1528 cap.
1350 1459 1425 1513 De
1455 1466 1678 1529 temper.
1726 1459 1787 1511 in
1815 1460 1946 1512 inte.
1978 1457 2129 1511 resti.

486 1543 526 1598 1.
562 1543 751 1599 ultim.

557 1635 659 1689 Est
688 1634 1078 1707 quadriennii,
1130 1652 1203 1691 ne
1261 1636 1539 1691 adversus
1597 1652 1832 1691 sacrum
1866 1635 2133 1691 aerarium

488 1727 717 1795 agatur,
750 1728 815 1779 ut
844 1741 972 1796 cap.
1006 1726 1078 1781 De
1108 1725 1392 1797 quadrimi.
1422 1727 1731 1797 prwscrz‘pt.
1767 1725 1867 1780 lib.
1904 1743 1941 1779 Ι.

558 1814 660 1867 Est
704 1813 1090 1885 quinquennii
1144 1819 1208 1869 ut
1239 1816 1308 1870 de
1351 1814 1658 1869 inofticiosi
1692 1814 1946 1885 querela,
1980 1818 2037 1869 et
2067 1814 2137 1869 de

488 1900 799 1955 donatione
819 1901 973 1956 facta
999 1902 1071 1956 ab
1094 1901 1587 1967 administratore,
1623 1905 1687 1955 ut
1716 1917 1842 1971 cap.
1868 1901 1939 1954 De
1959 1900 2140 1970 inoffi-

490 1996 608 2044 test.
639 1989 676 2042 1.
712 1989 771 2043 Si
800 1991 923 2061 quis
951 1988 1156 2058 ﬁlium.

560 2081 656 2132 Est
670 2077 1080 2149 quinquennii,
1101 2082 1164 2132 ut
1180 2094 1250 2133 ne
1266 2083 1398 2150 post
1411 2078 1881 2149 quinquennium
1895 2079 1964 2133 de
1982 2082 2137 2133 statu

488 2166 897 2222 defunctorum
930 2171 1245 2238 quaeratur,
1281 2172 1344 2222 ut
1376 2184 1501 2239 cap.
1555 2168 1631 2222 Nc
1662 2168 1728 2222 de
1754 2171 1881 2223 stat.
1914 2168 2130 2238 defunc.

486 2270 540 2325 P-
574 2272 625 2325 (1ο
659 2271 710 2325 9-

562 2344 662 2398 Est
692 2343 1080 2415 quinquennii
1111 2361 1181 2399 ne
1230 2344 1460 2400 adulter
1506 2348 1637 2415 post
1663 2345 2135 2416 quinquennium

490 2448 606 2503 quo
639 2432 1022 2487 commissum
1072 2432 1434 2488 adulterium
1493 2433 1723 2500 dicitur,
1760 2434 1913 2504 quod
1946 2434 2134 2489 conti-

491 2538 676 2575 nuum
708 2526 1071 2593 numeratur,
1106 2528 1409 2579 accusetur
1448 2528 1511 2577 ut
1540 2540 1666 2595 cap.
1698 2524 1774 2578 ad
1804 2524 1905 2579 lib.
1929 2525 2039 2595 jut.
2074 2524 2138 2579 de

487 2610 661 2665 adult.
695 2610 731 2664 1.
768 2612 1011 2666 Adulter.

559 2700 663 2753 Est
691 2704 915 2770 septem
941 2716 1252 2769 annorum,
1276 2717 1409 2755 cum
1433 2700 1713 2772 quaeritur
1744 2706 1943 2755 utrum
1969 2701 2139 2756 fuerit

489 2786 685 2843 infans
718 2804 927 2859 neque,
964 2794 1028 2843 ut
1060 2788 1301 2861 proinde
1352 2789 1562 2846 habeat
1592 2790 1882 2845 ell‘ectum.
1917 2795 1980 2845 ut
2008 2807 2135 2861 cap.

491 2880 570 2932 De
590 2879 707 2947 jur.
740 2877 965 2933 deliber.
999 2879 1038 2946 1,
1069 2881 1133 2933 Si
1156 2878 1390 2951 infanti.

560 2968 664 3020 Est
692 2967 914 3031 decem,
945 2971 1001 3021 et
1032 2968 1255 3039 viginti,
1288 2973 1343 3021 et
1372 2968 1629 3036 triginta,
1664 2972 1719 3022 et
1748 2968 2141 3039 quadraginta

490 3059 2831 3086 Ψ

2239 651 2307 703 30
2341 665 2637 705 annorum.

2310 761 2407 812 Est
2441 757 2507 810 12
2538 755 2623 810 vel
2658 757 2723 810 14
2756 771 3046 810 annorum
3080 771 3210 810 cum
3268 755 3526 826 quaeritur
3551 758 3700 829 pubes
3720 762 3782 816 vel

2240 846 2509 918 impubes
2542 846 2673 916 quis
2706 846 2802 911 sit,
2837 848 2902 899 ut
2930 861 3032 916 pro
3064 844 3196 900 inde
3224 849 3472 911 testetur,
3501 852 3555 901 ut
3579 865 3681 919 cap.
3709 852 3780 918 Qui

2243 940 2359 990 (est.
2392 937 2471 1005 fa.
2500 938 2611 1006 pot.
2648 936 2747 990 loc.
2778 936 2829 989 si
2865 937 3068 1005 frater.

2313 1028 2411 1079 Est
2441 1023 2882 1095 quatuordecim
2916 1038 3204 1078 annorum
3230 1026 3293 1077 ut
3312 1028 3491 1079 currat
3508 1028 3786 1099 praescriptio

2242 1114 2482 1186 triginta
2512 1114 2599 1169 vel
2634 1113 3025 1185 quadraginta
3058 1128 3362 1167 annorum.

2314 1222 2416 1276 Est
2448 1221 2514 1275 17
2545 1237 2833 1276 annorum
2865 1236 2997 1275 cum
3028 1220 3305 1290 quaeritur
3332 1236 3400 1275 an
3429 1220 3543 1292 quis
3561 1222 3787 1293 postulare

2244 1310 2452 1382 possit,
2487 1314 2551 1366 ut
2583 1312 2637 1365 ff.
2672 1310 2739 1365 de
2766 1314 2941 1380 pastu.
2976 1309 3014 1365 l.
3046 1327 3085 1378 ι,
3119 1312 3146 1377 §
3175 1310 3396 1364 initium
3429 1316 3603 1366 autem.

2317 1419 2418 1472 Est
2450 1418 2514 1471 17
2538 1433 2826 1471 annorum
2852 1432 3052 1488 praesc.
3081 1415 3227 1471 Cum
3251 1416 3510 1488 quzaritur
3528 1434 3589 1472 an
3608 1434 3786 1473 manum

2248 1506 2476 1562 mittere
2507 1506 2640 1578 quis
2692 1504 2897 1578 possit,
2929 1509 2995 1560 ut
3042 1504 3229 1560 instit.
3263 1504 3359 1576 qui
3401 1508 3452 1560 et
3478 1521 3535 1560 ex
3574 1505 3668 1577 qui.
3693 1523 3787 1562 can.

2246 1614 2363 1652 ma.

2320 1687 2418 1740 Est
2449 1687 2513 1739 18
2545 1701 2834 1739 annorum
2859 1686 2923 1738 ut
2953 1683 3002 1738 si
3025 1682 3237 1738 mulier
3256 1682 3470 1738 veniam
3490 1682 3641 1738 atatis
3664 1683 3788 1754 impe-

2246 1778 2377 1843 tret,
2414 1778 2477 1829 ut
2508 1791 2633 1845 cap.
2663 1775 2736 1829 De
2769 1774 2853 1827 his
2882 1773 2979 1843 qui
3000 1788 3081 1827 ve.
3115 1780 3240 1827 aeta.
3277 1775 3453 1843 impe.,
3484 1769 3515 1826 1.
3550 1772 3649 1827 Ulti.

2320 1881 2421 1935 Est
2455 1880 2517 1934 18
2552 1898 2644 1935 an.
2671 1896 2802 1934 cum
2828 1878 3111 1950 quaeritur
3134 1895 3207 1934 an
3242 1877 3371 1950 quis
3391 1878 3625 1951 adoptare
3644 1876 3789 1949 possit,

2170 1936 2216 2000 B
2251 1974 2315 2025 ut
2340 1969 2399 2040 ff,
2431 1969 2496 2024 de
2525 1969 2686 2041 adop.

2321 2060 2421 2113 Est
2444 2060 2514 2112 ‘25
2545 2074 2856 2125 annorum,
2891 2063 2956 2113 ut
2986 2056 3197 2113 exinde
3227 2056 3425 2127 major,
3451 2059 3502 2110 et
3525 2053 3724 2126 legitime
3738 2052 3787 2107 sit

2249 2147 2459 2203 aetatis.

2315 2236 2463 2291 Sunt
2494 2239 2549 2290 et
2580 2236 2707 2290 alia:
2730 2234 3221 2306 praescriptiones,
3247 2250 3369 2304 quae
3395 2230 3638 2303 objiciunt
3654 2226 3786 2282 volen-

2244 2325 2402 2380 tibus
2433 2324 2677 2397 adipisci
2700 2324 3001 2391 honorem,
3026 2326 3090 2377 ut
3116 2322 3178 2378 in
3204 2321 3562 2394 magistratib.
3590 2325 3634 2375 et
3658 2333 3784 2372 sacer-

2246 2414 2401 2469 dotio
2433 2432 2466 2469 a
2497 2430 2729 2470 summo
2763 2430 2950 2485 usque
2979 2413 3049 2468 ad
3084 2412 3417 2467 minimum.

2315 2524 2461 2576 Sunt
2491 2525 2548 2576 et
2577 2520 2701 2576 aliae
2751 2538 2879 2592 quae
2936 2520 3181 2592 longum
3236 2523 3461 2590 tempus
3512 2532 3608 2570 non
3631 2514 3783 2568 habent

2246 2626 2608 2681 expressum,
2644 2616 2708 2664 ut
2736 2610 2794 2664 in
2831 2608 3043 2677 usuris,
3076 2612 3144 2662 ut
3176 2608 3245 2663 de
3275 2624 3340 2663 ea
3368 2606 3566 2661 dictum
3594 2606 3678 2671 est,
3699 2616 3785 2672 qua

2247 2699 2418 2769 longo
2449 2703 2709 2771 tempore
2741 2700 2920 2765 stetit,
2980 2715 3104 2770 quae
3157 2714 3275 2751 non
3327 2700 3489 2767 caput
3516 2697 3685 2748 certam
3708 2689 3787 2742 for-

2249 2804 2426 2855 mam,
2464 2787 2576 2841 nisi
2608 2788 2668 2842 in
2702 2787 2987 2855 libertate,
3041 2790 3107 2840 ut
3135 2786 3199 2841 ff.
3249 2787 3321 2842 De
3378 2801 3517 2851 usur,
3547 2781 3579 2837 l.
3628 2781 3727 2835 Cum
3746 2777 3785 2831 in

2248 2892 2365 2930 rem
2394 2892 2565 2931 ‘UCI'SO.

2835 3046 3788 3103 ______—___—__.-—_____—"_.——-———'

1856 3171 2009 3210 ANNO
2048 3172 2253 3211 DOMINI
2294 3173 2335 3210 M
2344 3172 2523 3210 LXXVI.

1772 3276 2613 3442 GUIDO

1495 3494 2206 3556 AMBIANENSIS
2292 3494 2891 3555 EPISCOPUS.

1601 3682 2070 3768 NOTITIA
2130 3679 2775 3768 HISTORICA.

1622 3823 1827 3895 (Gallia
1857 3822 2192 3890 Christiana,
2225 3838 2355 3878 nov.
2387 3820 2552 3887 edit.,
2588 3823 2631 3875 t.
2666 3818 2758 3890 X.)

560 4019 890 4091 lngelranni
919 4019 938 4073 Ι
970 4019 1203 4073 comitis
1253 4018 1475 4073 Pontivi
1516 4018 1671 4073 ﬁlius
1722 4019 1908 4074 Guido
1942 4018 2133 4089 Hugo-
2165 4020 2208 4085 C
2248 4018 2507 4091 cavit.3°_
2534 4014 2925 4091 Conventione
2982 4014 3159 4091 apud
3199 4016 3528 4091 Curtracum
3556 4014 3791 4091 curauit?

490 4092 583 4147 nis
616 4092 661 4145 lI
694 4093 869 4146 etiam
899 4091 1130 4146 comitis
1159 4095 1216 4145 et
1248 4091 1517 4145 Fulconis
1551 4091 1779 4144 abbatis
1811 4095 2133 4144 Forestmo-

495 4162 733 4218 nasterii
759 4165 953 4227 frater,
978 4167 1221 4231 patruus
1243 4168 1439 4216 autem
1464 4162 1746 4216 Guidonis
1769 4160 2019 4225 comitis,
2037 4165 2139 4213 An-

533 4233 753 4287 elranni
790 4232 1016 4286 abbatis
1065 4233 1433 4287 Centulensis
1464 4233 1524 4286 in
1582 4232 1777 4286 studio
1810 4231 2136 4286 litterarum

534 4303 815 4374 iscipulus
831 4302 957 4374 fuit,
974 4304 1143 4370 cujus
1157 4302 1519 4374 epitaphium
1532 4303 2140 4374 scripsitArnbianen-

493 4375 575 4430 sis
608 4373 731 4429 erat
762 4373 1207 4428 archidiaconus
1241 4373 1332 4429 an:
1364 4376 1501 4428 1049
1530 4373 1665 4429 cum
1689 4392 1721 4429 a
1750 4374 1998 4429 Fulcone
2024 4375 2140 4445 epi-

495 4464 667 4517 scopo
700 4447 944 4501 Romam
999 4445 1218 4501 missus
1244 4451 1353 4514 est,
1408 4446 1678 4502 abbatem
1728 4446 2136 4502 Corbeiensem

493 4519 648 4589 apud
682 4535 984 4573 summum
1013 4518 1346 4589 pontificem
1377 4523 1775 4573 accusaturus.
1813 4519 2020 4573 Factus
2051 4522 2143 4572 est

492 4596 685 4646 autem
710 4594 841 4662 post
862 4589 1174 4645 Fulconem
1198 4590 1507 4662 episcopus
1529 4607 1680 4644 anno
1706 4591 1842 4643 1058
1867 4589 1963 4660 qui
1988 4606 2140 4662 com-

494 4661 732 4733 ponitur
752 4676 886 4716 eum
911 4661 1098 4731 primo
1120 4661 1505 4716 ordinationis
1526 4662 1653 4730 ejus
1676 4662 1897 4715 annoin
1927 4661 2141 4733 lamina

535 4734 769 4788 lumbea
798 4732 1033 4804 inventa
1058 4733 1114 4786 in
1149 4750 1321 4804 capsa
1352 4733 1536 4787 sancti
1572 4733 1832 4787 Ratberti
1883 4732 2141 4786 Puscasii

536 4752 769 4788 iumnea
798 4752 1033 4787 inventa
1058 4752 1114 4786 1n
1149 4752 1321 4804 capsa
1352 4752 1536 4787 sancti
1572 4752 1832 4787 nameru
1883 4752 2141 4786 raseasu

494 4752 652 4875 gept.
680 4805 837 4869 1710,
864 4803 1081 4859 ibidem
1106 4804 1336 4858 inclusa
1358 4805 1414 4857 in
1441 4805 1871 4859 monimentum
1896 4804 2141 4859 transla—

490 4876 665 4931 tionis
700 4876 877 4945 hujus
907 4875 1095 4930 sancti
1128 4876 1287 4929 factaa
1322 4893 1374 4930 1v
1405 4876 1540 4930 Idus
1562 4876 1701 4929 Julii
1728 4877 1885 4940 10:38,
1910 4880 2143 4930 auctore

491 4948 756 5003 Guidone
788 4946 1032 5017 praesule
1056 4946 1552 5001 Ambianensium.
1578 4951 1743 5001 Anno
1776 4948 1977 5001 eodem
2003 4947 2139 5001 sub-

494 5019 729 5091 scripsit
748 5019 841 5073 die
863 5036 894 5071 ν
916 5022 1071 5091 Aug.
1088 5019 1383 5091 donationi
1410 5018 1569 5091 facite
1605 5020 1676 5073 ab
1700 5019 1941 5091 Henrico
1966 5019 1987 5091 1
2010 5034 2141 5091 rege

494 5089 739 5146 abbatize
797 5090 1227 5145 Hasmoniensi.
1282 5090 1477 5144 Remis
1536 5089 1797 5144 interfuit
1826 5108 1857 5143 Χ
1886 5090 2004 5143 Kal.
2038 5090 2138 5143 Ju-

493 5162 1208 5231 nii1059.sacrsPhilippi.
1238 5161 1859 5232 ISigillumapposuit,
1885 5178 1978 5214 an.
2006 5163 2143 5214 1000

493 5233 794 5303 diplomati
821 5232 1051 5287 Henriei
1074 5233 1095 5286 1
1119 5250 1219 5302 pro
1243 5233 1611 5288 restitutione
1636 5232 1832 5289 Sancti
1860 5232 2142 5287 Martinia

494 5302 749 5375 Campis.
783 5303 961 5358 Paulo
995 5305 1127 5359 Post
1149 5303 1334 5359 Guido
1362 5306 1482 5375 qui,
1508 5322 1641 5359 cum
1672 5310 1826 5360 esset
1856 5303 2140 5359 archidia-

494 5391 696 5459 conus,
731 5382 930 5459 auctor
963 5377 1405 5459 fueratfulconi
1432 5376 1721 5459 episeopo,
1750 5376 2141 5459 ut‘privilegia
2172 5393 2217 5456 D

494 5445 858 5500 Corbeiensis
881 5446 1143 5501 Ecclesiae
1162 5445 1552 5518 impugnaret,
1578 5445 1922 5518 in'ejusdem
1947 5445 2136 5502 locum

496 5519 873 5592 subrogatus,
898 5518 1042 5592 nihil
1060 5535 1171 5573 non
1190 5536 1506 5592 aggressus
1516 5524 1622 5587 est,
1647 5536 1712 5574 ac
1726 5519 1913 5592 primo
1935 5519 2142 5575 altaria
2168 5568 2183 5584 ,

497 5589 569 5645 ad
603 5590 1021 5643 monasterium
1054 5589 1406 5660 pertinentia
1436 5590 1567 5646 aliis
1597 5589 1841 5646 contulit
1871 5607 1974 5646 nec
2006 5592 2139 5647 dato

500 5663 571 5716 ab
605 5660 809 5714 abbate
843 5660 1025 5731 pretio
1059 5662 1326 5717 reddidit.
1376 5666 1435 5714 :3"
1464 5662 1713 5718 Clericos
1765 5663 2139 5719 Corbcicnses

499 5733 815 5797 Ambianos
847 5732 1195 5800 convocavit,
1228 5738 1283 5786 et
1312 5734 1696 5791 detrectantes
1736 5736 2136 5791 excommuni-

2249 4089 2386 4143 mite
2420 4078 3048 4157 Balduino,multisque
3069 4085 3380 4140 abbatibus
3400 4088 3455 4137 et
3470 4078 3661 4157 clericis
3683 4083 3790 4157 ερεξ-

2247 4166 2328 4227 ta,
2364 4160 2630 4214 abbatem
2658 4146 2849 4229 ipsum
2875 4146 3263 4229 ad‘synodum
3284 4158 3464 4229 vocat,
3480 4146 3791 4229 irepre‘inlit-

2247 4218 2448 4285 mitate
2481 4248 2595 4284 non
2626 4218 2913 4284 valentem
2946 4218 3426 4283 eicommunicat.
3450 4218 3517 4279 ’4⁸
3546 4218 3611 4277 Hc
3636 4218 3790 4294 admt’g'

2246 4302 2584 4374 tropolitam
2619 4301 2830 4368 delata,
2857 4305 3100 4374 uterque
3130 4300 3203 4374 ad
3234 4288 3791 4374 auditorium‘archiepl-

2249 4364 2408 4446 scopi
2442 4374 2740 4448 invitatur,
2775 4364 2865 4427 cui
2920 4364 3182 4448 monenti
3231 4370 3445 4441 injuste
3472 4364 3792 4448 prolatanmgf‘

2248 4426 2838 4519 communicationem
2872 4460 2985 4498 non
3017 4443 3211 4498 solum
3235 4426 3349 4497 ndn
3376 4426 3793 4519 acquieYiEQgi‘Ev

2249 4501 2347 4573 Sed
2375 4518 2549 4572 etiam
2575 4517 2844 4571 abbatem
2868 4501 3795 4587 ται-ευεᾳχοοωωυηὶ-ὁδνίᾐεᾷοὶουᾷξλ·

2249 4591 2366 4644 imo
2384 4588 2848 4643 interdictionem
2867 4588 2939 4641 ab
2962 4586 3150 4642 ofﬁcio
3164 4586 3373 4641 durius
3386 4579 3606 4640 minanti
3621 4573 3797 4628 Alexan-

2250 4662 2352 4715 dro
2385 4661 2435 4734 Il
2466 4676 2701 4734 summo
2750 4659 3029 4734 pontiﬁci,
3056 4658 3417 4734 apud_quem
3441 4654 3598 4734 abbas
3617 4652 3795 4734 conque;

2250 4739 2381 4788 stus
2412 4731 2619 4796 fuerat,
2653 4709 2966 4786 obsbcutus
3014 4709 3129 4784 imi—1
3178 4709 3410 4785 videtur
3437 4723 3618 4786 Guido,
3647 4709 3795 4796 necat)

2250 4781 2654 4874 inquietudine
2686 4801 3024 4874 monasterii
3047 4801 3365 4874 destitisse,
3388 4781 3799 4874 priusquam}

2250 4854 2584 4931 Noiuemum
2610 4872 3094 4945 appendiciiSiPSi
3116 4874 3186 4927 ad
3207 4854 3648 4945 νίίεῴιθοηοέδξᾳ

2250 4924 2477 5023 eius;
2490 4924 2889 5023 sé'pi_31§1'13rlé,
2902 4924 3094 4999 "51133
3109 4924 3640 5023 loetiilpsequeq‘t‘i
3654 4924 3799 5023 ἐξιέξάηρ

2252 5000 2603 5088 subscripsit
2626 5000 2784 5072 factae
2798 5017 2855 5071 in
2873 5000 3163 5071 conventu
3178 5000 3565 5088 Corbeiensisa
3584 5000 3800 5088 PhilipBQ‘

2254 5107 2385 5162 rege
2399 5081 2544 5143 conti
2555 5108 2639 5143 rm
2648 5089 2824 5143 ationi
2842 5091 3061 5162 bo‘noru
3066 5104 3126 5162 m
3148 5087 3415 5162 Ecclesiae
3428 5081 3797 5162 Hasmoyjegflj

2251 5145 2551 5233 diplomati
2586 5162 2739 5233 regis
2760 5160 3030 5233 ejusdem
3048 5160 3162 5233 duo
3183 5159 3388 5233 altaria
3414 5158 3598 5233 Sancto
3617 5145 3798 5233 Martia?

2251 5210 2682 5297 colnfirmantis?
2704 5238 2760 5287 et
2786 5210 2890 5303 pro
2920 5232 2978 5287 S.
3012 5231 3286 5303 Memmio
3342 5210 3799 5303 Catalauncusiiﬂtjf

2252 5307 2413 5360 facta:
2448 5322 2481 5358 a
2514 5294 2834 5359 Gauzberto
2857 5303 3042 5358 milite
3065 5302 3291 5375 Hugoni
3313 5298 3507 5375 abbati
3525 5294 3795 5375 Eloyiatfe‘ni‘

2251 5377 2547 5431 donationi
2581 5375 2834 5431 ecclesia:
2895 5379 2951 5429 et
3000 5365 3187 5447 burgi’
3225 5375 3295 5428 de
3352 5365 3795 5447 CadelataOinPfl‘é’h‘?

2251 5448 2638 5504 Wustinensi.
2667 5450 2826 5503 Anno
2850 5448 3005 5513 1066,
3028 5422 3583 5514 insltituitcanonicos
3600 5434 3649 5487 in
3666 5422 3794 5514 sccl?

2252 5521 2340 5575 sia
2367 5519 2561 5574 Sancti
2592 5519 2825 5574 Martini
2847 5518 2905 5572 in
2929 5510 3120 5573 castro
3152 5515 3426 5571 Pinconii.
3456 5510 3643 5568 Ecdem
3668 5510 3789 5575 εᾳηον

2250 5593 2455 5647 videns
2481 5590 2783 5646 ecclesiam
2818 5589 3218 5661 Corbeiensem
3242 5585 3511 5661 principis
3537 5570 3785 5661 apostcltljl‘1

2250 5664 2430 5719 alioru
2441 5680 2614 5734 mque
2636 5666 2971 5718 sanctorum
2987 5662 3146 5717 mirae
3158 5652 3383 5716 virtutis
3395 5652 3789 5734 patrociniis???

2249 5736 2431 5792 ditam
2448 5753 2462 5804 ;
2481 5723 2727 5807 eamque
2738 5752 2841 5808 pro
2856 5734 3091 5792 modulo
3108 5751 3211 5790 suo
3226 5723 3581 5804 augmentare
3593 5723 3787 5789 cu‘pienS,
