3972 6182
212 231 369 293 1509

1386 217 1875 281 EPITAPHIUM
1922 172 2455 281 ANCELRANNI.

3460 226 3618 287 1510

210 361 542 421 cesam-ibus
570 355 810 430 triginta
832 353 1004 411 solidi
1033 353 1390 410 tribuantur.
1422 351 1533 407 Sed
1582 351 1722 423 quia
1768 368 1861 406 ca-
1890 351 1946 416 Α
1977 350 2238 422 Hugonis
2294 350 2545 419 diaconi,
2577 351 2836 408 Rotberti
2885 351 3140 420 diaconi,
3173 353 3325 409 Petri
3357 356 3611 425 diaconi,

211 468 435 509 nonum
455 446 805 504 auctoritate
828 441 1144 499 didicimus
1165 439 1525 513 episcopales
1545 440 1866 495 sententias

208 540 408 596 irritas
448 534 674 603 haberi,
708 532 821 588 nisi
860 530 1173 603 praesentia
1220 528 1563 584 clericorum
1622 544 1865 583 suorum

211 625 524 699 contigerit
552 640 653 680 eas
691 618 976 691 roborari,
1014 623 1079 674 ut
1126 621 1250 674 rata
1306 622 1481 689 atque
1531 615 1863 672 insolubilis

211 713 563 774 aeternaIiter
592 713 714 767 haec
745 708 1015 765 chartula
1043 710 1401 780 permaneat,
1433 706 1597 778 prius
1628 706 1861 778 signum

212 809 427 862 nostris
456 799 827 875 paternitatis
856 797 1237 863 inseruimus,
1270 800 1327 851 et
1354 794 1560 850 exinde
1588 795 1741 849 datis
1767 810 1863 848 ca-

221 892 449 951 nonicis
468 888 933 947 nostrisduobus
953 886 1168 942 modiis
1188 884 1307 939 vini
1340 900 1443 955 pro
1466 900 1711 939 numero
1734 899 1861 955 per—

219 996 522 1048 sonarum,
573 984 639 1034 ut
685 993 816 1033 mos
863 975 1062 1047 exigit,
1112 973 1390 1030 manibus
1428 988 1631 1029 eorum
1663 973 1868 1029 conﬁr-

218 1071 503 1128 mendum
532 1066 910 1123 tradidimus.

288 1159 535 1232 Signum
566 1154 855 1213 Guidonis
882 1152 1197 1225 pontificis.
1230 1152 1477 1224 Signum
1503 1151 1739 1207 Roberti
1777 1168 1868 1206 ar-

219 1246 549 1305 chidiaconi
580 1249 638 1301 et
665 1240 1041 1299 thesaurarii.
1074 1240 1317 1312 Signum
1350 1239 1621 1296 Balduini
1671 1242 1868 1296 Ponti-

216 1338 438 1395 viensis
469 1331 867 1393 archidiaconi
897 1335 954 1388 et
981 1329 1296 1403 praepositi.
1339 1329 1585 1402 Signum
1633 1330 1869 1386 canoni-

221 1443 427 1483 corum
476 1442 489 1481 :
542 1421 829 1480 Guidonis
860 1420 1087 1485 decani,
1142 1417 1471 1475 Salomonis
1530 1419 1870 1488 sacerdotis,

220 1513 527 1572 Nantaurli
546 1506 1166 1580 sacerdotis,Cuicardi
1192 1508 1872 1580 sacerdotis,Berengarii

223 1597 856 1671 sacerdotis,Adelelmi
888 1595 1591 1664 aacerdotis,Werenfridi
1619 1596 1872 1653 diaconi.

1976 438 2275 495 Roriconis
2303 441 2824 508 diaconi,Rotberti
2857 440 3335 509 diaconi,0donis
3358 445 3612 517 diaconi,

1974 528 2222 583 Bavonis
2247 528 2775 596 diaconi,Widonis
2802 531 3170 598 subdiaconi,
3195 532 3458 589 Rotberti
3480 536 3618 591 sub-

1972 617 2223 688 diaconi,
2257 617 2603 673 Rammandi
2634 618 2995 684 subdiaconi,
3029 619 3334 676 Rothberti
3379 623 3618 679 subdia-

1973 705 2124 772 coni,
2155 706 2441 761 Johannis
2470 706 2836 774 subdiaconi,
2870 707 3101 779 Rotgeri
3135 709 3618 779 subdiaconi,Ar-

1974 795 2118 850 nulli
2148 796 2513 866 subdiaconi,
2546 796 2848 852 Roriconis
2878 796 3147 866 acolythi,
3201 800 3440 855 Andree
3488 818 3621 857 aco-

1973 883 2162 955 lythi.,
2188 884 2447 940 Rotberti
2478 884 2751 957 acolythi,
2780 884 2931 940 Clari
2951 884 3463 957 acolythi,Geroldi
3490 906 3621 946 aco-

1975 972 2119 1045 lythi
2143 973 2390 1044 Signum
2445 972 2728 1028 laicorum
2782 989 2795 1028 :
2850 973 3208 1030 Veremundi
3248 976 3621 1048 vicedomini,

1976 1061 2264 1134 Drogonis
2298 1061 2635 1118 Turrensis.

2048 1153 2257 1206 Actum
2298 1151 2602 1207 Ambianis
2647 1150 2801 1206 infra
2844 1150 3152 1207 ecclesiam
3201 1153 3379 1209 beatas
3431 1155 3624 1212 Maria

1978 1255 2212 1311 semper
2234 1239 2498 1311 virginis,
2528 1244 2662 1295 ante
2692 1240 2873 1296 altare
2903 1241 3091 1296 sancti
3135 1242 3287 1297 Petri
3334 1244 3625 1315 apostolo-

1979 1345 2111 1384 rum
2141 1328 2605 1400 principis,anno
2631 1329 2703 1384 ab
2735 1329 3140 1385 incarnatione
3169 1329 3402 1386 Domini
3432 1349 3629 1403 mrum,

1978 1416 2300 1473 indictione
2328 1434 2403 1472 1v.
2440 1417 2755 1473 Gonl’ridus
2791 1417 3175 1474 cancellarius
3224 1419 3365 1492 legit
3412 1425 3470 1477 et
3506 1439 3637 1494 per-

1982 1506 2135 1562 fecto
2165 1506 2538 1579 subscripsit.

233 1775 2785 1811 Μ

788 1983 1856 2106 EPITAPHIUM
1956 1982 2889 2106 ANGELRAN
2899 1984 3014 2106 N
3022 1985 3079 2106 Ι

1604 2217 1843 2260 ABBATIS
1880 2217 2263 2259 CENTULENBIS

1156 2352 1492 2411 AUCTORE
1529 2352 1841 2411 GUIDONE
1881 2352 2222 2411 EPISCOPO
2251 2352 2718 2411 AMBIANENSI.

1375 2506 1660 2577 (MABILL.,
1692 2505 1806 2561 Act.
1837 2504 1930 2561 SS.
1962 2504 2186 2577 Bened.,
2217 2505 2313 2577 VI,
2344 2505 2497 2577 507.)

1124 2791 1308 2858 Quem
1336 2790 1483 2861 tegit
1511 2789 1608 2845 hic
1634 2788 1903 2847 tumulus
1928 2789 2288 2847 lectissimus
2314 2789 2725 2860 Angelirannus

1191 2878 1385 2949 Hujus
1413 2878 1663 2934 cmnobii
1691 2882 1894 2951 pastor
1921 2882 1979 2935 et
2007 2880 2161 2936 abba
2189 2879 2301 2937 fuit
2332 2898 2347 2937 :

1123 2966 1254 3025 Dux
1280 2968 1475 3041 gregis
1505 2966 1793 3039 Ecclesia),
1826 2968 2184 3025 monachum
2214 2985 2349 3042 spes
2378 2967 2581 3027 inclita
2608 2968 2761 3041 vitae,

1121 3056 1281 3113 Vixit
1309 3061 1368 3113 et
1396 3056 1457 3113 in
1488 3058 1710 3113 muudo
1740 3058 2025 3127 mundus,
2055 3062 2114 3114 et
2139 3057 2199 3113 in
2230 3058 2479 3114 Domino

648 3260 1227 3360 EJUSDEM
1296 3260 1896 3357 GUIDONIS
1965 3260 2450 3357 VERSUS
2520 3260 2685 3355 DE
2752 3261 3222 3361 EODEM.

1125 3483 1325 3541 Ahbas
1352 3482 1739 3554 Angelrannus
1763 3482 1958 3540 loculo
1987 3499 2114 3556 quae
2145 3483 2399 3556 paucula
2427 3487 2632 3540 nostro

1124 3572 1402 3641 Contulit,
1432 3572 1527 3628 hic
1558 3572 1765 3629 retinet
1793 3572 2052 3645 scriptus
2081 3571 2182 3645 qui
2212 3572 2472 3629 cernitur
2495 3571 2686 3629 albus.

1124 3662 1323 3720 Sancti
1351 3662 1644 3731 Vincenti,
1678 3678 1904 3718 necnon
1934 3662 2135 3719 Sancti
2160 3661 2459 3719 Benedicti

1123 3750 1439 3807 Ecclesiam
1469 3750 1706 3819 struxit,
1732 3750 1939 3807 cellam
1964 3751 2337 3824 inﬁrmisque
2367 3751 2615 3824 paravit.

1122 3842 1174 3893 Α
1201 3838 1600 3895 fundamentis
1629 3838 1980 3895 instauravit
2006 3839 2348 3912 paradisum
2377 3856 2391 3895 :

1124 3926 1345 3984 Alteris
1373 3926 1526 3983 Petri
1546 3926 1810 3984 tabulam
1840 3943 2188 4001 componere
2219 3928 2355 3985 fecit
2387 3947 2401 3986 :

1123 4014 1450 4072 Thuribula
1476 4032 1546 4072 ex
1573 4020 1811 4089 argento
1841 4016 2021 4074 etiam
2053 4017 2304 4074 conﬂare
2333 4016 2602 4091 gemelle.

1125 4104 1361 4160 Librum
1390 4105 1708 4177 Evangelii,
1740 4105 1931 4162 sancti
1960 4106 2275 4177 Vitamque
2304 4105 2540 4162 Richari

1125 4192 1319 4265 Ipsius
1348 4193 1612 4249 studium
1646 4209 1805 4249 mero
1835 4198 2077 4267 argento
2108 4195 2424 4252 decoravit.

1123 4280 1226 4336 Est
1253 4285 1311 4336 et
1339 4280 1941 4352 Episto-liber-larum
1971 4288 2147 4356 atque
2177 4282 2626 4357 Evangeliorum

1122 4370 1316 4443 Ipsius
1347 4373 1586 4442 argento
1617 4385 1794 4441 quem
1826 4371 2125 4428 industria
2150 4389 2363 4445 nempe
2394 4375 2638 4447 paravit.

1124 4459 1318 4532 Ipsius
1349 4461 1524 4530 atque
1552 4456 1703 4514 calix
1734 4458 1929 4515 studio
1959 4460 2275 4532 praeclarus
2305 4461 2509 4516 haberi

1120 4547 1394 4605 Cernitur
1421 4547 1701 4619 adiuncta
1730 4546 1969 4604 sibimet
1997 4564 2131 4604 cum
2160 4546 2327 4604 lance
2356 4548 2605 4603 decenti.

1128 4637 1340 4694 Praeter
1368 4640 1424 4693 et
1453 4636 1611 4693 hunc
1641 4635 1795 4693 alius
1825 4652 2002 4709 quem
2033 4637 2094 4691 in
2124 4636 2326 4692 missis
2356 4651 2591 4708 semper
2614 4634 2869 4693 habebat
2900 4651 2913 4689 :

1123 4726 1318 4783 Unum
1348 4724 1600 4792 dorsale,
1632 4729 1690 4781 et
1717 4725 1828 4782 tria
1852 4725 2032 4799 pallia
2058 4742 2236 4797 quam
2266 4724 2542 4797 pretiosa.

1122 4816 1331 4873 Terras
1360 4815 1610 4871 servavit
1647 4831 1945 4887 pervasas,
1976 4819 2152 4887 atque
2179 4814 2428 4870 redemit
2460 4831 2474 4867 :

1128 4905 1294 4962 Sicut
1320 4904 1663 4976 Noguerias,
1696 4903 2060 4976 Gaspannas,
2094 4908 2151 4959 et
2184 4902 2560 4970 Drusiacum;

1125 4992 1459 5050 Guibrentri
1489 4991 1819 5061 ecclesiam,
1852 4992 2147 5060 Froocort,
2176 4991 2514 5063 montisque
2541 4990 2862 5058 Rochonis;

1127 5082 1442 5139 Ecclesiam
1470 5082 1625 5138 Sacri
1655 5082 1877 5154 Campi,
1910 5081 2249 5137 discrimine
2295 5080 2419 5135 diro

1124 5177 1273 5227 Dum
1304 5172 1503 5244 plures
1532 5170 1836 5241 trahitant,
1869 5174 1934 5225 ut
1963 5187 2100 5243 pars
2129 5169 2422 5225 contraria
2446 5171 2661 5237 vincat,

1124 5266 1427 5317 Detractus
1458 5259 1662 5315 multis
1692 5260 1878 5316 multa
1904 5264 1961 5316 et
1989 5276 2303 5332 perpessus
2332 5258 2574 5329 iniquis,

1126 5352 1261 5417 Quae
1294 5367 1474 5423 supra
1504 5350 1699 5419 retuli,
1731 5365 1957 5405 necnon
1989 5346 2342 5421 quamplura
2367 5348 2611 5420 peregit,

1124 5444 1337 5495 Actum
1366 5439 1450 5493 sic
1480 5442 1547 5494 ut
1571 5437 1649 5494 sit
1676 5437 1909 5494 Domini
1936 5436 2183 5494 scientia
2212 5436 2405 5503 novit;

1128 5528 1427 5585 Excedunt
1453 5527 1588 5584 libri
1619 5542 1934 5584 numerum
1965 5542 2113 5601 quos
2141 5526 2268 5599 ipse
2298 5525 2550 5583 novavit.
