4062 6546
345 426 407 488 i3
1262 414 1860 478 ECCLESlASTlC/E
1900 409 2281 472 lilSTOiiLE
2327 410 2468 470 LIB.
2509 409 2673 470 VIlI-
3523 405 3585 468 l4

339 525 451 589 λὶου
487 532 657 588 παῖδα
684 532 764 595 είς
796 532 983 601 λέχους
1026 528 1315 583 κοινωνίαν
1360 525 1540 579 λαϐὼν
1561 543 1574 557 ο
1614 524 1712 578 καὶ
1743 525 1910 593 ἄμφω

2019 518 2181 575 filiam
2232 534 2455 572 uxorem
2489 517 2648 573 (luxit
2684 537 2694 570 :
2729 533 2852 573 cum
2888 514 3108 587 quidem
3151 527 3379 586 ttferqtte
3420 532 3582 586 quam

340 628 397 681 δι
424 625 494 687 ἃς
542 622 690 694 εἶχον
722 624 987 694 πρότερον
1018 619 1284 691 γαμετὰς,
1325 620 1390 688 τῇ
1433 616 1569 687 πρὸς
1613 616 1736 678 τοὺς
1775 633 1905 685 κρα-

338 716 567 779 τοῦντας
626 717 829 783 στοργῇ
882 714 1173 769 ἀπέλιπον.
1218 712 1280 763 Ὀ
1341 710 1441 778 μὲν
1493 704 1588 762 οὖν
1641 708 1908 769 Κώνστας

341 803 673 875 Βρεταννίας
701 799 839 873 ἦρχε
870 802 965 854 καὶ
996 802 1248 855 ’Λλπεων
1278 801 1370 853 καὶ
1401 799 1513 852 τῶν
1546 799 1659 853 ἄνω
1689 814 1747 850 τε
1774 798 1910 851 Γαλ-

339 897 472 953 λιῶν
500 914 515 930 ο
549 899 862 968 δυσέμὸολα
891 899 947 951 δὲ
976 896 1149 951 ταῦτα
1178 898 1355 968 χωρία
1392 914 1451 949 τε
1498 896 1591 950 καὶ
1638 895 1910 966 δυσπρόσ-

341 992 453 1046 οδα.
501 992 713 1062 Χρόνου
757 992 802 1045 δ’
833 992 1059 1063 ἥκοντος
1108 989 1367 1060 πρέσϐεις
1403 990 1498 1042 καὶ
1546 988 1708 1054 αὐτὸς
1740 990 1796 1052 ὲς
1843 988 1910 1058 ἢν

341 1084 540 1154 ἐστάλη
602 1085 904 1154 πρεςεείαν
939 1084 1211 1152 ἔπεμπεν,
1265 1082 1466 1153 ἄνδρας
1516 1082 1662 1150 γένει
1712 1082 1910 1150 διαφα-

340 1180 469 1240 νεῖς.
516 1176 672 1230 Ἐπεὶ
710 1179 765 1231 δὲ
797 1179 890 1230 καὶ
916 1171 1063 1231 οὗτοι
1095 1176 1237 1229 κατὰ
1258 1175 1320 1228 τὸ
1339 1175 1619 1246 Δρέπανον
1646 1175 1910 1242 γένοιντο,

340 1272 403 1340 τῇ
435 1270 587 1339 οἰκίᾳ
634 1271 1014 1336 έπιξενοῦνται
1057 1269 1156 1339 τῆς
1200 1269 1294 1323 τοῦ
1338 1268 1750 1322 Κωνσταντίνου
1811 1285 1914 1337 μη-

340 1363 491 1431 τρός.
547 1362 762 1428 Παίζων
790 1361 846 1413 »δ’
876 1364 904 1414 ὁ
958 1363 1110 1425 παῖς,
1152 1361 1286 1432 πρός
1319 1378 1466 1423 τινος
1492 1361 1599 1413 τῶν
1631 1359 1913 1427 πρέσϐεων

342 1455 699 1523 παρωξύνετο
724 1468 737 1484 ·
766 1454 861 1507 καὶ
890 1452 1176 1523 ἀσχάλλων
1216 1455 1324 1515 τοῖς
1351 1451 1685 1522 εἰρημένοις,
1718 1452 1777 1504 ού
1818 1469 1914 1505 κα-

341 1545 553 1608 θεκτῶς
611 1541 728 1617 εῒχε
775 1548 840 1616 τῇ
881 1546 1054 1615 μητρὶ
1101 1545 1400 1615 ἐπίδακρυς
1448 1546 1712 1614 προσῑών.
1765 1544 1830 1598 Ἡ
1866 1542 1911 1596 δ’

350 1637 540 1707 Ἑλένη
572 1638 633 1691 τὸ
661 1639 792 1708 περὶ
817 1639 907 1692 τὸν
930 1637 1099 1692 παῖδα
1127 1638 1313 1709 δρᾶμα
1346 1636 1591 1706 προῆγεν
1614 1639 1692 1700 εἰς
1725 1637 1909 1707 μέσονο

338 1723 411 1785 ὡς
462 1725 745 1789 βασιλικὸς
807 1726 905 1795 μὲν
955 1726 1040 1794 εἴη
1079 1725 1374 1794 σκύμνοςό
1425 1728 1589 1789 παῖςο
1633 1724 1808 1795 ἀληθῆ
1855 1725 1914 1780 δὲ

343 1815 527 1867 πίστιν
562 1817 793 1885 παρεῖχε
842 1818 953 1878 τοῖς
991 1815 1169 1881 λόγοις
1211 1816 1236 1868 ὃ
1261 1833 1319 1868 τε
1353 1815 1448 1868 τοῦ
1493 1815 1683 1880 παιδὸς
1737 1833 1913 1887 χαρα-

2017 620 2175 664 autca
2213 611 2478 667 habuerat
2508 614 2819 681 coiijugem,
2849 619 3076 681 propter
3105 626 3227 665 eam
3253 626 3423 693 qnam
3455 626 3584 677 erga

2020 702 2382 772 imperatores
2409 705 2668 773 gerebant
2695 705 2864 759 animi
2892 704 3239 760 atiectionem
3268 714 3323 760 et
3355 720 3589 774 propen-

2016 792 2252 859 sionem,
2288 796 2648 863 repudiasset.
2684 796 2965 851 Constanti
3000 796 3304 859 Britannia,
3336 798 3502 865 Alpes
3534 809 3589 849 et

2017 884 2190 940 Gallia
2224 888 2472 956 Superior
2499 887 2782 957 provincia
2816 886 3064 951 obvenit,
3091 888 3244 942 aditu
3273 896 3329 942 et
3363 903 3586 943 accessu

2019 974 2269 1031 dilliciles
2311 977 2581 1048 regiones.
2625 979 2802 1034 Annis
2842 980 3052 1049 aliquot
3094 979 3589 1040 intercedentibus.

2018 1082 2130 1136 quo
2160 1067 2275 1138 ipse
2302 1081 2461 1124 antea
2488 1070 2698 1140 legatus
2731 1071 2934 1127 missus
2962 1072 3159 1135 fuerat,
3186 1079 3436 1126 oratores
3460 1087 3591 1141 quo-

2022 1174 2129 1227 que
2158 1160 2239 1214 ire
2263 1161 2442 1231 jubet,
2472 1165 2622 1218 viros
2644 1179 2845 1235 genere
2875 1164 3075 1219 claros.
3099 1163 3369 1243 Caeterum
3402 1174 3457 1219 et
3486 1165 3588 1227 illi,

2020 1267 2145 1306 cum
2179 1254 2490 1324 Drepanum
2523 1256 2690 1311 delati
2725 1266 2934 1321 essent,
2966 1257 3206 1328 hospitio
3239 1258 3430 1313 matris
3446 1257 3592 1314 Cou-

2019 1346 2248 1401 stantini
2276 1348 2655 1418 excipiuntur.
2690 1350 2789 1407 Ulli
2827 1366 2963 1420 puer
2990 1351 3208 1417 ludens,
3236 1353 3306 1409 ab
3331 1368 3441 1407 uno
3472 1369 3593 1415 ora-

2021 1447 2200 1493 torum
2226 1439 2294 1494 ad
2322 1441 2492 1497 animi
2520 1443 2880 1498 acerbitatem
2906 1460 3006 1514 per
3036 1446 3475 1517 objurgationem
3507 1459 3593 1502 est

2020 1542 2351 1589 commotus.
2385 1532 2558 1602 Cujus
2600 1534 2765 1590 verba
2813 1534 2902 1590 ille
2935 1551 3081 1607 agre
3128 1538 3592 1609 iu'ipatientcrque

2020 1617 2228 1681 ferens,
2263 1621 2517 1691 lacrymis
2544 1624 2786 1693 profusis
2812 1626 2880 1680 ad
2914 1634 3145 1683 matrem
3179 1630 3463 1697 querelam
3497 1631 3593 1686 dc-

2021 1712 2144 1767 fert.
2183 1712 2321 1769 Tum
2362 1715 2449 1771 illa
2494 1732 2610 1771 rem
2653 1733 2872 1775 omnem
2919 1721 2987 1776 de
3027 1738 3201 1793 puero
3246 1724 3304 1779 in
3348 1725 3588 1780 medium

2022 1803 2302 1872 producit,
2330 1808 2466 1878 regii
2494 1824 2816 1866 asseverans
2841 1814 3122 1883 sanguinis
3148 1830 3290 1872 esse.
3326 1820 3392 1872 lit
3426 1821 3591 1873 verba

339 1905 480 1976 κτὴρ
512 1882 831 1975 ἀκραιφνῶς
860 1906 952 1959 τὸν
987 1906 1323 1961 Κώνσταντα
1358 1908 1682 1976 διαγράφων
1705 1882 1828 1971 ,ὲτὶ
1858 1907 1914 1960 δὲ

2020 1910 2084 1951 ea
2116 1897 2277 1952 facile
2301 1901 2725 1976 confirmabant.
2749 1920 2872 1958 cum
2900 1906 3054 1974 pueri
3086 1906 3278 1969 facies,
3304 1925 3426 1978 qua:
3452 1909 3595 1964 Cou-

342 1999 438 2051 καὶ
476 1998 537 2051 ὂν
565 2000 600 2065 ἡ
634 1998 892 2069 πορφύρα
926 1998 1131 2061 πέπλος
1161 1998 1442 2069 ἐπέχρωσε
1479 1999 1576 2067 τῆς
1606 1998 1764 2070 θὶὄης
1791 2000 1918 2066 ἐξα-

343 2090 611 2157 γαγοῦσα.
649 2090 738 2152 Ὠς
770 2089 826 2142 δὲ
857 2088 1099 2143 κάκεῖνοι
1146 2090 1207 2141 τὸ
1248 2088 1384 2158 πρὸς
1421 2088 1619 2159 βουλῆς
1649 2090 1727 2160 τῷ
1757 2089 1916 2144 Κών-

345 2199 528 2236 σταντι
577 2182 1033 2252 ἐκπληρώσαντες
1080 2184 1380 2251 ἐπανῆκον,
1412 2183 1483 2236 τά
1528 2200 1588 2236 τε
1636 2183 1771 2237 ἄλλα
1819 2185 1916 2253 τῆς

344 2275 647 2346 πρεσϐείας
694 2276 1009 2344 κατέλεγον,
1062 2277 1419 2346 προσετίθουν
1457 2276 1515 2331 δὲ
1547 2277 1639 2330 καὶ
1679 2277 1747 2331 τὰ
1778 2276 1921 2331 κατὰ

344 2368 436 2422 τὸν
474 2369 641 2423 παῖδα
672 2371 1082 2427 Κωνσταντῖνον
1103 2385 1118 2400 ·
1164 2369 1237 2431 ὡς
1272 2369 1474 2441 ὡραῖόν
1506 2387 1563 2424 τε
1594 2373 1688 2425 καὶ
1720 2370 1920 2440 εὐφυὲς

345 2463 633 2533 μειράκιον
657 2464 746 2532 εἴη
768 2478 782 2492 ⁸
809 2463 1160 2535 σκιρτήματα
1195 2461 1251 2515 δὲ
1285 2463 1541 2532 βασιλικὰ
1561 2463 1917 2531 διαδείκνυσι,

344 2556 441 2609 καὶ
471 2556 661 2625 σχεδὸν
685 2556 805 2608 ὅλον
837 2553 1006 2608 αὐτοῦ
1036 2554 1129 2607 τὸν
1158 2553 1327 2609 τύπον
1354 2556 1677 2625 ἀκραιφνῶς
1706 2558 1919 2627 ἀναμά-

345 2642 516 2708 ξαιτο.
551 2645 814 2707 Κώνστας
865 2643 922 2695 δὶ
960 2643 1357 2712 μετάπεμπτον
1404 2642 1566 2707 εὐθὺς
1601 2644 1776 2698 ἐποίει
1826 2646 1919 2701 τὸν

344 2739 513 2793 παῖδα
542 2738 641 2791 σὺν
663 2740 730 2808 τῇ
763 2736 954 2807 μητρί.
994 2737 1146 2789 Ἐπεὶ
1173 2738 1229 2793 δὲ
1263 2738 1336 2808 μή
1368 2754 1421 2790 τι
1444 2736 1652 2791 aedilicio
1677 2741 1803 2804 παῖς
1827 2741 1920 2794 καὶ

341 2832 377 2904 tl
405 2833 592 2903 μήτηρ
623 2830 712 2883 διὰ
741 2829 801 2883 τὸ
829 2828 1136 2899 ζηλότυπον
1157 2828 1251 2896 τῆς
1287 2828 1543 2896 γυναικὸς
1580 2829 1827 2902 ὑφεὼρα.
1859 2831 1919 2884 τδ

340 2902 489 2979 ἰατά
508 2922 612 2994 τὴν
641 2922 866 2991 Ἑλένην
890 2918 1082 2990 ὥσπερ
1112 2920 1285 2990 ἐχρῆν
1308 2920 1606 2990 διῳκήσας,
1633 2920 1722 2974 τὸν
1754 2922 1917 2976 παῖδα

346 3013 527 3084 πολλῷ
555 3012 787 3084 ὕστερον
813 3012 957 3066 κατὰ
984 3011 1083 3083 τὴν
1115 3012 1464 3083 Νικομήδους
1488 3011 1774 3084 ἀνέπεμπε
1803 3016 1920 3068 Διο-

346 3106 647 3177 κλητιανῷ.
687 3106 799 3158 Ka‘t
827 3106 856 3159 ὁ
883 3104 985 3174 μὲν
1011 3099 1100 3157 οἷά
1122 3121 1174 3157 τι
1201 3104 1460 3175 ἐνέχυρον
1489 3106 1600 3167 τοίς
1622 3104 1919 3176 βασιλείοις

2021 1988 2220 2043 stantis
2267 1989 2478 2045 vultum
2532 1994 2781 2063 apprime
2839 1995 3133 2064 referebat,
3178 2007 3294 2053 tum
3345 2016 3591 2069 purpura

2021 2079 2097 2134 illi
2144 2080 2346 2137 infecta
2376 2083 2566 2149 vestis,
2602 2100 2765 2154 quam
2816 2100 2884 2142 ex
2927 2102 3055 2142 arca
3100 2090 3299 2145 mulier
3337 2094 3586 2162 protulit.

2019 2175 2199 2242 Atque
2231 2175 2268 2230 ii
2298 2190 2520 2246 quoque
2555 2176 2827 2248 legatione
2865 2194 2933 2233 ex
2966 2180 3286 2237 Constantis
3314 2184 3593 2240 sententia

2021 2264 2293 2332 confecta,
2335 2267 2390 2322 iu
2439 2268 2670 2338 patriam
2727 2271 2959 2334 reversi,
3000 2283 3126 2326 eum
3156 2273 3290 2329 alias
3347 2275 3595 2333 muneris

2021 2357 2105 2410 sui
2145 2372 2234 2412 res
2272 2357 2351 2412 illi
2389 2372 2717 2429 exposuere,
2757 2370 2868 2416 tum
2914 2362 2980 2417 de
3020 2379 3193 2434 puero
3236 2366 3399 2421 etiam
3445 2370 3595 2423 Cou-

2020 2448 2186 2504 stanti
2251 2451 2533 2517 retulere,
2592 2454 2896 2510 formosum
2950 2472 3077 2513 eum
3138 2459 3593 2534 ingeniosnmque

2020 2540 2496 2600 adolescentulum
2550 2556 2734 2618 gestus
2789 2549 2955 2605 edere
3018 2552 3221 2623 regios.
3265 2564 3333 2610 et-
3379 2558 3590 2613 vultum

2022 2635 2590 2709 constitutionemque
2640 2642 2759 2712 ejus
2803 2642 2920 2697 fere
2963 2659 3184 2701 omnem
3236 2649 3454 2718 egregie
3502 2667 3590 2706 re-

2023 2726 2188 2782 ferre.
2217 2727 2391 2795 Quam
2419 2731 2491 2787 ob
2515 2746 2737 2787 causam
2765 2733 3035 2792 Constans
3062 2737 3231 2793 filium
3268 2742 3448 2796 statim
3485 2760 3534 2796 ιιι
3558 2764 3591 2800 a

2021 2835 2147 2874 cum
2182 2829 2365 2878 matre
2393 2822 2464 2879 ad
2496 2840 2555 2879 se
2588 2825 2972 2884 adducendum
3002 2831 3234 2886 curavit.
3265 2832 3422 2906 531
3453 2837 3590 2893 Cum

2021 2925 2154 2966 vero
2201 2922 2471 2971 metueret
2523 2931 2591 2973 ne
2634 2918 2768 2989 quid
2819 2921 2902 2976 vel
2947 2937 3121 2991 puero
3170 2926 3257 2980 vel
3309 2931 3467 2984 matri
3522 2932 3591 2985 ab

2023 3018 2194 3059 uxore
2239 3020 2338 3060 sua
2384 3022 2481 3076 per
2528 3008 2856 3082 zelotypiam
2896 3022 2956 3068 et
2996 3016 3335 3088 coniugalem
3370 3025 3594 3077 ieiunia-

2024 3092 2227 3148 tionem
2280 3097 2587 3163 accideret,
2636 3098 2858 3157 Helena:
2912 3104 3046 3173 ipsi,
3096 3108 3260 3164 sicuti
3323 3109 3589 3180 decelnat,

342 3199 605 3269 διέτρισε,
656 3196 979 3266 δομέστικος
1038 3197 1443 3269 προχειρισθεὶς
1503 3198 1613 3250 τῶν
1665 3199 1913 3270 σχολῶν·

2024 3188 2325 3258 prospexit,
2361 3206 2599 3260 puerum
2640 3203 2822 3253 autem
2862 3197 3144 3267 aliquanto
3184 3211 3305 3269 post
3343 3203 3594 3261 Nicmue-

345 3294 569 3363 γενναῖα
604 3291 660 3345 δὲ
694 3291 875 3363 χειρὸς
902 3289 1041 3362 ἔργα
1072 3290 1539 3360 διαπραξάμενος,
1570 3292 1783 3355 ὲθείαζε
1816 3293 1915 3363 μὲν

341 3388 411 3442 τὰ
462 3385 808 3458 Χριστιανῶν
857 3383 1078 3455 ἡρέμαο
1129 3383 1328 3455 ἤχθετο
1361 3384 1418 3437 δὲ
1463 3386 1530 3456 τῇ
1592 3385 1764 3457 πολλῇ
1809 3387 1917 3440 τῶν

345 3480 698 3552 κρατούντων
732 3475 1156 3548 δεισιδαιμονίᾳ,
1190 3476 1285 3530 καὶ
1324 3477 1408 3531 ὅτι
1457 3480 1523 3549 τῇ
1572 3479 1739 3550 πολλῇ
1781 3482 1918 3550 ἐφήυ

343 3571 498 3625 δοντο
520 3570 629 3623 τῶν
664 3568 963 3639 μαρτύρων
992 3569 1201 3637 σφαγῇ.
1237 3568 1325 3633 Ὠς
1348 3568 1404 3622 δέ
1431 3571 1524 3623 καὶ
1551 3574 1916 3640 μαγγανείαις

246 3699 251 3705 -
343 3663 408 3733 δή
444 3680 587 3716 τισιν
616 3663 780 3715 adadv
832 3662 993 3731 μόνον
1027 3660 1126 3729 τῆς
1160 3660 1289 3730 ὅλης
1331 3660 1510 3730 ἀρχῆς
1544 3663 1789 3733 ἐγκρατῆ
1820 3682 1915 3732 γε.

343 3754 558 3820 νέοθαι,
585 3754 681 3806 καὶ
723 3752 822 3820 τὴν
852 3753 966 3806 τῶν
1014 3750 1248 3804 εἰδώλων
1301 3750 1602 3821 θρησκείαν
1631 3753 1694 3806 ἐκ
1745 3756 1913 3823 μέσου

346 3850 525 3901 ποιείν
562 3848 613 3899 οἱ
667 3847 795 3916 περὶ
823 3844 1212 3912 Διοκλητιανδν
1262 3844 1543 3915 εὕρισκον,
1592 3848 1672 3905 είς
1720 3848 1917 3916 φθόνον

343 3931 769 4006 ἁνερῤιπίζοντο
794 3948 810 3965 ⁸
853 3930 948 3985 καὶ
997 3930 1135 4001 δόλῳ
1184 3930 1277 3983 τὸν
1314 3931 1527 3983 ἐκείνου
1570 3934 1728 4001 φόνον
1775 3929 1917 4005 ἦσαν

345 4023 784 4097 ἑμμελετῶντες.
835 4024 901 4075 Ὃ
951 4022 1114 4089 γνοὺς
1148 4021 1583 4085 Κωνσταντῖνος.
1634 4023 1771 4093 πρὸς
1826 4027 1916 4079 τὸν

345 4120 562 4189 πατέρα
589 4117 885 4172 διέϐαινεν.
941 4112 1093 4167 Ἐπεὶ
1125 4112 1172 4167 δ’
1213 4114 1272 4165 έν
1312 4114 1650 4179 τελευταίαις
1684 4118 1775 4172 τίιν
1814 4137 1917 4173 τια-

343 4212 480 4281 τὲρα
512 4209 834 4279 κατειλήφει
864 4206 1183 4268 ἀναπνοαῖς.
1231 4204 1332 4277 ἤδη
1356 4206 1414 4259 δὲ
1442 4207 1538 4260 καὶ
1564 4209 1622 4272 ἐς
1649 4209 1918 4280 διαθήκας

344 4304 717 4375 ηὐτρέπιστοο
753 4302 948 4373 ἐκείνῳ
985 4294 1072 4355 οἷα
1100 4298 1166 4369 δὴ
1195 4298 1264 4353 τὰ
1295 4298 1643 4370 Χριστιανῶν
1672 4302 1918 4375 ἑλομένῳ

343 4399 405 4451 τὸ
439 4398 642 4468 κράτος
687 4396 850 4464 ἐφίει,
884 4396 1011 4460 τοὺς
1042 4399 1106 4449 ἐκ
1154 4396 1262 4450 τῶν
1303 4397 1545 4466 γνησίων
1583 4398 1916 4468 σπερμάτων

342 4491 442 4561 τῆς
471 4491 755 4561 Θεοδὼρας
787 4490 1187 4562 παρωσάμενος
1219 4489 1415 4552 παῖδας
1440 4504 1455 4519 ·
1488 4488 1651 4551 αὐτὸς
1685 4488 1915 4551 οἰκείαις

2021 3282 2165 3335 diam
2196 3285 2262 3338 ad
2296 3284 2697 3343 Diocletianum
2729 3290 2899 3346 misit.
2935 3291 3013 3346 lbi
3048 3293 3137 3349 ille
3184 3295 3241 3349 in
3286 3296 3590 3367 imperato-

2022 3374 2105 3429 rio
2137 3376 2366 3445 palatio,
2401 3379 2632 3449 perinde
2666 3390 2831 3451 atque
2868 3385 3069 3454 pignus
3104 3387 3382 3456 quoddam
3429 3392 3594 3463 dege-

2021 3465 2134 3528 bat,
2158 3466 2495 3526 domesticus
2524 3472 2839 3529 Scholarum
2865 3490 3106 3533 creatus.
3136 3479 3199 3533 Et
3228 3479 3388 3536 fortia
3421 3500 3587 3538 manu

2020 3575 2289 3631 peragens
2319 3561 2585 3630 facinora,
2620 3564 3061 3623 Christianorum
3105 3586 3265 3627 sacra
3295 3576 3501 3630 sensim
3533 3587 3590 3632 et

2018 3653 2237 3735 occulte
2268 3666 2351 3711 est
2384 3657 2744 3725 complexus,
2778 3668 2836 3714 et
2870 3660 3250 3731 imperatores,
3281 3667 3377 3735 qui
3413 3679 3594 3725 tanto—

2017 3759 2149 3813 pere
2182 3762 2332 3799 vanze
2373 3749 2754 3816 superstitioni
2790 3751 2963 3808 dediti
3003 3764 3209 3819 essent.
3253 3767 3309 3812 et
3350 3760 3589 3829 plurima

2020 3848 2319 3909 martyrum
2365 3840 2514 3897 caede
2557 3841 2988 3907 oblectarentur.
3045 3849 3372 3905 detestatus.
3419 3853 3593 3908 Poro

2020 3938 2082 3985 ut
2138 3929 2609 3990 incantationibus
2661 3936 3209 4012 divinationibnsque
3258 3946 3587 4013 quibusdam

2018 4022 2395 4080 Diocletianus
2424 4028 2706 4097 cognovit,
2740 4027 2921 4099 ipsum
2952 4030 3374 4091 Constantinum
3410 4038 3589 4094 solum

2019 4129 2231 4169 summa
2267 4131 2449 4170 rerum
2488 4127 2546 4172 et
2579 4118 2814 4188 imperio
2845 4121 3173 4190 potiturum,
3205 4124 3588 4198 idolorumque

2017 4205 2225 4260 cultum
2272 4208 2643 4277 sublaturum,
2680 4211 2807 4267 odio
2857 4228 2983 4286 erga
3023 4230 3149 4270 eum
3181 4226 3267 4272 est
3301 4234 3587 4283 accensus,

2016 4297 2423 4369 consiliumque
2463 4301 2752 4385 occidendi
2795 4304 2916 4374 ejus
2966 4306 3135 4376 cepit.
3174 4306 3291 4374 Qua
3332 4324 3393 4364 re
3430 4326 3588 4366 com-

2017 4384 2202 4458 perta,
2230 4389 2629 4449 Constantinus
2680 4384 2746 4448 ad
2793 4405 2999 4464 patrem
3030 4413 3087 4452 se
3122 4401 3358 4455 contulit
3386 4418 3399 4455 :
3427 4418 3589 4472 quem

2015 4483 2124 4551 jam
2155 4496 2475 4552 supremum
2503 4501 2677 4555 prope
2709 4488 3015 4542 trahentem
3045 4490 3322 4558 spiritum,
3352 4502 3409 4549 et
3442 4494 3589 4549 eirea

341 4556 502 4656 χερσὶ
550 4556 694 4637 κατά
749 4556 1116 4651 Βρετταννίαν
1171 4581 1262 4635 τὸν
1311 4580 1594 4651 βασιλικὸν
1649 4581 1914 4650 στέφανον

2023 4583 2412 4630 testamentum
2471 4578 2820 4633 eondcndum
2874 4593 3203 4651 occupatum
3257 4588 3491 4655 reperit;
3530 4588 3589 4643 in

341 4675 492 4745 αὐτῷ
520 4675 789 4746 περιθεὶς,
819 4673 878 4739 ἓξ
904 4672 1005 4743 μὶν
1031 4674 1124 4726 καὶ
1167 4673 1507 4742 πεντήκοντα
1533 4670 1702 4739 ζήσας
1729 4672 1912 4725 ὲνιαυ-

339 4768 490 4830 τοὺς,
529 4769 680 4836 τρεῖς
710 4767 767 4818 δὲ
813 4765 908 4819 καὶ
937 4765 1112 4819 εῐκοσι
1139 4764 1348 4817 τούτων
1390 4765 1793 4835 ἡγεμονεύσας,
1831 4765 1913 4819 λι-

345 4861 452 4931 μὴν
475 4859 744 4922 ἄκλυστος
792 4862 903 4920 τοῖς
942 4859 1192 4912 εὐσεϐεῖν
1243 4859 1540 4929 ᾑρημένοις
1592 4857 1910 4928 γενόμενος.

341 4952 454 5005 Καὶ
481 4954 509 5005 ὁ
542 4952 643 5018 μὲν
701 4952 1110 5013 Κωνσταντῑνος
1150 4948 1293 5003 οὕτω
1322 4950 1419 5019 τὴν
1457 4950 1632 5021 ἀρχὴν
1668 4950 1915 5014 ἁναζώνο

338 5061 538 5108 votat,
596 5045 695 5113 τῆς
751 5044 1136 5114 διακοσιοστῆς
1190 5043 1601 5114 ἑϐδομηκοστῆς
1655 5045 1915 5114 πέμπτης

339 5136 654 5207 ἀρχομένης
708 5136 1115 5205 Ὀλυμπιάδος’
1168 5136 1306 5205 ὅπερ
1359 5135 1478 5188 ἐστὶ
1533 5136 1739 5204 κόσμου
1795 5135 1912 5198 ἔτος

338 5230 883 5299 πεντακισχιλιοστὸν
919 5227 1339 5282 ὀκτακοσιοστδν
1390 5227 1643 5295 πέμπτον
1694 5229 1790 5281 καὶ
1828 5226 1914 5280 δέ·

336 5339 526 5377 κατον.

2018 4679 2127 4735 quo
2158 4665 2235 4720 illi
2266 4667 2707 4725 Christianorum
2737 4672 3059 4743 religionem
3089 4679 3455 4743 consectanti,
3490 4681 3594 4733 im-

2020 4758 2237 4828 perium
2295 4770 2732 4833 potestatemque
2790 4779 2945 4818 suam
3005 4766 3286 4838 reliquit:
3337 4771 3589 4840 reliquis.

2019 4866 2158 4919 quos
2198 4866 2264 4905 ex
2314 4852 2604 4908 Thcodora
2646 4867 2968 4926 susceperat
3002 4859 3214 4923 liberis,
3257 4864 3588 4932 praeteritis;

2019 4942 2136 5012 ipse
2171 4960 2392 5016 quoque
2442 4947 2697 5003 manibus
2738 4950 2877 5012 suis.
2917 4952 2970 5004 iu
3008 4951 3286 5007 Britannia
3327 4970 3588 5009 coronam

2018 5034 2357 5107 imperialem
2393 5040 2441 5094 ei
2476 5041 2763 5110 imposuit,
2794 5041 3192 5114 quinquaginta
3234 5054 3290 5099 et
3331 5060 3427 5100 sex
3460 5057 3590 5102 tuta-

2019 5128 2109 5196 tis,
2136 5131 2313 5186 tribus
2344 5147 2475 5187 vero
2505 5143 2561 5189 et
2589 5134 2785 5204 viginti
2818 5134 3037 5204 imperii
3067 5137 3272 5189 exactis
3300 5139 3462 5193 annis
3485 5140 3587 5210 (i);

2015 5238 2140 5277 cum
2175 5225 2398 5293 quidem
2438 5226 2718 5293 omnibus,
2749 5227 2843 5297 qui
2881 5242 3065 5282 veram
3101 5228 3362 5299 pietatem
3403 5232 3591 5287 colen-

2016 5319 2140 5374 dam
2176 5322 2502 5377 statuissent
2540 5332 2689 5378 tutus
2722 5332 2777 5378 et
2806 5324 3137 5393 tranquillus
3166 5324 3363 5382 fuisset
3395 5340 3587 5398 portu.

334 5428 390 5472 et
425 5418 754 5495 perfugium.
779 5417 856 5473 Eo
886 5418 1049 5473 modo
1075 5417 1475 5474 ConSIantinus
1506 5429 1791 5489 paternum
1856 5425 1942 5473 est
2018 5429 2349 5474 consecutus
2402 5420 2715 5489 imperium,
2757 5420 3135 5477 ducentesima
3189 5425 3588 5495 septuagesima

335 5512 530 5582 quinta
560 5512 785 5568 ineunte
812 5512 1124 5584 Olympiade
1155 5532 1167 5568 ;
1193 5513 1285 5582 qui
1320 5528 1500 5567 annus
1526 5521 1611 5568 est
1640 5529 1669 5566 a
1702 5511 1907 5567 mundo
1948 5512 2172 5567 condito
2210 5513 2507 5584 quinquies
2538 5513 2864 5571 millesimus
2894 5517 3386 5589 octingentesimus
3426 5517 3589 5587 quitr-

335 5623 426 5666 tus
452 5607 719 5663 decimus.

298 5734 309 5743 '
406 5726 488 5794 (l)
544 5724 609 5778 l9
657 5735 720 5780 ut
761 5722 965 5785 Cmsar.
996 5724 1046 5794 κδ
1096 5732 1156 5779 ut
1210 5722 1515 5794 Augustus.
1551 5720 1902 5794 Apud_alios

330 5792 629 5851 clnrunicos
660 5793 1211 5872 scriptoresinveuiu
1244 5792 1617 5872 olimpiadem
1807 5808 1904 5872 an-

333 5884 465 5922 nutu
498 5869 685 5921 mundi
716 5864 922 5921 conditi
956 5863 1114 5929 427i,
1161 5878 1363 5917 annum
1408 5864 1619 5917 Domini
1655 5863 1778 5918 510.
1811 5863 1900 5916 Bi-

2009 5720 2264 5775 bliander
2297 5720 2453 5790 ponit
2497 5736 2703 5779 annum
2742 5721 2933 5780 mundi
2974 5720 3184 5780 conditi
3228 5720 3371 5779 4289
3404 5730 3585 5778 atat:-

2015 5807 2145 5845 num
2183 5791 2402 5848 Domini
2432 5792 2557 5852 511.
