4034 6566
411 448 481 514 15
1599 440 2026 504 NlCEl’ltOltl
2063 439 2413 498 CALLISTI
3590 443 3655 507 ιδ

1007 557 1232 615 CAPUT
1286 557 1376 614 lli.
2006 553 2056 611 A

2006 553 2056 611 Α
2680 551 2930 608 ΚΕΦΔΛ.
2984 553 3058 610 Γθ.

410 656 475 710 Ut
526 653 904 708 Constantinus
935 659 1190 717 tyrannos
1257 650 1457 712 vicerit,
1513 657 1560 700 et
1613 645 1978 702 Christianam

2100 643 2195 710 Ὠς
2229 642 2350 717 τῶν·
2399 641 2709 717 tulerint-(er
2757 646 3136 717 περιεγένετο
3179 650 3653 717 Κωνστιιντῒνος.

822 712 1094 790 amplexus
1123 723 1190 775 sit
1222 720 1548 790 religionem.
1769 744 1774 748 -
2191 712 2287 766 και
2315 713 2394 779 ὼς

2191 712 2287 766 καί
2315 713 2394 779 ὠς
2423 715 2537 781 τὴν
2561 712 2945 782 Χριστιανῶν
2961 715 3288 783 ἠσπάσατο
3308 720 3541 774 πίστιν.

476 839 854 895 Diocletianus
885 846 1068 890 autem
1095 843 1151 889 et
1177 833 1561 896 Maximianus,
1589 831 1786 904 viginti
1817 829 1978 886 annis

2155 827 2537 898 Διοκλητιανδς
2581 827 2638 880 δὲ
2671 827 2765 880 καὶ
2809 828 3160 900 Μαξιμιανδς
3209 829 3328 894 ἔτος
3371 848 3475 885 που
3514 833 3655 886 είκο-

405 934 462 986 in
495 929 728 999 imperio
769 925 1209 981 administrando
1252 926 1567 994 completis,
1602 935 1826 993 propter
1853 938 1978 977 cer-

2086 919 2212 972 στὸν
2229 919 2580 984 διανύσαντες
2600 923 2854 992 τῇιὰρχῇ,
2883 922 3104 986 ἑκόντες
3127 924 3332 994 ταύτης
3353 925 3653 991 ἐξίσταντο.

406 1032 491 1076 tas
524 1035 740 1083 causas,
769 1033 826 1074 et
865 1018 1010 1084 quod
1045 1017 1178 1071 dura
1212 1017 1460 1086 quaedam
1488 1015 1731 1084 perpessi
1762 1024 1972 1076 essent,

2096 1012 2220 1067 Ἐπὶ
2271 1013 2378 1068 τίσι
2409 1015 2456 1068 δ’
2515 1015 2744 1080 αἰτίαις,
2793 1017 2890 1070 καὶ
2945 1015 3068 1070 τίνα
3123 1017 3454 1082 πεπονθότες
3485 1020 3654 1086 δεινὰ,

410 1123 746 1184 potestatem
781 1127 899 1166 eam
933 1106 1032 1166 sua
1078 1119 1272 1178 sponte
1305 1108 1409 1161 sibi
1445 1107 1582 1176 ipsis
1612 1107 1974 1176 abrogarent.

2084 1107 2204 1159 τινα
2241 1122 2300 1158 τε
2349 1109 2770 1178 προγράμματα
2805 1109 2926 1161 καθ’
2968 1108 3128 1177 ἡμῶν
3161 1111 3256 1162 καὶ
3309 1109 3449 1180 ὑπὲρ
3500 1111 3659 1181 ἡμῶν

407 1206 600 1272 Qualia
639 1211 824 1258 autem
855 1201 943 1255 vel
987 1211 1181 1256 contra
1213 1213 1338 1262 nos,
1383 1197 1467 1250 vel
1499 1197 1664 1251 etiam
1697 1211 1794 1265 pro
1819 1193 1980 1247 nobis

2084 1197 2474 1265 ἐνεστήσαντο,
2527 1199 2624 1252 καὶ
2673 1199 2817 1262 ὅσοις
2861 1201 2952 1253 τὸν
2987 1199 3128 1271 ὑπὲρ
3172 1202 3415 1270 Χριστοῦ
3469 1203 3659 1271 ἀγῶνα

408 1295 800 1368 preposuerint
853 1294 1057 1357 edicta,
1105 1301 1164 1346 et
1211 1301 1348 1360 quot
1383 1297 1684 1358 martyrum
1731 1287 1978 1340 millibus

2085 1287 2383 1358 διενεγκεῖν
2436 1289 2792 1357 κατέστησαν
2844 1290 3123 1360 πρόξενοι,
3182 1293 3336 1346 αὐτοί
3374 1311 3435 1346 τε
3491 1295 3584 1348 καὶ
3633 1297 3660 1348 ὁ

407 1401 630 1446 strenue
682 1403 783 1458 pro
833 1387 1042 1442 Christi
1092 1385 1320 1438 nomine
1369 1380 1820 1445 decertantihus,
1875 1379 1980 1448 ipsi

2089 1380 2209 1450 μετ’
2260 1383 2458 1444 αὐτοὺς
2493 1382 2821 1450 Μαξιμῖνος,
2855 1383 3050 1452 φθάνει
3095 1401 3156 1437 τε
3208 1387 3404 1455 μικρὸν
3437 1385 3660 1439 δπισθεν

408 1481 572 1536 simul
621 1491 675 1534 ct
720 1478 1050 1532 Maximinus
1083 1489 1380 1530 successor
1406 1487 1598 1528 eorum
1631 1470 1786 1526 necis
1813 1483 1978 1523 causa

2087 1474 2180 1524 καὶ
2212 1472 2351 1541 πρὸς
2384 1472 2585 1527 λεπτὸν
2615 1473 2930 1544 εἰρημένον.
2979 1475 3281 1543 Βίαξὲντιος
3310 1475 3356 1528 δ’
3380 1478 3437 1528 ὲν
3475 1475 3662 1550 Ῥώμῃ

406 1575 744 1636 exstiterint,
783 1571 942 1642 532
996 1567 1317 1638 plenissime
1367 1582 1396 1620 a
1438 1565 1598 1620 nobis
1640 1564 1804 1633 paulo
1853 1571 1982 1616 ante

2088 1567 2181 1620 καὶ
2216 1566 2530 1636 Μαξιμϊνος
2567 1567 3002 1640 ὲν.Νικομηδείᾳ
3049 1567 3462 1638 τυραννοῦντες,
3493 1571 3520 1622 ό
3557 1571 3659 1635 μὲν

407 1679 494 1724 est
528 1666 883 1736 explicatum.
934 1661 1245 1716 Maxentius
1279 1675 1445 1730 porro
1474 1659 1681 1716 Roma),
1719 1664 1774 1709 et
1807 1653 1982 1708 Maxi-

2089 1661 2230 1715 κατὰ
2263 1660 2362 1730 τὴν
2389 1661 2528 1728 Ἕω,
2559 1661 2587 1713 ό
2612 1661 2655 1714 δ’
2691 1663 2749 1714 ὲν
2789 1662 3055 1734 Ἑσπέρα,
3089 1663 3158 1715 τὰ
3201 1663 3292 1717 (ea
3325 1664 3659 1733 πράττοντες

409 1761 593 1816 minus
623 1757 976 1821 Nicomediae,
996 1757 1086 1809 hic
1111 1757 1165 1808 in
1193 1753 1439 1816 Oriente,
1461 1752 1551 1806 ille
1577 1751 1631 1805 in
1658 1748 1982 1812 Occidente,

2087 1749 2268 1824 ἦσαν·
2321 1755 2599 1824 ἁρπαγαῖς
2654 1757 2964 1826 χρώμενοι,
3017 1757 3233 1826 γάμους
3288 1757 3663 1827 διορύττοντες

412 1853 760 1928 tyrannidem
792 1861 1141 1912 exercentes,
1173 1847 1391 1911 eisdem
1438 1845 1837 1900 detinebantur
1867 1849 1985 1895 stu-

2089 1846 2426 1918 αλλοτρίους,
2484 1849 2578 1902 καὶ
2609 1851 2768 1918 φόνον
2812 1851 3040 1921 ἄπειρον
3081 1851 3428 1922 καθεκάστην
3460 1854 3537 1915 ὡς
3585 1854 3664 1905 εἰ·-

411 1945 542 2010 diis,
574 1943 780 1998 civium
825 1940 1174 1994 subditorum
1216 1935 1360 1990 bona
1412 1933 1763 2004 diripienles,
1796 1929 1988 1985 matri-

2090 1941 2214 1992 πεῖν
2264 1941 2663 2012 κεραννύντες·
2716 1942 2842 1996 καθ’
2875 1939 2950 1997 ὧν
2997 1945 3060 1996 ἐκ
3103 1944 3404 2013 πρεσὸείας
3454 1942 3665 1997 πολλῶν

413 2040 593 2092 monia
627 2036 805 2090 aliena
833 2033 1128 2104 violantes,
1181 2038 1234 2084 et
1284 2027 1460 2082 caedes
1495 2027 1820 2080 innumeras
1847 2036 1988 2092 quo-

2088 2033 2197 2085 τῶν
2253 2033 2496 2085 Γαλλιῶν
2543 2035 2788 2104 κινηθεὶς
2831 2035 3266 2101 Κωνσταντίνος,
3317 2036 3512 2106 πρῶτα
3567 2038 3666 2104 μὲν

411 2129 548 2184 libet
621 2133 790 2198 prope
863 2123 952 2179 die
1028 2124 1419 2176 subornantes.
1488 2117 1773 2172 Adversus
1835 2115 1986 2178 hos,

2091 2121 2234 2174 κατὰ
2281 2122 2585 2186 Μαξεντίου
2623 2123 3012 2194 ἐπιστρατεύει
3051 2127 3108 2179 ἐν
3155 2123 3374 2196 Ῥώμῃ·
3425 2126 3668 2195 ὁπηνίκα

411 2231 800 2291 Oppresseran
826 2215 1192 2285 legationibus
1219 2212 1472 2284 pluribus
1495 2211 1710 2266 excitus
1740 2225 1770 2263 e
1794 2207 1988 2264 Galliis

2089 2211 2154 2283 δὴ
2187 2212 2534 2283 συρραγῆναι
2569 2211 2781 2283 μέλλων
2817 2213 2954 2284 πρὸς
2990 2217 3173 2286 μάχην
3200 2215 3418 2288 ἐκείνῳ,
3447 2218 3538 2270 τὸν
3567 2233 3673 2270 πα-

411 2313 830 2374 Constantinus,
863 2308 1103 2378 primum
1130 2305 1403 2361 Maxentio
1433 2303 1499 2358 ad
1527 2304 1722 2358 urbem
1753 2303 1986 2358 Romam

2090 2301 2267 2372 τρῷον
2322 2302 2645 2356 ἐπεκαλεῖτο
2697 2302 2854 2358 Θεόν.
2903 2307 3113 2375 Αίφνης
3145 2306 3192 2360 δ’
3235 2309 3296 2361 ὲν
3346 2307 3566 2380 οὐρανῷ
3607 2311 3669 2364 τὸ

365 2432 370 2444 ε
416 2405 624 2462 bellum
668 2402 874 2456 intulit.
911 2401 1031 2463 Quo
1073 2409 1320 2468 tempore
1355 2399 1531 2453 aleam
1566 2394 1756 2450 Martis
1799 2393 1958 2463 praelii

2095 2395 2368 2465 σωτήριον
2397 2394 2491 2448 τοῦ
2526 2397 2765 2467 σταυροῦ
2799 2399 3150 2466 ἐπιφαίνεται
3184 2399 3349 2454 ὅπλον
3390 2403 3513 2456 κατ’
3543 2402 3670 2456 ἀνα-

416 2495 683 2549 adversus
743 2508 870 2546 eum
933 2500 1287 2560 experturus,
1347 2497 1641 2560 paternum
1711 2485 1992 2542 invocavit

2091 2485 2274 2552 τολὰς,
2318 2489 2412 2540 ἐπὶ
2445 2489 2714 2558 μήκιστον
2757 2491 2969 2560 διῆκον,
3003 2493 3060 2547 ἐν
3089 2493 3274 2566 ἡμέρᾳ
3325 2495 3465 2568 μέσῃ
3496 2495 3670 2566 ὑπερ-

415 2589 606 2643 Deum.
651 2585 721 2640 Et
766 2585 1068 2653 derepente
1118 2583 1173 2638 in
1221 2580 1364 2637 caelo
1409 2579 1751 2635 salutiferum
1806 2578 1991 2633 crucis

2094 2581 2410 2651 οιστράπτον
2438 2585 2501 2651 τῇ
2537 2581 2702 2654 αίγλῃ
2729 2583 2820 2636 τὸν
2844 2583 3018 2656 ἥλιον.
3055 2581 3200 2658 Ἶρις
3231 2587 3287 2640 δὲ
3333 2588 3671 2657 περιθέουσα

415 2680 635 2750 signum
686 2675 906 2747 longius
957 2674 1276 2739 distentum,
1315 2677 1586 2730 orientem
1631 2687 1842 2736 versus,
1882 2687 1994 2726 tne-

2094 2673 2280 2744 κύκλῳ
2332 2673 2396 2727 ὲκ
2428 2675 2537 2728 τῶν
2591 2676 2724 2729 ίσων
2758 2677 2978 2747 ἄστρων
3010 2678 3145 2750 πρὸς
3185 2681 3536 2750 γραμμάτων
3569 2699 3672 2752 χα-

417 2773 634 2828 ridiano
657 2781 925 2842 tempore,
957 2769 1252 2840 splendore
1275 2769 1444 2824 solem
1469 2767 1646 2838 ipsum
1671 2776 1989 2838 superante,

2098 2771 2350 2842 ρακτῆρα
2369 2767 2788 2840 ῥυθμιζομένων
2800 2771 3126 2843 Ῥωμαϊστὶ,
3153 2773 3258 2829 Ἔν
3277 2775 3470 2839 τούτῳ
3505 2776 3668 2841 νίκα,

416 2867 712 2938 apparuit:
743 2864 953 2920 circum
991 2862 1163 2934 quod,
1199 2861 1253 2916 in
1303 2849 1518 2926 orbem,
1551 2861 1726 2916 stellis
1778 2860 1990 2928 itidem,

2097 2863 2418 2934 ὕπέγραφεν
2443 2877 2459 2894 ·
2497 2862 2525 2917 ὃ
2563 2863 2760 2918 αὐτίκα
2809 2865 2872 2919 ὲκ
2917 2866 3117 2936 χρυσοῦ
3159 2867 3254 2920 καὶ
3297 2867 3463 2922 λίθων
3504 2866 3672 2922 πολυ-

421 2971 482 3014 υι
527 2959 583 3012 in
633 2972 821 3022 cruce,
859 2957 1169 3012 litterarum
1201 2953 1522 3010 Latinarum
1568 2953 1803 3008 formam
1847 2954 1995 3009 refe.

2095 2957 2268 3011 τελῶν
2286 2956 2674 3024 διασκευάσας,
2697 2956 3004 3024 Μαξέντιόν
3031 2976 3090 3012 τε
3120 2961 3264 3014 κατὰ
3285 2961 3486 3032 κράτος
3517 2961 3677 3016 ἐνίκα

418 3053 695 3115 rentibus,
734 3049 1024 3121 inseri-ptio
1070 3049 1223 3104 hisce
1253 3048 1442 3104 verbis
1479 3057 1566 3103 est
1607 3049 1748 3117 visa,
1788 3048 1853 3102 In
1901 3051 1996 3102 hoc

2096 3048 2240 3102 κατὰ
2274 3049 2372 3117 τῆς
2423 3045 2666 3116 γεφύρας
2725 3045 3114 3119 διαφθαρέντα,
3163 3050 3259 3103 καὶ
3307 3049 3405 3120 τῆς
3443 3049 3674 3119 Ῥώμης

418 3148 566 3201 vince
593 3162 612 3201 :
648 3145 792 3215 quod
832 3144 1050 3214 signum
1099 3141 1389 3197 confestim
1426 3156 1493 3196 ex
1523 3154 1660 3194 auro
1699 3147 1754 3194 et
1792 3138 1996 3208 lapillis

2099 3135 2214 3210 εἶχε
2246 3141 2308 3192 τὸ
2343 3139 2564 3210 κράτος.
2606 3139 2892 3194 Ἐντεῦθεν
2914 3142 2979 3195 τὰ
3005 3142 3103 3212 μὲν
3135 3141 3330 3196 εἴδωλα
3357 3144 3436 3206 εἰς
3465 3141 3674 3212 λεπτὴν

422 3238 700 3310 pretiosis,
731 3236 794 3292 ad
829 3236 1084 3290 militaris
1114 3235 1298 3291 vexilli
1332 3234 1528 3298 instar,
1565 3231 1686 3286 fieri
1733 3231 1946 3286 curavit
1975 3247 1990 3284 :

2097 3236 2321 3290 διε-τίθει
2376 3238 2546 3303 κόνιν,
2583 3235 2677 3292 καὶ
2730 3239 2858 3300 τοὺς
2905 3237 3130 3292 ἐκείνων
3178 3237 3314 3302 νεὼς
3349 3241 3430 3302 εξς
3481 3239 3677 3308 ἔδαφος

419 3345 478 3391 et
527 3331 690 3387 simul
735 3330 1068 3384 Msxemium
1117 3329 1417 3384 fortissime
1463 3327 1688 3393 devicit,
1723 3327 1776 3382 in
1824 3337 1992 3398 ponte

2099 3331 2356 3386 ἔϐαλλεν·
2394 3331 2560 3393 αὐτὸς
2603 3331 2658 3383 δὲ
2691 3331 2924 3394 οἰκείαις
2965 3334 3126 3400 χερσὶ⁸
3169 3331 3246 3402 τῷ
3275 3332 3494 3404 Σωτῆρι
3539 3330 3677 3388 νεὼν

421 3429 794 3492 submersum,
835 3434 891 3479 et
925 3424 1158 3478 Romam
1184 3423 1241 3478 in
1276 3430 1604 3494 potestatem
1637 3439 1792 3480 suam
1837 3437 1998 3479 rece-

2099 3427 2157 3480 ὲν
2195 3428 2308 3490 τοῖς
2361 3426 2506 3480 κατὰ
2553 3425 2771 3498 Ῥώμην
2809 3425 3134 3497 ἀνακτόροις
3183 3427 3249 3497 τῇ
3303 3425 3516 3480 σκαλίδι
3562 3426 3679 3480 διέ-

422 3523 524 3592 pit.
580 3518 786 3574 Deinde
843 3517 1072 3572 deorum
1125 3517 1421 3572 simulacra
1480 3516 1888 3584 comminuens,
1937 3515 1996 3573 in

2099 3530 2282 3584 γραφε
2334 3515 2428 3567 καὶ
2463 3515 2695 3568 ἀνίστα·
2743 3514 2839 3568 καὶ
2888 3514 3089 3584 νόμους
3145 3513 3286 3584 ὑπὲρ
3331 3515 3678 3585 Χριστιανῶν

421 3615 664 3669 cinerem
699 3610 928 3680 redegit,
954 3609 1392 3679 eorumdemque
1414 3609 1642 3666 delubra
1675 3611 1794 3666 solo
1813 3625 1998 3682 aequa-

2099 3605 2286 3670 ὲτίθει,
2340 3607 2438 3662 καὶ
2489 3605 3280 3678 τᾶλλα.κατισπουδασμὲνως
3324 3607 3468 3673 ὑπὲρ
3520 3605 3679 3679 ἡμῶν

422 3706 524 3760 vit.
553 3704 696 3768 Mox,
733 3702 990 3758 manibus
1019 3701 1136 3770 ipse
1185 3701 1322 3765 suis,
1358 3701 1639 3757 Servatori
1683 3704 1738 3757 in
1788 3702 1996 3758 Palatio

2103 3696 2398 3766 ἔπραττεν,
2441 3699 2544 3752 ὅσα
2583 3697 2648 3768 δὴ
2683 3698 2882 3770 μικρὸν
2931 3697 3142 3753 ἄνωθεν
3187 3699 3536 3771 διελαδομεν.
3570 3701 3686 3775 Καὶ

423 3797 610 3854 Romae
659 3798 924 3867 templum
981 3795 1200 3851 sarculo
1249 3795 1545 3865 descripsit
1595 3804 1653 3852 et
1709 3795 1996 3852 excitavit.

2101 3790 2257 3852 νόσος
2293 3788 2395 3859 μὲν
2447 3791 2644 3858 ἐκείνῳ
2679 3789 3030 3860 ἐπέσκηπτεν
3055 3804 3071 3820 ·
3124 3791 3326 3859 αἵμασι
3365 3790 3424 3846 δὲ
3467 3791 3680 3862 νηπίων

423 3889 596 3960 Leges
630 3905 728 3958 pro
769 3886 1100 3942 Christianis
1145 3887 1297 3953 tulit,
1332 3887 1551 3949 aliaque
1580 3902 1777 3957 magno
1811 3888 1997 3944 studio

2101 3881 2535 3952 ἐκκαθαίρεσθαι
2583 3881 2684 3952 τὴν
2713 3881 2870 3936 νόσον
2901 3883 3105 3954 ἰατρῶν
3136 3883 3322 3947 παῖδες
3364 3884 3676 3953 διήγγελον.

427 3999 524 4052 pro
566 3981 726 4036 nobis
764 3979 896 4048 egit,
944 3994 1068 4050 quas
1108 3979 1275 4050 paulo
1319 3989 1447 4034 ante
1484 3979 1887 4036 recensuimus.
1929 3981 2000 4036 Et

2112 3975 2255 4032 Ἀλλ’
2287 3976 2603 4047 ἀπηγόρευε
2649 3974 2749 4048 τήν
2788 3975 2993 4046 πρᾶξιν
3033 3977 3062 4030 ό
3101 3977 3356 4050 θεοφιλὴς
3399 3977 3680 4049 βασιλεὺς.

427 4094 550 4130 cum
604 4091 728 4130 eum
781 4073 1008 4127 morbus
1041 4071 1353 4136 invasisset,
1389 4082 1443 4127 et
1489 4072 1688 4127 medici
1726 4071 2000 4128 infantum

2105 4068 2392 4141 μητρικῶν
2411 4067 2725 4140 ἡττώμενος
2744 4070 2982 4142 θρήνων.
3011 4069 3128 4138 Νὺξ
3145 4071 3239 4124 ἐπὶ
3257 4072 3473 4137 τούτοις
3497 4071 3679 4144 ἐπῄει·

427 4168 697 4237 sanguine
743 4165 794 4219 id
844 4164 1046 4218 malum
1078 4163 1279 4218 discuti
1331 4164 1670 4234 purgarique
1713 4178 1877 4234 posse
1912 4180 2001 4220 re-

2104 4162 2202 4216 καὶ
2230 4162 2282 4213 oi.
2334 4163 2637 4232 κορυφαῖοι
2669 4163 2776 4216 τῶν
2827 4162 3145 4217 ἀποστόλων
3193 4165 3540 4226 όπτάνονται,
3589 4165 3683 4220 τὸν

428 4261 766 4326 nuntiarent,
805 4257 1098 4314 abhorruit
1145 4257 1473 4326 resiluitque
1523 4257 1592 4312 ab
1637 4272 1705 4312 eo
1750 4258 2000 4314 facinore

2103 4255 2202 4322 τῆς
2245 4253 2469 4325 Ῥώμης
2503 4254 2971 4325 μεταστέλλεσθαι
3009 4257 3158 4328 ἱερέα
3190 4257 3680 4329 παρεγγυώμενοι·

428 4354 538 4406 Deo
571 4350 934 4405 charissimus
968 4350 1288 4418 imperator,
1322 4350 1475 4404 luctu
1518 4359 1572 4403 et
1621 4350 1828 4420 eiulatu
1885 4365 2002 4404 ma-

2105 4347 2239 4415 arap‘
2273 4339 2318 4415 ᾧ
2359 4346 2756 4418 κολυμϐήθραν
2805 4345 2970 4412 εἶναι,
3010 4345 3044 4424 ᾖ
3080 4349 3436 4420 λουσάμενον,
3485 4351 3681 4423 ἁθρόον

428 4454 573 4498 trum
621 4453 924 4512 permotus.
957 4441 1261 4497 lntercedit
1294 4457 1422 4505 nox,
1453 4451 1508 4496 et
1542 4441 1820 4512 principes
1863 4457 2001 4512 apo-

2105 4440 2304 4508 ἐξάντη
2344 4438 2598 4504 γενέσθαι
2651 4441 2753 4511 τῆς
2785 4441 2966 4496 νόσου.
3016 4443 3127 4494 Καὶ
3179 4443 3206 4496 ό
3248 4445 3350 4513 μὲν
3383 4437 3485 4515 ἧκε
3515 4460 3530 4476 ·
3587 4446 3685 4498 καὶ

427 4540 694 4591 stolarum
741 4552 799 4590 se
843 4537 892 4590 ci
947 4534 1274 4604 spectandos
1305 4535 1590 4602 exhibent,
1635 4535 2002 4604 Rernameque

2109 4533 2210 4586 ὅσα
2243 4529 2310 4604 ἦν
2337 4532 2485 4597 εἰκὸς
2527 4531 2796 4598 ἐπειπὼν,
2844 4533 3131 4599 ἐϐάπτιζε.
3167 4536 3276 4589 Καὶ
3312 4537 3344 4607 ἡ
3401 4536 3503 4606 μὲν
3532 4537 3685 4598 νόσος

439 4631 584 4685 urbis
615 4630 922 4684 antistitem
969 4643 1252 4682 accersere
1296 4627 1518 4696 jubcut,
1551 4630 1818 4698 piscinam
1853 4631 1999 4700 apud

2118 4585 2124 4586 γ
2251 4585 2298 4604 ,ν
2465 4585 2482 4597 .
2977 4585 3018 4588 τ-
3056 4585 3129 4599 ,ε-
3167 4585 3276 4589 --τ-
3318 4585 3344 4607 ε.
3401 4585 3494 4606 ,ηπ
3540 4585 3684 4598 ----.

2109 4625 2188 4694 τῷ
2223 4624 2378 4678 ὕδατι
2414 4627 2777 4693 ἐπεπόλαζεν,
2805 4626 2938 4680 ὡσεὶ
2979 4627 3193 4692 λεπίδες
3238 4631 3338 4682 οὐκ
3366 4629 3460 4682 ἀπ’
3487 4629 3687 4700 ὀφθαλ-

447 4741 552 4774 ·ιιιιι
586 4739 703 4775 esse
732 4723 1112 4784 ostendentes,
1139 4720 1294 4790 cujus
1318 4721 1538 4775 lavacro
1566 4721 1816 4775 ablutum
1843 4723 1996 4776 illum

2113 4718 2254 4788 μῶν,
2283 4717 2402 4770 ἀλλ’
2429 4718 2612 4773 αὐτῶν
2645 4721 2866 4789 σαρκῶν
2893 4721 3324 4776 ἁποπίπτουσαι.
3366 4722 3425 4774 '0
3451 4723 3508 4775 δὲ
3539 4723 3687 4794 ῥᾴων

439 4820 635 4870 ςιιινιιιη
676 4817 860 4868 subito
889 4823 944 4868 et
993 4813 1326 4866 incolumem
1367 4812 1482 4867 fore
1516 4812 1731 4866 dicunt.
1758 4812 2001 4868 Advenit

2110 4810 2179 4886 ἦν
2205 4830 2217 4845 ·
2260 4814 2355 4867 καὶ
2389 4815 2483 4868 ἐπὶ
2515 4818 2673 4868 τόσον
2703 4817 2780 4880 ὡς
2825 4818 2919 4870 καὶ
2951 4817 3258 4888 θαυμάζειν
3293 4821 3342 4872 ei
3380 4821 3584 4883 ἐκεῖνος
3615 4819 3689 4872 ὢν

443 4911 543 4974 lle,
581 4923 700 4976 qua:
732 4923 874 4975 Opus
903 4917 1034 4960 sunt
1064 4905 1253 4966 refert,
1287 4907 1680 4975 imperatorem
1719 4904 2002 4976 baptizat:

1547 4920 1680 4958 trem
1719 4904 2002 4976 baptizat:
2113 4909 2140 4960 ὁ
2167 4906 2360 4978 πρώην
2397 4906 2663 4978 ἐτύγχανε
2705 4909 3140 4973 Κωνσταντῖνος.

447 5013 486 5057 τι
520 5004 744 5055 morbus
777 5001 894 5070 ipse
941 5001 1100 5068 aquis
1135 4999 1368 5062 innatat,
1401 5015 1757 5069 squamarum
1831 5000 1884 5054 in
1935 5014 2169 5064 morem,
2233 5017 2342 5055 non
2411 5001 2480 5056 ab
2517 5002 2717 5066 oculis,
2757 5017 2948 5057 verum
2989 5021 3018 5059 a
3046 5021 3213 5061 carne
3255 5007 3372 5076 ipsa
3434 5007 3696 5061 deciden-

453 5097 593 5150 iuru.
629 5095 818 5164 itaque
857 5095 946 5147 ille
971 5093 1166 5148 tarchus
1194 5093 1377 5157 habet,
1420 5109 1592 5162 usque
1667 5093 1808 5147 adeo
1874 5101 1934 5148 ut
2009 5095 2312 5148 miraretur
2359 5094 2500 5164 ipse,
2560 5095 2678 5150 isne
2726 5107 2892 5160 esset,
2938 5099 3032 5168 qui
3081 5107 3240 5154 antea
3287 5102 3468 5154 fuerat
3547 5100 3694 5156 Con-

442 5189 730 5242 stantinus.

505 5282 699 5336 Postea
732 5280 1046 5334 Judmoruru
1075 5284 1236 5335 turba
1271 5283 1509 5347 exsistit,
1531 5283 1625 5351 qui
1657 5282 2010 5351 imperatoris

2194 5278 2484 5333 Ἐντεῦθεν
2548 5282 2822 5336 Ἰουδαίων
2879 5286 3064 5352 στῖφος
3112 5284 3454 5356 ἐγείρονται·
3498 5289 3592 5342 καὶ
3627 5291 3691 5359 τῇ

445 5383 665 5426 .natrem
701 5371 989 5431 adeuntes.
1025 5371 1375 5428 Constantini
1429 5373 1654 5442 quidem
1706 5371 1778 5427 ab
1832 5372 2008 5426 idolo-

2110 5372 2204 5426 τοῦ
2235 5373 2508 5442 βασιλέως
2547 5378 2868 5445 προσιόντες
2899 5376 3093 5448 μητρὶ,
3134 5379 3234 5448 τὴν
3277 5379 3375 5449 μὲν
3404 5382 3514 5436 τῶν
3546 5382 3697 5435 εἰδώ-

445 5479 556 5514 "una
584 5463 736 5515 cultu
775 5463 1142 5518 defectionem
1173 5465 1398 5518 laudant
1423 5473 1478 5519 et
1509 5466 1877 5527 admirantur,
1912 5464 2008 5518 sed

2113 5468 2223 5520 λων
2277 5466 2372 5519 τοῦ
2417 5468 2831 5522 Κωνσταντίνου
2869 5471 3230 5542 ἀποστροφὴν
3271 5472 3345 5525 δι’
3393 5473 3574 5535 αἰδοῦς
3622 5469 3697 5526 ei-

439 5555 822 5608 lransi-tiunem
875 5557 993 5625 ejus
1029 5556 1092 5610 ad
1125 5556 1406 5612 Christum
1457 5560 1612 5612 valde
1671 5568 1909 5628 arguunt
1959 5568 2015 5612 et

2113 5577 2205 5630 χον
2226 5576 2239 5588 ·
2273 5561 2372 5628 τὴν
2403 5558 2446 5610 δ’
2480 5561 2574 5613 ἐπὶ
2609 5561 2846 5629 Χριστὸν
2875 5563 3170 5633 μετάθεσιν
3213 5567 3309 5620 καὶ
3343 5565 3552 5636 σφόδρα
3596 5582 3695 5618 κα-

438 5646 824 5702 criruinantur.
862 5649 1020 5720 533
1065 5649 1126 5702 Et
1162 5651 1358 5704 litterae
1383 5667 1444 5705 ea
1487 5649 1554 5704 de
1602 5667 1659 5704 re
1705 5652 1772 5702 ab
1809 5649 2013 5703 Helena

2113 5649 2376 5719 τῃτιῶντο
2402 5668 2416 5684 ·
2457 5654 2553 5704 καὶ
2608 5657 2817 5722 γραφαὶ
2865 5655 2964 5725 τῆς
3001 5655 3223 5726 Ἑλένης
3261 5657 3592 5726 προήγοντο.
3638 5656 3695 5715 '0

437 5738 504 5790 ad
536 5739 705 5792 tilium
754 5740 914 5795 datin.
954 5744 1022 5795 At
1064 5742 1155 5795 ille
1201 5741 1376 5795 tinnis
1427 5743 1588 5794 nixus
1633 5742 2010 5796 fundamentis

2119 5745 2166 5796 δ’
2194 5746 2586 5816 ἐρηρεισμένος
2638 5750 2906 5818 στερρῶς,
2939 5753 2995 5814 ἐς
3027 5750 3273 5817 διάλογον
3319 5749 3564 5812 ἐκείνους
3597 5767 3699 5804 κα·-

435 5832 622 5895 ctlirit,
671 5843 728 5887 nt
772 5835 846 5890 iiii
890 5836 994 5908 ipsi
1043 5835 1217 5891 Judaei
1261 5854 1384 5890 cum
1433 5836 1712 5906 Sylrestro
1750 5835 2012 5892 Romana!

2123 5839 2282 5890 θὶστα
2342 5837 2650 5907 Σιλϐἐστρῳ
2709 5839 2786 5908 τῷ
2835 5843 2932 5910 τῆς
2985 5840 3204 5912 Ῥώμης
3263 5843 3549 5912 ἀρχιερεῖ·
3603 5842 3701 5898 καὶ

436 5925 588 5978 mins
621 5930 880 6000 r-piseope
916 5929 1340 6000 congrediantur
1383 5943 1780 5997 sermonesque
1820 5931 2006 5983 confe-

2121 5932 2283 5991 πυλὺς
2337 5931 2454 5982 κη’
2518 5934 2746 5986 ἐκείνων
2795 5935 2958 6003 ῥέων,
3020 5937 3079 5989 τὸ
3144 5936 3344 6006 κράτος
3399 5939 3694 6006 ἠνέγκατο.
