4034 6652
443 470 511 537 19
658 461 663 465 “
1634 482 2053 543 KltLiil’ilOlli
2098 485 2441 554 CALLiSTl
3627 496 3696 557 eo

437 592 647 644 circum
670 599 1012 658 equestrem,
1037 590 1308 660 porticus,
1333 592 1600 664 projects,
1631 597 2013 661 aqua-ductus,

2124 605 2550 667 μετεστέλλετοο
2611 608 2946 677 ἱππόδρομόν
3008 624 3064 660 τε
3134 608 3228 661 καὶ
3287 608 3548 678 ἐμϐόλους
3600 613 3696 663 καὶ

438 683 646 746 fontes,
701 689 936 745 statuas,
987 682 1276 753 imagines,
1327 694 1383 739 et
1432 700 1777 757 quaecunque
1824 698 2013 742 essent

439 774 733 844 pracipuae
774 774 914 829 artis
963 788 1156 845 opera,
1190 774 1309 831 ﬁeri
1340 792 1521 848 eoque
1554 779 1917 849 comportari,
1955 791 2013 837 ut

437 864 725 937 splendida
758 874 1065 937 ornataque
1110 867 1370 924 redderet
1401 871 1608 934 omnia,
1662 886 1883 926 curans.
1930 871 2013 926 Ad

441 961 577 1025 haec,
646 959 851 1029 templa
898 952 1034 1024 Deo,
1090 961 1358 1031 apostolis
1409 972 1468 1016 et
1534 964 1908 1034 martyribus,
1958 974 2017 1019 et

438 1051 732 1104 maximam
766 1049 915 1104 illam
948 1050 1321 1124 porphyretici
1371 1054 1667 1109 marmoris
1701 1055 2014 1110 columnam

441 1152 797 1211 construens,
826 1144 881 1199 in
914 1159 1023 1214 qua
1067 1154 1307 1199 statuam
1334 1160 1556 1216 quoque
1591 1163 1746 1203 suam
1775 1148 2017 1203 colloca-

440 1236 540 1302 vit,
570 1236 626 1290 in
676 1237 808 1307 polo
865 1252 962 1293 seu
1006 1238 1214 1293 vertice
1262 1239 1453 1293 mundi
1511 1255 1733 1298 erucem
1793 1242 2015 1299 inﬁxam

436 1341 604 1382 manu
651 1336 961 1384 tenentem.
993 1328 1115 1396 Quo
1160 1330 1254 1386 ille
1288 1332 1537 1401 symbolo
1572 1334 1857 1400 indicavit,
1904 1336 2018 1391 vir-

441 1428 556 1475 tute
588 1419 775 1475 invicti
808 1422 930 1491 ejus
962 1421 1156 1492 tropaei
1196 1432 1252 1478 et
1294 1423 1436 1495 signi
1474 1434 1674 1480 terram
1706 1442 1925 1483 omnem
1961 1437 2017 1484 et

438 1527 592 1567 mare
624 1513 803 1581 ipsum
837 1529 866 1569 a
896 1530 957 1570 se
986 1530 1109 1571 esse
1148 1517 1462 1573 subactum.
1504 1517 1559 1574 ln
1591 1521 1815 1588 regione
1844 1523 2014 1579 etiam

439 1622 503 1661 ea
527 1620 649 1675 quae
673 1607 1031 1664 Sosthenium
1073 1609 1301 1677 dicitur,
1341 1619 1399 1667 et
1441 1612 1495 1666 in
1541 1615 1798 1684 trajectu,
1825 1632 1890 1671 ex
1922 1634 2017 1688 ap-

436 1698 716 1773 paritione
749 1700 1067 1774 archangeli
1124 1702 1431 1773 Michaelis,
1491 1708 1692 1777 templa
1742 1709 2016 1779 condidit,

437 1790 656 1862 aliaque
707 1792 866 1859 plura
920 1810 1086 1865 opera
1138 1798 1401 1867 perfecit,
1452 1816 1575 1870 quae
1626 1803 1776 1858 illius
1831 1803 2014 1859 divina

438 1895 623 1941 mente
653 1898 710 1942 et
739 1889 1038 1958 prudentia
1065 1901 1233 1960 atque
1266 1893 1434 1948 etiam
1470 1895 1523 1948 in
1564 1894 1732 1951 rebus
1757 1896 2018 1952 omnibus

441 1979 852 2050 magniﬁcentia
881 1983 1046 2054 digna
1085 1993 1266 2041 erant.
1299 1986 1376 2042 De
1406 1989 1736 2058 cognomine
1776 1991 1828 2045 ei
1876 1989 2016 2045 urbe

439 2072 671 2139 dicitur,
713 2089 827 2131 non
867 2076 1030 2148 longe
1059 2076 1129 2132 ab
1159 2078 1281 2145 llio,
1318 2079 1465 2135 circa
1496 2080 1815 2137 Graecorum
1846 2096 2016 2137 nava-

436 2163 546 2219 lem
588 2166 913 2233 stationem,
947 2184 1066 2224 eam
1100 2170 1255 2225 illum
1290 2172 1534 2228 excitare
1560 2173 1833 2244 cmpisse:
1868 2175 2014 2245 quod

440 2266 626 2313 autem
672 2268 839 2317 noctu
887 2262 1116 2317 oraculo
1158 2263 1352 2319 divino
1398 2264 1748 2331 admonitus,
1802 2266 2014 2321 circum

437 2349 788 2422 Byzantium,
821 2368 851 2409 e
883 2355 1107 2426 regione
1143 2354 1478 2412 Chalcedoni
1508 2368 1796 2414 exstruere
1826 2360 2016 2429 jussus

437 2453 611 2508 esset,
659 2461 928 2515 reSponso
972 2449 1023 2503 ei
1082 2464 1295 2504 murem
1342 2462 1649 2521 gerentem,
1698 2452 1900 2523 amplis
1940 2452 2015 2507 ita

438 2538 720 2595 moenibus
762 2540 835 2595 ibi
869 2540 1302 2597 circumdedisse
1323 2584 1337 2608 ,
1373 2544 1651 2614 rebusque
1678 2544 1940 2599 omnibus
1962 2553 2017 2599 et

439 2634 782 2689 ornamentis
823 2644 989 2705 atque
1035 2636 1345 2701 honoribus
1378 2638 1671 2707 prmcipuis
1704 2638 1889 2693 Romae
1916 2654 2016 2708 pa-

440 2740 555 2779 rem
583 2726 948 2793 exstrnxisse,
981 2728 1197 2783 curiam
1225 2739 1394 2800 atque
1423 2740 1700 2795 senatum,
1734 2741 2012 2800 sumptus.

442 2828 681 2875 tesseras
694 2819 1519 2895 frumentarias,dignitalisque
1529 2839 1703 2895 genus
1715 2840 1899 2889 omne,
1915 2825 2018 2878 im-

438 2914 715 2982 peratoria
735 2929 963 2984 prorsus
978 2914 1851 2988 muniﬁcentiacivibuslargitum
1870 2933 2015 2985 esse;

440 3014 607 3074 atque
634 3006 708 3061 ita
736 3007 995 3064 omnibus
1025 3010 1193 3063 rebus
1234 3010 1335 3065 rite
1366 3019 1534 3081 atque
1551 3012 1750 3068 ordine
1777 3012 2021 3083 disposi-

439 3097 532 3161 tis,
552 3096 1091 3169 Constantinopolim
1119 3111 1175 3156 et
1206 3101 1410 3157 Novam
1434 3103 1663 3158 Romam
1686 3106 2016 3175 appellasse,

440 3190 603 3262 535
623 3192 927 3263 eademque
957 3209 1081 3249 cum
1101 3194 1192 3250 illa
1216 3204 1512 3266 potestate,
1531 3196 1739 3253 eisdem
1768 3198 2019 3254 moribus

2118 698 2324 765 ταμεῖα
2355 696 2586 765 ὑδάτων,
2620 700 2714 752 καὶ
2761 701 2992 770 κρήνας,
3043 699 3335 768 ἀγάλματα
3371 702 3466 754 καὶ
3495 703 3606 755 πᾶν
3636 720 3690 755 τι

2116 788 2249 852 τῶν,
2300 790 2399 843 ὅσα
2435 791 2617 861 χειρὸς
2648 791 2912 857 ἐξαισίοις,
2970 792 3194 861 ἐκόμιζὲ
3227 809 3284 845 τε
3329 792 3421 844 καὶ
3462 795 3697 847 κατεκό-

2119 896 2270 951 σμει,
2328 881 2565 953 διαφανῆ
2606 883 2904 937 καθιστῶν.
2959 882 3116 945 Nam;
3166 884 3257 935 ἐπὶ
3306 883 3520 948 τούτοις
3580 885 3699 955 Θεῷ

2118 971 2336 1038 ἀνίστα,
2377 974 2473 1026 καὶ
2517 975 2845 1038 ἀποστόλοις
2878 976 2972 1029 καὶ
3020 977 3296 1045 μάρτυσι⁸
3334 977 3431 1030 καὶ
3477 977 3571 1031 τὸν
3606 976 3702 1045 μέ-

2119 1080 2307 1131 γιστον
2338 1065 2658 1138 πορφυροῦν
2708 1067 2884 1133 κίονα,
2927 1069 2984 1121 ὲν
3018 1061 3063 1136 ᾧ
3102 1069 3197 1121 καὶ
3241 1068 3372 1121 ἴδιον
3403 1068 3701 1137 ἀνδριάντι

2119 1158 2350 1228 ἐπῆγεν,
2397 1160 2492 1213 ἐπὶ
2542 1161 2694 1231 πόλῳ
2746 1161 2984 1231 σταυρὸν
3031 1163 3395 1232 ὲμπεπηγότα
3442 1162 3699 1214 διακατέο

2120 1269 2305 1323 χοντα.
2335 1246 2431 1317 Οἷς
2465 1255 2796 1324 παρεδήλου,
2833 1254 2908 1318 ὡς
2939 1253 3014 1322 γῆ
3054 1272 3112 1307 τε
3147 1254 3297 1323 αὐτῷ
3323 1254 3418 1306 καὶ⁵
3454 1252 3695 1306 θάλαττα

2120 1342 2446 1399 δεδούλωται
2465 1347 2616 1400 πᾶσα
2639 1349 2707 1417 τῇ
2736 1346 2967 1415 δυνάμει
2991 1345 3083 1399 τοῦ
3105 1346 3378 1416 ἀηττήτου
3404 1344 3696 1417 τροπαίου.

2122 1434 2233 1488 Καὶ
2268 1436 2425 1491 κατάι
2448 1437 2542 1491 τὸν
2573 1436 2629 1500 ὃς
2664 1439 2920 1492 καλεῖται
2969 1436 3150 1508 χῶρος
3200 1434 3502 1489 Σωσθένιον
3534 1436 3592 1487 ὲν
3619 1433 3701 1504 τῷ

2121 1527 2375 1598 ἀνάπλῳ.
2403 1528 2540 1584 νεὼν
2571 1530 2633 1595 ἐξ
2683 1530 3010 1597 ἐπιφανείας
3044 1530 3138 1583 τοῦ
3184 1528 3534 1601 ἀρχαγγέλου
3583 1528 3702 1579 ἁνία

2124 1637 2230 1688 στη
2252 1639 2267 1654 ο
2300 1625 2396 1677 καὶ
2420 1622 2535 1678 ἀλλ’
2561 1623 2720 1690 ἅττα,
2756 1622 2885 1690 ἀξιά
2918 1639 2980 1689 γε
3007 1623 3106 1691 τῆς
3134 1623 3349 1675 ἐκείνου
3383 1622 3479 1674 καὶ
3504 1620 3703 1690 φρενὸς

2123 1715 2219 1766 καὶ
2253 1712 2403 1776 θείας
2438 1714 2736 1779 συνέσεως,
2761 1715 2843 1769 ἔτι
2868 1716 2927 1770 δὲ
2959 1715 3052 1768 καὶ
3077 1713 3171 1768 τοῦ
3197 1713 3286 1781 ἐφ’
3310 1713 3486 1766 ἅπασι
3529 1727 3704 1779 μεγα-

2120 1801 2428 1873 λοπρεποῦς
2476 1802 2860 1873 διεπράττετο.
2889 1803 3125 1871 Λέγεται
3181 1802 3371 1871 μέντοι
3426 1799 3558 1869 περὶ
3603 1801 3704 1869 τῆς

2122 1895 2419 1965 ἐπωνύμου
2452 1895 2603 1966 αὐτῷ
2644 1896 2878 1962 πόλεως,
2909 1896 2985 1960 ὡς
3029 1896 3172 1949 κατὰ
3215 1892 3314 1965 τὴν
3352 1892 3521 1947 Ἴλιον
3570 1893 3703 1962 περὶ

2121 1988 2182 2041 τὺ
2220 1988 2328 2041 τῶν
2377 1988 2651 2057 Ἑλλήνων
2683 1989 3034 2059 ναύσταθμον
3069 1987 3385 2043 ἐπιϐάλλειν
3427 1986 3701 2057 πρότερον

2119 2080 2293 2151 αὐτὴν
2349 2081 2618 2153 ἀνιστᾷν·
2651 2082 2744 2136 τοῦ
2792 2081 2850 2136 δὲ
2902 2081 3042 2136 Θεοῦ
3094 2083 3404 2152 χρήσαντος
3460 2079 3701 2148 νύκτωρ,

2119 2176 2263 2229 κατὰ
2300 2175 2360 2228 τὸ
2414 2175 2710 2241 Βυζάντιον
2757 2176 2999 2246 ἀντικρὺ
3048 2173 3414 2245 Χαλκηδόνος,
3461 2172 3706 2242 ἐγείρειν

2121 2268 2315 2336 αὐτὴν,
2371 2266 2450 2337 τῷ
2501 2265 2739 2338 χρησμῷ
2791 2267 3110 2333 πεισθέντα,
3167 2266 3379 2336 τείχεσι
3443 2265 3704 2335 μεγάλοις

2122 2359 2465 2428 περιϐαλεῖν,
2498 2360 2764 2433 ὀμότιμόν
2801 2376 2861 2414 τε
2896 2358 3193 2431 τῇ““Ρὼμῃ
3247 2357 3564 2426 πρεσϐείοις
3599 2358 3705 2410 πᾶ-

2121 2471 2207 2506 σιν
2250 2454 2631 2524 οἰκοδομῆσαι,
2688 2450 3075 2525 βουλευτήριόν
3109 2467 3170 2504 τε
3219 2452 3314 2504 καὶ
3371 2448 3700 2518 σύγκλητον,

2120 2545 2215 2599 καὶ
2248 2546 2520 2614 δαπάνην,
2556 2546 2652 2598 καὶ
2686 2544 3001 2615 σιτηρέσια,
3048 2545 3144 2598 καὶ
3183 2540 3499 2611 φιλοτιμίαν
3537 2539 3705 2609 ἀλλην

2122 2638 2575 2710 αὐταρκεστάτην
2615 2638 2912 2708 βασιλικῶς
2939 2639 3053 2700 τοῖς
3084 2638 3367 2704 οἰκήτορσι
3402 2633 3701 2701 διανεῖμαι.

2119 2733 2432 2795 Φιλοκάλως
2476 2732 2529 2794 ,δ’
2577 2732 2798 2785 ἅπαντα
2852 2730 2921 2784 τὰ
2964 2728 3085 2783 κατ’
3131 2729 3302 2800 αὐτὴν
3361 2725 3702 2795 διαθέμενος,

2121 2824 2267 2879 Νέαν
2308 2823 2528 2895 Ῥώμην
2560 2821 3139 2878 Κωνσταντινούπολιν
3168 2820 3582 2890 κατωνόμασεν,
3613 2817 3704 2869 ἴσα

2120 2920 2169 2973 τ’
2211 2919 2394 2989 ἐκείνῃ
2428 2919 2676 2989 κρατεῖν,
2714 2918 2810 2971 καὶ
2842 2918 3172 2987 οἰκονομεῖν,
3220 2915 3317 2969 καὶ
3359 2898 3715 2983 θεμιστεύειν

2121 3010 2298 3063 ἐδίδου
2321 3024 2336 3041 ⁸
2382 3014 2479 3063 καὶ.
2527 3007 2774 3079 βασιλίδα
2809 3008 2919 3062 τῶν
2957 3009 3170 3063 πόλεων
3208 3005 3534 3076 ἀνηγόρευε,
3569 3002 3702 3064 τῶν,

2122 3105 2236 3158 ὅσοι
2273 3103 2373 3175 τὴν
2418 3102 2703 3174 Ῥωμαίων
2752 3102 2998 3172 ὑπήκοον
3040 3100 3394 3170 γινώσκουσι,
3440 3097 3574 3168 πρὸς
3609 3096 3708 3162 ἄρ·

2124 3214 2253 3250 κτον
2283 3198 2377 3250 καὶ
2411 3196 2562 3250 νότον
2586 3195 2682 3250 καὶ
2703 3193 2998 3265 ἀνίσχοντα
3025 3193 3198 3266 ἥλιον,
3237 3191 3333 3245 καὶ
3359 3191 3428 3244 τά
3454 3192 3514 3243 ιν
3552 3188 3705 3257 μέσῳ

438 3294 608 3355 atque
657 3286 945 3350 institutis.
982 3288 1304 3359 eisdemque
1339 3290 1553 3360 legibus
1590 3306 1716 3347 esse
1762 3292 2018 3362 iussisse,

2127 3291 2363 3362 πελάγη,
2396 3293 2461 3344 ὲκ
2485 3290 2589 3345 τῶν
2621 3292 2771 3361 παρὰ
2800 3291 2890 3343 τὸν
2917 3290 3131 3358 Ἴστρον
3162 3285 3389 3349 πόλεων,
3420 3281 3513 3335 καὶ
3557 3281 3709 3333 Ἑπι-

439 3392 496 3435 et
530 3380 762 3450 insuper
800 3382 1207 3453 imperatricem
1260 3384 1453 3439 urbem
1479 3385 1810 3451 declarasse,
1844 3400 2022 3457 popu-

439 3474 619 3527 lorum
645 3475 890 3528 omnium
920 3475 1015 3543 qui
1056 3476 1363 3530 Romanum
1392 3477 1687 3543 imperium
1718 3493 2023 3549 agnoscen-

444 3578 545 3629 tes,
599 3570 1055 3639 septentrionem,
1093 3578 1342 3624 austrum
1396 3578 1450 3626 et
1509 3571 1677 3626 solem
1748 3573 2020 3629 orientem

440 3674 656 3724 versus,
689 3672 745 3717 et
770 3661 918 3732 quod
952 3662 1005 3716 in
1040 3662 1225 3717 medio
1254 3672 1341 3717 est
1388 3680 1537 3718 mare
1578 3666 1790 3728 colunt,
1835 3668 1906 3721 ab
1937 3668 2021 3722 eis

440 3770 564 3824 quae
594 3754 662 3809 ad
705 3755 903 3811 Istrum
947 3765 1243 3811 exstructa:
1272 3764 1400 3811 sunt
1430 3757 1680 3820 urbibus.
1707 3769 1762 3813 et
1792 3760 1871 3827 ab_
1892 3760 2019 3829 Epi-

442 3849 667 3914 damno,
704 3866 824 3920 qua:
853 3865 963 3904 non
996 3849 1158 3918 longe
1185 3848 1255 3904 ab
1294 3849 1449 3904 lenio
1490 3849 1613 3905 sinu
1658 3861 1746 3906 est
1768 3852 1895 3913 sita.
1929 3867 2021 3906 us-

440 3958 548 4012 que
576 3942 643 3997 ad
672 3943 935 4015 Cyrencm
964 3954 1021 3999 et
1052 3943 1361 4012 proximam
1403 3941 1654 4014 Libyam,
1674 3958 1772 4013 per
1821 3954 2020 4009 totum,

440 4037 587 4107 quod
618 4037 846 4097 dicitur.
876 4038 1098 4093 boreale
1142 4037 1304 4092 clima
1339 4049 1395 4091 et
1429 4038 1713 4108 regionem
1740 4052 2019 4105 arctoam;

440 4140 497 4184 ct
552 4130 742 4184 urbem
792 4145 910 4184 eam
957 4129 1123 4183 condi
1171 4130 1428 4197 cuspisse,
1483 4146 1512 4183 a
1574 4129 1782 4184 mundo
1833 4139 2022 4186 creato

440 4224 737 4293 quinquies
814 4222 1110 4278 millesimo
1206 4223 1670 4294 octingentesimo
1755 4224 2022 4279 vicesimo

439 4319 655 4381 quinto,
705 4317 924 4387 imperii
971 4315 1094 4385 ejus
1148 4316 1411 4372 decimo:
1469 4316 1777 4373 absolutam
1835 4329 2019 4373 autem

440 4425 664 4480 prorsus
720 4425 865 4473 esse,
929 4409 1175 4479 ejusdem
1231 4408 1451 4479 imperii
1504 4408 1770 4465 vicesimo
1827 4420 2069 4467 octavo‘

440 4519 607 4565 anno,
644 4502 736 4572 qui
780 4500 979 4555 incidit
1021 4502 1073 4555 in
1117 4502 1328 4556 conditi
1363 4501 1554 4556 mundi
1601 4517 1805 4557 annum
1862 4503 2023 4573 quin-

2124 3387 2334 3457 δάμνου
2366 3387 2467 3458 τῆς
2502 3386 2636 3456 πρὸς
2669 3386 2748 3456 τῷ
2793 3384 2967 3456 Ἰονίῳ
2997 3385 3180 3450 κόλπῳ
3209 3379 3374 3451 μέχρι
3415 3377 3701 3446 Κυρήνης,

2126 3481 2224 3536 καὶ
2253 3481 2360 3534 τῶν
2400 3482 2527 3551 τῇδε
2564 3479 2805 3544 Λιϐύων,
2847 3478 3002 3549 παρά
3038 3477 3100 3530 τὸ
3121 3474 3333 3546 βόρειον
3366 3468 3706 3539 καλούμενον

2127 3574 2321 3644 κλίμα.
2348 3574 2458 3626 Καὶ
2482 3571 2753 3643 ἄρξασθαί
2785 3587 2850 3641 γε
2882 3572 2982 3642 τῆς
3010 3568 3301 3637 οἰκοδομῆς
3329 3563 3471 3619 κατὰ
3498 3561 3559 3616 τὸ
3586 3578 3707 3613 πενοη

2125 3666 2568 3737 τακισχιλιοστδν
2594 3664 3017 3719 ὀκτακοσιοστδν
3041 3662 3295 3731 πέμπτον
3328 3659 3423 3711 καὶ
3457 3655 3707 3709 εἰκοστὸν

2127 3763 2247 3825 ἔτος
2283 3760 2377 3815 τοῦ
2409 3762 2641 3831 κόσμου,
2690 3760 2789 3830 τῆς
2820 3759 2882 3813 δὲ
2907 3757 3085 3828 ἀρχῆς
3115 3754 3281 3811 αὐτοῦ
3330 3753 3588 3807 δέκατονο
3620 3764 3708 3800 τε·

2126 3855 2283 3908 λέσαι
2310 3854 2368 3908 δὲ
2393 3854 2605 3921 ταύτην
2635 3852 2956 3905 παντάπασι
2983 3849 3127 3903 κατὰ
3156 3847 3216 3902 τὸ
3241 3845 3491 3900 εῖκοστὸν
3518 3841 3706 3909 ὄγδοον

2125 3945 2292 4001 αὐτοῦ
2324 3945 2422 4015 τῆς
2447 3944 2623 4014 ἀρχῆς
2642 3958 2656 3973 ·
2688 3943 2827 4012 ὅπερ
2858 3940 2978 3995 ἐστὶ
3007 3940 3216 4005 κόσμου
3251 3938 3371 4000 ἐτος
3398 3947 3705 3989 πεντακισ-

2125 4039 2395 4111 χιλιοστδν
2441 4033 2864 4090 ὀκτακοσιοστδν
2922 4028 3013 4103 μγ⁹
3033 4068 3051 4097 ,
3083 4030 3160 4093 ὡς
3190 4028 3235 4085 δ’
3276 4028 3478 4097 ἕτεροι,
3510 4024 3702 4098 ,εωληκ

2127 4137 2237 4190 Καὶ
2276 4132 2438 4187 τοῦτο
2475 4130 2533 4183 δὲ
2565 4127 2697 4199 περὶ
2731 4125 2940 4195 ταύτης
2975 4124 3302 4195 ἱστορεῖται,
3341 4120 3416 4184 ὠς
3456 4119 3545 4172 τὸν
3576 4115 3710 4169 ταύο

2125 4245 2224 4297 της
2257 4223 2545 4293 περίϐολον
2574 4221 2917 4290 ὁριζόμενον,
2954 4216 3126 4287 βάδην
3158 4214 3437 4284 περιιέναι
3478 4211 3571 4263 τὸν
3606 4209 3704 4278 βα-

2129 4321 2282 4375 σιλέα
2308 4317 2434 4388 δόρυ
2470 4314 2771 4385 κατέχοντα
2799 4315 2868 4383 τῇ
2901 4309 3077 4382 χειρί·
3106 4309 3230 4362 ἐπεὶ
3254 4307 3313 4361 δὲ
3360 4307 3476 4370 τοῖς
3503 4303 3700 4373 ἑπομέ-

2127 4430 2238 4477 νοις
2266 4411 2441 4464 ὲδόκει
2492 4404 2739 4478 μεῖζονῆ
2786 4404 3033 4474 προσῆκε
3071 4400 3132 4455 τδ
3176 4401 3375 4470 μέτρον
3416 4396 3705 4456 ἐκτείνειν,

2127 4504 2449 4574 προσελθεῖν
2481 4519 2538 4554 τε
2576 4498 2726 4570 αύτῷ
2757 4516 2878 4552 τινα
2912 4496 3006 4551 καὶ
3037 4492 3523 4551 διαπυνθάνεσθαι,
3562 4488 3708 4549 Ἕως

440 4597 600 4668 quies
650 4595 1007 4649 millesimum
1061 4594 1585 4664 octingentesimum
1654 4596 2018 4667 quadragesi-

2131 4598 2256 4661 ποῦ,
2289 4598 2566 4658 δὲσποτα;
2596 4594 2689 4647 τὸν
2717 4590 2772 4644 δὲ
2804 4589 3107 4662 διαρρήδην
3141 4586 3581 4655 ἀποκρινάμενον
3612 4584 3711 4649 φά-

373 4742 386 4753 _
443 4703 589 4740 mum
645 4688 893 4752 tertium,
939 4686 1076 4750 sive,
1137 4694 1197 4739 ut
1232 4686 1323 4740 alii
1370 4686 1613 4750 tradunt,
1675 4687 2015 4742 tricesimum

440 4788 714 4834 octavum.
745 4780 815 4833 De
839 4795 903 4833 ea
944 4779 1077 4833 illud
1128 4794 1350 4850 quoque
1397 4780 1678 4834 memoriae
1710 4788 1795 4833 est
1835 4780 2017 4850 prodi-

442 4883 557 4927 tum
594 4871 669 4943 (Ι)
692 4914 704 4933 .
743 4883 800 4925 ut
832 4873 1270 4941 imperatoripse
1305 4874 1561 4942 pedibus,
1595 4874 1808 4928 hastam
1848 4891 2013 4929 manu

442 4976 657 5027 tenens,
707 4963 976 5017 ambitum
1034 4964 1346 5032 moeniaque
1410 4964 1528 5034 ejus
1581 4965 1850 5021 deﬁniens
1904 4966 2016 5019 cir-

440 5060 674 5115 cumiit:
718 5056 864 5127 quod
891 5056 1189 5112 comitibus
1212 5058 1331 5128 ejus
1361 5056 1595 5111 ulterius
1619 5073 1782 5127 quant
1812 5074 2018 5113 conve-

439 5158 605 5222 niret,
641 5154 885 5226 pomeria
916 5154 1085 5208 urbis
1105 5154 1357 5223 proferre
1387 5154 1690 5229 videretur,
1723 5156 2017 5225 quemdam

439 5265 503 5303 ex
537 5250 619 5304 eis
641 5252 706 5303 ad
737 5265 864 5303 eum
890 5248 1192 5303 accessisse
1239 5258 1404 5318 atque
1434 5265 1672 5318 rogasse,
1702 5249 1823 5314 Quo
1847 5265 2020 5318 usque

442 5341 687 5405 tandem,
721 5340 902 5394 here?
942 5341 1207 5409 illumque
1249 5339 1456 5394 diserte
1510 5339 1862 5409 respondisse
1893 5357 1905 5394 :
1943 5341 2020 5394 En

441 5445 639 5500 usque,
674 5431 803 5485 dum
828 5434 922 5501 qui
974 5447 1060 5485 mc
1103 5432 1366 5501 praecedit
1414 5431 1635 5496 ductor,
1685 5432 2016 5485 constiterit.

441 5521 594 5577 Unde
657 5522 791 5577 satis
848 5522 1178 5586 constabat,
1240 5523 1521 5578 cmlestem
1589 5522 1908 5591 quampiam
1968 5525 2018 5577 ei

442 5617 687 5688 prmiisse
736 5618 1021 5685 virtutem,
1054 5632 1177 5687 qua:
1217 5633 1342 5672 eum
1370 5659 1384 5684 ,
1429 5618 1576 5687 quod
1621 5615 1737 5669 ﬁeri
1774 5616 2021 5680 deberet,

510 5804 589 5867 (ι)
621 5799 677 5856 Si
706 5800 920 5856 scilicet
956 5808 1051 5853 aut
1079 5798 1222 5853 intra
1255 5798 1619 5853 tredecimum
1659 5814 1864 5852 annum
1897 5814 2020 5867 per-

439 5874 601 5932 fecta,
632 5880 726 5925 aut
752 5872 946 5939 quinto
981 5869 1196 5939 imperii
1223 5870 1347 5934 ejus
1372 5883 1517 5922 anno
1548 5869 1809 5939 aediﬁcari
1842 5878 2021 5937 empta

436 5953 606 6001 esset.
628 5938 972 5999 Justinianus
994 5938 1524 6008 ConstantinOpolim
1551 5952 1745 5994 novam
1768 5938 2018 6003 Romam,

2130 4708 2244 4756 ναι,
2274 4686 2418 4753 Ἕως
2447 4690 2513 4742 ἂν
2537 4689 2564 4740 ὁ
2586 4686 2898 4757 ἔμπροσθεν
2927 4682 3138 4750 ὁδηγῶν
3165 4697 3231 4750 με
3257 4682 3375 4748 στῇ.
3423 4677 3708 4745 Ἐπίὁηλον

2130 4782 2186 4837 δὲ
2212 4783 2322 4852 ἄρα
2349 4779 2439 4853 ἦν,
2471 4783 2546 4843 ὡς
2571 4780 2798 4849 δύναμις
2830 4776 2996 4831 αὑτοῦ
3027 4793 3110 4839 τις
3132 4774 3359 4844 οὐρανία
3387 4773 3708 4842 προηγεῖτο,

2129 4874 2224 4929 τοῦ
2259 4874 2644 4946 πραττομένου
2683 4871 3025 4928 διδάσκαλος.
3059 4868 3216 4922 Οὕτω
3254 4866 3310 4920 δὲ
3362 4864 3708 4935 μεγαλοπρε-

2131 4966 2247 5029 πῶς
2282 4964 2664 5034 ἱδρυσάμενον,
2701 4961 2850 5031 ἅλμα
2895 4959 3117 5028 Ῥώμαν
3162 4957 3429 5026 ὀνομάσαι
3465 4954 3657 5024 αὐτὴν,
3683 4953 3710 5005 δ

2129 5064 2197 5131 τῇ
2244 5059 2532 5130 Ῥωμαίων
2593 5058 2809 5127 γλώττῃ
2879 5055 2979 5125 τὴν
3034 5052 3245 5119 ἔνδοξον
3302 5051 3706 5104 ὑπαινίσσεται.

2141 5154 2311 5224 Ὑπὲρ
2354 5153 2409 5205 δὲ
2436 5152 2535 5221 τῆς
2564 5150 2845 5213 εὐσεϐείας
2880 5150 2906 5201 ὁ
2943 5147 3357 5207 Κωνσταντῖνος
3388 5142 3476 5196 ἀεί
3514 5160 3565 5194 τι
3614 5158 3712 5193 πο-

2131 5248 2239 5301 νῶν
2273 5246 2531 5301 διετέλειι
2568 5245 2665 5297 καὶ
2712 5244 2813 5295 οὐκ
2860 5245 2918 5295 ὲν
2957 5241 3034 5311 τῷ
3086 5238 3390 5306 Βυζαντίῳ,
3425 5235 3563 5289 ἀλλὰ
3613 5235 3710 5288 καὶ

2133 5337 2448 5409 ἁπανταχοῦ
2479 5338 2578 5407 τῆς
2611 5338 2737 5405 γῆς,
2784 5329 3133 5403 περικαλλεῖς
3161 5331 3354 5400 ἀνίστη
3394 5329 3550 5390 νεώς.
3582 5330 3712 5380 Δια-

2135 5435 2411 5505 φερύντως
2430 5432 2475 5484 δ’
2497 5435 2554 5484 ὲν
2572 5432 2691 5493 ταῖς
2717 5429 3086 5500 μητρόπολεσι
3108 5425 3257 5480 τοῦθ’
3282 5425 3492 5493 ἑωρᾶτο
3516 5422 3707 5475 ποιῶν⁶

2132 5525 2323 5595 ὥσπερ
2351 5526 2408 5576 ὲν
2432 5526 2498 5594 τῇ
2531 5524 2674 5577 κατά
2707 5521 3083 5592 Νικομήδειαν
3112 5519 3221 5574 τῶν
3258 5517 3499 5576 Βιθυνῶν
3542 5518 3713 5583 ἐπαρ-

2133 5619 2257 5689 χίᾳ·
2294 5618 2388 5669 καὶ
2439 5620 2493 5670 ἑν
2545 5620 2611 5688 τῇ
2652 5617 2787 5687 πρὶς
2835 5616 3091 5686 Ὀρόντην
3154 5613 3469 5682 Ἀντιοχείᾳ,
3512 5610 3708 5683 καὶὶτῇ

2136 5798 2245 5852 Deo
2278 5800 2533 5868 propitio,
2572 5799 2896 5857 melioribus
2938 5811 3101 5864 quam
3146 5802 3386 5868 veterem
3422 5793 3696 5868 conditam

2132 5884 2251 5951 esse
2278 5864 2533 5989 angulriis
2579 5882 2787 5935 censet,
2831 5869 2863 5922 Ι.
2911 5868 3017 5921 Deo
3056 5876 3287 5921 auctore.
3324 5864 3387 5920 C.
3432 5864 3508 5919 De
3542 5872 3706 5920 teter.

2133 5956 2252 5989 Her
2291 5956 2418 5989 ("NF
2449 5983 2459 5989 .

2121 5956 2252 6007 jure
2291 5956 2459 5995 muri.
