4062 6562
444 429 509 495 21
1360 437 1967 499 ΕΟΟιΕὸίΑΞΤΙΟιΕ
2012 443 2397 502 1115”1“01ὶΙ.Ε
2440 446 2587 503 Llll.
2627 447 2788 508 Vl”.
3614 452 3704 513 22‘

446 540 798 628 πρεσϐυτέρα
838 542 1044 615 Ῥώμῃ,
1083 544 1178 597 καὶ
1208 545 1266 597 έν
1288 544 1426 616 αὐτῇ
1468 545 1829 618 Ἰερουσαλήμ
1849 564 1861 577 ο
1892 566 1996 619 περ

2122 551 2442 607 instrueret.
2477 551 2608 609 Eam
2649 562 2757 608 tam
2789 554 3077 628 magniﬁce
3128 557 3405 613 fundatam
3432 600 3447 623 ,
3488 553 3684 616 almam

438 624 510 702 ἧς
566 632 767 702 μικρὸν
817 632 1048 706 ὕστερον
1101 636 1173 690 τὰ
1225 636 1376 706 αὐτῷ
1431 638 1769 708 εἰργασμένα
1798 639 2012 694 διέλθω.

449 721 606 775 Ἐπεὶ
638 723 697 776 δὲ
723 725 874 795 αὐτῷ
901 726 1084 782 πάντα
1114 728 1257 782 κατὰ
1278 728 1508 801 γνώμην
1539 730 1877 803 προύχώρει,
1915 749 2016 786 κα-

436 812 545 878 λῶς
569 815 629 869 δέ
671 817 724 870 οἱ
753 818 904 889 αὐτῷ
938 824 1034 875 καὶ
1078 820 1147 874 τὰ
1181 822 1289 876 τῶν
1336 822 1654 893 ἀλλοφύλων
1707 825 2014 891 συνέϐαινε,

439 906 548 958 τῶν
575 924 639 961 τε
677 910 1014 981 πορρωτέρω
1039 911 1138 966 καὶ
1167 912 1436 984 σύνεγγυς
1461 914 1612 987 νόμῳ
1647 915 1887 986 πολέμου
1919 918 2016 970 καὶ

440 999 701 1063 σπονδαῖς
749 1000 1234 1075 ἔξημερουμένων,
1264 1004 1458 1075 βαθεῖα
1486 1008 1680 1080 είρήνη
1728 1011 1841 1072 τοῖς
1880 1008 2014 1063 Ῥὠο

442 1092 623 1161 μαίων
679 1093 982 1164 ἐπεχόρευε
1023 1097 1349 1168 πράγμασιν
1401 1098 1581 1153 ἔτεσιν
1624 1100 1725 1171 ήδη
1775 1103 2012 1171 συχνοῖς,

437 1185 533 1238 καὶ
572 1185 607 1256 ή
638 1188 778 1243 κατά
801 1188 1038 1259 Χριστὸν
1070 1194 1253 1254 πίστις
1284 1193 1607 1265 ἁπανταχοῦ
1636 1194 1736 1265 τῆς
1766 1195 1873 1264 γῆς
1904 1195 2014 1249 διε-

438 1278 718 1349 σπείρετο,
748 1280 825 1344 ὡς
853 1283 947 1336 καὶ
975 1282 1147 1339 πολλά
1182 1285 1286 1339 τῶν
1316 1286 1526 1358 ἀγρίων
1566 1287 1734 1343 ἐθνῶν
1764 1288 2015 1344 ἀσπάσα-

439 1368 666 1425 σθαιτά
713 1374 960 1445 ἡμέτερα
986 1392 1000 1407 ·
1035 1375 1285 1431 πολιτεία
1321 1395 1383 1432 τε
1436 1379 1824 1453 ὑπερφέρουσα
1867 1379 1925 1434 ἔν
1954 1397 2013 1434 τε

435 1465 559 1527 ταῖς
600 1465 925 1535 ἐκκλησίαις
964 1470 1060 1524 καὶ
1100 1470 1335 1543 πλήθεσι
1379 1470 1570 1543 δήμων
1598 1472 1693 1527 καὶ
1732 1474 1791 1528 ἐν
1828 1474 2014 1537 αὐτοῖς

436 1558 550 1620 τοῖς
581 1556 766 1626 ὄρεσιν
791 1560 1274 1633 ὑπερήστραπτεν,
1306 1563 1430 1634 ἄρτι
1464 1565 1573 1618 τῶν
1606 1566 1859 1638 μοναχῶν
1882 1567 2015 1620 ὐπο-

436 1650 726 1719 φυομένων
745 1668 759 1683 ’
795 1652 879 1731 ἔτι
910 1654 968 1708 δὲ
1000 1657 1298 1727 μαρτύρων
1332 1659 1424 1712 καὶ
1447 1657 1794 1729 ὁμολογητῶν
1818 1659 2015 1713 διασω-

436 1740 702 1810 ζομένων,
741 1746 837 1799 καὶ
873 1748 1066 1818 ίιρέων
1116 1751 1864 1824 ἁποστολικοῖςήχαρίσμασι
1916 1751 2012 1806 καὶ

435 1834 680 1907 θαύμασι
715 1840 809 1892 καὶ
857 1841 1125 1913 ἁπλότητι
1173 1843 1293 1913 βίου
1330 1818 1765 1914 διαπρεῖοντων,
1810 1837 1885 1899 ὧν
1930 1844 2011 1897 ἔτι

432 1928 754 1997 περιόντων,
792 1930 890 2004 τὴν
911 1933 1171 2004 οὐράνιον
1193 1931 1262 2006 ἦν
1286 1934 1568 1990 πολιτείαν
1592 1936 1726 2007 ὀρᾷν
1755 1934 1850 1987 ἐπὶ
1878 1935 2005 2004 γῆς,

431 2017 783 2090 καθεκάστην
815 2024 910 2076 καὶ
938 2022 1028 2077 διὰ
1057 2026 1279 2079 πάντων
1309 2026 1398 2078 ἀεὶ
1426 2025 1529 2095 τῆς
1561 2024 1859 2097 θρησκείας
1889 2028 2007 2078 ὲπι-

428 2105 701 2179 διδούσης,
735 2111 829 2165 τοῦ
870 2114 1293 2169 Κωνσταντίνου
1324 2119 1510 2171 πᾶσαν
1545 2116 1865 2184 εἰσάγοντος
1903 2115 2003 2186 τὴν

430 2203 691 2273 σπουδὴν,
715 2203 860 2259 ὥστε
886 2207 1221 2264 καθεστάναι
1247 2211 1359 2275 τοῖς
1384 2211 1551 2276 ὅλοις,
1577 2209 1763 2275 αὔξειν
1789 2226 1848 2263 τε
1877 2210 2006 2262 ταύ-

425 2311 529 2367 την
558 2299 653 2351 καὶ
702 2300 783 2364 τίς
818 2300 1050 2370 μέγεθος
1097 2303 1253 2373 ήκειν
1278 2319 1292 2334 ·
1327 2304 1422 2358 καὶ
1459 2303 1525 2357 δι’
1577 2303 1765 2371 αὑτὸν,
1808 2302 1877 2356 τὰ
1908 2302 2003 2356 τοῦ

425 2389 862 2463 Χριστιανισμοῦ
916 2396 974 2449 ἐν
1012 2398 1250 2469 σταθερᾷ
1300 2398 1395 2452 καὶ
1451 2399 1714 2469 ἀταράχῳ
1766 2397 2000 2469 γαλήνῃ,

425 2484 521 2535 καὶ
552 2486 612 2537 ἐν
640 2484 833 2557 βαθείᾳ
882 2488 1243 2560 καθειστήκει
1285 2490 1482 2563 εἰρήνῃ
1511 2508 1525 2522 ·
1572 2494 1666 2544 καὶ
1704 2489 1889 2552 ἁπλῶς
1924 2490 2004 2542 εἰ-

425 2573 570 2637 πεῖν,
607 2577 866 2645 τηνικάδε
900 2579 1121 2649 χορείας
1165 2580 1261 2634 καὶ
1284 2580 1555 2653 θυμηδίας
1601 2578 1743 2654 ἦσαν
1781 2580 2004 2650 ἐμπλεω

422 2666 493 2719 τὰ
524 2668 808 2740 ἡμέτερα·
840 2671 911 2725 τὰ
955 2673 1011 2727 δὲ
1042 2674 1152 2731 τῶν
1195 2674 1457 2730 ἐναντίων
1496 2678 1580 2740 είς
1611 2675 1709 2746 τήν
1750 2676 2001 2729 ἐναντίαν

426 2761 731 2833 μετεχώρει
761 2763 957 2834 ἀηδίαν
983 2782 1047 2819 τε
1082 2768 1176 2821 καὶ
1202 2768 1533 2838 κατήφειαν.

2120 658 2341 713 quoque
2392 645 2619 701 Romam
2668 646 2907 713 vocavit,
2954 648 3099 720 quod
3156 650 3386 723 verbum
3424 649 3687 709 Romanis

2117 737 2292 807 gloria
2357 740 2678 805 praeclaram
2734 740 3026 811 signiﬁcat.
3099 740 3496 800 Constantinus
3556 759 3689 800 sane

2119 842 2401 896 nunquam
2432 844 2540 882 non
2575 845 2676 899 pro
2703 828 3017 885 Christiana
3044 830 3247 900 pietate
3262 820 3471 902 aliquid
3493 847 3682 903 agens,

2117 932 2225 973 non
2249 918 2492 990 Byzantii
2524 928 2758 985 tantum,
2787 921 2882 976 sed
2919 930 2972 976 et
3003 921 3207 993 ubique
3232 914 3526 985 terrarum,
3561 920 3685 992 put.

2117 1010 2392 1066 cherrima
2446 1011 2738 1067 aedificavit
2792 1019 2991 1084 templa
3022 1054 3036 1080 ,
3109 1002 3575 1085 potissimumque
3627 1015 3681 1071 in

2117 1104 2554 1173 metropolitanis
2604 1104 2844 1172 sedibus,
2902 1106 3065 1162 sicuti
3105 1107 3439 1163 Nicomedia:
3499 1109 3553 1162 in
3592 1107 3677 1162 Bi-

2117 1193 2304 1266 thynia
2336 1194 2639 1264 provincia,
2670 1193 2977 1251 Antiochiae
3004 1195 3071 1250 ad
3094 1188 3356 1251 Orontem
3378 1237 3395 1263 ,
3427 1195 3483 1250 in
3512 1195 3683 1250 veteri

2118 1287 2314 1354 Roma,
2353 1285 2835 1360 etllierosolymis
2871 1287 3025 1359 ipsis.
3069 1288 3147 1344 De
3183 1288 3405 1358 quibus,
3441 1282 3567 1357 quae
3609 1284 3682 1341 ibi

2115 1393 2279 1448 opera
2315 1377 2631 1449 perfecerit,
2685 1390 2873 1450 postea
2916 1379 3182 1435 dicemus.
3216 1379 3541 1444 Cum,vero
3596 1391 3685 1431 res

2116 1488 2307 1528 omnes
2328 1472 2378 1526 ei
2410 1487 2476 1527 ex
2510 1471 2786 1527 sententia
2809 1469 3270 1532 cederent.etiam
3301 1469 3446 1539 apud
3468 1477 3687 1523 exteras

2115 1565 2388 1632 nationes,
2428 1564 2688 1618 finitimas
2719 1563 2884 1619 simul
2910 1570 2965 1618 et
2990 1561 3424 1634 longinquiores.
3454 1562 3539 1615 vel
3564 1562 3686 1632 jure

2114 1657 2243 1714 belli
2278 1657 2360 1713 vel
2394 1657 2697 1713 foederibus
2729 1657 2905 1727 pactis
2936 1664 3157 1726 pacatas
3189 1654 3488 1711 :altissima
3525 1654 3685 1708 annis

2114 1750 2365 1821 pluribus
2397 1766 2504 1821 pax
2536 1758 2590 1805 et
2634 1749 3002 1819 tranquillitas
3026 1749 3082 1802 in
3128 1748 3261 1803 orbe
3297 1745 3545 1802 Romano
3580 1745 3684 1799 llo-

2115 1844 2249 1908 ruit,
2280 1852 2337 1897 et
2369 1840 2638 1912 professio
2673 1839 2798 1894 ﬁdei
2823 1839 3150 1895 Christianae
3181 1837 3381 1908 ubique
3414 1847 3685 1892 terrarum

2113 1946 2199 1991 est
2231 1944 2545 2007 propagata.
2588 1934 2769 1989 Multae
2796 1948 3016 2003 quoque
3058 1932 3187 1987 ferte
3234 1930 3484 1987 nationes
3529 1945 3685 1985 sacra

2112 2041 2302 2086 nostra
2336 2038 2466 2085 sunt
2498 2028 2797 2099 complexae
2826 2043 2840 2080 :
2869 2035 2925 2083 et
2972 2026 3266 2083 mirificum
3303 2025 3430 2080 vita:
3460 2024 3685 2080 institu-

2111 2130 2229 2176 tum
2280 2119 2337 2173 in
2392 2119 2664 2182 ecclesiis,
2721 2127 2773 2172 et
2812 2116 2956 2186 apud
3014 2113 3426 2169 multitudinem
3483 2112 3685 2182 ipsam,

2107 2212 2348 2283 denique
2370 2211 2427 2266 in
2460 2210 2741 2265 montibus
2789 2209 2955 2265 etiam
2985 2216 3040 2264 et
3080 2207 3215 2262 solis
3260 2206 3400 2262 locis
3435 2204 3686 2275 resplen-

2109 2305 2250 2369 duit.
2290 2304 2453 2377 536
2483 2303 2629 2375 quod
2658 2318 2834 2373 nuper
2865 2301 3164 2357 admodum
3210 2298 3471 2354 monachi
3506 2296 3688 2368 pullu-

2107 2400 2223 2454 lare
2241 2399 2556 2468 cmpissent,
2598 2405 2655 2452 et
2690 2395 2838 2466 quod
2869 2392 3140 2466 martyres
3165 2391 3345 2447 adhuc
3376 2398 3434 2446 et
3460 2389 3682 2444 confes-

2109 2506 2264 2547 sores
2314 2489 2643 2560 superstites
2708 2487 2924 2552 essent,
2986 2485 3409 2553 sacerdotesque
3460 2480 3687 2550 insuper

2108 2582 2427 2654 apostolicis
2462 2580 2623 2636 donis
2644 2589 2700 2635 et
2729 2577 3034 2644 miraculis,
3059 2578 3296 2647 vitazque
3330 2571 3684 2644 simplicitate

2108 2676 2377 2747 vigerent.
2401 2675 2508 2730 Per
2527 2689 2665 2745 quos
2681 2673 2961 2729 caelestem
2986 2684 3219 2742 prorsus
3242 2668 3411 2723 vitam
3441 2667 3497 2721 in
3519 2663 3685 2721 terris

2104 2781 2338 2823 cernere
2378 2774 2518 2832 erat,
2552 2764 2820 2836 religione
2873 2763 2995 2834 ipsa
3028 2763 3084 2817 in
3115 2760 3236 2816 dies
3281 2770 3498 2828 semper
3546 2765 3600 2809 et
3626 2753 3697 2808 in.

418 2851 588 2909 rebus
623 2858 887 2915 omnibus
933 2870 1224 2931 augmenta
1269 2876 1371 2917 sua
1419 2861 1673 2930 capiente
1712 2880 1726 2917 :
1768 2870 1823 2917 et
1865 2859 2225 2917 Constantino
2273 2858 2456 2913 studio
2510 2857 2658 2912 omni
2718 2857 2775 2912 in
2817 2854 2923 2912 hoc
2974 2852 3348 2917 incumbente,
3418 2857 3478 2903 ut
3530 2845 3681 2918 apud

420 2965 614 3009 omnes
658 2969 722 3010 ea
773 2958 978 3026 ubique
1022 2957 1350 3013 confirmata
1387 2956 1774 3024 stabiliretur,
1842 2965 1896 3012 et
1933 2955 2005 3012 ad
2070 2955 2394 3025 ampliorem
2436 2953 2874 3022 magnitudinem
2918 2956 3270 3005 excresceret
3310 2963 3325 3001 :
3378 2958 3548 3015 utque
3588 2958 3687 3014 per

417 3043 621 3115 ipsum,
676 3051 971 3121 adiuvante
1021 3052 1154 3115 Deo,
1205 3050 1666 3107 Cbristiauismus
1717 3051 1779 3104 in-
1835 3064 2036 3105 serena
2077 3058 2337 3118 certaque
2413 3044 2812 3115 tranquillitate
2854 3051 2910 3099 et
2953 3044 3217 3099 altissima
3250 3056 3382 3114 pace
3414 3042 3685 3098 consiste-

417 3150 525 3196 ret.
564 3143 746 3213 Atque
807 3153 865 3199 ut
908 3145 1236 3215 simpliciter
1283 3147 1488 3212 dicam,
1543 3160 1613 3201 ea
1666 3152 1996 3216 tempestate
2035 3159 2127 3200 res
2192 3151 2397 3196 nostrae
2465 3139 2784 3204 laetissimae,
2817 3137 3233 3210 jucundissima:
3264 3147 3320 3193 et
3362 3136 3683 3193 ﬂorentissi-

415 3249 521 3290 ma:
571 3234 765 3293 fuere:
818 3238 1126 3295 adversarii
1172 3249 1356 3294 autem
1392 3250 1586 3295 contra
1634 3241 1693 3295 in
1745 3238 1990 3306 tristitia,
2027 3237 2419 3295 summissione
2445 3246 2501 3293 et
2527 3250 2764 3291 mmrore
2793 3247 3010 3288 summo
3046 3232 3251 3288 vixere.

1018 3416 1272 3472 ΚΕΦΔΛ.
1312 3415 1391 3473 Ε’.

414 3554 557 3622 Περὶ
582 3553 692 3623 τῆς
718 3555 950 3623 Ἄρειοι)
975 3556 1125 3624 πρὸς
1165 3544 1567 3623 Ἀλέξανδρον
1592 3556 1985 3622 φιλονεικίας·

486 3625 582 3693 καί
616 3625 751 3693 περὶ
780 3628 1064 3680 Μελιτίου
1085 3644 1099 3658 ·
1130 3626 1233 3681 καί
1254 3627 1396 3682 ὅθεν
1438 3625 1537 3679 καὶ
1585 3625 1745 3692 ὅπως
1784 3627 1884 3679 καὶ
1913 3624 1989 3678 δι’

485 3692 560 3759 ἀς
589 3692 786 3762 αἰτίας
813 3696 853 3763 ἠ
881 3696 1289 3768 ἐριςτέγένετο.

485 3830 707 3902 Καίπερ
759 3832 826 3903 δή
881 3831 1025 3887 οὕτω
1074 3836 1173 3906 τῆς
1226 3834 1527 3907 θρησκείας
1562 3834 1983 3905 εὐδοκιμούσης,

412 3923 506 3977 καὶ
533 3921 706 3988 οὕτως
742 3926 1040 3996 ἀγομένης,
1070 3925 1174 3994 τὴν
1221 3927 1480 3998 τοιαύτην
1538 3926 1763 3997 εἰρήνην
1808 3925 1988 3996 ὲμφύ-

410 4011 524 4075 λιός
549 4031 634 4077 τις
667 4014 904 4084 πόλεμος
936 4017 1316 4088 ἀνερρίπισεν.
1361 4015 1673 4087 Ἐρωτικαὶ⁸
1701 4017 1809 4087 γάρ
1843 4032 1986 4080 τινες

410 4103 597 4174 λέσχαι
638 4106 733 4160 καὶ
762 4106 1048 4172 διαλέξεις,
1089 4107 1364 4177 πρόφασιν
1409 4108 1629 4178 ἔχουσαι
1687 4106 1785 4179 τὴν
1827 4106 1985 4160 εὐσέ-

408 4198 583 4264 ϐειαν,
618 4200 713 4254 καὶ
756 4200 856 4268 τὴν
887 4199 1098 4253 τελείαν
1133 4200 1226 4254 τοῦ
1273 4200 1420 4254 θείου
1468 4199 1720 4270 εὕρεσιν,
1751 4206 1820 4255 τὰ
1851 4204 1983 4272 πρὶν

407 4292 741 4356 ἀνεξέταστα
787 4290 894 4344 ὑπὸ
939 4292 1168 4362 ζήτησιν
1203 4287 1360 4361 ἦγον,
1394 4291 1695 4345 κάντεῦθεν
1744 4293 1837 4345 καὶ
1882 4291 1983 4354 τὰς

407 4381 707 4450 ἔκκλησίας
760 4380 1082 4451 ἐτάραττον.
1144 4380 1206 4434 '0
1267 4379 1374 4449 γὰρ
1420 4377 1514 4432 τοῦ
1574 4379 1767 4446 γένους
1825 4378 1982 4449 ήμῶν

404 4474 680 4544 ἀλάστωρ,
741 4474 769 4525 ὁ
814 4472 1173 4543 παμπόνηρος
1231 4473 1323 4525 καὶ
1367 4471 1709 4542 παλαμναῖος
1766 4471 1979 4541 ὲχθρῦς,

403 4566 546 4619 οὕτω
576 4565 671 4631 τὴν
700 4566 1168 4634 ἑκκλησιαστικήν
1197 4564 1397 4620 ὁλκάδα
1429 4566 1487 4630 ἐξ
1520 4563 1717 4635 οὐρίων
1742 4563 1818 4634 τῷ
1849 4563 1979 4634 θείῳ

406 4659 677 4730 πνεύματι
711 4661 1024 4732 φερομένην
1060 4658 1227 4731 ὀρῶν,
1261 4659 1357 4713 καὶ
1407 4658 1838 4730 κυϐερνωμένην
1873 4657 1980 4713 ὑπὸ

2747 3406 2971 3465 CAPUT
3001 3409 3060 3465 V.

2100 3553 2173 3608 De
2205 3553 2320 3608 Arii
2376 3568 2496 3605 cum
2549 3546 2855 3603 Alexandro
2900 3551 3273 3605 contentione:
3330 3550 3393 3603 de
3431 3547 3677 3615 Melitio:

2167 3625 2305 3678 unde
2351 3632 2400 3676 et
2432 3620 2711 3700 quomodo,
2742 3628 2799 3700 et.
2818 3634 2910 3689 per
2934 3635 3065 3688 quas
3090 3636 3279 3672 causas
3300 3629 3347 3674 et
3380 3622 3677 3675 occasiones

2167 3711 2228 3749 ea
2259 3694 2523 3748 contentio
2562 3693 2845 3744 exstiterit.

2167 3831 2381 3900 Religio
2414 3838 2601 3884 nostra
2633 3842 2757 3883 cum
2789 3825 2844 3881 in
2879 3833 3025 3881 tanta
3057 3836 3201 3882 esset
3229 3826 3407 3896 gloria
3433 3837 3489 3882 et
3516 3829 3671 3890 llut‘t‘.

2095 3938 2285 3995 pacem
2314 3929 2371 3979 et
2399 3921 2643 3991 quietem
2690 3927 2895 3974 tantam
2931 3918 3250 3973 intestinum
3281 3918 3523 3973 turbavit
3555 3920 3671 3973 bel-

2092 4015 2227 4070 lum.
2270 4014 2436 4083 Nugae
2475 4026 2713 4082 namque
2755 4020 2812 4066 et
2855 4010 3259 4080 disputationes
3289 4010 3671 4071 contentiosm.

2093 4122 2277 4163 veram
2353 4107 2610 4176 pietatem
2678 4104 3092 4173 perfectamque
3169 4102 3341 4158 divini
3426 4103 3671 4169 numinis

2090 4197 2463 4268 cognitiom-m
2511 4206 2893 4265 prmtexentes.
2925 4194 2994 4249 de
3039 4195 3243 4264 quibus
3290 4202 3449 4248 antea
3484 4194 3671 4263 inqui-

2089 4292 2255 4347 situm
2304 4305 2413 4343 non
2446 4288 2645 4351 fuerat,
2676 4303 2740 4341 ea
2784 4286 2839 4340 in
2894 4288 3251 4361 qumstionetn
3300 4285 3666 4352 deduxerunt,

2088 4399 2262 4454 eaque
2298 4398 2356 4436 rc
2404 4382 2655 4452 iungentes
2684 4379 2875 4435 turbas
2917 4382 2972 4434 in
3008 4379 3260 4435 ecclesiis
3292 4377 3663 4434 concitarunt.

2091 4475 2368 4546 Siquidem
2395 4474 2613 4544 generis
2636 4472 2808 4529 nostri
2855 4471 3045 4542 pestis,
3079 4470 3469 4541 improbusque
3503 4486 3665 4539 pror-

2087 4582 2181 4622 sus
2225 4576 2279 4622 et
2328 4566 2596 4621 exitiosus
2650 4565 2848 4632 hostis,
2879 4564 3061 4619 navim
3093 4565 3526 4620 ecclesiasticam
3556 4572 3665 4618 tam

2087 4658 2300 4730 placide
2347 4658 2605 4714 secundis
2647 4658 2829 4714 ventis
2885 4657 3015 4712 ferri
3063 4665 3119 4712 et
3169 4656 3239 4712 ab
3290 4658 3667 4712 universitatis

400 4752 496 4807 τοῦ
546 4752 658 4806 τῶν
714 4752 851 4806 ὅλων
893 4754 1185 4821 Δεσπότου,
1234 4753 1336 4807 οὐκ
1386 4752 1626 4815 ἀνεκτῶς
1676 4748 1842 4822 εἶχεν.
1890 4753 1981 4804 Ἐν

2102 4752 2253 4822 majus
2281 4751 2394 4805 Deo
2438 4749 2734 4819 gubernari
2766 4748 2978 4814 videns,
3007 4749 3152 4805 ferre
3196 4749 3251 4803 id
3297 4764 3407 4805 non
3454 4747 3661 4819 potuit‘,

402 4843 559 4915 δεινῷ
610 4844 656 4929 δ’
696 4846 936 4898 ἐποιεῖτο
985 4847 1034 4898 εί
1088 4844 1163 4917 μὴ
1213 4845 1515 4899 καταδῦσαι
1563 4843 1769 4915 ταύτην
1802 4860 1982 4914 παρα-

2083 4853 2139 4899 et
2168 4857 2331 4915 grave
2370 4842 2773 4912 molestumque
2803 4841 2907 4897 sibi
2948 4856 3070 4896 esse
3119 4841 3352 4909 putavit,
3393 4839 3496 4894 nisi
3529 4839 3663 4893 sub-

402 4938 754 5001 σκευάσαιεν.
785 4936 959 5002 οὕτως
1019 4938 1304 4998 ἀκλύστως
1350 4937 1461 4990 τῶν
1510 4937 1766 5007 πονηρῶν
1811 4938 1980 5007 ὑπερ‹

2102 4936 2431 5008 nergendam
2481 4951 2603 4991 eam
2649 4943 2870 4989 curaret
2916 4950 3038 5005 qua:
3075 4943 3183 4989 tam
3222 4947 3479 4988 securum
3524 4932 3659 4985 citra

400 5028 708 5099 νηχομένην
735 5030 1047 5099 δογμάτων.
1096 5029 1186 5091 Ὠς
1213 5029 1321 5098 γὰρ
1371 5023 1478 5082 εἶδε
1506 5028 1605 5100 τὴν
1653 5017 1978 5097 Ἑλληνικὴν

2102 5046 2371 5085 irai/orum
2427 5029 2741 5099 dogmatum
2792 5028 2994 5085 lluctus
3043 5039 3099 5083 et
3151 5027 3416 5097 procellas
3448 5033 3659 5081 teneret

399 5122 804 5212 δρπτυομένην
835 5121 1147 5194 τερθρείαν,
1180 5122 1262 5187 εἰς
1295 5120 1571 5191 προῦπτόν
1600 5137 1659 5173 τε
1703 5122 1801 5182 τὰς
1831 5120 1976 5172 ὲκεί-

2102 5138 2320 5177 :ursum.
2351 5120 2420 5177 Ut
2465 5121 2614 5177 enim
2646 5119 2849 5177 Graecae
2894 5120 3306 5199 superstitionis
3353 5106 3657 5190 praestigias

402 5229 494 5265 νου
526 5212 875 5281 φωραθείσας
907 5214 1110 5282 πάγας,
1151 5212 1247 5268 καὶ
1288 5213 1377 5267 ἐπ’
1427 5213 1653 5284 ἀκρισὲς
1700 5213 1973 5282 διελέγχο-

402 5305 610 5376 μένας,
655 5306 749 5360 καὶ
793 5292 892 5377 τὴν
938 5308 1036 5377 μὲν
1087 5307 1266 5360 κτίσιν
1316 5305 1501 5360 ούκέτι
1548 5305 1851 5375 σεϐομένην
1895 5305 1972 5367 ὡς

400 5394 689 5464 πρότερον,
716 5395 807 5449 τὸν
838 5396 894 5449 δὲ
942 5395 1149 5468 ταύτης
1184 5396 1417 5467 ποιητὴν
1448 5396 1525 5458 ὡς
1556 5394 1735 5466 χρεὼν
1770 5394 1971 5464 ὑμνού-

403 5488 562 5557 μενόν
590 5504 647 5540 τε
683 5490 778 5542 καὶ⁵
822 5489 1299 5559 προσκυνούμενον
1320 5503 1332 5519 ⁸
1367 5492 1567 5541 ἀπεῖπε
1607 5488 1706 5557 μὲν
1734 5487 1798 5541 τὸ
1831 5504 1968 5558 προ-

398 5578 583 5646 φανῶς
634 5580 777 5634 οὕτω
835 5581 979 5636 κατά
1035 5580 1171 5635 Θεοῦ
1226 5580 1610 5652 ἀναρριπίζειν
1664 5577 1820 5643 αὖθις
1874 5582 1965 5634 τὸν

2079 5214 2406 5283 proculcari,
2455 5214 2787 5284 dolososque
2836 5215 3065 5285 laqueos
3113 5214 3233 5284 ejus
3292 5212 3347 5266 in
3405 5224 3655 5280 apertum

2082 5304 2326 5373 protrahi
2380 5312 2435 5359 et
2498 5306 2790 5359 manifesto
2836 5303 2990 5373 argui
3050 5312 3216 5370 atque
3269 5301 3542 5365 convinci,
3601 5311 3658 5355 et

2078 5406 2387 5454 creaturam
2436 5400 2655 5469 quidem
2703 5403 2784 5467 (ut
2813 5396 3069 5467 antehae)
3102 5397 3337 5465 amplius
3380 5412 3487 5450 non
3522 5394 3652 5459 coli,

2075 5473 2390 5546 Creatorem
2422 5507 2553 5546 vero
2579 5492 2721 5560 ejus,
2754 5488 2914 5546 sicuti
2940 5489 3216 5551 convenit.
3241 5488 3500 5545 laudibus
3527 5486 3650 5543 vehi

2074 5590 2134 5634 et
2176 5579 2392 5635 adorari
2421 5578 2810 5634 animadvertit
2845 5596 2861 5633 :
2893 5589 3144 5649 apertum
3190 5593 3410 5633 rursum
3454 5586 3646 5633 contra

398 5670 671 5739 πόλεμον·
707 5675 915 5743 μέτεισι
956 5675 1016 5728 δὲ
1048 5674 1110 5729 τὸ
1144 5676 1378 5745 πρᾶγμα
1426 5675 1547 5727 λίαν
1588 5673 1840 5736 ὑπούλως
1871 5673 1966 5727 καὶ

2102 5686 2234 5727 ieum
2301 5688 2521 5728 movere
2574 5673 2776 5728 bellum
2836 5672 3173 5743 posthabuit,
3235 5680 3291 5726 et
3341 5671 3465 5726 dolo
3521 5686 3636 5725 rem

394 5760 652 5833 δολερῶς.
682 5764 872 5834 Εὐρὼν
905 5768 1015 5836 γάρ
1056 5783 1228 5831 τινας,
1259 5769 1358 5837 την
1408 5767 1508 5836 μὲν
1546 5768 1657 5821 τῶν
1699 5769 1966 5836 Χριστια-

2102 5765 2402 5821 landestine
2446 5765 2741 5821 admodum
2790 5776 2845 5822 ct
2895 5767 3281 5821 fraudulenter
3344 5779 3634 5837 aggressus

398 5852 504 5906 νῶν
538 5854 718 5909 πίστιν
745 5858 1184 5929 ἀσπαζομένους,
1211 5859 1368 5929 τύφῳ
1406 5858 1461 5912 δὲ
1505 5860 1597 5914 καὶ
1630 5862 1694 5930 τῇ
1732 5858 1965 5931 διακένῳ

2102 5870 2162 5915 5!.
2199 5859 2450 5931 Repertis
2493 5876 2728 5933 namque
2758 5858 3111 5932 quibusdam,
3137 5859 3231 5931 qui
3262 5857 3640 5915 Christianam
