  <div class='ocr_page' id='page_1' title='image "/cluster/home/n/w/nwhite01/storage/ocr_20150623/146/hvd.32044019208347/021.png"; bbox 0 0 4062 6556; ppageno 0'>
   <div class='ocr_carea' id='block_1_1' title="bbox 415 386 3652 497">
    <p class='ocr_par' dir='ltr' id='par_1_1' title="bbox 415 386 3652 497">
     <span class='ocr_line' id='line_1_1' title="bbox 415 386 3652 497; baseline 0.01 -33"><span class='ocrx_word' id='word_1_1' title='bbox 415 403 485 465; x_wconf 70' lang='lat'><strong>27</strong></span> <span class='ocrx_word' id='word_1_2' title='bbox 1198 386 1208 394; x_wconf 80' lang='grc'><strong>’</strong></span> <span class='ocrx_word' id='word_1_3' title='bbox 1606 417 2035 479; x_wconf 71' lang='grc' dir='ltr'><strong>ΝΙΩΕΡΙΙΟΙΠ</strong></span> <span class='ocrx_word' id='word_1_4' title='bbox 2080 423 2429 482; x_wconf 56' lang='lat' dir='ltr'><strong>unus“</strong></span> <span class='ocrx_word' id='word_1_5' title='bbox 3582 432 3652 497; x_wconf 78' lang='lat'><strong>23</strong></span> 
     </span>
    </p>
   </div>
   <div class='ocr_carea' id='block_1_2' title="bbox 404 515 1966 616">
    <p class='ocr_par' dir='ltr' id='par_1_2' title="bbox 404 515 1966 601">
     <span class='ocr_line' id='line_1_2' title="bbox 404 515 1966 601; baseline 0.013 -34"><span class='ocrx_word' id='word_1_6' title='bbox 404 515 482 568; x_wconf 91' lang='lat' dir='ltr'><strong>illi</strong></span> <span class='ocrx_word' id='word_1_7' title='bbox 507 515 784 586; x_wconf 77' lang='lat' dir='ltr'><strong>sscripsit.</strong></span> <span class='ocrx_word' id='word_1_8' title='bbox 816 518 1125 577; x_wconf 87' lang='lat' dir='ltr'><strong>Alexander</strong></span> <span class='ocrx_word' id='word_1_9' title='bbox 1171 539 1305 579; x_wconf 90' lang='lat' dir='ltr'><strong>vero</strong></span> <span class='ocrx_word' id='word_1_10' title='bbox 1336 524 1651 598; x_wconf 82' lang='lat' dir='ltr'><strong>episcopus,</strong></span> <span class='ocrx_word' id='word_1_11' title='bbox 1687 540 1966 601; x_wconf 63' lang='lat' dir='ltr'><strong>utrumqur</strong></span> 
     </span>
    </p>
   </div>
   <div class='ocr_carea' id='block_1_3' title="bbox 2072 515 3648 616">
    <p class='ocr_par' dir='ltr' id='par_1_3' title="bbox 2088 535 3648 616">
     <span class='ocr_line' id='line_1_3' title="bbox 2088 535 3648 616; baseline 0.007 -28"><span class='ocrx_word' id='word_1_12' title='bbox 2088 535 2257 591; x_wconf 80' lang='grc' dir='ltr'>θέλων</span> <span class='ocrx_word' id='word_1_13' title='bbox 2288 537 2484 591; x_wconf 80' lang='grc' dir='ltr'>παύειν</span> <span class='ocrx_word' id='word_1_14' title='bbox 2515 538 2610 609; x_wconf 75' lang='grc' dir='ltr'>τῆς</span> <span class='ocrx_word' id='word_1_15' title='bbox 2642 538 2819 607; x_wconf 80' lang='grc' dir='ltr'>ἔριδος</span> <span class='ocrx_word' id='word_1_16' title='bbox 2849 541 3038 611; x_wconf 77' lang='grc' dir='ltr'>ἄμφω,</span> <span class='ocrx_word' id='word_1_17' title='bbox 3072 543 3152 606; x_wconf 86' lang='grc' dir='ltr'><strong>είς</strong></span> <span class='ocrx_word' id='word_1_18' title='bbox 3200 544 3430 614; x_wconf 69' lang='grc' dir='ltr'>ἅμιλλαν</span> <span class='ocrx_word' id='word_1_19' title='bbox 3467 544 3648 616; x_wconf 87' lang='grc' dir='ltr'>λόγων</span> 
     </span>
    </p>
   </div>
   <div class='ocr_carea' id='block_1_4' title="bbox 399 606 1966 709">
    <p class='ocr_par' dir='ltr' id='par_1_4' title="bbox 399 606 1966 691">
     <span class='ocr_line' id='line_1_4' title="bbox 399 606 1966 691; baseline 0.013 -34"><span class='ocrx_word' id='word_1_20' title='bbox 399 606 811 664; x_wconf 86' lang='lat' dir='ltr'><strong>acontentione</strong></span> <span class='ocrx_word' id='word_1_21' title='bbox 862 608 1134 667; x_wconf 87' lang='lat' dir='ltr'><strong>abducere</strong></span> <span class='ocrx_word' id='word_1_22' title='bbox 1189 616 1396 676; x_wconf 87' lang='lat' dir='ltr'><strong>volens.</strong></span> <span class='ocrx_word' id='word_1_23' title='bbox 1448 618 1513 672; x_wconf 88' lang='lat' dir='ltr'><strong>ad</strong></span> <span class='ocrx_word' id='word_1_24' title='bbox 1565 620 1966 691; x_wconf 66' lang='lat' dir='ltr'><strong>disputationes</strong></span> 
     </span>
    </p>
   </div>
   <div class='ocr_carea' id='block_1_5' title="bbox 2072 606 3649 709">
    <p class='ocr_par' dir='ltr' id='par_1_5' title="bbox 2079 606 3649 709">
     <span class='ocr_line' id='line_1_5' title="bbox 2079 606 3649 709; baseline 0.007 -27"><span class='ocrx_word' id='word_1_25' title='bbox 2079 629 2282 689; x_wconf 77' lang='grc' dir='ltr'>ἐκάλει.</span> <span class='ocrx_word' id='word_1_26' title='bbox 2323 632 2503 684; x_wconf 84' lang='grc' dir='ltr'>πειθοῖ</span> <span class='ocrx_word' id='word_1_27' title='bbox 2551 606 2751 700; x_wconf 72' lang='grc' dir='ltr'>μᾶλλον</span> <span class='ocrx_word' id='word_1_28' title='bbox 2805 634 2837 704; x_wconf 76' lang='grc' dir='ltr'>ἢ</span> <span class='ocrx_word' id='word_1_29' title='bbox 3025 634 3186 689; x_wconf 83' lang='grc' dir='ltr'>λῦσαι</span> <span class='ocrx_word' id='word_1_30' title='bbox 3235 606 3298 690; x_wconf 73' lang='grc' dir='ltr'>τὸ</span> <span class='ocrx_word' id='word_1_31' title='bbox 3347 606 3649 709; x_wconf 74' lang='grc' dir='ltr'>άμφίόόλον</span> 
     </span>
    </p>
   </div>
   <div class='ocr_carea' id='block_1_6' title="bbox 397 700 1966 796">
    <p class='ocr_par' dir='ltr' id='par_1_6' title="bbox 397 700 1966 781">
     <span class='ocr_line' id='line_1_6' title="bbox 397 700 1966 781; baseline 0.011 -30"><span class='ocrx_word' id='word_1_32' title='bbox 397 712 826 767; x_wconf 70' lang='lat' dir='ltr'><strong>sermonumque</strong></span> <span class='ocrx_word' id='word_1_33' title='bbox 853 700 1175 758; x_wconf 85' lang='lat' dir='ltr'><strong>collationes</strong></span> <span class='ocrx_word' id='word_1_34' title='bbox 1191 721 1286 759; x_wconf 89' lang='lat' dir='ltr'><strong>eos</strong></span> <span class='ocrx_word' id='word_1_35' title='bbox 1304 706 1576 775; x_wconf 90' lang='lat' dir='ltr'><strong>invitavit,</strong></span> <span class='ocrx_word' id='word_1_36' title='bbox 1605 715 1966 781; x_wconf 79' lang='lat' dir='ltr'><strong>persuasione</strong></span> 
     </span>
    </p>
   </div>
   <div class='ocr_carea' id='block_1_7' title="bbox 2072 700 3650 796">
    <p class='ocr_par' dir='ltr' id='par_1_7' title="bbox 2079 700 3650 796">
     <span class='ocr_line' id='line_1_7' title="bbox 2079 700 3650 796; baseline 0.01 -26"><span class='ocrx_word' id='word_1_37' title='bbox 2079 719 2376 790; x_wconf 75' lang='grc' dir='ltr'>ᾑρημένος.</span> <span class='ocrx_word' id='word_1_38' title='bbox 2412 723 2521 776; x_wconf 72' lang='grc' dir='ltr'><strong>Καὶ</strong></span> <span class='ocrx_word' id='word_1_39' title='bbox 2555 700 2846 793; x_wconf 82' lang='grc' dir='ltr'>συνεδρίων</span> <span class='ocrx_word' id='word_1_40' title='bbox 2876 700 3261 796; x_wconf 79' lang='grc' dir='ltr'>γεγενημένων</span> <span class='ocrx_word' id='word_1_41' title='bbox 3304 700 3540 795; x_wconf 66' lang='grc' dir='ltr'>πολλιῖιν,</span> <span class='ocrx_word' id='word_1_42' title='bbox 3561 726 3650 785; x_wconf 77' lang='grc' dir='ltr'><strong>οἷα</strong></span> 
     </span>
    </p>
   </div>
   <div class='ocr_carea' id='block_1_8' title="bbox 394 790 1966 892">
    <p class='ocr_par' dir='ltr' id='par_1_8' title="bbox 394 790 1966 867">
     <span class='ocr_line' id='line_1_8' title="bbox 394 790 1966 867; baseline 0.013 -25"><span class='ocrx_word' id='word_1_43' title='bbox 394 790 581 859; x_wconf 92' lang='lat' dir='ltr'><strong>potius</strong></span> <span class='ocrx_word' id='word_1_44' title='bbox 610 804 771 859; x_wconf 86' lang='lat' dir='ltr'><strong>quam</strong></span> <span class='ocrx_word' id='word_1_45' title='bbox 803 792 1041 849; x_wconf 85' lang='lat' dir='ltr'><strong>violenta</strong></span> <span class='ocrx_word' id='word_1_46' title='bbox 1093 797 1339 867; x_wconf 73' lang='lat' dir='ltr'><strong>iussione</strong></span> <span class='ocrx_word' id='word_1_47' title='bbox 1387 804 1820 860; x_wconf 87' lang='lat' dir='ltr'><strong>controversiam</strong></span> <span class='ocrx_word' id='word_1_48' title='bbox 1876 822 1966 861; x_wconf 87' lang='lat' dir='ltr'><strong>so-</strong></span> 
     </span>
    </p>
   </div>
   <div class='ocr_carea' id='block_1_9' title="bbox 2072 790 3648 892">
    <p class='ocr_par' dir='ltr' id='par_1_9' title="bbox 2076 790 3648 892">
     <span class='ocr_line' id='line_1_9' title="bbox 2076 790 3648 892; baseline 0.01 -31"><span class='ocrx_word' id='word_1_49' title='bbox 2076 810 2208 878; x_wconf 82' lang='grc' dir='ltr'>δῆτα</span> <span class='ocrx_word' id='word_1_50' title='bbox 2237 812 2386 880; x_wconf 79' lang='grc' dir='ltr'>φιλεῖ</span> <span class='ocrx_word' id='word_1_51' title='bbox 2410 814 2509 882; x_wconf 82' lang='grc' dir='ltr'>τῆς</span> <span class='ocrx_word' id='word_1_52' title='bbox 2553 790 2731 884; x_wconf 76' lang='grc' dir='ltr'>ἔριδος</span> <span class='ocrx_word' id='word_1_53' title='bbox 2762 790 3108 886; x_wconf 70' lang='grc' dir='ltr'>ἑκατέρωθεν</span> <span class='ocrx_word' id='word_1_54' title='bbox 3156 820 3477 892; x_wconf 76' lang='grc' dir='ltr'>αίρομένης,</span> <span class='ocrx_word' id='word_1_55' title='bbox 3519 790 3648 877; x_wconf 72' lang='grc' dir='ltr'>ποτὲ</span> 
     </span>
    </p>
   </div>
   <div class='ocr_carea' id='block_1_10' title="bbox 397 880 1966 980">
    <p class='ocr_par' dir='ltr' id='par_1_10' title="bbox 397 880 1966 955">
     <span class='ocr_line' id='line_1_10' title="bbox 397 880 1966 955; baseline 0.015 -24"><span class='ocrx_word' id='word_1_56' title='bbox 397 880 517 948; x_wconf 88' lang='lat' dir='ltr'><strong>pire</strong></span> <span class='ocrx_word' id='word_1_57' title='bbox 557 881 961 938; x_wconf 87' lang='lat' dir='ltr'><strong>conducibilius</strong></span> <span class='ocrx_word' id='word_1_58' title='bbox 1002 902 1122 941; x_wconf 89' lang='lat' dir='ltr'><strong>esse</strong></span> <span class='ocrx_word' id='word_1_59' title='bbox 1152 887 1383 944; x_wconf 84' lang='lat' dir='ltr'><strong>ducens.</strong></span> <span class='ocrx_word' id='word_1_60' title='bbox 1420 892 1487 946; x_wconf 89' lang='lat' dir='ltr'><strong>Et</strong></span> <span class='ocrx_word' id='word_1_61' title='bbox 1526 910 1648 949; x_wconf 90' lang='lat' dir='ltr'><strong>cum</strong></span> <span class='ocrx_word' id='word_1_62' title='bbox 1683 896 1966 955; x_wconf 84' lang='lat' dir='ltr'><strong>multoties</strong></span> 
     </span>
    </p>
   </div>
   <div class='ocr_carea' id='block_1_11' title="bbox 2072 880 3652 980">
    <p class='ocr_par' dir='ltr' id='par_1_11' title="bbox 2080 880 3652 980">
     <span class='ocr_line' id='line_1_11' title="bbox 2080 880 3652 980; baseline 0.01 -28"><span class='ocrx_word' id='word_1_63' title='bbox 2080 899 2179 969; x_wconf 80' lang='grc' dir='ltr'>μὲν</span> <span class='ocrx_word' id='word_1_64' title='bbox 2211 901 2406 972; x_wconf 75' lang='grc' dir='ltr'>τούτῳ,</span> <span class='ocrx_word' id='word_1_65' title='bbox 2434 880 2627 957; x_wconf 74' lang='grc' dir='ltr'>ἄλλοτε</span> <span class='ocrx_word' id='word_1_66' title='bbox 2674 905 2723 959; x_wconf 78' lang='grc' dir='ltr'>δ’</span> <span class='ocrx_word' id='word_1_67' title='bbox 2770 880 2966 977; x_wconf 65' lang='grc' dir='ltr'>ἐκείνω</span> <span class='ocrx_word' id='word_1_68' title='bbox 3010 880 3230 977; x_wconf 70' lang='grc' dir='ltr'>εὐφυῶς</span> <span class='ocrx_word' id='word_1_69' title='bbox 3273 880 3597 980; x_wconf 42' lang='lat' dir='ltr'><strong>saperdas.er</strong></span> <span class='ocrx_word' id='word_1_70' title='bbox 3625 917 3652 967; x_wconf 86' lang='grc' dir='ltr'><strong>ό</strong></span> 
     </span>
    </p>
   </div>
   <div class='ocr_carea' id='block_1_12' title="bbox 397 970 1965 1054">
    <p class='ocr_par' dir='ltr' id='par_1_12' title="bbox 397 970 1965 1054">
     <span class='ocr_line' id='line_1_12' title="bbox 397 970 1965 1054; baseline 0.014 -32"><span class='ocrx_word' id='word_1_71' title='bbox 397 970 730 1040; x_wconf 77' lang='lat' dir='ltr'><strong>disputando</strong></span> <span class='ocrx_word' id='word_1_72' title='bbox 777 976 1054 1044; x_wconf 79' lang='lat' dir='ltr'><strong>congressi</strong></span> <span class='ocrx_word' id='word_1_73' title='bbox 1095 986 1298 1042; x_wconf 80' lang='lat' dir='ltr'><strong>essent.</strong></span> <span class='ocrx_word' id='word_1_74' title='bbox 1348 980 1510 1037; x_wconf 88' lang='lat' dir='ltr'><strong>sicuti</strong></span> <span class='ocrx_word' id='word_1_75' title='bbox 1549 984 1665 1039; x_wconf 82' lang='lat' dir='ltr'><strong>ﬁeri</strong></span> <span class='ocrx_word' id='word_1_76' title='bbox 1697 989 1965 1054; x_wconf 85' lang='lat' dir='ltr'><strong>assuevit,</strong></span> 
     </span>
    </p>
   </div>
   <div class='ocr_carea' id='block_1_13' title="bbox 396 1065 1969 1148">
    <p class='ocr_par' dir='ltr' id='par_1_13' title="bbox 396 1065 1969 1148">
     <span class='ocr_line' id='line_1_13' title="bbox 396 1065 1969 1148; baseline 0.014 -33"><span class='ocrx_word' id='word_1_77' title='bbox 396 1065 749 1121; x_wconf 88' lang='lat' dir='ltr'><strong>contentione</strong></span> <span class='ocrx_word' id='word_1_78' title='bbox 781 1066 925 1121; x_wconf 87' lang='lat' dir='ltr'><strong>inter</strong></span> <span class='ocrx_word' id='word_1_79' title='bbox 956 1072 1245 1140; x_wconf 62' lang='lat' dir='ltr'><strong>quaepiam</strong></span> <span class='ocrx_word' id='word_1_80' title='bbox 1278 1083 1444 1136; x_wconf 88' lang='lat' dir='ltr'><strong>mota.</strong></span> <span class='ocrx_word' id='word_1_81' title='bbox 1480 1076 1775 1148; x_wconf 87' lang='lat' dir='ltr'><strong>episcopus</strong></span> <span class='ocrx_word' id='word_1_82' title='bbox 1820 1096 1969 1137; x_wconf 91' lang='lat' dir='ltr'><strong>nunc</strong></span> 
     </span>
    </p>
   </div>
   <div class='ocr_carea' id='block_1_14' title="bbox 398 1156 1967 1233">
    <p class='ocr_par' dir='ltr' id='par_1_14' title="bbox 398 1156 1967 1233">
     <span class='ocr_line' id='line_1_14' title="bbox 398 1156 1967 1233; baseline 0.013 -23"><span class='ocrx_word' id='word_1_83' title='bbox 398 1156 548 1220; x_wconf 84' lang='lat' dir='ltr'><strong>huic,</strong></span> <span class='ocrx_word' id='word_1_84' title='bbox 603 1174 748 1213; x_wconf 90' lang='lat' dir='ltr'><strong>nunc</strong></span> <span class='ocrx_word' id='word_1_85' title='bbox 798 1160 874 1213; x_wconf 87' lang='lat' dir='ltr'><strong>illi</strong></span> <span class='ocrx_word' id='word_1_86' title='bbox 914 1161 1182 1219; x_wconf 89' lang='lat' dir='ltr'><strong>benevole</strong></span> <span class='ocrx_word' id='word_1_87' title='bbox 1230 1177 1285 1220; x_wconf 88' lang='lat' dir='ltr'><strong>et</strong></span> <span class='ocrx_word' id='word_1_88' title='bbox 1337 1169 1624 1225; x_wconf 89' lang='lat' dir='ltr'><strong>commode</strong></span> <span class='ocrx_word' id='word_1_89' title='bbox 1683 1173 1967 1233; x_wconf 52' lang='lat' dir='ltr'><strong>adh-arsit:</strong></span> 
     </span>
    </p>
   </div>
   <div class='ocr_carea' id='block_1_15' title="bbox 395 1256 1971 1327">
    <p class='ocr_par' dir='ltr' id='par_1_15' title="bbox 395 1256 1971 1327">
     <span class='ocr_line' id='line_1_15' title="bbox 395 1256 1971 1327; baseline 0.014 -28"><span class='ocrx_word' id='word_1_90' title='bbox 395 1258 675 1317; x_wconf 86' lang='lat' dir='ltr'><strong>postremo</strong></span> <span class='ocrx_word' id='word_1_91' title='bbox 706 1266 836 1305; x_wconf 88' lang='lat' dir='ltr'><strong>vero</strong></span> <span class='ocrx_word' id='word_1_92' title='bbox 863 1256 1079 1309; x_wconf 88' lang='lat' dir='ltr'><strong>tandem</strong></span> <span class='ocrx_word' id='word_1_93' title='bbox 1111 1265 1165 1310; x_wconf 90' lang='lat' dir='ltr'><strong>et</strong></span> <span class='ocrx_word' id='word_1_94' title='bbox 1205 1257 1319 1327; x_wconf 84' lang='lat' dir='ltr'><strong>ipse</strong></span> <span class='ocrx_word' id='word_1_95' title='bbox 1358 1270 1690 1316; x_wconf 82' lang='lat' dir='ltr'><strong>coaeternum</strong></span> <span class='ocrx_word' id='word_1_96' title='bbox 1737 1275 1793 1318; x_wconf 89' lang='lat' dir='ltr'><strong>et</strong></span> <span class='ocrx_word' id='word_1_97' title='bbox 1836 1282 1971 1320; x_wconf 89' lang='lat' dir='ltr'><strong>con-</strong></span> 
     </span>
    </p>
   </div>
   <div class='ocr_carea' id='block_1_16' title="bbox 396 1337 1970 1425">
    <p class='ocr_par' dir='ltr' id='par_1_16' title="bbox 396 1337 1970 1425">
     <span class='ocr_line' id='line_1_16' title="bbox 396 1337 1970 1425; baseline 0.014 -36"><span class='ocrx_word' id='word_1_98' title='bbox 396 1337 814 1394; x_wconf 82' lang='lat' dir='ltr'><strong>substantialem</strong></span> <span class='ocrx_word' id='word_1_99' title='bbox 863 1342 1008 1397; x_wconf 85' lang='lat' dir='ltr'><strong>Patri</strong></span> <span class='ocrx_word' id='word_1_100' title='bbox 1054 1343 1275 1410; x_wconf 89' lang='lat' dir='ltr'><strong>Filium,</strong></span> <span class='ocrx_word' id='word_1_101' title='bbox 1307 1348 1382 1402; x_wconf 88' lang='lat' dir='ltr'><strong>ita</strong></span> <span class='ocrx_word' id='word_1_102' title='bbox 1432 1350 1509 1403; x_wconf 88' lang='lat' dir='ltr'><strong>uti</strong></span> <span class='ocrx_word' id='word_1_103' title='bbox 1552 1362 1713 1407; x_wconf 88' lang='lat' dir='ltr'><strong>antea</strong></span> <span class='ocrx_word' id='word_1_104' title='bbox 1750 1370 1970 1425; x_wconf 86' lang='lat' dir='ltr'><strong>semper</strong></span> 
     </span>
    </p>
   </div>
   <div class='ocr_carea' id='block_1_17' title="bbox 2071 991 3652 1074">
    <p class='ocr_par' dir='ltr' id='par_1_17' title="bbox 2071 991 3652 1074">
     <span class='ocr_line' id='line_1_17' title="bbox 2071 991 3652 1074; baseline 0.009 -29"><span class='ocrx_word' id='word_1_105' title='bbox 2071 991 2369 1057; x_wconf 76' lang='grc' dir='ltr'>ἐπίσκοπος</span> <span class='ocrx_word' id='word_1_106' title='bbox 2392 1009 2406 1025; x_wconf 88' lang='grc'><strong>·</strong></span> <span class='ocrx_word' id='word_1_107' title='bbox 2432 995 2587 1060; x_wconf 76' lang='grc' dir='ltr'>τέλος</span> <span class='ocrx_word' id='word_1_108' title='bbox 2613 996 2668 1049; x_wconf 77' lang='grc' dir='ltr'>δὲ</span> <span class='ocrx_word' id='word_1_109' title='bbox 2702 998 2794 1049; x_wconf 78' lang='grc' dir='ltr'>καὶ</span> <span class='ocrx_word' id='word_1_110' title='bbox 2822 998 3006 1062; x_wconf 72' lang='grc' dir='ltr'>αὐτὸς,</span> <span class='ocrx_word' id='word_1_111' title='bbox 3035 1000 3308 1055; x_wconf 76' lang='grc' dir='ltr'>συναῖδιον</span> <span class='ocrx_word' id='word_1_112' title='bbox 3341 1006 3433 1057; x_wconf 68' lang='lat' dir='ltr'><strong>aut</strong></span> <span class='ocrx_word' id='word_1_113' title='bbox 3457 1004 3652 1074; x_wconf 63' lang='grc' dir='ltr'>ὀμοούο-</span> 
     </span>
    </p>
   </div>
   <div class='ocr_carea' id='block_1_18' title="bbox 2074 1084 3649 1168">
    <p class='ocr_par' dir='ltr' id='par_1_18' title="bbox 2074 1084 3649 1168">
     <span class='ocr_line' id='line_1_18' title="bbox 2074 1084 3649 1168; baseline 0.011 -35"><span class='ocrx_word' id='word_1_114' title='bbox 2074 1099 2190 1143; x_wconf 80' lang='grc' dir='ltr'>σιον</span> <span class='ocrx_word' id='word_1_115' title='bbox 2235 1084 2313 1154; x_wconf 82' lang='grc' dir='ltr'>τῷ</span> <span class='ocrx_word' id='word_1_116' title='bbox 2348 1087 2522 1157; x_wconf 65' lang='grc' dir='ltr'><strong>Πατρὶ⁵</strong></span> <span class='ocrx_word' id='word_1_117' title='bbox 2574 1092 2665 1140; x_wconf 77' lang='grc' dir='ltr'>τὸν</span> <span class='ocrx_word' id='word_1_118' title='bbox 2716 1089 2863 1153; x_wconf 80' lang='grc' dir='ltr'>Υίδν,</span> <span class='ocrx_word' id='word_1_119' title='bbox 2897 1089 3088 1161; x_wconf 82' lang='grc' dir='ltr'>ὥσπερ</span> <span class='ocrx_word' id='word_1_120' title='bbox 3140 1095 3234 1147; x_wconf 76' lang='grc' dir='ltr'>καὶ</span> <span class='ocrx_word' id='word_1_121' title='bbox 3277 1094 3484 1149; x_wconf 81' lang='grc' dir='ltr'>ἄνωθεν</span> <span class='ocrx_word' id='word_1_122' title='bbox 3535 1093 3649 1168; x_wconf 83' lang='grc' dir='ltr'>εἶχε</span> 
     </span>
    </p>
   </div>
   <div class='ocr_carea' id='block_1_19' title="bbox 2073 1175 3650 1258">
    <p class='ocr_par' dir='ltr' id='par_1_19' title="bbox 2073 1175 3650 1258">
     <span class='ocr_line' id='line_1_19' title="bbox 2073 1175 3650 1258; baseline 0.01 -31"><span class='ocrx_word' id='word_1_123' title='bbox 2073 1175 2251 1244; x_wconf 73' lang='grc' dir='ltr'>δόξης,</span> <span class='ocrx_word' id='word_1_124' title='bbox 2275 1178 2486 1247; x_wconf 80' lang='grc' dir='ltr'>τρανῶς</span> <span class='ocrx_word' id='word_1_125' title='bbox 2510 1180 2872 1250; x_wconf 80' lang='grc' dir='ltr'>ἁνεκήρυττε,</span> <span class='ocrx_word' id='word_1_126' title='bbox 2907 1184 3003 1236; x_wconf 77' lang='grc' dir='ltr'>καὶ</span> <span class='ocrx_word' id='word_1_127' title='bbox 3035 1185 3254 1254; x_wconf 80' lang='grc' dir='ltr'>Ἀρειον</span> <span class='ocrx_word' id='word_1_128' title='bbox 3287 1186 3358 1240; x_wconf 78' lang='grc' dir='ltr'><strong>τά</strong></span> <span class='ocrx_word' id='word_1_129' title='bbox 3397 1190 3488 1241; x_wconf 84' lang='grc' dir='ltr'><strong>ίσα</strong></span> <span class='ocrx_word' id='word_1_130' title='bbox 3519 1206 3650 1258; x_wconf 80' lang='grc' dir='ltr'>φροο</span> 
     </span>
    </p>
   </div>
   <div class='ocr_carea' id='block_1_20' title="bbox 2074 1268 3654 1354">
    <p class='ocr_par' dir='ltr' id='par_1_20' title="bbox 2074 1268 3654 1354">
     <span class='ocr_line' id='line_1_20' title="bbox 2074 1268 3654 1354; baseline 0.01 -36"><span class='ocrx_word' id='word_1_131' title='bbox 2074 1269 2184 1319; x_wconf 81' lang='grc' dir='ltr'>νείν</span> <span class='ocrx_word' id='word_1_132' title='bbox 2217 1268 2487 1325; x_wconf 72' lang='grc' dir='ltr'>ἐκέλευεν.</span> <span class='ocrx_word' id='word_1_133' title='bbox 2535 1272 2626 1335; x_wconf 79' lang='lat'><strong>&#39;0;</strong></span> <span class='ocrx_word' id='word_1_134' title='bbox 2661 1274 2705 1326; x_wconf 83' lang='grc' dir='ltr'>δ’</span> <span class='ocrx_word' id='word_1_135' title='bbox 2750 1274 2852 1327; x_wconf 71' lang='grc' dir='ltr'>οὒκ</span> <span class='ocrx_word' id='word_1_136' title='bbox 2900 1274 3108 1341; x_wconf 78' lang='grc' dir='ltr'>ἔπειθε,</span> <span class='ocrx_word' id='word_1_137' title='bbox 3139 1276 3245 1331; x_wconf 82' lang='grc' dir='ltr'>τῶν</span> <span class='ocrx_word' id='word_1_138' title='bbox 3297 1279 3459 1350; x_wconf 84' lang='grc' dir='ltr'>ίερῶν</span> <span class='ocrx_word' id='word_1_139' title='bbox 3496 1296 3654 1354; x_wconf 77' lang='grc' dir='ltr'>περι-</span> 
     </span>
    </p>
   </div>
   <div class='ocr_carea' id='block_1_21' title="bbox 2075 1358 2750 1431">
    <p class='ocr_par' dir='ltr' id='par_1_21' title="bbox 2075 1358 2750 1431">
     <span class='ocr_line' id='line_1_21' title="bbox 2075 1358 2750 1431; baseline 0.015 -21"><span class='ocrx_word' id='word_1_140' title='bbox 2075 1358 2248 1413; x_wconf 78' lang='grc' dir='ltr'>δόλων</span> <span class='ocrx_word' id='word_1_141' title='bbox 2282 1362 2433 1427; x_wconf 75' lang='grc' dir='ltr'>τέλος</span> <span class='ocrx_word' id='word_1_142' title='bbox 2465 1363 2750 1431; x_wconf 72' lang='grc' dir='ltr'>ἐξήλαυνε.</span> 
     </span>
    </p>
   </div>
   <div class='ocr_carea' id='block_1_22' title="bbox 395 1436 3653 1537">
    <p class='ocr_par' dir='ltr' id='par_1_22' title="bbox 395 1436 3653 1537">
     <span class='ocr_line' id='line_1_22' title="bbox 395 1436 3653 1537; baseline 0.012 -51"><span class='ocrx_word' id='word_1_143' title='bbox 395 1447 661 1500; x_wconf 87' lang='lat' dir='ltr'><strong>senserat,</strong></span> <span class='ocrx_word' id='word_1_144' title='bbox 692 1436 932 1494; x_wconf 78' lang='lat' dir='ltr'><strong>.disertis</strong></span> <span class='ocrx_word' id='word_1_145' title='bbox 975 1442 1154 1498; x_wconf 78' lang='lat' dir='ltr'><strong>verbis</strong></span> <span class='ocrx_word' id='word_1_146' title='bbox 1205 1446 1601 1513; x_wconf 84' lang='lat' dir='ltr'><strong>pronuntiavit,</strong></span> <span class='ocrx_word' id='word_1_147' title='bbox 1657 1450 1960 1523; x_wconf 80' lang='lat' dir='ltr'><strong>Ariumquc</strong></span> <span class='ocrx_word' id='word_1_148' title='bbox 1999 1454 2143 1510; x_wconf 88' lang='lat' dir='ltr'><strong>idem</strong></span> <span class='ocrx_word' id='word_1_149' title='bbox 2195 1459 2399 1514; x_wconf 88' lang='lat' dir='ltr'><strong>sentire</strong></span> <span class='ocrx_word' id='word_1_150' title='bbox 2439 1461 2628 1531; x_wconf 81' lang='lat' dir='ltr'><strong>jussit.</strong></span> <span class='ocrx_word' id='word_1_151' title='bbox 2702 1462 2860 1530; x_wconf 85' lang='lat' dir='ltr'><strong>Quod</strong></span> <span class='ocrx_word' id='word_1_152' title='bbox 2908 1465 3004 1520; x_wconf 87' lang='lat' dir='ltr'><strong>ubi</strong></span> <span class='ocrx_word' id='word_1_153' title='bbox 3081 1466 3195 1534; x_wconf 88' lang='lat' dir='ltr'><strong>ille,</strong></span> <span class='ocrx_word' id='word_1_154' title='bbox 3225 1476 3286 1522; x_wconf 90' lang='lat' dir='ltr'><strong>ut</strong></span> <span class='ocrx_word' id='word_1_155' title='bbox 3331 1468 3560 1537; x_wconf 81' lang='lat' dir='ltr'><strong>faceret,</strong></span> <span class='ocrx_word' id='word_1_156' title='bbox 3595 1468 3653 1525; x_wconf 87' lang='lat' dir='ltr'><strong>in</strong></span> 
     </span>
    </p>
   </div>
   <div class='ocr_carea' id='block_1_23' title="bbox 396 1528 2332 1621">
    <p class='ocr_par' dir='ltr' id='par_1_23' title="bbox 396 1528 2332 1621">
     <span class='ocr_line' id='line_1_23' title="bbox 396 1528 2332 1621; baseline 0.014 -41"><span class='ocrx_word' id='word_1_157' title='bbox 396 1528 638 1582; x_wconf 87' lang='lat' dir='ltr'><strong>animum</strong></span> <span class='ocrx_word' id='word_1_158' title='bbox 669 1528 926 1588; x_wconf 70' lang='lat' dir='ltr'><strong>inducere</strong></span> <span class='ocrx_word' id='word_1_159' title='bbox 957 1548 1066 1589; x_wconf 92' lang='lat' dir='ltr'><strong>non</strong></span> <span class='ocrx_word' id='word_1_160' title='bbox 1094 1536 1294 1605; x_wconf 90' lang='lat' dir='ltr'><strong>potuit,</strong></span> <span class='ocrx_word' id='word_1_161' title='bbox 1331 1540 1504 1596; x_wconf 87' lang='lat' dir='ltr'><strong>sacris</strong></span> <span class='ocrx_word' id='word_1_162' title='bbox 1533 1542 1746 1600; x_wconf 66' lang='lat' dir='ltr'><strong>aedibus</strong></span> <span class='ocrx_word' id='word_1_163' title='bbox 1774 1554 1857 1600; x_wconf 85' lang='lat' dir='ltr'><strong>est</strong></span> <span class='ocrx_word' id='word_1_164' title='bbox 1895 1546 1964 1602; x_wconf 86' lang='lat' dir='ltr'><strong>ab</strong></span> <span class='ocrx_word' id='word_1_165' title='bbox 2001 1564 2069 1604; x_wconf 90' lang='lat' dir='ltr'><strong>eo</strong></span> <span class='ocrx_word' id='word_1_166' title='bbox 2099 1551 2332 1621; x_wconf 87' lang='lat' dir='ltr'><strong>ejectus.</strong></span> 
     </span>
    </p>
   </div>
   <div class='ocr_carea' id='block_1_24' title="bbox 922 1650 1474 1722">
    <p class='ocr_par' dir='ltr' id='par_1_24' title="bbox 922 1650 1474 1722">
     <span class='ocr_line' id='line_1_24' title="bbox 922 1650 1474 1722; baseline 0.014 -14"><span class='ocrx_word' id='word_1_167' title='bbox 922 1650 1085 1722; x_wconf 64' lang='grc'><strong>540</strong></span> <span class='ocrx_word' id='word_1_168' title='bbox 1112 1652 1337 1712; x_wconf 79' lang='lat' dir='ltr'><strong>CAPUT</strong></span> <span class='ocrx_word' id='word_1_169' title='bbox 1387 1657 1474 1716; x_wconf 84' lang='lat' dir='ltr'><strong>Vl.</strong></span> 
     </span>
    </p>
   </div>
   <div class='ocr_carea' id='block_1_25' title="bbox 397 1737 1974 1829">
    <p class='ocr_par' dir='ltr' id='par_1_25' title="bbox 397 1737 1974 1829">
     <span class='ocr_line' id='line_1_25' title="bbox 397 1737 1974 1829; baseline 0.014 -38"><span class='ocrx_word' id='word_1_170' title='bbox 397 1737 593 1829; x_wconf 40' lang='lat' dir='ltr'><strong>Qui‘eaj</strong></span> <span class='ocrx_word' id='word_1_171' title='bbox 607 1750 910 1824; x_wconf 63' lang='lat' dir='ltr'><strong>tempestate</strong></span> <span class='ocrx_word' id='word_1_172' title='bbox 929 1760 1248 1829; x_wconf 61' lang='lat' dir='ltr'><strong>magnarum</strong></span> <span class='ocrx_word' id='word_1_173' title='bbox 1267 1750 1474 1829; x_wconf 49' lang='grc' dir='ltr'>ιιι-Μαίη</span> <span class='ocrx_word' id='word_1_174' title='bbox 1498 1754 1697 1829; x_wconf 76' lang='lat' dir='ltr'><strong>fuerint</strong></span> <span class='ocrx_word' id='word_1_175' title='bbox 1712 1758 1940 1829; x_wconf 60' lang='lat' dir='ltr'><strong>episcopi</strong></span> <span class='ocrx_word' id='word_1_176' title='bbox 1956 1776 1974 1813; x_wconf 90' lang='lat'><strong><em>:</em></strong></span> 
     </span>
    </p>
   </div>
   <div class='ocr_carea' id='block_1_26' title="bbox 468 1811 1975 1893">
    <p class='ocr_par' dir='ltr' id='par_1_26' title="bbox 468 1811 1975 1893">
     <span class='ocr_line' id='line_1_26' title="bbox 468 1811 1975 1893; baseline 0.015 -30"><span class='ocrx_word' id='word_1_177' title='bbox 468 1818 516 1863; x_wconf 84' lang='lat' dir='ltr'><strong>et</strong></span> <span class='ocrx_word' id='word_1_178' title='bbox 558 1811 621 1864; x_wconf 84' lang='lat' dir='ltr'><strong>de</strong></span> <span class='ocrx_word' id='word_1_179' title='bbox 668 1811 919 1893; x_wconf 74' lang='lat' dir='ltr'><strong>episcopis</strong></span> <span class='ocrx_word' id='word_1_180' title='bbox 966 1811 1056 1885; x_wconf 70' lang='lat' dir='ltr'><strong>qui</strong></span> <span class='ocrx_word' id='word_1_181' title='bbox 1104 1818 1168 1871; x_wconf 87' lang='lat' dir='ltr'><strong>ab</strong></span> <span class='ocrx_word' id='word_1_182' title='bbox 1202 1820 1353 1875; x_wconf 84' lang='lat' dir='ltr'><strong>initio</strong></span> <span class='ocrx_word' id='word_1_183' title='bbox 1402 1811 1653 1893; x_wconf 61' lang='lat' dir='ltr'><strong>Byz&#39;antii</strong></span> <span class='ocrx_word' id='word_1_184' title='bbox 1703 1811 1975 1885; x_wconf 50' lang='lat' dir='ltr'><strong>ecclesiam</strong></span> 
     </span>
    </p>
   </div>
   <div class='ocr_carea' id='block_1_27' title="bbox 471 1891 739 1935">
    <p class='ocr_par' dir='ltr' id='par_1_27' title="bbox 471 1891 739 1935">
     <span class='ocr_line' id='line_1_27' title="bbox 471 1891 739 1935; baseline 0.011 -3"><span class='ocrx_word' id='word_1_185' title='bbox 471 1891 739 1935; x_wconf 73' lang='lat' dir='ltr'><strong>rexerant.</strong></span> 
     </span>
    </p>
   </div>
   <div class='ocr_carea' id='block_1_28' title="bbox 469 1994 1967 2082">
    <p class='ocr_par' dir='ltr' id='par_1_28' title="bbox 469 1994 1967 2082">
     <span class='ocr_line' id='line_1_28' title="bbox 469 1994 1967 2082; baseline 0.015 -35"><span class='ocrx_word' id='word_1_186' title='bbox 469 1994 548 2050; x_wconf 84' lang='lat' dir='ltr'><strong>Eo</strong></span> <span class='ocrx_word' id='word_1_187' title='bbox 577 2003 821 2065; x_wconf 90' lang='lat' dir='ltr'><strong>tempore</strong></span> <span class='ocrx_word' id='word_1_188' title='bbox 853 1998 1114 2055; x_wconf 79' lang='lat' dir='ltr'><strong>Romana:</strong></span> <span class='ocrx_word' id='word_1_189' title='bbox 1142 2000 1394 2061; x_wconf 62' lang='lat' dir='ltr'><strong>Ecclesiae</strong></span> <span class='ocrx_word' id='word_1_190' title='bbox 1416 2004 1697 2078; x_wconf 85' lang='lat' dir='ltr'><strong>Sylvester</strong></span> <span class='ocrx_word' id='word_1_191' title='bbox 1726 2012 1967 2082; x_wconf 69' lang='lat' dir='ltr'><strong>praefuit,</strong></span> 
     </span>
    </p>
   </div>
   <div class='ocr_carea' id='block_1_29' title="bbox 399 2085 1971 2178">
    <p class='ocr_par' dir='ltr' id='par_1_29' title="bbox 399 2085 1971 2178">
     <span class='ocr_line' id='line_1_29' title="bbox 399 2085 1971 2178; baseline 0.015 -39"><span class='ocrx_word' id='word_1_192' title='bbox 399 2085 659 2142; x_wconf 81' lang='lat' dir='ltr'><strong>Miltiadis</strong></span> <span class='ocrx_word' id='word_1_193' title='bbox 688 2105 997 2157; x_wconf 86' lang='lat' dir='ltr'><strong>successor,</strong></span> <span class='ocrx_word' id='word_1_194' title='bbox 1036 2094 1129 2164; x_wconf 91' lang='lat' dir='ltr'><strong>qui</strong></span> <span class='ocrx_word' id='word_1_195' title='bbox 1178 2104 1302 2164; x_wconf 89' lang='lat' dir='ltr'><strong>post</strong></span> <span class='ocrx_word' id='word_1_196' title='bbox 1337 2096 1710 2158; x_wconf 81' lang='lat' dir='ltr'><strong>Marcellinum</strong></span> <span class='ocrx_word' id='word_1_197' title='bbox 1752 2108 1971 2178; x_wconf 74' lang='lat' dir='ltr'><strong>egregie</strong></span> 
     </span>
    </p>
   </div>
   <div class='ocr_carea' id='block_1_30' title="bbox 399 2178 1970 2263">
    <p class='ocr_par' dir='ltr' id='par_1_30' title="bbox 399 2178 1970 2263">
     <span class='ocr_line' id='line_1_30' title="bbox 399 2178 1970 2263; baseline 0.015 -32"><span class='ocrx_word' id='word_1_198' title='bbox 399 2178 454 2232; x_wconf 88' lang='lat' dir='ltr'><strong>lu</strong></span> <span class='ocrx_word' id='word_1_199' title='bbox 504 2182 889 2248; x_wconf 89' lang='lat' dir='ltr'><strong>persecutione</strong></span> <span class='ocrx_word' id='word_1_200' title='bbox 929 2184 1047 2254; x_wconf 88' lang='lat' dir='ltr'><strong>ipsa</strong></span> <span class='ocrx_word' id='word_1_201' title='bbox 1105 2189 1406 2246; x_wconf 85' lang='lat' dir='ltr'><strong>certamine</strong></span> <span class='ocrx_word' id='word_1_202' title='bbox 1443 2193 1784 2263; x_wconf 83' lang='lat' dir='ltr'><strong>defunctum,</strong></span> <span class='ocrx_word' id='word_1_203' title='bbox 1825 2201 1970 2255; x_wconf 88' lang='lat' dir='ltr'><strong>sacri</strong></span> 
     </span>
    </p>
   </div>
   <div class='ocr_carea' id='block_1_31' title="bbox 398 2274 1970 2347">
    <p class='ocr_par' dir='ltr' id='par_1_31' title="bbox 398 2274 1970 2347">
     <span class='ocr_line' id='line_1_31' title="bbox 398 2274 1970 2347; baseline 0.014 -22"><span class='ocrx_word' id='word_1_204' title='bbox 398 2274 644 2329; x_wconf 88' lang='lat' dir='ltr'><strong>muneris</strong></span> <span class='ocrx_word' id='word_1_205' title='bbox 699 2277 943 2346; x_wconf 87' lang='lat' dir='ltr'><strong>suscepit</strong></span> <span class='ocrx_word' id='word_1_206' title='bbox 1001 2278 1560 2341; x_wconf 88' lang='lat' dir='ltr'><strong>administrationem.</strong></span> <span class='ocrx_word' id='word_1_207' title='bbox 1623 2290 1970 2347; x_wconf 65' lang='lat' dir='ltr'><strong>Alexandria:</strong></span> 
     </span>
    </p>
   </div>
   <div class='ocr_carea' id='block_1_32' title="bbox 396 2366 1970 2447">
    <p class='ocr_par' dir='ltr' id='par_1_32' title="bbox 396 2366 1970 2447">
     <span class='ocr_line' id='line_1_32' title="bbox 396 2366 1970 2447; baseline 0.015 -31"><span class='ocrx_word' id='word_1_208' title='bbox 396 2372 583 2416; x_wconf 81' lang='lat' dir='ltr'><strong>autem</strong></span> <span class='ocrx_word' id='word_1_209' title='bbox 643 2374 767 2433; x_wconf 91' lang='lat' dir='ltr'><strong>post</strong></span> <span class='ocrx_word' id='word_1_210' title='bbox 835 2366 1114 2424; x_wconf 84' lang='lat' dir='ltr'><strong>Theonam</strong></span> <span class='ocrx_word' id='word_1_211' title='bbox 1177 2380 1234 2426; x_wconf 91' lang='lat' dir='ltr'><strong>et</strong></span> <span class='ocrx_word' id='word_1_212' title='bbox 1285 2374 1532 2444; x_wconf 85' lang='lat' dir='ltr'><strong>Petrum,</strong></span> <span class='ocrx_word' id='word_1_213' title='bbox 1591 2380 1853 2447; x_wconf 78' lang='lat' dir='ltr'><strong>Achillas,</strong></span> <span class='ocrx_word' id='word_1_214' title='bbox 1904 2399 1970 2439; x_wconf 88' lang='lat' dir='ltr'><strong>ac</strong></span> 
     </span>
    </p>
   </div>
   <div class='ocr_carea' id='block_1_33' title="bbox 398 2453 1971 2533">
    <p class='ocr_par' dir='ltr' id='par_1_33' title="bbox 398 2453 1971 2533">
     <span class='ocr_line' id='line_1_33' title="bbox 398 2453 1971 2533; baseline 0.015 -26"><span class='ocrx_word' id='word_1_215' title='bbox 398 2453 597 2510; x_wconf 77' lang='lat' dir='ltr'><strong>deinde</strong></span> <span class='ocrx_word' id='word_1_216' title='bbox 619 2472 782 2525; x_wconf 83' lang='lat' dir='ltr'><strong>quem</strong></span> <span class='ocrx_word' id='word_1_217' title='bbox 815 2458 927 2514; x_wconf 83' lang='lat' dir='ltr'><strong>dixi</strong></span> <span class='ocrx_word' id='word_1_218' title='bbox 958 2460 1288 2533; x_wconf 79' lang='lat' dir='ltr'><strong>Alexander,</strong></span> <span class='ocrx_word' id='word_1_219' title='bbox 1322 2470 1755 2528; x_wconf 89' lang='lat' dir='ltr'><strong>ecclesiasticam</strong></span> <span class='ocrx_word' id='word_1_220' title='bbox 1792 2476 1971 2529; x_wconf 89' lang='lat' dir='ltr'><strong>tenuit</strong></span> 
     </span>
    </p>
   </div>
   <div class='ocr_carea' id='block_1_34' title="bbox 399 2546 1970 2630">
    <p class='ocr_par' dir='ltr' id='par_1_34' title="bbox 399 2546 1970 2630">
     <span class='ocr_line' id='line_1_34' title="bbox 399 2546 1970 2630; baseline 0.015 -31"><span class='ocrx_word' id='word_1_221' title='bbox 399 2546 809 2630; x_wconf 58' lang='lat' dir='ltr'><strong>prietecturam;</strong></span> <span class='ocrx_word' id='word_1_222' title='bbox 834 2550 1163 2620; x_wconf 78' lang='lat' dir='ltr'><strong>Antiochiae,</strong></span> <span class='ocrx_word' id='word_1_223' title='bbox 1210 2557 1468 2630; x_wconf 84' lang='lat' dir='ltr'><strong>Tyranno</strong></span> <span class='ocrx_word' id='word_1_224' title='bbox 1497 2563 1552 2616; x_wconf 94' lang='lat' dir='ltr'><strong>in</strong></span> <span class='ocrx_word' id='word_1_225' title='bbox 1589 2565 1970 2623; x_wconf 87' lang='lat' dir='ltr'><strong>ecclesiastico</strong></span> 
     </span>
    </p>
   </div>
   <div class='ocr_carea' id='block_1_35' title="bbox 398 2627 1972 2722">
    <p class='ocr_par' dir='ltr' id='par_1_35' title="bbox 398 2627 1972 2722">
     <span class='ocr_line' id='line_1_35' title="bbox 398 2627 1972 2722; baseline 0.014 -31"><span class='ocrx_word' id='word_1_226' title='bbox 398 2627 705 2694; x_wconf 87' lang='lat' dir='ltr'><strong>ministerio</strong></span> <span class='ocrx_word' id='word_1_227' title='bbox 736 2642 929 2698; x_wconf 76' lang='lat' dir='ltr'><strong>\‘italis</strong></span> <span class='ocrx_word' id='word_1_228' title='bbox 960 2646 1246 2715; x_wconf 73' lang='lat' dir='ltr'><strong>suffectus,</strong></span> <span class='ocrx_word' id='word_1_229' title='bbox 1279 2666 1410 2719; x_wconf 85' lang='lat' dir='ltr'><strong>pace</strong></span> <span class='ocrx_word' id='word_1_230' title='bbox 1446 2656 1687 2722; x_wconf 88' lang='lat' dir='ltr'><strong>primum</strong></span> <span class='ocrx_word' id='word_1_231' title='bbox 1719 2658 1972 2713; x_wconf 88' lang='lat' dir='ltr'><strong>ecclesiis</strong></span> 
     </span>
    </p>
   </div>
   <div class='ocr_carea' id='block_1_36' title="bbox 398 2731 1971 2809">
    <p class='ocr_par' dir='ltr' id='par_1_36' title="bbox 398 2731 1971 2809">
     <span class='ocr_line' id='line_1_36' title="bbox 398 2731 1971 2809; baseline 0.016 -26"><span class='ocrx_word' id='word_1_232' title='bbox 398 2731 635 2786; x_wconf 88' lang='lat' dir='ltr'><strong>reddita.</strong></span> <span class='ocrx_word' id='word_1_233' title='bbox 685 2733 736 2789; x_wconf 90' lang='lat' dir='ltr'><strong>Is</strong></span> <span class='ocrx_word' id='word_1_234' title='bbox 787 2751 817 2789; x_wconf 85' lang='lat' dir='ltr'><strong>a</strong></span> <span class='ocrx_word' id='word_1_235' title='bbox 862 2739 1109 2809; x_wconf 88' lang='lat' dir='ltr'><strong>tyrannis</strong></span> <span class='ocrx_word' id='word_1_236' title='bbox 1158 2743 1445 2799; x_wconf 80' lang='lat' dir='ltr'><strong>ecclesiam</strong></span> <span class='ocrx_word' id='word_1_237' title='bbox 1494 2746 1735 2804; x_wconf 86' lang='lat' dir='ltr'><strong>dirutam</strong></span> <span class='ocrx_word' id='word_1_238' title='bbox 1789 2752 1971 2808; x_wconf 89' lang='lat' dir='ltr'><strong>denuo</strong></span> 
     </span>
    </p>
   </div>
   <div class='ocr_carea' id='block_1_37' title="bbox 396 2824 1972 2914">
    <p class='ocr_par' dir='ltr' id='par_1_37' title="bbox 396 2824 1972 2914">
     <span class='ocr_line' id='line_1_37' title="bbox 396 2824 1972 2914; baseline 0.015 -39"><span class='ocrx_word' id='word_1_239' title='bbox 396 2824 678 2891; x_wconf 83' lang='lat' dir='ltr'><strong>excitavit,</strong></span> <span class='ocrx_word' id='word_1_240' title='bbox 707 2828 865 2899; x_wconf 85' lang='lat' dir='ltr'><strong>cujus</strong></span> <span class='ocrx_word' id='word_1_241' title='bbox 916 2839 1255 2903; x_wconf 79' lang='lat' dir='ltr'><strong>structuram</strong></span> <span class='ocrx_word' id='word_1_242' title='bbox 1302 2836 1567 2909; x_wconf 88' lang='lat' dir='ltr'><strong>reliquam</strong></span> <span class='ocrx_word' id='word_1_243' title='bbox 1607 2841 1972 2914; x_wconf 77' lang='lat' dir='ltr'><strong>Philogonius</strong></span> 
     </span>
    </p>
   </div>
   <div class='ocr_carea' id='block_1_38' title="bbox 394 2918 1973 2999">
    <p class='ocr_par' dir='ltr' id='par_1_38' title="bbox 394 2918 1973 2999">
     <span class='ocr_line' id='line_1_38' title="bbox 394 2918 1973 2999; baseline 0.015 -29"><span class='ocrx_word' id='word_1_244' title='bbox 394 2918 650 2986; x_wconf 74' lang='lat' dir='ltr'><strong>perfecit,</strong></span> <span class='ocrx_word' id='word_1_245' title='bbox 671 2921 764 2988; x_wconf 91' lang='lat' dir='ltr'><strong>qui</strong></span> <span class='ocrx_word' id='word_1_246' title='bbox 797 2936 863 2976; x_wconf 83' lang='lat' dir='ltr'><strong>ex</strong></span> <span class='ocrx_word' id='word_1_247' title='bbox 898 2925 1176 2981; x_wconf 84' lang='lat' dir='ltr'><strong>causidico</strong></span> <span class='ocrx_word' id='word_1_248' title='bbox 1202 2928 1496 2999; x_wconf 85' lang='lat' dir='ltr'><strong>episcopus</strong></span> <span class='ocrx_word' id='word_1_249' title='bbox 1521 2931 1698 2989; x_wconf 78' lang='lat' dir='ltr'><strong>factus</strong></span> <span class='ocrx_word' id='word_1_250' title='bbox 1737 2936 1814 2990; x_wconf 93' lang='lat' dir='ltr'><strong>illi</strong></span> <span class='ocrx_word' id='word_1_251' title='bbox 1847 2953 1973 2993; x_wconf 90' lang='lat' dir='ltr'><strong>suc-</strong></span> 
     </span>
    </p>
   </div>
   <div class='ocr_carea' id='block_1_39' title="bbox 395 3009 1967 3086">
    <p class='ocr_par' dir='ltr' id='par_1_39' title="bbox 395 3009 1967 3086">
     <span class='ocr_line' id='line_1_39' title="bbox 395 3009 1967 3086; baseline 0.011 -22"><span class='ocrx_word' id='word_1_252' title='bbox 395 3010 583 3071; x_wconf 87' lang='lat' dir='ltr'><strong>cessit.</strong></span> <span class='ocrx_word' id='word_1_253' title='bbox 636 3009 942 3083; x_wconf 85' lang='lat' dir='ltr'><strong>Liciniique</strong></span> <span class='ocrx_word' id='word_1_254' title='bbox 1004 3019 1478 3086; x_wconf 86' lang='lat' dir='ltr'><strong>temporibus,.uti</strong></span> <span class='ocrx_word' id='word_1_255' title='bbox 1535 3022 1715 3079; x_wconf 85' lang='lat' dir='ltr'><strong>virum</strong></span> <span class='ocrx_word' id='word_1_256' title='bbox 1768 3026 1967 3082; x_wconf 82' lang='lat' dir='ltr'><strong>fortem</strong></span> 
     </span>
    </p>
   </div>
   <div class='ocr_carea' id='block_1_40' title="bbox 395 3102 1968 3187">
    <p class='ocr_par' dir='ltr' id='par_1_40' title="bbox 395 3102 1968 3187">
     <span class='ocr_line' id='line_1_40' title="bbox 395 3102 1968 3187; baseline 0.011 -31"><span class='ocrx_word' id='word_1_257' title='bbox 395 3102 576 3165; x_wconf 88' lang='lat' dir='ltr'><strong>decet,</strong></span> <span class='ocrx_word' id='word_1_258' title='bbox 608 3103 862 3160; x_wconf 87' lang='lat' dir='ltr'><strong>ardorem</strong></span> <span class='ocrx_word' id='word_1_259' title='bbox 908 3110 1429 3181; x_wconf 57' lang='lat' dir='ltr'><strong>aemulationetnque</strong></span> <span class='ocrx_word' id='word_1_260' title='bbox 1481 3128 1638 3169; x_wconf 89' lang='lat' dir='ltr'><strong>suam</strong></span> <span class='ocrx_word' id='word_1_261' title='bbox 1688 3133 1790 3187; x_wconf 90' lang='lat' dir='ltr'><strong>pro</strong></span> <span class='ocrx_word' id='word_1_262' title='bbox 1841 3134 1968 3173; x_wconf 87' lang='lat' dir='ltr'><strong>vera</strong></span> 
     </span>
    </p>
   </div>
   <div class='ocr_carea' id='block_1_41' title="bbox 2665 1677 3059 1746">
    <p class='ocr_par' dir='ltr' id='par_1_41' title="bbox 2665 1677 3059 1746">
     <span class='ocr_line' id='line_1_41' title="bbox 2665 1677 3059 1746; baseline 0.01 -16"><span class='ocrx_word' id='word_1_263' title='bbox 2665 1677 2922 1732; x_wconf 74' lang='grc' dir='ltr'><strong>ΚΕΦΔΛ.</strong></span> <span class='ocrx_word' id='word_1_264' title='bbox 2966 1677 3059 1746; x_wconf 73' lang='grc' dir='ltr'><strong>ς’.</strong></span> 
     </span>
    </p>
   </div>
   <div class='ocr_carea' id='block_1_42' title="bbox 2081 1764 3653 1842">
    <p class='ocr_par' dir='ltr' id='par_1_42' title="bbox 2081 1764 3653 1842">
     <span class='ocr_line' id='line_1_42' title="bbox 2081 1764 3653 1842; baseline 0.005 -23"><span class='ocrx_word' id='word_1_265' title='bbox 2081 1764 2247 1831; x_wconf 76' lang='grc' dir='ltr'>Τίνες</span> <span class='ocrx_word' id='word_1_266' title='bbox 2284 1766 2614 1842; x_wconf 70' lang='grc' dir='ltr'>τηνικαῦτα</span> <span class='ocrx_word' id='word_1_267' title='bbox 2634 1768 2755 1842; x_wconf 74' lang='grc' dir='ltr'><strong>τῶν</strong></span> <span class='ocrx_word' id='word_1_268' title='bbox 2772 1770 3056 1842; x_wconf 54' lang='grc' dir='ltr'>μεγάλων</span> <span class='ocrx_word' id='word_1_269' title='bbox 3084 1771 3323 1826; x_wconf 73' lang='grc' dir='ltr'>πόλεων</span> <span class='ocrx_word' id='word_1_270' title='bbox 3344 1769 3506 1842; x_wconf 75' lang='grc' dir='ltr'>ἦσαν</span> <span class='ocrx_word' id='word_1_271' title='bbox 3527 1773 3653 1828; x_wconf 70' lang='grc' dir='ltr'><strong>ἐπί-</strong></span> 
     </span>
    </p>
   </div>
   <div class='ocr_carea' id='block_1_43' title="bbox 2147 1838 3651 1910">
    <p class='ocr_par' dir='ltr' id='par_1_43' title="bbox 2147 1838 3651 1910">
     <span class='ocr_line' id='line_1_43' title="bbox 2147 1838 3651 1910; baseline 0.009 -24"><span class='ocrx_word' id='word_1_272' title='bbox 2147 1851 2365 1910; x_wconf 60' lang='grc' dir='ltr'>σκοποι</span> <span class='ocrx_word' id='word_1_273' title='bbox 2393 1852 2406 1910; x_wconf 67' lang='grc' dir='ltr'><strong>ς</strong></span> <span class='ocrx_word' id='word_1_274' title='bbox 2446 1838 2549 1890; x_wconf 82' lang='grc' dir='ltr'><strong>καί</strong></span> <span class='ocrx_word' id='word_1_275' title='bbox 2576 1840 2708 1906; x_wconf 76' lang='grc' dir='ltr'>περὶ</span> <span class='ocrx_word' id='word_1_276' title='bbox 2740 1839 2856 1893; x_wconf 85' lang='grc' dir='ltr'><strong>τῶν</strong></span> <span class='ocrx_word' id='word_1_277' title='bbox 2879 1840 3143 1910; x_wconf 78' lang='grc' dir='ltr'>ἀρχῆθεν</span> <span class='ocrx_word' id='word_1_278' title='bbox 3173 1838 3523 1898; x_wconf 67' lang='grc' dir='ltr'>ἐπισκέπων</span> <span class='ocrx_word' id='word_1_279' title='bbox 3544 1845 3651 1899; x_wconf 80' lang='grc' dir='ltr'><strong>τοῦ</strong></span> 
     </span>
    </p>
   </div>
   <div class='ocr_carea' id='block_1_44' title="bbox 2147 1905 2499 1967">
    <p class='ocr_par' dir='ltr' id='par_1_44' title="bbox 2147 1905 2499 1967">
     <span class='ocr_line' id='line_1_44' title="bbox 2147 1905 2499 1967; baseline 0.006 -8"><span class='ocrx_word' id='word_1_280' title='bbox 2147 1905 2499 1967; x_wconf 83' lang='grc' dir='ltr'><strong>Βυζαντίου.</strong></span> 
     </span>
    </p>
   </div>
   <div class='ocr_carea' id='block_1_45' title="bbox 2146 2021 3653 2096">
    <p class='ocr_par' dir='ltr' id='par_1_45' title="bbox 2146 2021 3653 2096">
     <span class='ocr_line' id='line_1_45' title="bbox 2146 2021 3653 2096; baseline 0.005 -23"><span class='ocrx_word' id='word_1_281' title='bbox 2146 2021 2301 2075; x_wconf 75' lang='grc' dir='ltr'>Κατὰ</span> <span class='ocrx_word' id='word_1_282' title='bbox 2342 2021 2530 2076; x_wconf 87' lang='grc' dir='ltr'>τοῦτον</span> <span class='ocrx_word' id='word_1_283' title='bbox 2576 2022 2634 2077; x_wconf 85' lang='grc' dir='ltr'>δὲ</span> <span class='ocrx_word' id='word_1_284' title='bbox 2678 2024 2772 2077; x_wconf 74' lang='grc' dir='ltr'>τὸν</span> <span class='ocrx_word' id='word_1_285' title='bbox 2821 2024 3015 2096; x_wconf 79' lang='grc' dir='ltr'>χρόνον</span> <span class='ocrx_word' id='word_1_286' title='bbox 3056 2026 3157 2096; x_wconf 83' lang='grc' dir='ltr'>τῆς</span> <span class='ocrx_word' id='word_1_287' title='bbox 3213 2026 3314 2094; x_wconf 74' lang='grc' dir='ltr'>μὲν</span> <span class='ocrx_word' id='word_1_288' title='bbox 3361 2027 3653 2095; x_wconf 81' lang='grc' dir='ltr'>Ῥωμαίων</span> 
     </span>
    </p>
   </div>
   <div class='ocr_carea' id='block_1_46' title="bbox 2085 2113 3650 2189">
    <p class='ocr_par' dir='ltr' id='par_1_46' title="bbox 2085 2113 3650 2189">
     <span class='ocr_line' id='line_1_46' title="bbox 2085 2113 3650 2189; baseline 0.003 -21"><span class='ocrx_word' id='word_1_289' title='bbox 2085 2113 2416 2182; x_wconf 84' lang='grc' dir='ltr'>Ἑκκλησίας</span> <span class='ocrx_word' id='word_1_290' title='bbox 2464 2114 2792 2186; x_wconf 79' lang='grc' dir='ltr'>Σίλδεστρος</span> <span class='ocrx_word' id='word_1_291' title='bbox 2830 2118 2934 2179; x_wconf 81' lang='grc' dir='ltr'>τὰς</span> <span class='ocrx_word' id='word_1_292' title='bbox 2973 2118 3134 2186; x_wconf 76' lang='grc' dir='ltr'>ἡνίας</span> <span class='ocrx_word' id='word_1_293' title='bbox 3177 2113 3312 2188; x_wconf 76' lang='grc' dir='ltr'>εἶχε,</span> <span class='ocrx_word' id='word_1_294' title='bbox 3343 2118 3650 2189; x_wconf 74' lang='grc' dir='ltr'><strong>Μιλτιάδην</strong></span> 
     </span>
    </p>
   </div>
   <div class='ocr_carea' id='block_1_47' title="bbox 2071 2205 3651 2280">
    <p class='ocr_par' dir='ltr' id='par_1_47' title="bbox 2071 2205 3651 2280">
     <span class='ocr_line' id='line_1_47' title="bbox 2071 2205 3651 2280; baseline 0.004 -22"><span class='ocrx_word' id='word_1_295' title='bbox 2071 2205 2478 2276; x_wconf 79' lang='grc' dir='ltr'>διαδεξάμενος,</span> <span class='ocrx_word' id='word_1_296' title='bbox 2508 2206 2565 2270; x_wconf 84' lang='grc' dir='ltr'><strong>δς</strong></span> <span class='ocrx_word' id='word_1_297' title='bbox 2600 2210 2742 2278; x_wconf 69' lang='grc' dir='ltr'>μετὰ</span> <span class='ocrx_word' id='word_1_298' title='bbox 2790 2207 3170 2277; x_wconf 77' lang='grc' dir='ltr'><strong>Μαρκελλῖνον</strong></span> <span class='ocrx_word' id='word_1_299' title='bbox 3196 2210 3289 2263; x_wconf 75' lang='grc' dir='ltr'>τὸν</span> <span class='ocrx_word' id='word_1_300' title='bbox 3316 2210 3375 2263; x_wconf 71' lang='grc' dir='ltr'>ἒν</span> <span class='ocrx_word' id='word_1_301' title='bbox 3410 2210 3488 2280; x_wconf 80' lang='grc' dir='ltr'>τῷ</span> <span class='ocrx_word' id='word_1_302' title='bbox 3520 2210 3651 2264; x_wconf 80' lang='grc' dir='ltr'>διω-</span> 
     </span>
    </p>
   </div>
   <div class='ocr_carea' id='block_1_48' title="bbox 2072 2298 3647 2374">
    <p class='ocr_par' dir='ltr' id='par_1_48' title="bbox 2072 2298 3647 2374">
     <span class='ocr_line' id='line_1_48' title="bbox 2072 2298 3647 2374; baseline 0.001 -22"><span class='ocrx_word' id='word_1_303' title='bbox 2072 2298 2199 2369; x_wconf 82' lang='grc' dir='ltr'>γμῷ</span> <span class='ocrx_word' id='word_1_304' title='bbox 2228 2299 2409 2362; x_wconf 84' lang='grc' dir='ltr'>καλῶς</span> <span class='ocrx_word' id='word_1_305' title='bbox 2435 2299 2927 2370; x_wconf 82' lang='grc' dir='ltr'>διαγωνισάμενον,</span> <span class='ocrx_word' id='word_1_306' title='bbox 2957 2304 3022 2372; x_wconf 79' lang='grc' dir='ltr'>τῇ</span> <span class='ocrx_word' id='word_1_307' title='bbox 3055 2300 3329 2374; x_wconf 75' lang='grc' dir='ltr'>ίερωσῦνῃ</span> <span class='ocrx_word' id='word_1_308' title='bbox 3350 2301 3612 2370; x_wconf 80' lang='grc' dir='ltr'><strong>διέπρεπε</strong></span> <span class='ocrx_word' id='word_1_309' title='bbox 3632 2317 3647 2332; x_wconf 86' lang='grc'><strong>·</strong></span> 
     </span>
    </p>
   </div>
   <div class='ocr_carea' id='block_1_49' title="bbox 2071 2391 3653 2465">
    <p class='ocr_par' dir='ltr' id='par_1_49' title="bbox 2071 2391 3653 2465">
     <span class='ocr_line' id='line_1_49' title="bbox 2071 2391 3653 2465; baseline 0.001 -21"><span class='ocrx_word' id='word_1_310' title='bbox 2071 2392 2171 2462; x_wconf 79' lang='grc' dir='ltr'>τὴν</span> <span class='ocrx_word' id='word_1_311' title='bbox 2201 2391 2246 2445; x_wconf 80' lang='grc' dir='ltr'>δ’</span> <span class='ocrx_word' id='word_1_312' title='bbox 2290 2391 2644 2462; x_wconf 71' lang='grc' dir='ltr'><strong>Ἀλεξάνδρου</strong></span> <span class='ocrx_word' id='word_1_313' title='bbox 2679 2392 2820 2462; x_wconf 76' lang='grc' dir='ltr'>μετὰ</span> <span class='ocrx_word' id='word_1_314' title='bbox 2853 2393 3076 2448; x_wconf 77' lang='grc' dir='ltr'>Θεωνᾶν</span> <span class='ocrx_word' id='word_1_315' title='bbox 3107 2393 3203 2447; x_wconf 75' lang='grc' dir='ltr'>καὶ</span> <span class='ocrx_word' id='word_1_316' title='bbox 3233 2394 3438 2465; x_wconf 75' lang='grc' dir='ltr'>Πέτρον</span> <span class='ocrx_word' id='word_1_317' title='bbox 3475 2394 3653 2464; x_wconf 80' lang='grc' dir='ltr'>’Δχιλ-</span> 
     </span>
    </p>
   </div>
   <div class='ocr_carea' id='block_1_50' title="bbox 2070 2476 3649 2555">
    <p class='ocr_par' dir='ltr' id='par_1_50' title="bbox 2070 2476 3649 2555">
     <span class='ocr_line' id='line_1_50' title="bbox 2070 2476 3649 2555; baseline 0.001 -19"><span class='ocrx_word' id='word_1_318' title='bbox 2070 2483 2207 2546; x_wconf 75' lang='grc' dir='ltr'>λᾶς·</span> <span class='ocrx_word' id='word_1_319' title='bbox 2254 2476 2376 2535; x_wconf 77' lang='grc' dir='ltr'>εἶτα</span> <span class='ocrx_word' id='word_1_320' title='bbox 2428 2485 2456 2536; x_wconf 87' lang='grc' dir='ltr'><strong>ό</strong></span> <span class='ocrx_word' id='word_1_321' title='bbox 2506 2483 2848 2554; x_wconf 75' lang='grc' dir='ltr'>προρρηθεὶς</span> <span class='ocrx_word' id='word_1_322' title='bbox 2912 2482 3266 2550; x_wconf 78' lang='grc' dir='ltr'>Ἀλέξανδρος</span> <span class='ocrx_word' id='word_1_323' title='bbox 3337 2484 3436 2555; x_wconf 78' lang='grc' dir='ltr'>τὴν</span> <span class='ocrx_word' id='word_1_324' title='bbox 3494 2484 3649 2539; x_wconf 89' lang='grc' dir='ltr'>θείαν</span> 
     </span>
    </p>
   </div>
   <div class='ocr_carea' id='block_1_51' title="bbox 2072 2573 3645 2645">
    <p class='ocr_par' dir='ltr' id='par_1_51' title="bbox 2072 2573 3645 2645">
     <span class='ocr_line' id='line_1_51' title="bbox 2072 2573 3645 2645; baseline 0.003 -20"><span class='ocrx_word' id='word_1_325' title='bbox 2072 2574 2370 2644; x_wconf 77' lang='grc' dir='ltr'>ἠγεμονίαν</span> <span class='ocrx_word' id='word_1_326' title='bbox 2400 2573 2576 2626; x_wconf 79' lang='grc' dir='ltr'>διεῖπε</span> <span class='ocrx_word' id='word_1_327' title='bbox 2598 2589 2613 2603; x_wconf 88' lang='grc'><strong>·</strong></span> <span class='ocrx_word' id='word_1_328' title='bbox 2644 2574 2746 2644; x_wconf 76' lang='grc' dir='ltr'>τῆς</span> <span class='ocrx_word' id='word_1_329' title='bbox 2775 2573 2823 2628; x_wconf 84' lang='grc' dir='ltr'>δ’</span> <span class='ocrx_word' id='word_1_330' title='bbox 2859 2574 3140 2645; x_wconf 83' lang='grc' dir='ltr'><strong>Ἀντιόχου</strong></span> <span class='ocrx_word' id='word_1_331' title='bbox 3190 2575 3331 2645; x_wconf 85' lang='grc' dir='ltr'>μετά</span> <span class='ocrx_word' id='word_1_332' title='bbox 3364 2574 3645 2645; x_wconf 76' lang='grc' dir='ltr'>Τύραννον</span> 
     </span>
    </p>
   </div>
   <div class='ocr_carea' id='block_1_52' title="bbox 2070 2664 3649 2738">
    <p class='ocr_par' dir='ltr' id='par_1_52' title="bbox 2070 2664 3649 2738">
     <span class='ocr_line' id='line_1_52' title="bbox 2070 2664 3649 2738; baseline -0.001 -17"><span class='ocrx_word' id='word_1_333' title='bbox 2070 2666 2320 2729; x_wconf 86' lang='grc' dir='ltr'>Βιτάλιος</span> <span class='ocrx_word' id='word_1_334' title='bbox 2340 2664 2437 2735; x_wconf 83' lang='grc' dir='ltr'>τὴν</span> <span class='ocrx_word' id='word_1_335' title='bbox 2474 2666 2748 2720; x_wconf 83' lang='grc' dir='ltr'>διακονίαν</span> <span class='ocrx_word' id='word_1_336' title='bbox 2781 2668 3184 2738; x_wconf 73' lang='grc' dir='ltr'>ἐγκεχείριστο,</span> <span class='ocrx_word' id='word_1_337' title='bbox 3217 2668 3319 2738; x_wconf 81' lang='grc' dir='ltr'>τῆς</span> <span class='ocrx_word' id='word_1_338' title='bbox 3349 2668 3649 2738; x_wconf 66' lang='grc' dir='ltr'>ἐκκλησια-</span> 
     </span>
    </p>
   </div>
   <div class='ocr_carea' id='block_1_53' title="bbox 2075 2759 3652 2833">
    <p class='ocr_par' dir='ltr' id='par_1_53' title="bbox 2075 2759 3652 2833">
     <span class='ocr_line' id='line_1_53' title="bbox 2075 2759 3652 2833; baseline -0.001 -20"><span class='ocrx_word' id='word_1_339' title='bbox 2075 2760 2267 2827; x_wconf 83' lang='grc' dir='ltr'>στικῆς</span> <span class='ocrx_word' id='word_1_340' title='bbox 2319 2759 2628 2833; x_wconf 74' lang='grc' dir='ltr'>ἀρξάμενος</span> <span class='ocrx_word' id='word_1_341' title='bbox 2679 2761 2904 2831; x_wconf 77' lang='grc' dir='ltr'>είρήνης</span> <span class='ocrx_word' id='word_1_342' title='bbox 2931 2775 2949 2792; x_wconf 87' lang='grc'><strong>·</strong></span> <span class='ocrx_word' id='word_1_343' title='bbox 2985 2760 3080 2813; x_wconf 64' lang='grc' dir='ltr'><strong>καὶ¹</strong></span> <span class='ocrx_word' id='word_1_344' title='bbox 3129 2760 3230 2831; x_wconf 81' lang='grc' dir='ltr'>τὴν</span> <span class='ocrx_word' id='word_1_345' title='bbox 3263 2759 3368 2814; x_wconf 81' lang='grc' dir='ltr'><strong>ὑπὸ</strong></span> <span class='ocrx_word' id='word_1_346' title='bbox 3405 2762 3515 2814; x_wconf 84' lang='grc' dir='ltr'>τῶν</span> <span class='ocrx_word' id='word_1_347' title='bbox 3555 2776 3652 2815; x_wconf 89' lang='grc' dir='ltr'>τυ-</span> 
     </span>
    </p>
   </div>
   <div class='ocr_carea' id='block_1_54' title="bbox 2075 2852 3649 2924">
    <p class='ocr_par' dir='ltr' id='par_1_54' title="bbox 2075 2852 3649 2924">
     <span class='ocr_line' id='line_1_54' title="bbox 2075 2852 3649 2924; baseline -0.001 -17"><span class='ocrx_word' id='word_1_348' title='bbox 2075 2854 2292 2924; x_wconf 86' lang='grc' dir='ltr'>ράννων</span> <span class='ocrx_word' id='word_1_349' title='bbox 2320 2854 2721 2908; x_wconf 82' lang='grc' dir='ltr'>καταλυθεῖσαν</span> <span class='ocrx_word' id='word_1_350' title='bbox 2745 2853 3043 2922; x_wconf 73' lang='grc' dir='ltr'>ἐκκλησίαν</span> <span class='ocrx_word' id='word_1_351' title='bbox 3065 2855 3375 2923; x_wconf 80' lang='grc' dir='ltr'>ἀνήγειρεν·</span> <span class='ocrx_word' id='word_1_352' title='bbox 3409 2853 3468 2907; x_wconf 81' lang='grc' dir='ltr'>ὃν</span> <span class='ocrx_word' id='word_1_353' title='bbox 3490 2852 3649 2907; x_wconf 65' lang='lat' dir='ltr'><strong>uno.</strong></span> 
     </span>
    </p>
   </div>
   <div class='ocr_carea' id='block_1_55' title="bbox 2073 2939 3652 3011">
    <p class='ocr_par' dir='ltr' id='par_1_55' title="bbox 2073 2939 3652 3011">
     <span class='ocr_line' id='line_1_55' title="bbox 2073 2939 3652 3011; baseline -0.001 -17"><span class='ocrx_word' id='word_1_354' title='bbox 2073 2941 2254 3011; x_wconf 84' lang='grc' dir='ltr'>γόνιος</span> <span class='ocrx_word' id='word_1_355' title='bbox 2277 2942 2306 2994; x_wconf 84' lang='grc' dir='ltr'><strong>ό</strong></span> <span class='ocrx_word' id='word_1_356' title='bbox 2333 2942 2442 2997; x_wconf 83' lang='grc' dir='ltr'><strong>ἀπὸ</strong></span> <span class='ocrx_word' id='word_1_357' title='bbox 2476 2942 2760 3011; x_wconf 85' lang='grc' dir='ltr'>δικολόγου</span> <span class='ocrx_word' id='word_1_358' title='bbox 2792 2943 3097 3004; x_wconf 69' lang='grc' dir='ltr'>ἐπίσκοπος</span> <span class='ocrx_word' id='word_1_359' title='bbox 3123 2940 3365 3009; x_wconf 78' lang='grc' dir='ltr'>γεγονὼς</span> <span class='ocrx_word' id='word_1_360' title='bbox 3397 2939 3652 3003; x_wconf 82' lang='grc' dir='ltr'>διαδεξά-</span> 
     </span>
    </p>
   </div>
   <div class='ocr_carea' id='block_1_56' title="bbox 2078 3031 3651 3106">
    <p class='ocr_par' dir='ltr' id='par_1_56' title="bbox 2078 3031 3651 3106">
     <span class='ocr_line' id='line_1_56' title="bbox 2078 3031 3651 3106; baseline -0.002 -17"><span class='ocrx_word' id='word_1_361' title='bbox 2078 3052 2259 3105; x_wconf 84' lang='grc' dir='ltr'>μενος.</span> <span class='ocrx_word' id='word_1_362' title='bbox 2292 3034 2362 3088; x_wconf 81' lang='grc' dir='ltr'>τὰ</span> <span class='ocrx_word' id='word_1_363' title='bbox 2403 3034 2659 3089; x_wconf 75' lang='grc' dir='ltr'>λείποντα</span> <span class='ocrx_word' id='word_1_364' title='bbox 2688 3036 2754 3106; x_wconf 72' lang='grc' dir='ltr'>τῇ</span> <span class='ocrx_word' id='word_1_365' title='bbox 2803 3034 3062 3103; x_wconf 74' lang='grc' dir='ltr'>οἰκοδομῇ</span> <span class='ocrx_word' id='word_1_366' title='bbox 3096 3031 3360 3098; x_wconf 69' lang='grc' dir='ltr'>ἐπετίθει,</span> <span class='ocrx_word' id='word_1_367' title='bbox 3386 3033 3490 3087; x_wconf 87' lang='grc' dir='ltr'><strong>κάν</strong></span> <span class='ocrx_word' id='word_1_368' title='bbox 3532 3034 3651 3095; x_wconf 82' lang='grc' dir='ltr'>τοῖς</span> 
     </span>
    </p>
   </div>
   <div class='ocr_carea' id='block_1_57' title="bbox 2073 3125 3647 3197">
    <p class='ocr_par' dir='ltr' id='par_1_57' title="bbox 2073 3125 3647 3197">
     <span class='ocr_line' id='line_1_57' title="bbox 2073 3125 3647 3197; baseline -0.001 -17"><span class='ocrx_word' id='word_1_369' title='bbox 2073 3128 2320 3181; x_wconf 81' lang='grc' dir='ltr'>Λικινίου</span> <span class='ocrx_word' id='word_1_370' title='bbox 2366 3128 2600 3197; x_wconf 80' lang='grc' dir='ltr'>καιροῖς,</span> <span class='ocrx_word' id='word_1_371' title='bbox 2636 3126 2725 3179; x_wconf 83' lang='grc' dir='ltr'>τὸν</span> <span class='ocrx_word' id='word_1_372' title='bbox 2757 3126 2899 3196; x_wconf 79' lang='grc' dir='ltr'>ὑπὲρ</span> <span class='ocrx_word' id='word_1_373' title='bbox 2930 3126 3217 3189; x_wconf 77' lang='grc' dir='ltr'>εὐσεϐείας</span> <span class='ocrx_word' id='word_1_374' title='bbox 3255 3125 3415 3195; x_wconf 80' lang='grc' dir='ltr'>ζῆλον</span> <span class='ocrx_word' id='word_1_375' title='bbox 3461 3125 3647 3194; x_wconf 77' lang='grc' dir='ltr'>ἀνδρι-</span> 
     </span>
    </p>
   </div>
   <div class='ocr_carea' id='block_1_58' title="bbox 395 3195 1966 3289">
    <p class='ocr_par' dir='ltr' id='par_1_58' title="bbox 395 3195 1964 3277">
     <span class='ocr_line' id='line_1_58' title="bbox 395 3195 1964 3277; baseline 0.012 -32"><span class='ocrx_word' id='word_1_376' title='bbox 395 3195 599 3263; x_wconf 85' lang='lat' dir='ltr'><strong>pietate</strong></span> <span class='ocrx_word' id='word_1_377' title='bbox 646 3198 909 3252; x_wconf 85' lang='lat' dir='ltr'><strong>ostendit.</strong></span> <span class='ocrx_word' id='word_1_378' title='bbox 944 3199 1115 3254; x_wconf 87' lang='lat' dir='ltr'><strong>Porro</strong></span> <span class='ocrx_word' id='word_1_379' title='bbox 1150 3201 1545 3275; x_wconf 84' lang='lat' dir='ltr'><strong>Hierosolymis</strong></span> <span class='ocrx_word' id='word_1_380' title='bbox 1586 3218 1708 3277; x_wconf 89' lang='lat' dir='ltr'><strong>post</strong></span> <span class='ocrx_word' id='word_1_381' title='bbox 1737 3208 1964 3265; x_wconf 80' lang='lat' dir='ltr'><strong>Hermo-</strong></span> 
     </span>
    </p>
   </div>
   <div class='ocr_carea' id='block_1_59' title="bbox 2072 3195 3647 3289">
    <p class='ocr_par' dir='ltr' id='par_1_59' title="bbox 2072 3195 3647 3289">
     <span class='ocr_line' id='line_1_59' title="bbox 2072 3195 3647 3289; baseline -0.003 -16"><span class='ocrx_word' id='word_1_382' title='bbox 2072 3221 2177 3282; x_wconf 85' lang='grc' dir='ltr'><strong>κῶς</strong></span> <span class='ocrx_word' id='word_1_383' title='bbox 2208 3195 2494 3274; x_wconf 83' lang='grc' dir='ltr'>διεδείκνυ.</span> <span class='ocrx_word' id='word_1_384' title='bbox 2531 3218 2572 3269; x_wconf 85' lang='grc' dir='ltr'><strong>Τ</strong></span> <span class='ocrx_word' id='word_1_385' title='bbox 2576 3217 2651 3271; x_wconf 81' lang='grc' dir='ltr'>ὢν</span> <span class='ocrx_word' id='word_1_386' title='bbox 2682 3217 2740 3271; x_wconf 73' lang='grc' dir='ltr'>δὲ</span> <span class='ocrx_word' id='word_1_387' title='bbox 2777 3195 3175 3289; x_wconf 80' lang='grc' dir='ltr'>Ἰεροσολύμων</span> <span class='ocrx_word' id='word_1_388' title='bbox 3210 3218 3351 3286; x_wconf 77' lang='grc' dir='ltr'>μετὰ</span> <span class='ocrx_word' id='word_1_389' title='bbox 3380 3218 3647 3286; x_wconf 80' lang='grc' dir='ltr'>Ἕρμωνα</span> 
     </span>
    </p>
   </div>
   <div class='ocr_carea' id='block_1_60' title="bbox 395 3284 1966 3370">
    <p class='ocr_par' dir='ltr' id='par_1_60' title="bbox 395 3284 1966 3370">
     <span class='ocr_line' id='line_1_60' title="bbox 395 3284 1966 3370; baseline 0.011 -32"><span class='ocrx_word' id='word_1_390' title='bbox 395 3300 523 3339; x_wconf 89' lang='lat' dir='ltr'><strong>nem</strong></span> <span class='ocrx_word' id='word_1_391' title='bbox 570 3284 806 3342; x_wconf 79' lang='lat' dir='ltr'><strong>Macario</strong></span> <span class='ocrx_word' id='word_1_392' title='bbox 835 3304 1052 3345; x_wconf 88' lang='lat' dir='ltr'><strong>sacrum</strong></span> <span class='ocrx_word' id='word_1_393' title='bbox 1094 3307 1298 3353; x_wconf 89' lang='lat' dir='ltr'><strong>munus</strong></span> <span class='ocrx_word' id='word_1_394' title='bbox 1339 3296 1634 3366; x_wconf 84' lang='lat' dir='ltr'><strong>creditum,</strong></span> <span class='ocrx_word' id='word_1_395' title='bbox 1667 3299 1833 3370; x_wconf 81' lang='lat' dir='ltr'><strong>digno</strong></span> <span class='ocrx_word' id='word_1_396' title='bbox 1874 3303 1966 3356; x_wconf 84' lang='lat' dir='ltr'><strong>tali</strong></span> 
     </span>
    </p>
   </div>
   <div class='ocr_carea' id='block_1_61' title="bbox 398 3376 1969 3451">
    <p class='ocr_par' dir='ltr' id='par_1_61' title="bbox 398 3376 1969 3451">
     <span class='ocr_line' id='line_1_61' title="bbox 398 3376 1969 3451; baseline 0.012 -23"><span class='ocrx_word' id='word_1_397' title='bbox 398 3376 620 3431; x_wconf 88' lang='lat' dir='ltr'><strong>nomine</strong></span> <span class='ocrx_word' id='word_1_398' title='bbox 654 3380 795 3445; x_wconf 88' lang='lat' dir='ltr'><strong>viro,</strong></span> <span class='ocrx_word' id='word_1_399' title='bbox 835 3390 893 3434; x_wconf 94' lang='lat' dir='ltr'><strong>ut</strong></span> <span class='ocrx_word' id='word_1_400' title='bbox 926 3382 1019 3451; x_wconf 91' lang='lat' dir='ltr'><strong>qni</strong></span> <span class='ocrx_word' id='word_1_401' title='bbox 1054 3385 1309 3441; x_wconf 90' lang='lat' dir='ltr'><strong>omnibus</strong></span> <span class='ocrx_word' id='word_1_402' title='bbox 1339 3386 1503 3444; x_wconf 87' lang='lat' dir='ltr'><strong>bonis</strong></span> <span class='ocrx_word' id='word_1_403' title='bbox 1531 3400 1586 3444; x_wconf 90' lang='lat' dir='ltr'><strong>et</strong></span> <span class='ocrx_word' id='word_1_404' title='bbox 1628 3393 1969 3448; x_wconf 84' lang='lat' dir='ltr'><strong>ornamentis</strong></span> 
     </span>
    </p>
   </div>
   <div class='ocr_carea' id='block_1_62' title="bbox 397 3467 1971 3553">
    <p class='ocr_par' dir='ltr' id='par_1_62' title="bbox 397 3467 1971 3553">
     <span class='ocr_line' id='line_1_62' title="bbox 397 3467 1971 3553; baseline 0.011 -32"><span class='ocrx_word' id='word_1_405' title='bbox 397 3467 668 3524; x_wconf 80' lang='lat' dir='ltr'><strong>ﬂoruerit.</strong></span> <span class='ocrx_word' id='word_1_406' title='bbox 734 3470 1210 3545; x_wconf 87' lang='lat' dir='ltr'><strong>Constantinopoli</strong></span> <span class='ocrx_word' id='word_1_407' title='bbox 1264 3492 1419 3544; x_wconf 91' lang='lat' dir='ltr'><strong>vero,</strong></span> <span class='ocrx_word' id='word_1_408' title='bbox 1479 3492 1606 3549; x_wconf 90' lang='lat' dir='ltr'><strong>post</strong></span> <span class='ocrx_word' id='word_1_409' title='bbox 1664 3481 1971 3553; x_wconf 81' lang='lat' dir='ltr'><strong>Metropha-</strong></span> 
     </span>
    </p>
   </div>
   <div class='ocr_carea' id='block_1_63' title="bbox 396 3562 1967 3639">
    <p class='ocr_par' dir='ltr' id='par_1_63' title="bbox 396 3562 1967 3639">
     <span class='ocr_line' id='line_1_63' title="bbox 396 3562 1967 3639; baseline 0.01 -24"><span class='ocrx_word' id='word_1_410' title='bbox 396 3576 545 3626; x_wconf 83' lang='lat' dir='ltr'><strong>nem,</strong></span> <span class='ocrx_word' id='word_1_411' title='bbox 573 3562 734 3617; x_wconf 84' lang='lat' dir='ltr'><strong>Probi</strong></span> <span class='ocrx_word' id='word_1_412' title='bbox 780 3563 1127 3634; x_wconf 85' lang='lat' dir='ltr'><strong>imperatoris</strong></span> <span class='ocrx_word' id='word_1_413' title='bbox 1170 3567 1358 3625; x_wconf 82' lang='lat' dir='ltr'><strong>fratris</strong></span> <span class='ocrx_word' id='word_1_414' title='bbox 1412 3570 1611 3639; x_wconf 80' lang='lat' dir='ltr'><strong>ﬁlium,</strong></span> <span class='ocrx_word' id='word_1_415' title='bbox 1653 3575 1967 3630; x_wconf 79' lang='lat' dir='ltr'><strong>Alexandro</strong></span> 
     </span>
    </p>
   </div>
   <div class='ocr_carea' id='block_1_64' title="bbox 396 3663 1967 3722">
    <p class='ocr_par' dir='ltr' id='par_1_64' title="bbox 396 3663 1967 3722">
     <span class='ocr_line' id='line_1_64' title="bbox 396 3663 1967 3722; baseline 0.01 -15"><span class='ocrx_word' id='word_1_416' title='bbox 396 3667 679 3708; x_wconf 79' lang='lat' dir='ltr'><strong>sacrorum</strong></span> <span class='ocrx_word' id='word_1_417' title='bbox 726 3671 858 3711; x_wconf 83' lang='lat' dir='ltr'><strong>cura</strong></span> <span class='ocrx_word' id='word_1_418' title='bbox 905 3667 1054 3714; x_wconf 86' lang='lat' dir='ltr'><strong>sorte</strong></span> <span class='ocrx_word' id='word_1_419' title='bbox 1111 3672 1370 3716; x_wconf 89' lang='lat' dir='ltr'><strong>cesserat.</strong></span> <span class='ocrx_word' id='word_1_420' title='bbox 1420 3663 1622 3720; x_wconf 86' lang='lat' dir='ltr'><strong>Verum</strong></span> <span class='ocrx_word' id='word_1_421' title='bbox 1679 3667 1967 3722; x_wconf 80' lang='lat' dir='ltr'><strong>enimvero</strong></span> 
     </span>
    </p>
   </div>
   <div class='ocr_carea' id='block_1_65' title="bbox 398 3744 1970 3825">
    <p class='ocr_par' dir='ltr' id='par_1_65' title="bbox 398 3744 1970 3825">
     <span class='ocr_line' id='line_1_65' title="bbox 398 3744 1970 3825; baseline 0.01 -24"><span class='ocrx_word' id='word_1_422' title='bbox 398 3744 502 3802; x_wconf 88' lang='lat' dir='ltr'><strong>hoc</strong></span> <span class='ocrx_word' id='word_1_423' title='bbox 526 3746 650 3802; x_wconf 89' lang='lat' dir='ltr'><strong>loco</strong></span> <span class='ocrx_word' id='word_1_424' title='bbox 674 3746 982 3804; x_wconf 77' lang='lat' dir='ltr'><strong>faciendum</strong></span> <span class='ocrx_word' id='word_1_425' title='bbox 1013 3753 1146 3808; x_wconf 90' lang='lat' dir='ltr'><strong>mihi</strong></span> <span class='ocrx_word' id='word_1_426' title='bbox 1185 3755 1413 3809; x_wconf 89' lang='lat' dir='ltr'><strong>omnino</strong></span> <span class='ocrx_word' id='word_1_427' title='bbox 1446 3756 1687 3825; x_wconf 86' lang='lat' dir='ltr'><strong>videtur,</strong></span> <span class='ocrx_word' id='word_1_428' title='bbox 1719 3767 1778 3813; x_wconf 93' lang='lat' dir='ltr'><strong>ut</strong></span> <span class='ocrx_word' id='word_1_429' title='bbox 1802 3760 1970 3815; x_wconf 84' lang='lat' dir='ltr'><strong>altius</strong></span> 
     </span>
    </p>
   </div>
   <div class='ocr_carea' id='block_1_66' title="bbox 397 3838 1983 3921">
    <p class='ocr_par' dir='ltr' id='par_1_66' title="bbox 397 3838 1983 3921">
     <span class='ocr_line' id='line_1_66' title="bbox 397 3838 1983 3921; baseline 0.009 -31"><span class='ocrx_word' id='word_1_430' title='bbox 397 3838 464 3890; x_wconf 88' lang='lat' dir='ltr'><strong>ab</strong></span> <span class='ocrx_word' id='word_1_431' title='bbox 513 3840 646 3908; x_wconf 75' lang='lat' dir='ltr'><strong>ipsis</strong></span> <span class='ocrx_word' id='word_1_432' title='bbox 703 3842 971 3911; x_wconf 89' lang='lat' dir='ltr'><strong>apostolis</strong></span> <span class='ocrx_word' id='word_1_433' title='bbox 1023 3848 1287 3915; x_wconf 87' lang='lat' dir='ltr'><strong>repetitos</strong></span> <span class='ocrx_word' id='word_1_434' title='bbox 1334 3847 1626 3919; x_wconf 80' lang='lat' dir='ltr'><strong>Byzantios</strong></span> <span class='ocrx_word' id='word_1_435' title='bbox 1678 3851 1983 3921; x_wconf 84' lang='lat' dir='ltr'><strong>episcopos</strong></span> 
     </span>
    </p>
   </div>
   <div class='ocr_carea' id='block_1_67' title="bbox 398 3936 1969 4014">
    <p class='ocr_par' dir='ltr' id='par_1_67' title="bbox 398 3936 1969 4014">
     <span class='ocr_line' id='line_1_67' title="bbox 398 3936 1969 4014; baseline 0.01 -31"><span class='ocrx_word' id='word_1_436' title='bbox 398 3946 735 3998; x_wconf 80' lang='lat' dir='ltr'><strong>recenseam,</strong></span> <span class='ocrx_word' id='word_1_437' title='bbox 767 3944 822 3990; x_wconf 90' lang='lat' dir='ltr'><strong>et</strong></span> <span class='ocrx_word' id='word_1_438' title='bbox 874 3936 1040 3991; x_wconf 87' lang='lat' dir='ltr'><strong>veluti</strong></span> <span class='ocrx_word' id='word_1_439' title='bbox 1074 3953 1285 3994; x_wconf 86' lang='lat' dir='ltr'><strong>sacram</strong></span> <span class='ocrx_word' id='word_1_440' title='bbox 1320 3942 1614 4010; x_wconf 88' lang='lat' dir='ltr'><strong>quamdam</strong></span> <span class='ocrx_word' id='word_1_441' title='bbox 1648 3942 1969 4014; x_wconf 86' lang='lat' dir='ltr'><strong>inscriptio-</strong></span> 
     </span>
    </p>
   </div>
   <div class='ocr_carea' id='block_1_68' title="bbox 397 4025 1267 4100">
    <p class='ocr_par' dir='ltr' id='par_1_68' title="bbox 397 4025 1267 4100">
     <span class='ocr_line' id='line_1_68' title="bbox 397 4025 1267 4100; baseline 0.011 -23"><span class='ocrx_word' id='word_1_442' title='bbox 397 4039 523 4079; x_wconf 86' lang='lat' dir='ltr'><strong>nem</strong></span> <span class='ocrx_word' id='word_1_443' title='bbox 558 4025 801 4082; x_wconf 71' lang='lat' dir='ltr'><strong>historiae</strong></span> <span class='ocrx_word' id='word_1_444' title='bbox 839 4027 969 4083; x_wconf 84' lang='lat' dir='ltr'><strong>huic</strong></span> <span class='ocrx_word' id='word_1_445' title='bbox 993 4029 1267 4100; x_wconf 85' lang='lat' dir='ltr'><strong>adjiciam.</strong></span> 
     </span>
    </p>
   </div>
   <div class='ocr_carea' id='block_1_69' title="bbox 465 4116 1961 4189">
    <p class='ocr_par' dir='ltr' id='par_1_69' title="bbox 465 4116 1961 4189">
     <span class='ocr_line' id='line_1_69' title="bbox 465 4116 1961 4189; baseline 0.009 -21"><span class='ocrx_word' id='word_1_446' title='bbox 465 4116 735 4182; x_wconf 79' lang='lat' dir='ltr'><strong>Andreas,</strong></span> <span class='ocrx_word' id='word_1_447' title='bbox 765 4118 981 4173; x_wconf 91' lang='lat' dir='ltr'><strong>Domini</strong></span> <span class='ocrx_word' id='word_1_448' title='bbox 1032 4121 1336 4189; x_wconf 82' lang='lat' dir='ltr'><strong>apostolus,</strong></span> <span class='ocrx_word' id='word_1_449' title='bbox 1365 4122 1684 4189; x_wconf 82' lang='lat' dir='ltr'><strong>Thraciam,</strong></span> <span class='ocrx_word' id='word_1_450' title='bbox 1711 4126 1961 4184; x_wconf 83' lang='lat' dir='ltr'><strong>Maccdo-</strong></span> 
     </span>
    </p>
   </div>
   <div class='ocr_carea' id='block_1_70' title="bbox 395 4207 1964 4291">
    <p class='ocr_par' dir='ltr' id='par_1_70' title="bbox 395 4207 1964 4291">
     <span class='ocr_line' id='line_1_70' title="bbox 395 4207 1964 4291; baseline 0.008 -30"><span class='ocrx_word' id='word_1_451' title='bbox 395 4207 543 4269; x_wconf 84' lang='lat' dir='ltr'><strong>niam</strong></span> <span class='ocrx_word' id='word_1_452' title='bbox 596 4220 653 4264; x_wconf 91' lang='lat' dir='ltr'><strong>et</strong></span> <span class='ocrx_word' id='word_1_453' title='bbox 705 4210 1006 4275; x_wconf 85' lang='lat' dir='ltr'><strong>Euxinum,</strong></span> <span class='ocrx_word' id='word_1_454' title='bbox 1045 4213 1363 4282; x_wconf 87' lang='lat' dir='ltr'><strong>provincias</strong></span> <span class='ocrx_word' id='word_1_455' title='bbox 1413 4219 1670 4282; x_wconf 88' lang='lat' dir='ltr'><strong>sortitus,</strong></span> <span class='ocrx_word' id='word_1_456' title='bbox 1720 4220 1964 4291; x_wconf 79' lang='lat' dir='ltr'><strong>Byzantii</strong></span> 
     </span>
    </p>
   </div>
   <div class='ocr_carea' id='block_1_71' title="bbox 393 4297 1964 4381">
    <p class='ocr_par' dir='ltr' id='par_1_71' title="bbox 393 4297 1964 4381">
     <span class='ocr_line' id='line_1_71' title="bbox 393 4297 1964 4381; baseline 0.008 -27"><span class='ocrx_word' id='word_1_457' title='bbox 393 4297 674 4354; x_wconf 88' lang='lat' dir='ltr'><strong>Christum</strong></span> <span class='ocrx_word' id='word_1_458' title='bbox 706 4302 1040 4371; x_wconf 65' lang='lat' dir='ltr'><strong>praedicavit.</strong></span> <span class='ocrx_word' id='word_1_459' title='bbox 1084 4306 1151 4360; x_wconf 84' lang='lat' dir='ltr'><strong>Et</strong></span> <span class='ocrx_word' id='word_1_460' title='bbox 1195 4321 1320 4361; x_wconf 93' lang='lat' dir='ltr'><strong>cum</strong></span> <span class='ocrx_word' id='word_1_461' title='bbox 1364 4326 1394 4363; x_wconf 86' lang='lat' dir='ltr'><strong>a</strong></span> <span class='ocrx_word' id='word_1_462' title='bbox 1449 4308 1753 4380; x_wconf 85' lang='lat' dir='ltr'><strong>Zeuxippo,</strong></span> <span class='ocrx_word' id='word_1_463' title='bbox 1780 4320 1964 4381; x_wconf 82' lang='lat' dir='ltr'><strong>tyran-</strong></span> 
     </span>
    </p>
   </div>
   <div class='ocr_carea' id='block_1_72' title="bbox 394 4392 1962 4472">
    <p class='ocr_par' dir='ltr' id='par_1_72' title="bbox 394 4392 1962 4472">
     <span class='ocr_line' id='line_1_72' title="bbox 394 4392 1962 4472; baseline 0.01 -30"><span class='ocrx_word' id='word_1_464' title='bbox 394 4392 578 4445; x_wconf 83' lang='lat' dir='ltr'><strong>nidem</strong></span> <span class='ocrx_word' id='word_1_465' title='bbox 612 4404 725 4447; x_wconf 88' lang='lat' dir='ltr'><strong>tum</strong></span> <span class='ocrx_word' id='word_1_466' title='bbox 755 4394 956 4451; x_wconf 86' lang='lat' dir='ltr'><strong>ibidem</strong></span> <span class='ocrx_word' id='word_1_467' title='bbox 990 4406 1233 4460; x_wconf 90' lang='lat' dir='ltr'><strong>tenente.</strong></span> <span class='ocrx_word' id='word_1_468' title='bbox 1262 4398 1329 4456; x_wconf 85' lang='lat' dir='ltr'><strong>ad</strong></span> <span class='ocrx_word' id='word_1_469' title='bbox 1371 4402 1570 4456; x_wconf 63' lang='lat' dir='ltr'><strong>eaedem</strong></span> <span class='ocrx_word' id='word_1_470' title='bbox 1599 4414 1962 4472; x_wconf 76' lang='lat' dir='ltr'><strong>quaereretur,</strong></span> 
     </span>
    </p>
   </div>
   <div class='ocr_carea' id='block_1_73' title="bbox 392 4482 1965 4558">
    <p class='ocr_par' dir='ltr' id='par_1_73' title="bbox 392 4482 1965 4558">
     <span class='ocr_line' id='line_1_73' title="bbox 392 4482 1965 4558; baseline 0.008 -24"><span class='ocrx_word' id='word_1_471' title='bbox 392 4482 773 4554; x_wconf 77' lang='lat' dir='ltr'><strong>Argyropolim</strong></span> <span class='ocrx_word' id='word_1_472' title='bbox 814 4488 1053 4552; x_wconf 85' lang='lat' dir='ltr'><strong>transiit,</strong></span> <span class='ocrx_word' id='word_1_473' title='bbox 1082 4501 1245 4558; x_wconf 84' lang='lat' dir='ltr'><strong>atque</strong></span> <span class='ocrx_word' id='word_1_474' title='bbox 1279 4490 1354 4545; x_wconf 88' lang='lat' dir='ltr'><strong>ibi</strong></span> <span class='ocrx_word' id='word_1_475' title='bbox 1389 4491 1674 4546; x_wconf 87' lang='lat' dir='ltr'><strong>biennium</strong></span> <span class='ocrx_word' id='word_1_476' title='bbox 1726 4510 1965 4549; x_wconf 90' lang='lat' dir='ltr'><strong>conven-</strong></span> 
     </span>
    </p>
   </div>
   <div class='ocr_carea' id='block_1_74' title="bbox 396 4579 1964 4654">
    <p class='ocr_par' dir='ltr' id='par_1_74' title="bbox 396 4579 1964 4654">
     <span class='ocr_line' id='line_1_74' title="bbox 396 4579 1964 4654; baseline 0.01 -28"><span class='ocrx_word' id='word_1_477' title='bbox 396 4584 483 4628; x_wconf 89' lang='lat' dir='ltr'><strong>tus</strong></span> <span class='ocrx_word' id='word_1_478' title='bbox 520 4591 705 4645; x_wconf 81' lang='lat' dir='ltr'><strong>agens,</strong></span> <span class='ocrx_word' id='word_1_479' title='bbox 748 4579 1048 4647; x_wconf 85' lang='lat' dir='ltr'><strong>permultos</strong></span> <span class='ocrx_word' id='word_1_480' title='bbox 1103 4581 1171 4635; x_wconf 88' lang='lat' dir='ltr'><strong>ad</strong></span> <span class='ocrx_word' id='word_1_481' title='bbox 1219 4581 1425 4637; x_wconf 86' lang='lat' dir='ltr'><strong>Christi</strong></span> <span class='ocrx_word' id='word_1_482' title='bbox 1463 4585 1622 4638; x_wconf 78' lang='lat' dir='ltr'><strong>(idem</strong></span> <span class='ocrx_word' id='word_1_483' title='bbox 1679 4587 1964 4654; x_wconf 86' lang='lat' dir='ltr'><strong>pertraxit.</strong></span> 
     </span>
    </p>
   </div>
   <div class='ocr_carea' id='block_1_75' title="bbox 390 4665 1963 4749">
    <p class='ocr_par' dir='ltr' id='par_1_75' title="bbox 390 4665 1963 4749">
     <span class='ocr_line' id='line_1_75' title="bbox 390 4665 1963 4749; baseline 0.007 -30"><span class='ocrx_word' id='word_1_484' title='bbox 390 4665 661 4721; x_wconf 72' lang='lat' dir='ltr'><strong>Caeterum</strong></span> <span class='ocrx_word' id='word_1_485' title='bbox 711 4684 867 4724; x_wconf 85' lang='lat' dir='ltr'><strong>sacra</strong></span> <span class='ocrx_word' id='word_1_486' title='bbox 908 4686 976 4725; x_wconf 92' lang='lat' dir='ltr'><strong>eo</strong></span> <span class='ocrx_word' id='word_1_487' title='bbox 1025 4673 1147 4727; x_wconf 93' lang='lat' dir='ltr'><strong>loco</strong></span> <span class='ocrx_word' id='word_1_488' title='bbox 1200 4672 1427 4729; x_wconf 80' lang='lat' dir='ltr'><strong>fundata</strong></span> <span class='ocrx_word' id='word_1_489' title='bbox 1475 4677 1617 4741; x_wconf 66' lang='lat' dir='ltr'><strong>aede,</strong></span> <span class='ocrx_word' id='word_1_490' title='bbox 1654 4685 1709 4732; x_wconf 87' lang='lat' dir='ltr'><strong>et</strong></span> <span class='ocrx_word' id='word_1_491' title='bbox 1760 4676 1963 4749; x_wconf 80' lang='lat' dir='ltr'><strong>Stachy</strong></span> 
     </span>
    </p>
   </div>
   <div class='ocr_carea' id='block_1_76' title="bbox 393 4760 1961 4837">
    <p class='ocr_par' dir='ltr' id='par_1_76' title="bbox 393 4760 1961 4837">
     <span class='ocr_line' id='line_1_76' title="bbox 393 4760 1961 4837; baseline 0.009 -26"><span class='ocrx_word' id='word_1_492' title='bbox 393 4760 636 4827; x_wconf 87' lang='lat' dir='ltr'><strong>apostolo</strong></span> <span class='ocrx_word' id='word_1_493' title='bbox 689 4763 948 4833; x_wconf 78' lang='lat' dir='ltr'><strong>epismpo</strong></span> <span class='ocrx_word' id='word_1_494' title='bbox 1003 4765 1292 4832; x_wconf 88' lang='lat' dir='ltr'><strong>ordinato,</strong></span> <span class='ocrx_word' id='word_1_495' title='bbox 1356 4767 1599 4837; x_wconf 87' lang='lat' dir='ltr'><strong>Sin0pen</strong></span> <span class='ocrx_word' id='word_1_496' title='bbox 1661 4770 1961 4825; x_wconf 87' lang='lat' dir='ltr'><strong>concessit.</strong></span> 
     </span>
    </p>
   </div>
   <div class='ocr_carea' id='block_1_77' title="bbox 391 4852 1961 4923">
    <p class='ocr_par' dir='ltr' id='par_1_77' title="bbox 391 4852 1961 4923">
     <span class='ocr_line' id='line_1_77' title="bbox 391 4852 1961 4923; baseline 0.004 -18"><span class='ocrx_word' id='word_1_497' title='bbox 391 4852 619 4923; x_wconf 60' lang='lat' dir='ltr'><strong>Starhys</strong></span> <span class='ocrx_word' id='word_1_498' title='bbox 663 4868 822 4907; x_wconf 91' lang='lat' dir='ltr'><strong>sacro</strong></span> <span class='ocrx_word' id='word_1_499' title='bbox 862 4869 929 4909; x_wconf 92' lang='lat' dir='ltr'><strong>eo</strong></span> <span class='ocrx_word' id='word_1_500' title='bbox 961 4870 1186 4911; x_wconf 89' lang='lat' dir='ltr'><strong>munere</strong></span> <span class='ocrx_word' id='word_1_501' title='bbox 1236 4858 1395 4912; x_wconf 88' lang='lat' dir='ltr'><strong>annis</strong></span> <span class='ocrx_word' id='word_1_502' title='bbox 1427 4858 1673 4914; x_wconf 85' lang='lat' dir='ltr'><strong>sedecim</strong></span> <span class='ocrx_word' id='word_1_503' title='bbox 1719 4860 1961 4914; x_wconf 85' lang='lat' dir='ltr'><strong>admini-</strong></span> 
     </span>
    </p>
   </div>
   <div class='ocr_carea' id='block_1_78' title="bbox 389 4944 1961 5014">
    <p class='ocr_par' dir='ltr' id='par_1_78' title="bbox 389 4944 1961 5014">
     <span class='ocr_line' id='line_1_78' title="bbox 389 4944 1961 5014; baseline 0.004 -18"><span class='ocrx_word' id='word_1_504' title='bbox 389 4952 583 5009; x_wconf 84' lang='lat' dir='ltr'><strong>strato,</strong></span> <span class='ocrx_word' id='word_1_505' title='bbox 618 4944 822 4998; x_wconf 88' lang='lat' dir='ltr'><strong>ibidem</strong></span> <span class='ocrx_word' id='word_1_506' title='bbox 850 4947 1119 5014; x_wconf 87' lang='lat' dir='ltr'><strong>sepultus.</strong></span> <span class='ocrx_word' id='word_1_507' title='bbox 1159 4945 1479 5004; x_wconf 87' lang='lat' dir='ltr'><strong>Onesimum</strong></span> <span class='ocrx_word' id='word_1_508' title='bbox 1508 4950 1700 5005; x_wconf 85' lang='lat' dir='ltr'><strong>habuit</strong></span> <span class='ocrx_word' id='word_1_509' title='bbox 1734 4966 1961 5006; x_wconf 84' lang='lat' dir='ltr'><strong>succes-</strong></span> 
     </span>
    </p>
   </div>
   <div class='ocr_carea' id='block_1_79' title="bbox 391 5035 1961 5108">
    <p class='ocr_par' dir='ltr' id='par_1_79' title="bbox 391 5035 1961 5108">
     <span class='ocr_line' id='line_1_79' title="bbox 391 5035 1961 5108; baseline 0.004 -20"><span class='ocrx_word' id='word_1_510' title='bbox 391 5052 599 5089; x_wconf 84' lang='lat' dir='ltr'><strong>sorem.</strong></span> <span class='ocrx_word' id='word_1_511' title='bbox 635 5035 927 5092; x_wconf 87' lang='lat' dir='ltr'><strong>Onesimus</strong></span> <span class='ocrx_word' id='word_1_512' title='bbox 969 5041 1389 5108; x_wconf 81' lang='lat' dir='ltr'><strong>quatuordecim</strong></span> <span class='ocrx_word' id='word_1_513' title='bbox 1438 5057 1616 5097; x_wconf 88' lang='lat' dir='ltr'><strong>annos</strong></span> <span class='ocrx_word' id='word_1_514' title='bbox 1670 5042 1961 5098; x_wconf 89' lang='lat' dir='ltr'><strong>ecclesiam</strong></span> 
     </span>
    </p>
   </div>
   <div class='ocr_carea' id='block_1_80' title="bbox 388 5128 1961 5206">
    <p class='ocr_par' dir='ltr' id='par_1_80' title="bbox 388 5128 1961 5206">
     <span class='ocr_line' id='line_1_80' title="bbox 388 5128 1961 5206; baseline 0.004 -24"><span class='ocrx_word' id='word_1_515' title='bbox 388 5141 508 5182; x_wconf 88' lang='lat' dir='ltr'><strong>eam</strong></span> <span class='ocrx_word' id='word_1_516' title='bbox 562 5128 919 5198; x_wconf 78' lang='lat' dir='ltr'><strong>gubernavit,</strong></span> <span class='ocrx_word' id='word_1_517' title='bbox 974 5131 1136 5202; x_wconf 88' lang='lat' dir='ltr'><strong>eique</strong></span> <span class='ocrx_word' id='word_1_518' title='bbox 1202 5131 1531 5204; x_wconf 76' lang='lat' dir='ltr'><strong>Polycarpus</strong></span> <span class='ocrx_word' id='word_1_519' title='bbox 1591 5135 1961 5206; x_wconf 79' lang='lat' dir='ltr'><strong>subrogatus,</strong></span> 
     </span>
    </p>
   </div>
   <div class='ocr_carea' id='block_1_81' title="bbox 388 5220 1963 5290">
    <p class='ocr_par' dir='ltr' id='par_1_81' title="bbox 388 5220 1963 5290">
     <span class='ocr_line' id='line_1_81' title="bbox 388 5220 1963 5290; baseline 0.003 -17"><span class='ocrx_word' id='word_1_520' title='bbox 388 5220 482 5290; x_wconf 89' lang='lat' dir='ltr'><strong>qui</strong></span> <span class='ocrx_word' id='word_1_521' title='bbox 513 5222 704 5275; x_wconf 88' lang='lat' dir='ltr'><strong>decem</strong></span> <span class='ocrx_word' id='word_1_522' title='bbox 752 5231 808 5276; x_wconf 90' lang='lat' dir='ltr'><strong>et</strong></span> <span class='ocrx_word' id='word_1_523' title='bbox 859 5236 985 5277; x_wconf 86' lang='lat' dir='ltr'><strong>octo</strong></span> <span class='ocrx_word' id='word_1_524' title='bbox 1024 5227 1184 5281; x_wconf 89' lang='lat' dir='ltr'><strong>annis</strong></span> <span class='ocrx_word' id='word_1_525' title='bbox 1215 5243 1445 5283; x_wconf 88' lang='lat' dir='ltr'><strong>munere</strong></span> <span class='ocrx_word' id='word_1_526' title='bbox 1480 5243 1581 5283; x_wconf 90' lang='lat' dir='ltr'><strong>suo</strong></span> <span class='ocrx_word' id='word_1_527' title='bbox 1629 5243 1755 5282; x_wconf 86' lang='lat' dir='ltr'><strong>cum</strong></span> <span class='ocrx_word' id='word_1_528' title='bbox 1798 5226 1963 5281; x_wconf 83' lang='lat' dir='ltr'><strong>laude</strong></span> 
     </span>
    </p>
   </div>
   <div class='ocr_carea' id='block_1_82' title="bbox 388 5312 1963 5390">
    <p class='ocr_par' dir='ltr' id='par_1_82' title="bbox 388 5312 1963 5390">
     <span class='ocr_line' id='line_1_82' title="bbox 388 5312 1963 5390; baseline 0.002 -22"><span class='ocrx_word' id='word_1_529' title='bbox 388 5312 632 5379; x_wconf 80' lang='lat' dir='ltr'><strong>functus,</strong></span> <span class='ocrx_word' id='word_1_530' title='bbox 686 5315 977 5371; x_wconf 86' lang='lat' dir='ltr'><strong>Plutarcho</strong></span> <span class='ocrx_word' id='word_1_531' title='bbox 1036 5318 1089 5373; x_wconf 88' lang='lat' dir='ltr'><strong>id</strong></span> <span class='ocrx_word' id='word_1_532' title='bbox 1152 5321 1397 5390; x_wconf 81' lang='lat' dir='ltr'><strong>reliquit.</strong></span> <span class='ocrx_word' id='word_1_533' title='bbox 1453 5321 1555 5376; x_wconf 86' lang='lat' dir='ltr'><strong>llic</strong></span> <span class='ocrx_word' id='word_1_534' title='bbox 1604 5336 1715 5374; x_wconf 89' lang='lat' dir='ltr'><strong>non</strong></span> <span class='ocrx_word' id='word_1_535' title='bbox 1779 5320 1963 5372; x_wconf 89' lang='lat' dir='ltr'><strong>minus</strong></span> 
     </span>
    </p>
   </div>
   <div class='ocr_carea' id='block_1_83' title="bbox 391 5406 1963 5482">
    <p class='ocr_par' dir='ltr' id='par_1_83' title="bbox 391 5406 1963 5482">
     <span class='ocr_line' id='line_1_83' title="bbox 391 5406 1963 5482; baseline 0.003 -25"><span class='ocrx_word' id='word_1_536' title='bbox 391 5421 556 5475; x_wconf 87' lang='lat' dir='ltr'><strong>quam</strong></span> <span class='ocrx_word' id='word_1_537' title='bbox 604 5406 844 5462; x_wconf 89' lang='lat' dir='ltr'><strong>sedecim</strong></span> <span class='ocrx_word' id='word_1_538' title='bbox 898 5410 1055 5466; x_wconf 86' lang='lat' dir='ltr'><strong>annis</strong></span> <span class='ocrx_word' id='word_1_539' title='bbox 1104 5412 1351 5467; x_wconf 72' lang='lat' dir='ltr'><strong>ecclesia:</strong></span> <span class='ocrx_word' id='word_1_540' title='bbox 1407 5411 1658 5482; x_wconf 78' lang='lat' dir='ltr'><strong>praefuit,</strong></span> <span class='ocrx_word' id='word_1_541' title='bbox 1727 5422 1963 5477; x_wconf 87' lang='lat' dir='ltr'><strong>eamque</strong></span> 
     </span>
    </p>
   </div>
   <div class='ocr_carea' id='block_1_84' title="bbox 390 5499 1963 5575">
    <p class='ocr_par' dir='ltr' id='par_1_84' title="bbox 390 5499 1963 5575">
     <span class='ocr_line' id='line_1_84' title="bbox 390 5499 1963 5575; baseline 0 -21"><span class='ocrx_word' id='word_1_542' title='bbox 390 5501 634 5556; x_wconf 85' lang='lat' dir='ltr'><strong>moriens</strong></span> <span class='ocrx_word' id='word_1_543' title='bbox 661 5499 950 5558; x_wconf 87' lang='lat' dir='ltr'><strong>Sedecioni</strong></span> <span class='ocrx_word' id='word_1_544' title='bbox 995 5505 1267 5561; x_wconf 89' lang='lat' dir='ltr'><strong>concessit</strong></span> <span class='ocrx_word' id='word_1_545' title='bbox 1297 5522 1311 5559; x_wconf 88' lang='lat'><strong>:</strong></span> <span class='ocrx_word' id='word_1_546' title='bbox 1344 5521 1457 5575; x_wconf 86' lang='lat' dir='ltr'><strong>quo</strong></span> <span class='ocrx_word' id='word_1_547' title='bbox 1489 5515 1612 5574; x_wconf 88' lang='lat' dir='ltr'><strong>post</strong></span> <span class='ocrx_word' id='word_1_548' title='bbox 1661 5516 1838 5556; x_wconf 86' lang='lat' dir='ltr'><strong>annos</strong></span> <span class='ocrx_word' id='word_1_549' title='bbox 1865 5514 1963 5554; x_wconf 82' lang='lat' dir='ltr'><strong>no-</strong></span> 
     </span>
    </p>
   </div>
   <div class='ocr_carea' id='block_1_85' title="bbox 392 5593 1962 5668">
    <p class='ocr_par' dir='ltr' id='par_1_85' title="bbox 392 5593 1962 5668">
     <span class='ocr_line' id='line_1_85' title="bbox 392 5593 1962 5668; baseline -0.002 -22"><span class='ocrx_word' id='word_1_550' title='bbox 392 5607 514 5646; x_wconf 85' lang='lat' dir='ltr'><strong>vent</strong></span> <span class='ocrx_word' id='word_1_551' title='bbox 576 5593 869 5662; x_wconf 81' lang='lat' dir='ltr'><strong>defuncto,</strong></span> <span class='ocrx_word' id='word_1_552' title='bbox 932 5596 1197 5668; x_wconf 74' lang='lat' dir='ltr'><strong>Diogenes</strong></span> <span class='ocrx_word' id='word_1_553' title='bbox 1255 5597 1571 5667; x_wconf 87' lang='lat' dir='ltr'><strong>quindecim</strong></span> <span class='ocrx_word' id='word_1_554' title='bbox 1629 5594 1792 5649; x_wconf 86' lang='lat' dir='ltr'><strong>annis</strong></span> <span class='ocrx_word' id='word_1_555' title='bbox 1840 5608 1962 5646; x_wconf 90' lang='lat' dir='ltr'><strong>eam</strong></span> 
     </span>
    </p>
   </div>
   <div class='ocr_carea' id='block_1_86' title="bbox 392 5683 1964 5756">
    <p class='ocr_par' dir='ltr' id='par_1_86' title="bbox 392 5683 1964 5756">
     <span class='ocr_line' id='line_1_86' title="bbox 392 5683 1964 5756; baseline -0.001 -19"><span class='ocrx_word' id='word_1_556' title='bbox 392 5683 555 5741; x_wconf 85' lang='lat' dir='ltr'><strong>rexit.</strong></span> <span class='ocrx_word' id='word_1_557' title='bbox 601 5684 681 5740; x_wconf 91' lang='lat' dir='ltr'><strong>llli</strong></span> <span class='ocrx_word' id='word_1_558' title='bbox 720 5685 1074 5744; x_wconf 87' lang='lat' dir='ltr'><strong>Eleutherius</strong></span> <span class='ocrx_word' id='word_1_559' title='bbox 1122 5688 1408 5750; x_wconf 76' lang='lat' dir='ltr'><strong>sull‘eetus,</strong></span> <span class='ocrx_word' id='word_1_560' title='bbox 1439 5688 1533 5756; x_wconf 91' lang='lat' dir='ltr'><strong>qui</strong></span> <span class='ocrx_word' id='word_1_561' title='bbox 1559 5696 1769 5755; x_wconf 83' lang='lat' dir='ltr'><strong>septem</strong></span> <span class='ocrx_word' id='word_1_562' title='bbox 1803 5684 1964 5738; x_wconf 88' lang='lat' dir='ltr'><strong>annis</strong></span> 
     </span>
    </p>
   </div>
   <div class='ocr_carea' id='block_1_87' title="bbox 395 5777 1962 5849">
    <p class='ocr_par' dir='ltr' id='par_1_87' title="bbox 395 5777 1962 5849">
     <span class='ocr_line' id='line_1_87' title="bbox 395 5777 1962 5849; baseline -0.001 -18"><span class='ocrx_word' id='word_1_563' title='bbox 395 5777 689 5849; x_wconf 75' lang='lat' dir='ltr'><strong>episcopali</strong></span> <span class='ocrx_word' id='word_1_564' title='bbox 720 5797 946 5838; x_wconf 88' lang='lat' dir='ltr'><strong>munere</strong></span> <span class='ocrx_word' id='word_1_565' title='bbox 978 5782 1148 5841; x_wconf 77' lang='lat' dir='ltr'><strong>obito.</strong></span> <span class='ocrx_word' id='word_1_566' title='bbox 1180 5780 1416 5835; x_wconf 86' lang='lat' dir='ltr'><strong>Felicem</strong></span> <span class='ocrx_word' id='word_1_567' title='bbox 1445 5778 1641 5832; x_wconf 86' lang='lat' dir='ltr'><strong>habuit</strong></span> <span class='ocrx_word' id='word_1_568' title='bbox 1679 5790 1962 5831; x_wconf 89' lang='lat' dir='ltr'><strong>successo-</strong></span> 
     </span>
    </p>
   </div>
   <div class='ocr_carea' id='block_1_88' title="bbox 400 5867 1960 5948">
    <p class='ocr_par' dir='ltr' id='par_1_88' title="bbox 400 5867 1960 5948">
     <span class='ocr_line' id='line_1_88' title="bbox 400 5867 1960 5948; baseline 0.003 -26"><span class='ocrx_word' id='word_1_569' title='bbox 400 5883 535 5923; x_wconf 81' lang='lat' dir='ltr'><strong>rem.</strong></span> <span class='ocrx_word' id='word_1_570' title='bbox 592 5870 740 5927; x_wconf 52' lang='lat' dir='ltr'><strong>It&#39;t-lix</strong></span> <span class='ocrx_word' id='word_1_571' title='bbox 804 5874 1047 5948; x_wconf 75' lang='lat' dir='ltr'><strong>quinque</strong></span> <span class='ocrx_word' id='word_1_572' title='bbox 1116 5872 1276 5928; x_wconf 84' lang='lat' dir='ltr'><strong>annis</strong></span> <span class='ocrx_word' id='word_1_573' title='bbox 1348 5869 1531 5924; x_wconf 83' lang='lat' dir='ltr'><strong>sedem</strong></span> <span class='ocrx_word' id='word_1_574' title='bbox 1595 5867 1960 5940; x_wconf 78' lang='lat' dir='ltr'><strong>episcopalem</strong></span> 
     </span>
    </p>
   </div>
   <div class='ocr_carea' id='block_1_89' title="bbox 2072 3308 3647 3383">
    <p class='ocr_par' dir='ltr' id='par_1_89' title="bbox 2072 3308 3647 3383">
     <span class='ocr_line' id='line_1_89' title="bbox 2072 3308 3647 3383; baseline -0.004 -17"><span class='ocrx_word' id='word_1_575' title='bbox 2072 3313 2361 3382; x_wconf 80' lang='grc' dir='ltr'>Μακάριος</span> <span class='ocrx_word' id='word_1_576' title='bbox 2403 3311 2503 3383; x_wconf 77' lang='grc' dir='ltr'>τὴν</span> <span class='ocrx_word' id='word_1_577' title='bbox 2530 3309 2874 3380; x_wconf 85' lang='grc' dir='ltr'>λειτουργίαν</span> <span class='ocrx_word' id='word_1_578' title='bbox 2914 3310 3322 3376; x_wconf 81' lang='grc' dir='ltr'>ἑνεπιστεύετο,</span> <span class='ocrx_word' id='word_1_579' title='bbox 3354 3308 3505 3375; x_wconf 72' lang='grc' dir='ltr'>ἄξιος</span> <span class='ocrx_word' id='word_1_580' title='bbox 3547 3308 3647 3377; x_wconf 83' lang='grc' dir='ltr'>τῆς</span> 
     </span>
    </p>
   </div>
   <div class='ocr_carea' id='block_1_90' title="bbox 2070 3397 3647 3470">
    <p class='ocr_par' dir='ltr' id='par_1_90' title="bbox 2070 3397 3647 3470">
     <span class='ocr_line' id='line_1_90' title="bbox 2070 3397 3647 3470; baseline -0.004 -16"><span class='ocrx_word' id='word_1_581' title='bbox 2070 3400 2411 3470; x_wconf 76' lang='grc' dir='ltr'>ἐπικλήσεως</span> <span class='ocrx_word' id='word_1_582' title='bbox 2455 3402 2484 3454; x_wconf 90' lang='grc' dir='ltr'><strong>ό</strong></span> <span class='ocrx_word' id='word_1_583' title='bbox 2539 3398 2701 3469; x_wconf 80' lang='grc' dir='ltr'>ἀνὴρ,</span> <span class='ocrx_word' id='word_1_584' title='bbox 2744 3399 2836 3453; x_wconf 76' lang='grc' dir='ltr'>καὶ</span> <span class='ocrx_word' id='word_1_585' title='bbox 2878 3399 3049 3452; x_wconf 80' lang='grc' dir='ltr'>πᾶσιν</span> <span class='ocrx_word' id='word_1_586' title='bbox 3096 3397 3467 3468; x_wconf 81' lang='grc' dir='ltr'>άδρυνόμενος</span> <span class='ocrx_word' id='word_1_587' title='bbox 3508 3397 3647 3464; x_wconf 81' lang='grc' dir='ltr'>ἀγα-</span> 
     </span>
    </p>
   </div>
   <div class='ocr_carea' id='block_1_91' title="bbox 2071 3483 3647 3560">
    <p class='ocr_par' dir='ltr' id='par_1_91' title="bbox 2071 3483 3647 3560">
     <span class='ocr_line' id='line_1_91' title="bbox 2071 3483 3647 3560; baseline -0.006 -16"><span class='ocrx_word' id='word_1_588' title='bbox 2071 3490 2204 3554; x_wconf 78' lang='grc' dir='ltr'>θοῖς.</span> <span class='ocrx_word' id='word_1_589' title='bbox 2243 3490 2355 3560; x_wconf 82' lang='grc' dir='ltr'><strong>Τῆς</strong></span> <span class='ocrx_word' id='word_1_590' title='bbox 2397 3489 2453 3544; x_wconf 80' lang='grc' dir='ltr'>δὲ</span> <span class='ocrx_word' id='word_1_591' title='bbox 2500 3487 2916 3543; x_wconf 83' lang='grc' dir='ltr'>Κωνσταντίνου</span> <span class='ocrx_word' id='word_1_592' title='bbox 2956 3487 3096 3556; x_wconf 79' lang='grc' dir='ltr'>μετά</span> <span class='ocrx_word' id='word_1_593' title='bbox 3129 3487 3507 3557; x_wconf 81' lang='grc' dir='ltr'>Μητροφάνην</span> <span class='ocrx_word' id='word_1_594' title='bbox 3554 3483 3647 3536; x_wconf 81' lang='grc' dir='ltr'>τὸν</span> 
     </span>
    </p>
   </div>
   <div class='ocr_carea' id='block_1_92' title="bbox 2070 3572 3649 3650">
    <p class='ocr_par' dir='ltr' id='par_1_92' title="bbox 2070 3572 3649 3650">
     <span class='ocr_line' id='line_1_92' title="bbox 2070 3572 3649 3650; baseline -0.005 -17"><span class='ocrx_word' id='word_1_595' title='bbox 2070 3579 2444 3650; x_wconf 71' lang='grc' dir='ltr'>ἁδελφόπαιδα</span> <span class='ocrx_word' id='word_1_596' title='bbox 2476 3578 2686 3647; x_wconf 80' lang='grc' dir='ltr'>Πρόὸου</span> <span class='ocrx_word' id='word_1_597' title='bbox 2725 3577 2822 3631; x_wconf 77' lang='grc' dir='ltr'><strong>τοῦ</strong></span> <span class='ocrx_word' id='word_1_598' title='bbox 2859 3577 3123 3648; x_wconf 81' lang='grc' dir='ltr'>βασιλέως</span> <span class='ocrx_word' id='word_1_599' title='bbox 3167 3576 3515 3644; x_wconf 81' lang='grc' dir='ltr'>Ἀλέξανδρος</span> <span class='ocrx_word' id='word_1_600' title='bbox 3547 3572 3649 3644; x_wconf 77' lang='grc' dir='ltr'>τὴν</span> 
     </span>
    </p>
   </div>
   <div class='ocr_carea' id='block_1_93' title="bbox 2072 3666 3648 3743">
    <p class='ocr_par' dir='ltr' id='par_1_93' title="bbox 2072 3666 3648 3743">
     <span class='ocr_line' id='line_1_93' title="bbox 2072 3666 3648 3743; baseline -0.004 -18"><span class='ocrx_word' id='word_1_601' title='bbox 2072 3672 2224 3741; x_wconf 72' lang='grc' dir='ltr'>ἱερὰν</span> <span class='ocrx_word' id='word_1_602' title='bbox 2275 3671 2576 3743; x_wconf 73' lang='grc' dir='ltr'>ἐκληροῦτο</span> <span class='ocrx_word' id='word_1_603' title='bbox 2633 3673 2829 3741; x_wconf 78' lang='grc' dir='ltr'>ἀρχήν.</span> <span class='ocrx_word' id='word_1_604' title='bbox 2901 3668 3168 3724; x_wconf 80' lang='grc' dir='ltr'>Ἐνταῦθα</span> <span class='ocrx_word' id='word_1_605' title='bbox 3221 3668 3280 3721; x_wconf 76' lang='grc' dir='ltr'>δὲ</span> <span class='ocrx_word' id='word_1_606' title='bbox 3342 3666 3648 3736; x_wconf 74' lang='grc' dir='ltr'>γενομένῳ,</span> 
     </span>
    </p>
   </div>
   <div class='ocr_carea' id='block_1_94' title="bbox 2070 3758 3650 3836">
    <p class='ocr_par' dir='ltr' id='par_1_94' title="bbox 2070 3758 3650 3836">
     <span class='ocr_line' id='line_1_94' title="bbox 2070 3758 3650 3836; baseline -0.006 -19"><span class='ocrx_word' id='word_1_607' title='bbox 2070 3764 2351 3836; x_wconf 79' lang='grc' dir='ltr'>προῦργου</span> <span class='ocrx_word' id='word_1_608' title='bbox 2376 3763 2524 3817; x_wconf 87' lang='grc' dir='ltr'>δοκεῖ</span> <span class='ocrx_word' id='word_1_609' title='bbox 2565 3780 2657 3833; x_wconf 90' lang='grc' dir='ltr'><strong>μοι</strong></span> <span class='ocrx_word' id='word_1_610' title='bbox 2689 3762 2897 3817; x_wconf 86' lang='grc' dir='ltr'>άνωθεν</span> <span class='ocrx_word' id='word_1_611' title='bbox 2924 3761 2989 3814; x_wconf 79' lang='grc' dir='ltr'>ὲκ</span> <span class='ocrx_word' id='word_1_612' title='bbox 3013 3762 3123 3813; x_wconf 85' lang='grc' dir='ltr'>τῶν</span> <span class='ocrx_word' id='word_1_613' title='bbox 3148 3758 3488 3824; x_wconf 75' lang='grc' dir='ltr'>ἀποστόλων,</span> <span class='ocrx_word' id='word_1_614' title='bbox 3517 3758 3650 3818; x_wconf 75' lang='grc' dir='ltr'>τοὺς</span> 
     </span>
    </p>
   </div>
   <div class='ocr_carea' id='block_1_95' title="bbox 2067 3846 3652 3920">
    <p class='ocr_par' dir='ltr' id='par_1_95' title="bbox 2067 3846 3652 3920">
     <span class='ocr_line' id='line_1_95' title="bbox 2067 3846 3652 3920; baseline -0.008 -9"><span class='ocrx_word' id='word_1_615' title='bbox 2067 3856 2163 3911; x_wconf 87' lang='grc' dir='ltr'><strong>τοῦ</strong></span> <span class='ocrx_word' id='word_1_616' title='bbox 2211 3856 2509 3920; x_wconf 74' lang='grc' dir='ltr'>Βυζαντίου</span> <span class='ocrx_word' id='word_1_617' title='bbox 2558 3855 2892 3917; x_wconf 75' lang='grc' dir='ltr'>ἐπισκόπους</span> <span class='ocrx_word' id='word_1_618' title='bbox 2935 3851 3235 3918; x_wconf 78' lang='grc' dir='ltr'>διαλαϐεῖν,</span> <span class='ocrx_word' id='word_1_619' title='bbox 3266 3850 3361 3903; x_wconf 80' lang='grc' dir='ltr'>καὶ</span> <span class='ocrx_word' id='word_1_620' title='bbox 3403 3848 3479 3911; x_wconf 85' lang='grc' dir='ltr'><strong>ὡς</strong></span> <span class='ocrx_word' id='word_1_621' title='bbox 3521 3846 3652 3917; x_wconf 87' lang='grc' dir='ltr'>πρό-</span> 
     </span>
    </p>
   </div>
   <div class='ocr_carea' id='block_1_96' title="bbox 2069 3943 3224 4021">
    <p class='ocr_par' dir='ltr' id='par_1_96' title="bbox 2069 3943 3224 4021">
     <span class='ocr_line' id='line_1_96' title="bbox 2069 3943 3224 4021; baseline -0.007 -17"><span class='ocrx_word' id='word_1_622' title='bbox 2069 3949 2307 4021; x_wconf 80' lang='grc' dir='ltr'>γραμμά</span> <span class='ocrx_word' id='word_1_623' title='bbox 2342 3965 2395 4001; x_wconf 87' lang='grc' dir='ltr'><strong>τι</strong></span> <span class='ocrx_word' id='word_1_624' title='bbox 2432 3948 2577 4003; x_wconf 83' lang='grc' dir='ltr'>θετον</span> <span class='ocrx_word' id='word_1_625' title='bbox 2612 3949 2677 4018; x_wconf 77' lang='grc' dir='ltr'><strong>τῇ</strong></span> <span class='ocrx_word' id='word_1_626' title='bbox 2717 3945 2932 4017; x_wconf 80' lang='grc' dir='ltr'>ἱστορίᾳ</span> <span class='ocrx_word' id='word_1_627' title='bbox 2964 3943 3224 3998; x_wconf 67' lang='grc' dir='ltr'>ἐνθεῖναι.</span> 
     </span>
    </p>
   </div>
   <div class='ocr_carea' id='block_1_97' title="bbox 2152 4121 3651 4199">
    <p class='ocr_par' dir='ltr' id='par_1_97' title="bbox 2152 4121 3651 4199">
     <span class='ocr_line' id='line_1_97' title="bbox 2152 4121 3651 4199; baseline -0.006 -16"><span class='ocrx_word' id='word_1_628' title='bbox 2152 4129 2409 4199; x_wconf 81' lang='grc' dir='ltr'>’Δνδρέας</span> <span class='ocrx_word' id='word_1_629' title='bbox 2437 4128 2546 4197; x_wconf 76' lang='grc' dir='ltr'><strong>γάρ</strong></span> <span class='ocrx_word' id='word_1_630' title='bbox 2591 4129 2619 4181; x_wconf 88' lang='grc' dir='ltr'><strong>ό</strong></span> <span class='ocrx_word' id='word_1_631' title='bbox 2659 4126 2755 4180; x_wconf 87' lang='grc' dir='ltr'><strong>τοῦ</strong></span> <span class='ocrx_word' id='word_1_632' title='bbox 2799 4125 3007 4194; x_wconf 83' lang='grc' dir='ltr'>Κυρίου</span> <span class='ocrx_word' id='word_1_633' title='bbox 3041 4121 3362 4188; x_wconf 78' lang='grc' dir='ltr'>ἀπόστολος,</span> <span class='ocrx_word' id='word_1_634' title='bbox 3407 4123 3475 4176; x_wconf 80' lang='grc' dir='ltr'><strong>τά</strong></span> <span class='ocrx_word' id='word_1_635' title='bbox 3513 4123 3651 4191; x_wconf 82' lang='grc' dir='ltr'>περὶ</span> 
     </span>
    </p>
   </div>
   <div class='ocr_carea' id='block_1_98' title="bbox 2067 4211 3650 4292">
    <p class='ocr_par' dir='ltr' id='par_1_98' title="bbox 2067 4211 3650 4292">
     <span class='ocr_line' id='line_1_98' title="bbox 2067 4211 3650 4292; baseline -0.008 -17"><span class='ocrx_word' id='word_1_636' title='bbox 2067 4222 2292 4292; x_wconf 79' lang='grc' dir='ltr'>Θρᾴκην</span> <span class='ocrx_word' id='word_1_637' title='bbox 2350 4222 2446 4273; x_wconf 66' lang='grc' dir='ltr'><strong>καλ⁵</strong></span> <span class='ocrx_word' id='word_1_638' title='bbox 2484 4216 2829 4272; x_wconf 83' lang='grc' dir='ltr'>Μακεδονίαν</span> <span class='ocrx_word' id='word_1_639' title='bbox 2867 4213 2963 4269; x_wconf 80' lang='grc' dir='ltr'>καὶ</span> <span class='ocrx_word' id='word_1_640' title='bbox 3014 4212 3110 4265; x_wconf 75' lang='grc' dir='ltr'>τὸν</span> <span class='ocrx_word' id='word_1_641' title='bbox 3155 4211 3411 4276; x_wconf 79' lang='grc' dir='ltr'>Εὔξεινον</span> <span class='ocrx_word' id='word_1_642' title='bbox 3444 4211 3650 4281; x_wconf 80' lang='grc' dir='ltr'>κλῆρον</span> 
     </span>
    </p>
   </div>
   <div class='ocr_carea' id='block_1_99' title="bbox 2067 4302 3650 4384">
    <p class='ocr_par' dir='ltr' id='par_1_99' title="bbox 2067 4302 3650 4384">
     <span class='ocr_line' id='line_1_99' title="bbox 2067 4302 3650 4384; baseline -0.008 -19"><span class='ocrx_word' id='word_1_643' title='bbox 2067 4311 2271 4384; x_wconf 82' lang='grc' dir='ltr'>λαχὼν,</span> <span class='ocrx_word' id='word_1_644' title='bbox 2305 4311 2429 4364; x_wconf 75' lang='grc' dir='ltr'>ἐπεὶ</span> <span class='ocrx_word' id='word_1_645' title='bbox 2461 4312 2520 4362; x_wconf 84' lang='grc' dir='ltr'>ὲν</span> <span class='ocrx_word' id='word_1_646' title='bbox 2563 4307 2848 4375; x_wconf 75' lang='grc' dir='ltr'>Βυζαντίῳ</span> <span class='ocrx_word' id='word_1_647' title='bbox 2897 4305 3196 4372; x_wconf 82' lang='grc' dir='ltr'>γενόμενος</span> <span class='ocrx_word' id='word_1_648' title='bbox 3245 4302 3517 4371; x_wconf 73' lang='grc' dir='ltr'>ἐκήρυττε</span> <span class='ocrx_word' id='word_1_649' title='bbox 3555 4302 3650 4354; x_wconf 75' lang='grc' dir='ltr'>τὸν</span> 
     </span>
    </p>
   </div>
   <div class='ocr_carea' id='block_1_100' title="bbox 2068 4390 3653 4474">
    <p class='ocr_par' dir='ltr' id='par_1_100' title="bbox 2068 4390 3653 4474">
     <span class='ocr_line' id='line_1_100' title="bbox 2068 4390 3653 4474; baseline -0.011 -16"><span class='ocrx_word' id='word_1_650' title='bbox 2068 4403 2327 4474; x_wconf 82' lang='grc' dir='ltr'>Χριστὸν,</span> <span class='ocrx_word' id='word_1_651' title='bbox 2361 4400 2467 4453; x_wconf 75' lang='grc' dir='ltr'><strong>ὑπὸ</strong></span> <span class='ocrx_word' id='word_1_652' title='bbox 2500 4400 2811 4465; x_wconf 77' lang='grc' dir='ltr'>Ζευξίππου</span> <span class='ocrx_word' id='word_1_653' title='bbox 2839 4393 2934 4448; x_wconf 83' lang='grc' dir='ltr'><strong>τοῦ</strong></span> <span class='ocrx_word' id='word_1_654' title='bbox 2967 4392 3226 4463; x_wconf 78' lang='grc' dir='ltr'>τηνικάδε</span> <span class='ocrx_word' id='word_1_655' title='bbox 3256 4390 3653 4463; x_wconf 80' lang='grc' dir='ltr'>τυραννοῦντος</span> 
     </span>
    </p>
   </div>
   <div class='ocr_carea' id='block_1_101' title="bbox 2071 4482 3655 4564">
    <p class='ocr_par' dir='ltr' id='par_1_101' title="bbox 2071 4482 3655 4564">
     <span class='ocr_line' id='line_1_101' title="bbox 2071 4482 3655 4564; baseline -0.008 -17"><span class='ocrx_word' id='word_1_656' title='bbox 2071 4494 2427 4564; x_wconf 74' lang='grc' dir='ltr'>ζητούμενος,</span> <span class='ocrx_word' id='word_1_657' title='bbox 2455 4492 2512 4543; x_wconf 83' lang='grc' dir='ltr'>ὲν</span> <span class='ocrx_word' id='word_1_658' title='bbox 2559 4486 2956 4560; x_wconf 87' lang='grc' dir='ltr'>Ἀργυροπόλει</span> <span class='ocrx_word' id='word_1_659' title='bbox 3007 4483 3333 4555; x_wconf 79' lang='grc' dir='ltr'>μετὲδαινεο</span> <span class='ocrx_word' id='word_1_660' title='bbox 3383 4483 3478 4537; x_wconf 83' lang='grc' dir='ltr'>καὶ</span> <span class='ocrx_word' id='word_1_661' title='bbox 3522 4482 3655 4551; x_wconf 87' lang='grc' dir='ltr'>χρό-</span> 
     </span>
    </p>
   </div>
   <div class='ocr_carea' id='block_1_102' title="bbox 2070 4572 3650 4653">
    <p class='ocr_par' dir='ltr' id='par_1_102' title="bbox 2070 4572 3650 4653">
     <span class='ocr_line' id='line_1_102' title="bbox 2070 4572 3650 4653; baseline -0.01 -14"><span class='ocrx_word' id='word_1_662' title='bbox 2070 4602 2162 4640; x_wconf 91' lang='grc' dir='ltr'><strong>νον</strong></span> <span class='ocrx_word' id='word_1_663' title='bbox 2187 4585 2342 4653; x_wconf 84' lang='grc' dir='ltr'>διετῆ</span> <span class='ocrx_word' id='word_1_664' title='bbox 2375 4583 2554 4634; x_wconf 73' lang='grc' dir='ltr'>ἐκεῖσε</span> <span class='ocrx_word' id='word_1_665' title='bbox 2585 4580 2859 4645; x_wconf 76' lang='grc' dir='ltr'>συνάγων,</span> <span class='ocrx_word' id='word_1_666' title='bbox 2891 4574 3125 4636; x_wconf 79' lang='grc' dir='ltr'>πολλοὺς</span> <span class='ocrx_word' id='word_1_667' title='bbox 3149 4574 3431 4626; x_wconf 77' lang='grc' dir='ltr'>ἐπεσπᾶτο</span> <span class='ocrx_word' id='word_1_668' title='bbox 3461 4572 3650 4624; x_wconf 79' lang='grc' dir='ltr'>πίστει</span> 
     </span>
    </p>
   </div>
   <div class='ocr_carea' id='block_1_103' title="bbox 2073 4663 3658 4748">
    <p class='ocr_par' dir='ltr' id='par_1_103' title="bbox 2073 4663 3658 4748">
     <span class='ocr_line' id='line_1_103' title="bbox 2073 4663 3658 4748; baseline -0.008 -19"><span class='ocrx_word' id='word_1_669' title='bbox 2073 4679 2141 4748; x_wconf 82' lang='grc' dir='ltr'>τῇ</span> <span class='ocrx_word' id='word_1_670' title='bbox 2171 4677 2250 4737; x_wconf 81' lang='grc' dir='ltr'><strong>είς</strong></span> <span class='ocrx_word' id='word_1_671' title='bbox 2283 4672 2541 4745; x_wconf 78' lang='grc' dir='ltr'>Χριστόν.</span> <span class='ocrx_word' id='word_1_672' title='bbox 2576 4670 2975 4739; x_wconf 82' lang='grc' dir='ltr'>Θυσιαστήριον</span> <span class='ocrx_word' id='word_1_673' title='bbox 3002 4665 3183 4719; x_wconf 86' lang='grc' dir='ltr'>τοίνυν</span> <span class='ocrx_word' id='word_1_674' title='bbox 3212 4663 3287 4732; x_wconf 85' lang='grc' dir='ltr'><strong>τῷ</strong></span> <span class='ocrx_word' id='word_1_675' title='bbox 3317 4664 3470 4731; x_wconf 80' lang='grc' dir='ltr'>τόπῳ</span> <span class='ocrx_word' id='word_1_676' title='bbox 3494 4663 3658 4731; x_wconf 82' lang='grc' dir='ltr'>ἑδρά-</span> 
     </span>
    </p>
   </div>
   <div class='ocr_carea' id='block_1_104' title="bbox 2073 4753 3653 4830">
    <p class='ocr_par' dir='ltr' id='par_1_104' title="bbox 2073 4753 3653 4830">
     <span class='ocr_line' id='line_1_104' title="bbox 2073 4753 3653 4830; baseline -0.009 -11"><span class='ocrx_word' id='word_1_677' title='bbox 2073 4783 2192 4830; x_wconf 84' lang='grc' dir='ltr'>σας,</span> <span class='ocrx_word' id='word_1_678' title='bbox 2234 4766 2330 4817; x_wconf 72' lang='grc' dir='ltr'><strong>καὶ</strong></span> <span class='ocrx_word' id='word_1_679' title='bbox 2359 4762 2451 4817; x_wconf 79' lang='grc' dir='ltr'><strong>τὸν</strong></span> <span class='ocrx_word' id='word_1_680' title='bbox 2481 4759 2780 4814; x_wconf 80' lang='grc' dir='ltr'>ἀπόστολον</span> <span class='ocrx_word' id='word_1_681' title='bbox 2813 4755 3027 4823; x_wconf 81' lang='grc' dir='ltr'>Στάχυν</span> <span class='ocrx_word' id='word_1_682' title='bbox 3057 4755 3235 4806; x_wconf 82' lang='grc' dir='ltr'>ἐκεῖσε</span> <span class='ocrx_word' id='word_1_683' title='bbox 3257 4753 3653 4824; x_wconf 83' lang='grc' dir='ltr'>χειροτονήσας</span> 
     </span>
    </p>
   </div>
   <div class='ocr_carea' id='block_1_105' title="bbox 2070 4844 3655 4920">
    <p class='ocr_par' dir='ltr' id='par_1_105' title="bbox 2070 4844 3655 4920">
     <span class='ocr_line' id='line_1_105' title="bbox 2070 4844 3655 4920; baseline -0.012 -8"><span class='ocrx_word' id='word_1_684' title='bbox 2070 4859 2393 4920; x_wconf 75' lang='grc' dir='ltr'>ἐπίσκοπον,</span> <span class='ocrx_word' id='word_1_685' title='bbox 2428 4853 2507 4916; x_wconf 83' lang='grc' dir='ltr'><strong>είς</strong></span> <span class='ocrx_word' id='word_1_686' title='bbox 2534 4851 2789 4918; x_wconf 78' lang='grc' dir='ltr'>Σινώπην</span> <span class='ocrx_word' id='word_1_687' title='bbox 2823 4846 3075 4914; x_wconf 81' lang='grc' dir='ltr'>ἀπαίρει.</span> <span class='ocrx_word' id='word_1_688' title='bbox 3111 4845 3207 4908; x_wconf 89' lang='grc' dir='ltr'>Ὃς</span> <span class='ocrx_word' id='word_1_689' title='bbox 3232 4848 3298 4915; x_wconf 80' lang='grc' dir='ltr'>τῇ</span> <span class='ocrx_word' id='word_1_690' title='bbox 3334 4844 3655 4917; x_wconf 77' lang='grc' dir='ltr'>λειτουργίᾳ</span> 
     </span>
    </p>
   </div>
   <div class='ocr_carea' id='block_1_106' title="bbox 2072 4935 3654 5019">
    <p class='ocr_par' dir='ltr' id='par_1_106' title="bbox 2072 4935 3654 5019">
     <span class='ocr_line' id='line_1_106' title="bbox 2072 4935 3654 5019; baseline -0.008 -16"><span class='ocrx_word' id='word_1_691' title='bbox 2072 4951 2168 5019; x_wconf 76' lang='grc' dir='ltr'>ἔτη</span> <span class='ocrx_word' id='word_1_692' title='bbox 2200 4955 2274 5014; x_wconf 77' lang='grc' dir='ltr'>ις’</span> <span class='ocrx_word' id='word_1_693' title='bbox 2310 4943 2681 5014; x_wconf 75' lang='grc' dir='ltr'>παραμείνας,</span> <span class='ocrx_word' id='word_1_694' title='bbox 2717 4936 2815 4992; x_wconf 78' lang='grc' dir='ltr'>καὶ</span> <span class='ocrx_word' id='word_1_695' title='bbox 2863 4935 3056 5006; x_wconf 76' lang='grc' dir='ltr'>ταφεὶς</span> <span class='ocrx_word' id='word_1_696' title='bbox 3102 4938 3305 5001; x_wconf 74' lang='grc' dir='ltr'>ἐκεῖσε,</span> <span class='ocrx_word' id='word_1_697' title='bbox 3354 4937 3654 5007; x_wconf 76' lang='grc' dir='ltr'>Ὀνήσιμον</span> 
     </span>
    </p>
   </div>
   <div class='ocr_carea' id='block_1_107' title="bbox 2071 5026 3653 5114">
    <p class='ocr_par' dir='ltr' id='par_1_107' title="bbox 2071 5026 3653 5114">
     <span class='ocr_line' id='line_1_107' title="bbox 2071 5026 3653 5114; baseline -0.015 -16"><span class='ocrx_word' id='word_1_698' title='bbox 2071 5045 2200 5114; x_wconf 75' lang='grc' dir='ltr'>ἔσχε</span> <span class='ocrx_word' id='word_1_699' title='bbox 2250 5039 2533 5106; x_wconf 77' lang='grc' dir='ltr'>διάδοχον·</span> <span class='ocrx_word' id='word_1_700' title='bbox 2581 5034 2638 5087; x_wconf 86' lang='grc' dir='ltr'><strong>δν</strong></span> <span class='ocrx_word' id='word_1_701' title='bbox 2678 5034 2927 5098; x_wconf 82' lang='grc' dir='ltr'>τέσσαρα</span> <span class='ocrx_word' id='word_1_702' title='bbox 2975 5026 3115 5114; x_wconf 63' lang='grc' dir='ltr'>πρός</span> <span class='ocrx_word' id='word_1_703' title='bbox 3159 5029 3272 5090; x_wconf 80' lang='grc' dir='ltr'>τοῖς</span> <span class='ocrx_word' id='word_1_704' title='bbox 3315 5026 3451 5080; x_wconf 83' lang='grc' dir='ltr'>δέκα</span> <span class='ocrx_word' id='word_1_705' title='bbox 3501 5028 3653 5082; x_wconf 77' lang='grc' dir='ltr'>ἔτεσι</span> 
     </span>
    </p>
   </div>
   <div class='ocr_carea' id='block_1_108' title="bbox 2070 5112 3654 5200">
    <p class='ocr_par' dir='ltr' id='par_1_108' title="bbox 2070 5112 3654 5200">
     <span class='ocr_line' id='line_1_108' title="bbox 2070 5112 3654 5200; baseline -0.015 -14"><span class='ocrx_word' id='word_1_706' title='bbox 2070 5112 2427 5200; x_wconf 76' lang='grc' dir='ltr'>διαγεγονότα</span> <span class='ocrx_word' id='word_1_707' title='bbox 2490 5121 2861 5189; x_wconf 78' lang='grc' dir='ltr'>Πολὺκαρπος</span> <span class='ocrx_word' id='word_1_708' title='bbox 2916 5112 3213 5193; x_wconf 71' lang='grc' dir='ltr'>διεδέξατρ.</span> <span class='ocrx_word' id='word_1_709' title='bbox 3267 5113 3561 5168; x_wconf 85' lang='grc' dir='ltr'>Δεκαοκτὼ</span> <span class='ocrx_word' id='word_1_710' title='bbox 3604 5116 3654 5168; x_wconf 72' lang='grc' dir='ltr'>δ’</span> 
     </span>
    </p>
   </div>
   <div class='ocr_carea' id='block_1_109' title="bbox 2070 5200 3655 5295">
    <p class='ocr_par' dir='ltr' id='par_1_109' title="bbox 2070 5200 3655 5295">
     <span class='ocr_line' id='line_1_109' title="bbox 2070 5200 3655 5295; baseline 0.003 -22"><span class='ocrx_word' id='word_1_711' title='bbox 2070 5227 2167 5295; x_wconf 72' lang='grc' dir='ltr'>ἔτη</span> <span class='ocrx_word' id='word_1_712' title='bbox 2214 5224 2281 5292; x_wconf 82' lang='grc' dir='ltr'>τῇ</span> <span class='ocrx_word' id='word_1_713' title='bbox 2332 5217 2580 5285; x_wconf 63' lang='grc' dir='ltr'>διακονίᾳ</span> <span class='ocrx_word' id='word_1_714' title='bbox 2618 5213 2713 5266; x_wconf 75' lang='grc' dir='ltr'>καὶ</span> <span class='ocrx_word' id='word_1_715' title='bbox 2756 5200 2915 5269; x_wconf 63' lang='grc' dir='ltr'><strong>οὗτος</strong></span> <span class='ocrx_word' id='word_1_716' title='bbox 2960 5206 3267 5295; x_wconf 32' lang='grc' dir='ltr'><strong>ἐμπρέψῇαἶυ</strong></span> <span class='ocrx_word' id='word_1_717' title='bbox 3317 5206 3655 5278; x_wconf 69' lang='grc' dir='ltr'><strong>Πλουτάρχῳ</strong></span> 
     </span>
    </p>
   </div>
   <div class='ocr_carea' id='block_1_110' title="bbox 2071 5290 3657 5381">
    <p class='ocr_par' dir='ltr' id='par_1_110' title="bbox 2071 5290 3657 5381">
     <span class='ocr_line' id='line_1_110' title="bbox 2071 5290 3657 5381; baseline -0.017 -13"><span class='ocrx_word' id='word_1_718' title='bbox 2071 5290 2279 5381; x_wconf 67' lang='grc' dir='ltr'>ταῦτηξ</span> <span class='ocrx_word' id='word_1_719' title='bbox 2306 5309 2607 5373; x_wconf 79' lang='grc' dir='ltr'>ἐξίσταται.</span> <span class='ocrx_word' id='word_1_720' title='bbox 2640 5305 2747 5356; x_wconf 72' lang='grc' dir='ltr'><strong>Καὶ</strong></span> <span class='ocrx_word' id='word_1_721' title='bbox 2776 5299 2935 5362; x_wconf 82' lang='grc' dir='ltr'>οὗτος</span> <span class='ocrx_word' id='word_1_722' title='bbox 2957 5298 3013 5351; x_wconf 75' lang='grc' dir='ltr'>δὲ</span> <span class='ocrx_word' id='word_1_723' title='bbox 3040 5296 3137 5368; x_wconf 74' lang='grc' dir='ltr'><strong>οὐχ</strong></span> <span class='ocrx_word' id='word_1_724' title='bbox 3161 5290 3326 5368; x_wconf 79' lang='grc' dir='ltr'>ἦττον</span> <span class='ocrx_word' id='word_1_725' title='bbox 3354 5297 3386 5368; x_wconf 72' lang='grc' dir='ltr'>ἦ</span> <span class='ocrx_word' id='word_1_726' title='bbox 3424 5303 3502 5361; x_wconf 81' lang='grc' dir='ltr'>ις’</span> <span class='ocrx_word' id='word_1_727' title='bbox 3535 5299 3657 5353; x_wconf 80' lang='grc' dir='ltr'>δια..</span> 
     </span>
    </p>
   </div>
   <div class='ocr_carea' id='block_1_111' title="bbox 2072 5382 3656 5473">
    <p class='ocr_par' dir='ltr' id='par_1_111' title="bbox 2072 5382 3656 5473">
     <span class='ocr_line' id='line_1_111' title="bbox 2072 5382 3656 5473; baseline -0.006 -22"><span class='ocrx_word' id='word_1_728' title='bbox 2072 5400 2335 5473; x_wconf 75' lang='grc' dir='ltr'>γεγονὼς,</span> <span class='ocrx_word' id='word_1_729' title='bbox 2360 5396 2649 5451; x_wconf 80' lang='grc' dir='ltr'>Σεδεκέωνι</span> <span class='ocrx_word' id='word_1_730' title='bbox 2694 5392 2788 5446; x_wconf 77' lang='grc' dir='ltr'><strong>τοῦ</strong></span> <span class='ocrx_word' id='word_1_731' title='bbox 2835 5390 3027 5460; x_wconf 80' lang='grc' dir='ltr'>θρόνου</span> <span class='ocrx_word' id='word_1_732' title='bbox 3067 5388 3427 5457; x_wconf 79' lang='grc' dir='ltr'>παραχωρεῖ·</span> <span class='ocrx_word' id='word_1_733' title='bbox 3456 5382 3519 5443; x_wconf 73' lang='grc' dir='ltr'><strong>οὗ</strong></span> <span class='ocrx_word' id='word_1_734' title='bbox 3552 5407 3656 5458; x_wconf 89' lang='grc' dir='ltr'>με-</span> 
     </span>
    </p>
   </div>
   <div class='ocr_carea' id='block_1_112' title="bbox 2070 5479 3653 5557">
    <p class='ocr_par' dir='ltr' id='par_1_112' title="bbox 2070 5479 3653 5557">
     <span class='ocr_line' id='line_1_112' title="bbox 2070 5479 3653 5557; baseline -0.008 -9"><span class='ocrx_word' id='word_1_735' title='bbox 2070 5499 2140 5551; x_wconf 71' lang='grc' dir='ltr'>τὰ</span> <span class='ocrx_word' id='word_1_736' title='bbox 2189 5495 2233 5546; x_wconf 86' lang='grc' dir='ltr'>θ’</span> <span class='ocrx_word' id='word_1_737' title='bbox 2281 5493 2403 5554; x_wconf 74' lang='grc' dir='ltr'>ἔτος</span> <span class='ocrx_word' id='word_1_738' title='bbox 2449 5489 2706 5557; x_wconf 81' lang='grc' dir='ltr'>Διογένης</span> <span class='ocrx_word' id='word_1_739' title='bbox 2752 5479 3143 5535; x_wconf 79' lang='grc' dir='ltr'>πεντεκαίδεκα</span> <span class='ocrx_word' id='word_1_740' title='bbox 3187 5479 3282 5548; x_wconf 75' lang='grc' dir='ltr'>ἔτη</span> <span class='ocrx_word' id='word_1_741' title='bbox 3348 5481 3653 5548; x_wconf 84' lang='grc' dir='ltr'>ίερατεύει.</span> 
     </span>
    </p>
   </div>
   <div class='ocr_carea' id='block_1_113' title="bbox 2072 5570 3654 5648">
    <p class='ocr_par' dir='ltr' id='par_1_113' title="bbox 2072 5570 3654 5648">
     <span class='ocr_line' id='line_1_113' title="bbox 2072 5570 3654 5648; baseline -0.013 -5"><span class='ocrx_word' id='word_1_742' title='bbox 2072 5587 2211 5645; x_wconf 81' lang='grc' dir='ltr'>Μεθ’</span> <span class='ocrx_word' id='word_1_743' title='bbox 2239 5584 2298 5639; x_wconf 82' lang='grc' dir='ltr'>ὃν</span> <span class='ocrx_word' id='word_1_744' title='bbox 2339 5582 2706 5648; x_wconf 81' lang='grc' dir='ltr'>Ἐλευθέριος’</span> <span class='ocrx_word' id='word_1_745' title='bbox 2741 5575 2798 5634; x_wconf 73' lang='grc' dir='ltr'><strong>ὃς</strong></span> <span class='ocrx_word' id='word_1_746' title='bbox 2852 5570 2896 5637; x_wconf 73' lang='grc' dir='ltr'><strong>ζ’</strong></span> <span class='ocrx_word' id='word_1_747' title='bbox 2927 5571 3019 5640; x_wconf 80' lang='grc' dir='ltr'>ἔτη</span> <span class='ocrx_word' id='word_1_748' title='bbox 3072 5572 3414 5641; x_wconf 76' lang='grc' dir='ltr'>ἱερατεύσας,</span> <span class='ocrx_word' id='word_1_749' title='bbox 3442 5571 3654 5640; x_wconf 70' lang='grc' dir='ltr'>Φήλικα.</span> 
     </span>
    </p>
   </div>
   <div class='ocr_carea' id='block_1_114' title="bbox 2073 5656 3648 5747">
    <p class='ocr_par' dir='ltr' id='par_1_114' title="bbox 2073 5656 3648 5747">
     <span class='ocr_line' id='line_1_114' title="bbox 2073 5656 3648 5747; baseline -0.013 -13"><span class='ocrx_word' id='word_1_750' title='bbox 2073 5679 2316 5747; x_wconf 67' lang='grc' dir='ltr'>διάδοχον</span> <span class='ocrx_word' id='word_1_751' title='bbox 2342 5674 2490 5743; x_wconf 70' lang='grc' dir='ltr'>ἔσχε.</span> <span class='ocrx_word' id='word_1_752' title='bbox 2528 5672 2694 5725; x_wconf 76' lang='grc' dir='ltr'>Πέντε</span> <span class='ocrx_word' id='word_1_753' title='bbox 2735 5667 2792 5720; x_wconf 83' lang='grc' dir='ltr'>δὲ</span> <span class='ocrx_word' id='word_1_754' title='bbox 2830 5666 2925 5718; x_wconf 71' lang='grc' dir='ltr'>καὶ</span> <span class='ocrx_word' id='word_1_755' title='bbox 2972 5656 3128 5725; x_wconf 72' lang='grc' dir='ltr'>οὗτος</span> <span class='ocrx_word' id='word_1_756' title='bbox 3156 5663 3648 5730; x_wconf 74' lang='grc' dir='ltr'>διακονησάμενος,</span> 
     </span>
    </p>
   </div>
   <div class='ocr_carea' id='block_1_115' title="bbox 2075 5752 3652 5839">
    <p class='ocr_par' dir='ltr' id='par_1_115' title="bbox 2075 5752 3652 5839">
     <span class='ocr_line' id='line_1_115' title="bbox 2075 5752 3652 5839; baseline -0.02 -14"><span class='ocrx_word' id='word_1_757' title='bbox 2075 5768 2424 5839; x_wconf 83' lang='grc' dir='ltr'>Πολυκάρπῳ</span> <span class='ocrx_word' id='word_1_758' title='bbox 2450 5761 2778 5833; x_wconf 75' lang='grc' dir='ltr'>μεταδίδωσι</span> <span class='ocrx_word' id='word_1_759' title='bbox 2806 5757 2907 5825; x_wconf 80' lang='grc' dir='ltr'>τῆς</span> <span class='ocrx_word' id='word_1_760' title='bbox 2942 5754 3301 5825; x_wconf 81' lang='grc' dir='ltr'>λειτουργίας.</span> <span class='ocrx_word' id='word_1_761' title='bbox 3329 5753 3391 5806; x_wconf 85' lang='grc' dir='ltr'><strong>Οἳ</strong></span> <span class='ocrx_word' id='word_1_762' title='bbox 3421 5752 3487 5823; x_wconf 77' lang='grc' dir='ltr'>δὴ</span> <span class='ocrx_word' id='word_1_763' title='bbox 3510 5753 3652 5807; x_wconf 76' lang='grc' dir='ltr'><strong>πάν..</strong></span> 
     </span>
    </p>
   </div>
   <div class='ocr_carea' id='block_1_116' title="bbox 2072 5842 3649 5927">
    <p class='ocr_par' dir='ltr' id='par_1_116' title="bbox 2072 5842 3649 5927">
     <span class='ocr_line' id='line_1_116' title="bbox 2072 5842 3649 5927; baseline -0.012 -12"><span class='ocrx_word' id='word_1_764' title='bbox 2072 5881 2159 5927; x_wconf 74' lang='grc' dir='ltr'><strong>τες</strong></span> <span class='ocrx_word' id='word_1_765' title='bbox 2187 5862 2276 5916; x_wconf 62' lang='grc' dir='ltr'><strong>διά</strong></span> <span class='ocrx_word' id='word_1_766' title='bbox 2310 5858 2406 5921; x_wconf 63' lang='grc' dir='ltr'>τὰς</span> <span class='ocrx_word' id='word_1_767' title='bbox 2454 5854 2559 5909; x_wconf 78' lang='grc' dir='ltr'>τῶν</span> <span class='ocrx_word' id='word_1_768' title='bbox 2607 5852 2849 5907; x_wconf 80' lang='grc' dir='ltr'>ἀπίστων</span> <span class='ocrx_word' id='word_1_769' title='bbox 2884 5846 3126 5915; x_wconf 70' lang='grc' dir='ltr'>ἐφόδους,</span> <span class='ocrx_word' id='word_1_770' title='bbox 3163 5844 3238 5917; x_wconf 79' lang='grc' dir='ltr'><strong>τῷ</strong></span> <span class='ocrx_word' id='word_1_771' title='bbox 3270 5842 3649 5915; x_wconf 63' lang='grc' dir='ltr'>διειλημμένη»</span> 
     </span>
    </p>
   </div>
  </div>
