4062 6630
281 421 344 484 31
1461 415 1877 479 NICEPHORI

1983 416 2272 477 tLLlSTI
3464 402 3539 466 32
3616 474 3623 481 ,

283 533 505 600 scripsit
559 548 571 583 :

285 624 615 680 Alexandro.
645 620 949 676 Alexander
995 623 1050 675 in
1099 621 1329 674 Domino
1366 620 1617 673 salutem.
1654 619 1854 671 Pravo-

286 740 406 777 rum
442 720 747 783 hominum,
786 720 876 788 qui
907 718 1223 773 dominandi
1267 718 1494 772 libidine
1521 727 1577 771 et
1611 718 1855 786 pecuniae

289 814 587 881 cupiditate
628 810 925 874 ducuntur,
955 810 1287 866 institutum.
1327 824 1540 877 semper
1586 823 1705 877 quze
1746 822 1852 859 am:

292 906 496 971 pliores
520 903 602 956 eis
635 916 756 956 esse
792 901 1071 963 videntur,
1113 900 1407 955 insidiatur
1438 900 1689 953 ecclesiis
1717 918 1729 953 :
1761 899 1857 969 qui

291 993 445 1046 vario
480 1008 608 1045 sane
645 1000 906 1059 praetextu
942 990 1201 1058 pietatem
1245 989 1676 1043 ecclesiasticam
1709 990 1863 1041 inva-

294 1087 422 1138 dere
451 1085 644 1138 solent.
660 1083 940 1151 Siquidem
971 1095 1225 1153 tanquam
1252 1082 1486 1135 stimulis
1506 1080 1857 1150 quibusdam.

296 1178 364 1226 ab
410 1190 475 1227 eo
518 1173 611 1241 qui
659 1173 712 1226 in
766 1172 875 1225 illis
911 1170 1099 1225 elIirax
1142 1181 1245 1234 est,
1279 1171 1518 1229 diabolo.
1545 1169 1611 1224 ad
1658 1185 1862 1239 propo-

297 1269 456 1319 sitam
511 1265 611 1318 sibi
678 1265 1013 1332 voluptatem
1082 1264 1329 1327 incitati,
1396 1263 1657 1331 religione
1713 1262 1860 1315 omni

297 1358 560 1425 projerta,
592 1354 782 1424 jndicii
819 1355 909 1407 Dei
965 1354 1217 1407 timorem
1265 1354 1603 1422 proculcant.
1634 1354 1706 1407 De
1747 1353 1866 1420 qui-

300 1448 400 1499 bus
444 1447 742 1499 necessitas
788 1445 918 1498 mihi
975 1445 1225 1512 imposita
1276 1454 1391 1510 est,
1450 1447 1617 1499 multa
1671 1447 1739 1500 ab
1785 1448 1867 1501 eis

301 1553 484 1607 passo,
522 1547 580 1591 ut
627 1537 696 1590 ad
745 1537 1002 1606 pietatem
1038 1547 1275 1593 vestram
1326 1538 1586 1597 scribam.
1618 1547 1676 1593 ut
1719 1538 1867 1608 ejus-

300 1630 447 1683 modi
493 1630 743 1684 homines
778 1631 1035 1694 caveatis,
1080 1639 1136 1684 et
1188 1647 1256 1685 ne
1288 1630 1412 1699 quis
1458 1643 1651 1685 eorum
1701 1645 1762 1685 se
1809 1629 1865 1684 in

300 1722 569 1790 paruecias
591 1732 647 1775 et
676 1721 942 1776 ecclesias
977 1732 1187 1777 vestras
1228 1722 1615 1777 subinsinuare
1644 1721 1868 1786 audeat,

302 1814 657 1884 provideatis.
692 1814 948 1869 lnstrncti
975 1814 1120 1869 enim
1161 1826 1291 1868 sunt
1321 1831 1422 1885 per
1458 1815 1865 1870 simulationem

301 1914 359 1959 et
405 1904 916 1968 dissimulationem,
957 1906 1024 1960 ad
1070 1905 1320 1960 fraudem
1365 1907 1869 1973 etseductionem,

305 1997 630 2066 impostores
657 1997 767 2060 isti,
798 2005 857 2051 ut
883 1996 1000 2051 sive
1034 2012 1132 2067 per
1156 2012 1213 2051 se
1252 1996 1420 2067 ipsos,
1448 2014 1545 2053 seu
1580 2013 1676 2068 per
1717 1999 1873 2063 litte-

304 2104 415 2154 ras,
473 2105 567 2157 per
620 2076 1043 2143 assentationem
1096 2097 1151 2144 et
1197 2090 1628 2144 venditationem
1680 2090 1872 2145 falsam

301 2188 422 2231 arte
456 2177 689 2247 quadam
722 2179 1068 2248 compositas,
1093 2187 1435 2235 transversos
1464 2188 1629 2249 agant
1657 2180 1874 2250 simpli-

303 2286 423 2325 cem
452 2281 616 2339 atque
653 2271 920 2325 sinceram
973 2270 1132 2325 ﬁdem
1183 2280 1562 2326 consectantes
1603 2271 1873 2327 homines.

304 2362 763 2430 Quandoquidem
822 2362 986 2415 Arius
1045 2371 1098 2417 et
1162 2362 1427 2428 Achillas,
1495 2362 1876 2432 conjuratione

306 2466 483 2518 nuper
526 2450 691 2510 facta.
739 2450 958 2504 Coluthi
1009 2452 1083 2519 (l)
1124 2450 1445 2505 dominandi
1497 2450 1876 2518 cupiditatem,

307 2542 469 2611 longe
499 2543 664 2595 etiam
691 2544 935 2597 deterius
964 2558 1126 2610 quam
1157 2543 1274 2611 ipse
1306 2543 1420 2606 ille,
1454 2552 1582 2595 sunt
1611 2543 1876 2596 aemulati.

306 2633 402 2686 llle
446 2648 680 2701 namque
731 2635 1081 2687 accusatione
1125 2633 1389 2688 adversus
1443 2634 1543 2686 hos
1603 2635 1748 2703 ipsos
1796 2633 1881 2686 in-

308 2725 520 2784 stituta,
556 2724 777 2793 maligni
816 2724 1035 2779 consilii
1094 2726 1180 2779 sui
1220 2724 1457 2793 aliquem
1508 2725 1714 2792 reperit
1744 2740 1881 2791 prae-

312 2824 541 2868 textum.
582 2815 676 2867 [sti
722 2831 870 2881 vero,
902 2818 1323 2872 aeruscationem
1354 2817 1501 2870 illius
1534 2818 1639 2871 sub
1675 2817 1880 2871 Christi

310 2908 531 2962 nomine
588 2918 899 2975 susceptam
968 2909 1253 2975 videntes,
1319 2909 1579 2964 Ecclesiae
1645 2909 1887 2979 amplius,

311 2997 542 3069 subjecti
580 3013 698 3053 esse
732 3015 841 3053 non
874 3001 1296 3054 sustinuerunt:
1324 3000 1417 3055 sed
1445 3000 1739 3056 exatriu-tis
1777 2999 1880 3055 sibi

314 3091 448 3160 ipsis
474 3092 749 3145 latronum
797 3091 1090 3162 speluncis,
1127 3091 1420 3147 continuos
1450 3091 1525 3146 ibi
1558 3100 1881 3160 peragentes

635 549 653 580 ι
723 528 1200 585 Reverendissimo
1257 536 1311 581 ct
1372 528 1615 581 unanimi
1692 523 1845 578 fratri

1984 526 2359 595 ινέξπινδρος·
2418 540 2436 574 ι
2495 521 2585 592 Τῷ
2646 520 2958 589 τιμιωτάτῳ
3005 514 3221 585 ἀδελφῷ
3271 515 3365 569 καὶ
3404 517 3533 583 ὁμου

1956 620 2115 688 ψύχῳ
2163 617 2498 687 Ἀλεξάνδρῳ
2551 614 2897 683 Ἀλέξανδρος
2947 613 3004 664 ὲν
3060 609 3250 679 Κυρίῳ
3297 607 3532 677 χαίρειν.

1968 710 2033 762 ’ίί
2069 712 2331 779 φίλαρχος
2376 710 2485 761 τῶν
2531 705 2823 777 μοχθηρῶν
2873 701 3176 771 ἀνθρώπων
3223 718 3283 753 τε
3313 703 3408 753 καὶ
3448 716 3534 765 φι-

1958 802 2231 870 λάργυρος
2305 800 2585 871 πρόθεσις,
2636 798 2755 860 ταῖς
2810 795 3099 858 δοκούσαις
3160 794 3250 847 ἀεὶ
3320 792 3534 861 μείζοσι

1964 895 2281 964 παροικίαις
2353 893 2598 960 πέφυκεν
2655 889 3052 955 ἐπιϐουλεύειν,
3119 885 3208 938 διὰ
3283 884 3537 953 ποικίλης

1963 986 2287 1056 προφάσεως
2332 984 2442 1036 τῶν
2483 981 2746 1035 τοιούτων
2777 977 3178 1047 ἐπιτιθεμένων
3225 978 3288 1046 τῇ
3334 974 3537 1042 ἐκκλη-

1966 1080 2219 1146 σιαστικῇ
2254 1075 2527 1146 εὐσεϐείᾳ.
2565 1070 3105 1143 Οίστρηλατούμενοι
3152 1068 3262 1137 γὰρ
3308 1066 3414 1121 ὑπὸ
3438 1064 3534 1119 τοῦ

1965 1173 2022 1223 ὲν
2059 1171 2244 1231 αὐτοῖς
2274 1167 2622 1235 ἐνεργοῦντος
2664 1165 2916 1219 διαϐόλου
2971 1164 3055 1223 είς
3100 1160 3201 1233 τὴν
3240 1159 3537 1228 προκειμέσ

1965 1277 2063 1323 νην
2115 1259 2300 1320 αὐτοῖς
2351 1255 2570 1325 ἡδονὴν,
2631 1255 2813 1322 πάσης
2865 1252 3153 1309 εὐλαϐείας
3199 1248 3538 1317 ἀποσκιρτή-

1969 1364 2181 1409 σαντες,
2209 1347 2442 1399 πατοῦσι
2493 1347 2584 1397 τὸν
2627 1346 2726 1416 τῆς
2765 1345 3001 1414 κρίσεως
3049 1340 3144 1394 τοῦ
3182 1338 3317 1393 Θεοῦ
3351 1339 3537 1408 φόϐον.

1969 1443 2102 1510 Περὶ
2141 1433 2215 1492 ὧν
2254 1441 2551 1506 ἀναγκαῖον
2605 1432 2674 1508 ἦν
2730 1453 2818 1506 μοι
2862 1436 2939 1506 τῷ
2986 1434 3255 1505 πάσχοντι
3301 1434 3541 1504 δηλῶσαι

1968 1536 2031 1600 τῇ
2070 1534 2309 1603 ὑμετέρᾳ
2356 1532 2632 1602 εὐλαϐείᾳ,
2667 1532 2753 1584 ἴνα
2790 1528 3135 1599 φυλάττησθε
3187 1528 3315 1590 τοὺς
3364 1525 3544 1579 τοιού-

1969 1643 2116 1693 τους,
2149 1629 2223 1696 μή
2283 1643 2365 1689 τις
2414 1624 2596 1677 αὐτῶν
2642 1623 2892 1694 τολμήσῃ
2933 1621 3029 1675 καὶ
3072 1624 3192 1684 ταῖς
3242 1620 3540 1688 ὑμετέραις

1971 1718 2284 1788 παροικίαις
2353 1717 2630 1787 ἐπιϐῆναι.
2699 1712 2898 1768 Ἰκανοι
2967 1712 3077 1781 γὰρ
3153 1708 3543 1779 ὑποκρίνεσθαι

1973 1813 2110 1881 πρὸς
2138 1811 2354 1878 ἀπάτην
2377 1812 2425 1863 οἱ
2453 1809 2649 1879 γόητες
2673 1807 2794 1879 ἦτοι
2823 1804 2891 1860 δι’
2919 1804 3157 1862 ἑαυτῶν,
3185 1801 3216 1871 ἦ
3247 1801 3335 1854 διὰ
3358 1818 3544 1871 ⁵γραμ-

1976 1904 2162 1976 μάτων
2202 1902 2414 1972 ψευδῶς
2468 1899 2958 1971 κεκομψευμένων,
2990 1895 3306 1956 δυναμένων
3365 1896 3544 1963 ἀφαρ-

1971 1997 2144 2050 πάσαι
2170 1995 2261 2049 τὸν
2291 1994 2435 2065 ἀτιλῇ
2462 1993 2643 2046 πίστει
2687 1992 2783 2044 καὶ
2833 1990 3068 2061 ἀκεραία
3099 1986 3541 2057 προσεσχηκότα.

1976 2089 2194 2159 ’Ἄρειος
2246 2081 2338 2140 οὖν
2404 2085 2499 2139 καὶ
2575 2083 2844 2154 ’Δχιλλᾶς,
2911 2081 3255 2152 συνωμοσίαν
3314 2080 3545 2149 ἐναγχον

1978 2181 2363 2249 ποιησάμενοι,
2412 2178 2509 2247 τὴν
2538 2176 2814 2230 Κολούθου
2857 2174 3149 2245 φιλαρχῖαν
3195 2174 3328 2229 πολύ
3360 2176 3543 2243 χεῖρον

1972 2271 2007 2342 ἢ
2053 2273 2257 2333 ἐκεῖνος
2315 2270 2615 2339 ἐζήλωσαν.
2661 2269 2719 2322 '0
2778 2269 2878 2339 μὲν
2938 2269 3048 2336 γὰρ
3097 2267 3280 2329 αὐτοῖς
3334 2267 3545 2329 τούτοις

1974 2364 2261 2433 ἐγκαλῶν,
2305 2363 2404 2430 τῆς
2455 2361 2651 2415 ἑαυτοῦ
2707 2360 2989 2430 μοχθηρᾶς
3048 2359 3360 2428 προθέσεως
3416 2350 3545 2428 εὗρε

1977 2459 2251 2528 πρόφασιν
2277 2474 2291 2489 ο
2320 2458 2371 2509 οἱ
2400 2456 2456 2509 δὲ
2476 2455 2573 2525 τὴν
2596 2455 2803 2508 ἐκείνου
2840 2452 3174 2523 θεωροῦντες
3200 2453 3551 2522 Χριστεμπο-

1981 2552 2138 2621 ρίαν,
2197 2550 2382 2603 οὐκέτι
2435 2549 2535 2618 τῆς
2595 2548 2923 2616 Ἑκκλησίας
2990 2545 3297 2615 ὑποχείριοι
3369 2545 3549 2613 μένειν

1978 2636 2395 2707 ἐκαρτέρησαν⁸
2430 2633 2545 2687 ἀλλ’
2589 2634 2803 2695 ἑαυτοῖς
2855 2632 3099 2701 σπήλαια
3151 2630 3362 2703 λῃστῶν
3408 2630 3552 2682 οἰκο-

1977 2731 2338 2799 δομήσαντες,
2364 2726 2747 2787 ἀδιαλείπτους
2780 2726 2839 2777 ἐν
2861 2725 3044 2786 αὐτοῖς
3071 2721 3356 2784 ποιοῦντες
3389 2719 3548 2774 συνό-

1978 2821 2124 2881 δους.
2152 2818 2367 2890 νύκτωρ
2399 2835 2459 2871 τε
2503 2817 2600 2871 xui.
2634 2815 2955 2885 μεθημέραν
2982 2816 3042 2887 Δἐν
3074 2815 3192 2875 ταῖς
3233 2813 3374 2865 κατά
3419 2812 3554 2881 Χρι-

1984 2911 2110 2965 στοῦ
2141 2911 2234 2964 καὶ
2264 2911 2419 2980 ήμῶν
2450 2908 2727 2970 διαϐολαῖς
2773 2907 3124 2973 ἀσκούμενοι,
3157 2905 3205 2958 oi
3244 2907 3423 2973 πάσης
3453 2905 3552 2973 τῆς

1982 3002 2241 3066 εὐσεϐοῦς
2284 3000 2651 3072 ἀποστολικῆς
2695 3000 2854 3070 δόξης
2911 2995 3366 3068 κατηγοροῦντες,
3420 2995 3553 3049 Ἰου-

1983 3096 2154 3166 δαῖκῷ
2187 3095 2538 3165 προσχήματι
2583 3092 2970 3163 Χριστομάχον
3018 3090 3424 3160 συνεκρότησαν
3463 3088 3556 3157 ιρ-

314 3192 637 3247 conventus,
666 3183 758 3236 diu
800 3191 1074 3252 noctuque
1099 3198 1156 3238 se
1191 3184 1245 3241 in
1275 3182 1567 3238 calumniis
1591 3184 1880 3239 adversum

1985 3188 2307 3258 γαστήριον,
2350 3185 2446 3256 τὴν
2476 3185 2707 3255 θεότητα
2746 3184 2841 3237 τοῦ
2886 3183 3139 3254 Σωτῆρος
3170 3182 3328 3252 ήμῶν
3358 3177 3555 3249 ἀρνού-

314 3272 593 3328 Christum
644 3282 699 3328 et
740 3289 839 3329 nos
887 3275 1229 3354 excogitatis.
1263 3275 1579 3329 meditando
1605 3285 1882 3339 exercent,

315 3372 482 3432 atque
521 3378 713 3417 omnes
753 3365 872 3433 pias
898 3375 955 3420 et
992 3366 1321 3433 apostolicae
1364 3367 1670 3421 sententias
1698 3383 1886 3436 repre-

320 3455 644 3518 hendentes,
696 3455 853 3527 543
896 3457 1125 3512 Judaico
1184 3474 1407 3527 prorsus
1461 3473 1636 3523 more,
1682 3457 1885 3513 Christi

321 3548 747 3615 persecutricem
823 3550 1115 3603 instituunt
1181 3549 1490 3616 ofﬁcinam,
1542 3550 1888 3606 divinitatem

324 3639 625 3694 Salvatoris
676 3641 847 3694 nostri
909 3652 1293 3712 pernegantes.
1342 3644 1712 3714 omnibusque
1761 3658 1887 3699 eum

321 3746 510 3800 parem
565 3746 686 3787 esse
744 3731 1025 3797 docentes,
1085 3743 1141 3788 et
1200 3749 1363 3789 voces
1417 3735 1713 3791 salutifera:
1766 3737 1891 3806 ejus

321 3823 646 3879 meonomiae
696 3832 752 3878 et
806 3823 1302 3881 administrationis
1362 3837 1659 3896 nostraque
1726 3843 1889 3884 causa

326 3915 651 3986 abjectionis
698 3916 1041 3986 colligentes.
1096 3933 1394 3987 congerere
1444 3936 1512 3975 ex
1544 3920 1652 3976 illis
1698 3923 1892 3992 impie-

328 4009 456 4062 tatis
490 4024 602 4063 su:e
630 4010 825 4079 dogma
859 4011 1225 4077 contendunt,
1260 4014 1539 4083 verbaque
1586 4014 1893 4072 divinitatis

328 4102 488 4155 initio
537 4103 775 4155 carentis
803 4110 858 4156 et
891 4101 1188 4159 inell‘abilis
1242 4104 1387 4174 apud
1442 4105 1659 4160 Patrem
1706 4106 1894 4176 gloria:

328 4195 448 4261 ejus
478 4203 820 4248 aversantur.
857 4194 1201 4265 Quapropter
1233 4197 1454 4266 impiam
1488 4196 1802 4253 Graecorum
1836 4210 1894 4254 et

325 4287 642 4342 ludat-orum
692 4288 759 4343 de
812 4287 1033 4358 Christo
1082 4289 1399 4358 Opinionem
1450 4292 1892 4357 corroborantes,

331 4380 546 4433 laudem
571 4380 638 4432 ab
668 4381 795 4443 illis,
832 4350 996 4450 qiiam
1043 4382 1277 4435 maxime
1308 4391 1555 4450 possunt,
1581 4392 1891 4436 venantur:

331 4473 514 4527 omnia
554 4488 615 4527 ea
649 4474 849 4542 quibus
876 4474 983 4527 illis
1009 4474 1250 4528 ludibrio
1282 4491 1489 4539 sumus,
1528 4476 1897 4531 subornantes

333 4576 498 4634 atque
542 4578 916 4634 procurantes,
947 4567 1354 4636 seditionesque
1399 4578 1454 4621 et
1482 4570 1897 4638 persecutiones

332 4658 579 4726 quotidie
641 4667 829 4713 contra
875 4676 974 4713 nos
1037 4661 1386 4716 excitantes:
1422 4673 1475 4716 et
1513 4678 1634 4716 cum
1688 4663 1897 4732 judicia

334 4764 597 4803 aversus
638 4765 772 4814 nos,
823 4751 1125 4820 impudicis
1180 4752 1553 4817 mulierculis,
1610 4771 1742 4823 quas
1794 4755 1896 4824 ipsi

337 4843 526 4895 dolose
568 4843 925 4905 seduxerunt,
972 4843 1468 4900 intervenientibus
1502 4847 1896 4913 instituentes,

336 4942 450 4985 tum
490 4931 966 4989 Christianismum
1013 4935 1077 4988 ad
1118 4936 1570 4991 obtrectationem
1604 4939 1897 4993 traducen-

338 5036 522 5092 tes,ex
556 5042 621 5081 eo
652 5026 797 5096 quod
831 5027 1061 5096 turpiter
1092 5043 1187 5098 per
1212 5029 1412 5099 plateas
1443 5040 1499 5084 et
1526 5031 1676 5086 vicos
1708 5046 1901 5086 omnes

332 5117 634 5187 juvene-uls:
680 5136 869 5174 eorum
927 5120 1256 5175 discurrant.
1315 5122 1454 5187 Quin
1507 5123 1670 5178 etiam
1732 5124 1902 5178 indis-

335 5212 625 5265 solnbilem
654 5213 856 5267 Christi
892 5213 1149 5279 tunicam,
1169 5232 1329 5284 quam
1360 5232 1425 5269 nc
1455 5218 1742 5273 carniﬁces
1779 5220 1904 5288 qni-

337 5306 464 5359 dem
515 5306 591 5360 illi
641 5306 888 5360 dividere
960 5307 1269 5371 voluerunt,
1319 5309 1569 5362 scindere
1630 5310 1731 5378 ipsi
1782 5314 1898 5365 ausi

338 5408 489 5453 sunt.
546 5398 729 5468 itaque
781 5416 883 5454 nos
929 5415 993 5454 ea
1039 5416 1156 5470 quae
1219 5403 1464 5457 moribus
1526 5404 1902 5473 improbisque

334 5492 624 5546 conatibus
670 5493 885 5545 illorum
935 5502 1277 5562 congruunt,
1328 5495 1454 5549 licet
1500 5510 1624 5549 sero
1680 5505 1903 5565 propter

337 5586 421 5640 rel
455 5585 870 5655 ignorationem,
920 5587 1244 5641 adhibentes
1302 5587 1562 5654 remedia,
1590 5589 1902 5643 communi-

1993 3297 2166 3350 μενοι,
2194 3280 2291 3333 καὶ
2318 3283 2431 3345 τοῖς
2464 3280 2630 3332 πᾶσιν
2677 3278 2792 3330 ἴσον
2820 3272 2960 3330 είναι
3000 3275 3405 3345 κηρύσσοντες·
3449 3273 3558 3326 πᾶ-

1992 3375 2092 3430 σάν
2115 3390 2174 3428 τε
2207 3372 2373 3427 αὐτοῦ
2408 3373 2505 3441 τῆς
2537 3371 2804 3440 σωτηρίου
2839 3368 3155 3438 οἰκονομίας
3186 3366 3277 3420 καὶ
3311 3364 3379 3420 δι’
3405 3365 3555 3433 ἡμᾶς

1988 3464 2373 3527 ταπεινώσεως
2426 3464 2608 3534 φωνὴν
2655 3463 3026 3533 ἐκλεξάμενοι,
3061 3462 3121 3526 ὲξ
3166 3461 3346 3515 αὐτῶν
3397 3478 3558 3515 συνα-

1990 3557 2200 3625 γείρειν
2228 3557 2525 3627 πειρῶνται
2550 3554 2649 3625 τῆς
2669 3555 2924 3616 ἀσεϐείας
2952 3556 3131 3609 αὐτῶν
3175 3557 3236 3608 τὸ
3271 3557 3554 3625 κήρυγμα,

1992 3650 2089 3718 τῆς
2137 3647 2377 3719 ἀρχῆθεν
2428 3647 2680 3717 θεότητος
2732 3645 2899 3700 αὐτοῦ
2947 3647 3042 3701 καὶ
3090 3647 3237 3715 παρά
3266 3645 3341 3715 τῷ
3381 3646 3560 3716 Πατρὶ

1992 3742 2151 3813 δόξης
2198 3742 2428 3797 ἀλέκτου
2476 3744 2601 3806 τοὺς
2642 3742 2838 3811 λόγους
2892 3740 3386 3811 ἀποστρεφόμενοι.
3444 3740 3559 3811 Τὴν

1994 3833 2127 3904 γοῦν
2183 3836 2450 3906 Ἐλλήνων
2503 3837 2597 3890 καὶ
2657 3835 2927 3888 Ἰουδαίων
2982 3835 3151 3901 ἀσεϐῆ
3207 3832 3366 3898 δόξαν
3424 3832 3554 3901 περὶ

1993 3931 2233 4002 Χριστοῦ
2281 3930 2660 4001 κρατύνοντες,
2688 3929 2779 3982 τὸν
2819 3928 2956 3998 παρ’
2996 3929 3184 3990 αὐτοῖς
3219 3926 3441 3979 ἔπαινον
3484 3925 3567 3986 ὡς

1997 4024 2074 4077 ἔνι
2106 4024 2341 4093 μάλιστα
2371 4022 2664 4091 θηρῶνται,
2708 4020 2889 4075 πάντα
2943 4018 3043 4088 μὲν
3079 4018 3183 4071 ὅσα
3231 4015 3351 4071 καθ’
3400 4015 3559 4085 ήμῶν

1997 4114 2127 4182 παρ’
2169 4114 2354 4175 αὐτοῖς
2385 4112 2613 4179 γελᾶται
2647 4111 3189 4182 πραγματευόμενοι,
3239 4108 3460 4169 στάσεις
3502 4105 3560 4159 δὲ

1996 4208 2126 4276 ἡμῖν
2169 4204 2292 4258 καθ’
2340 4206 2552 4276 ἡμέραν
2590 4204 2685 4258 καὶ
2716 4203 2987 4273 διωγμοὺς
3034 4202 3436 4271 ἐπεγείροντες·
3465 4201 3562 4251 καὶ

1995 4300 2154 4351 τοῦτο
2205 4299 2325 4367 μὲν,
2358 4296 2683 4367 δικαστήρια
2714 4294 3163 4364 συγκροτοῦντεςι
3198 4291 3267 4347 δι’
3306 4290 3562 4361 ἐντυχίας

1997 4389 2367 4460 γυναικαρίων
2416 4389 2668 4442 ἀτάκτων
2711 4388 2747 4441 ἃ
2799 4387 3110 4458 ἠπάτησαν,
3158 4383 3315 4438 τοῦτο
3355 4383 3434 4447 δὲ,
3473 4382 3563 4435 τὸν

1998 4480 2422 4550 Χριστιανισμὸν
2471 4479 2838 4551 διασύροντες,
2888 4480 2954 4532 ὲκ
2995 4477 3091 4532 τοῦ
3146 4473 3563 4545 περιτροχάξειν

1933 4552 1973 4606 D
2000 4576 2179 4628 πᾶσαν
2215 4573 2413 4642 ἀγυιὰν
2451 4572 2704 4642 ἀσέμνως
2749 4570 2849 4634 τὰς
2895 4570 3027 4639 παρ’
3077 4568 3260 4631 αὐτοῖς
3304 4582 3567 4636 νεωτερο-

2000 4668 2202 4731 ποιίας.
2251 4665 2413 4720 Ἀλλά
2461 4665 2555 4719 κα1¹
2613 4665 2703 4718 τὸν
2739 4664 3015 4735 ἀῤῥηκτον
3051 4662 3144 4715 τοῦ
3189 4661 3427 4732 Χριστοῦ
3475 4677 3565 4731 χι-

1999 4760 2166 4826 τῶνα,
2199 4760 2257 4813 ὃν
2286 4760 2334 4813 oi
2361 4760 2544 4830 δήμιοι
2593 4757 2790 4811 διελεῖν
2819 4758 2921 4809 οὐκ
2956 4755 3373 4818 ἐϐουλεύσαντο,
3409 4752 3567 4808 αὐτοὶ

2003 4852 2182 4921 σχίσαι
2213 4851 2542 4919 ἐτόλμησαν.
2580 4848 2773 4917 Ἡμεῖς
2824 4846 2925 4917 μὲν
2975 4845 3068 4901 οῦν
3116 4846 3151 4900 ἃ
3201 4845 3294 4899 καὶ
3348 4843 3426 4914 τῷ
3467 4843 3568 4913 βίῳ

2005 4944 2184 4997 αὐτῶν
2212 4945 2303 4996 καὶ
2331 4944 2397 5011 τῇ
2432 4939 2632 5009 ἀνοσίῳ
2658 4939 3029 5010 ἀπιχειρήσει,
3050 4939 3139 4993 διὰ
3166 4938 3228 4992 τὸ
3252 4937 3560 4998 λανθάνειν,

2008 5036 2254 5107 βραχέως
2285 5033 2700 5104 ἐπιστήσαντες,
2738 5032 3032 5103 παμψηφει
3076 5034 3175 5102 τῆς
3226 5027 3567 5100 προσκυνού-

2008 5144 2107 5196 σης
2138 5126 2375 5197 Χριστοῦ
2408 5126 2506 5196 τήν
2552 5125 2783 5195 θεότητα
2830 5124 3151 5194 Ἐκκλησίας
3181 5124 3526 5194 ἐξηλάσαμεν
3546 5135 3564 5153 ⁹

2008 5217 2376 5290 ἐπεχείρησαν
2405 5218 2461 5272 δὲ
2498 5219 2857 5289 περιδρομαῖς
2890 5221 3162 5288 χρώμενοι
3214 5216 3340 5271 καθ’
3384 5214 3565 5284 ἡμῶν,

2008 5311 2398 5382 παρεκϐαίνειν
2448 5311 2582 5381 πρὸς
2633 5312 2759 5372 τοὺς
2803 5313 3109 5379 ὁμόφρονας
3156 5309 3313 5380 ήμῶν
3359 5308 3569 5361 συλλει-

2007 5402 2290 5473 τουργοὺς,
2317 5403 2558 5473 σχήματι
2592 5401 2691 5471 μὲν
2720 5403 2944 5474 εἰρήνης
2974 5403 3069 5455 καὶ
3096 5401 3378 5467 ἀξιώσεως
3402 5401 3571 5466 ἀξίωη

2010 5513 2093 5548 σιν
2128 5494 2569 5564 ὑποκρινόμενοι,
2597 5495 2657 5548 τὸ
2682 5495 2726 5549 δ’
2757 5495 2974 5566 ἀληθὲς,
3008 5495 3376 5567 συναρπάσαι.
3402 5495 3570 5557 Τινάς

2009 5587 2187 5641 αὐτῶν
2224 5590 2304 5649 είς
2349 5588 2448 5656 τὴν
2497 5587 2634 5641 ἰδίαν
2685 5588 2836 5642 νόσον
2877 5588 2966 5642 διὰ
3025 5590 3126 5658 τὴν
3175 5588 3570 5660 χρηστολογίαν

406 5771 486 5845 (ll
516 5789 534 5821 ι
562 5773 626 5827 Et
655 5771 920 5845 Coluthus
943 5773 1186 5841 quaedam
1218 5789 1471 5842 perversa
1500 5775 1746 5837 docebat,
1789 5775 1881 5832 sed
1926 5789 2030 5829 non
2064 5774 2279 5831 duravit
2343 5773 2466 5843 cjus
2537 5773 2799 5832 haeresis:
2833 5788 2954 5829 nam
2995 5773 3178 5831 statim
3215 5772 3508 5843 disparuit.
3539 5788 3563 5831 ε

333 5842 600 5914 Ειιίρίιιιη.
634 5854 814 5897 contra
856 5843 1229 5900 Ariomunims.
