4062 6544
441 387 512 450 33
1324 395 1936 458 ECCl.ESlASTfC;E
1978 399 2364 460 HISTOBME
2408 402 2552 462 LIB.
2597 406 2760 466 VIII.
3610 411 3683 476 34

440 502 860 573 σπουδάζοντες,
918 507 1011 562 καὶ
1065 508 1468 580 στωμυλώτερα
1523 513 1828 583 γράμματα
1876 531 1986 584 παρ

2111 516 2212 570 bus
2242 517 2519 587 suffragiis
2552 523 2777 583 nostris,
2813 522 2934 575 illos
2975 522 3041 578 ab
3086 540 3148 578 ca
3184 541 3302 594 qua:
3334 524 3677 583 divinitatem

438 594 622 648 αὐτῶν
651 598 949 663 αἰτοῦντες,
983 601 1070 655 ἵνα
1093 603 1685 672 παραναγινώσκοντες
1718 607 1858 662 αὐτὰ
1888 610 1997 671 τοῖς

435 686 531 738 ὐπ’
591 687 770 742 αὐτῶν
832 694 982 746 fita:
1075 695 1092 722 ‘
1188 711 1209 723 ι
1315 698 1353 729 ἰ
1484 717 1495 733 ε
1649 718 1710 734 ..
1834 699 1849 721 ν
1947 695 1998 738 τ.

855 728 866 763 ι
987 710 1241 763 ιιιμινοιΗ
1302 699 1706 769 αμεταιοήτοδ,
1761 702 1829 769 ἐφ
1915 718 1995 763 0.,

433 777 752 847 ἐσφάλησαν
818 785 1337 853 κατασκιυάζωσιν,
1405 790 1856 861 ὲπιτριϐομένους
1917 794 1999 855 είς

435 861 723 936 ἀσέϐειαν,
774 873 850 936 ὡς
899 876 1226 948 συμψήφους
1279 882 1465 944 αὐτοῖς
1534 884 1629 934 καὶ
1687 884 1997 954 ὁμόφρονας

430 959 646 1027 ἱχοντες
670 964 1031 1025 ἐπισκόπους.
1064 971 1176 1039 Οὐχ
1220 970 1362 1041 ἅπερ
1397 974 1530 1040 γοῦν
1578 977 1830 1044 πονηρῶς
1865 977 1998 1046 παρ’

432 1051 562 1116 ἡμῖν
591 1051 841 1118 ἐδίδαξαν
872 1059 967 1110 καὶ
1012 1059 1402 1130 διεπράξαντο,
1432 1064 1789 1133 ὁμολογοῦσιν
1819 1068 1994 1131 αὐτοὶ,

429 1139 498 1192 δι’
522 1140 559 1194 ἃ.
594 1144 686 1195 καὶ
739 1147 1053 1219 ἐξώσθησαν
1076 1167 1091 1183 ⁶
1133 1153 1248 1206 ἀλλ’
1279 1154 1310 1223 ἦ
1348 1159 1526 1227 σιωπῇ
1559 1158 1729 1209 ταῦτα
1766 1159 1997 1228 παραδιο

432 1232 636 1300 δόασιν,
669 1238 702 1309 ἦ
735 1241 1140 1312 πεπλασμένοις
1179 1246 1356 1313 λόγοις
1405 1248 1497 1301 καὶ
1541 1251 1840 1319 ἐγγράφοις
1874 1254 1999 1305 ἐπι·-

434 1327 774 1393 σκιάζοντες,
817 1333 1090 1389 ἀπατῶσι.
1129 1338 1539 1409 Πιθανωτέραις
1572 1341 1701 1408 γοῦν
1753 1344 1847 1396 καὶ
1894 1344 1998 1413 βω-

433 1417 745 1489 μολοχικαῖς
769 1425 1009 1491 ὁμιλίαις
1036 1429 1133 1498 τὴν
1162 1431 1490 1502 φθοροποιὸν
1528 1435 1710 1487 αὐτῶν
1742 1435 1998 1489 διδασκα-

431 1513 552 1566 λίαν
584 1518 1042 1588 ἐπικρύπτοντες,
1087 1528 1495 1595 συναρπάζουσι
1531 1527 1624 1580 τὸν
1661 1529 1737 1591 εἰς
1775 1529 1997 1598 ἀπάτην

430 1607 778 1678 ἐκκείμενον,
826 1615 925 1666 οὐκ
977 1617 1308 1686 ἀπεχόμενοι
1361 1620 1453 1672 καὶ
1504 1618 1597 1671 τοῦ
1655 1620 1808 1690 παρὰ
1862 1621 1996 1674 πᾶσι

433 1707 792 1769 συκοφαντεῖν
839 1706 935 1778 τὴν
985 1710 1261 1780 ἡμετέραν
1322 1713 1624 1766 εὐσέϐειαν.
1680 1713 1844 1767 Ὅθεν
1901 1714 1997 1767 καὶ

434 1791 724 1860 συμὸαἱνει
771 1796 885 1856 τοῖς
931 1798 1257 1869 γράμμασιν
1314 1800 1496 1853 αὐτῶν
1542 1818 1695 1863 τινας
1754 1800 1998 1871 ὑπογρά-

2105 608 2305 663 Christi
2344 610 2537 665 adorat
2585 613 2826 668 Ecclesia
2879 616 3322 686 proscripsimus,
3369 617 3679 674 Consilium

2106 713 2327 767 quoque
2366 712 2667 792 ceperunt"
2700 714 2756 758 ut
2800 720 2899 759 nos
2946 708 3323 762 fraudulenter
3368 712 3679 765 circumve—

2106 789 2282 853 niant,
2340 790 2407 843 ad
2476 789 2885 849 consentientes
2950 795 3107 849 nobis
3184 800 3420 868 collegas
3486 801 3676 855 furtim

2105 885 2362 945 transire,
2393 882 2496 937 sub
2529 887 2754 938 obtentu
2806 887 2957 954 pacis
3008 900 3169 958 atque
3206 892 3447 956 uniunis,
3484 894 3679 963 deprc-

2106 974 2376 1028 cationetn
2428 975 2651 1044 quidem
2699 993 2809 1046 pra:
2854 995 2922 1033 se
2972 980 3231 1043 ferentes.
3269 999 3326 1038 re
3374 986 3488 1055 ipsa
3547 1003 3678 1040 vero

2104 1065 2319 1134 aliquos
2362 1083 2427 1120 ex
2463 1068 2573 1123 illis
2616 1070 2670 1122 in
2717 1074 3098 1143 contagionetn
3137 1076 3312 1129 morbi
3345 1078 3427 1130 sui
3462 1090 3678 1147 pertra-

2106 1156 2235 1210 here
2278 1173 2377 1225 per
2417 1159 2938 1229 blandiloquentiatn
2994 1175 3327 1233 sataguntcs,
3371 1177 3425 1221 et
3477 1181 3534 1221 ut
3579 1184 3675 1224 ca-

2105 1251 2300 1317 ptiosis
2329 1253 2643 1320 argutisque
2674 1253 2743 1306 ab
2771 1254 2850 1307 eis
2885 1255 3125 1322 acceptis
3160 1256 3377 1321 litteris,
3407 1257 3673 1325 habeant,

2104 1355 2240 1408 quas
2268 1356 2298 1394 a
2336 1356 2393 1394 se
2438 1341 2491 1395 in
2539 1344 2783 1397 fraudem
2816 1347 3067 1401 abductis
3123 1365 3409 1417 perperam
3443 1352 3624 1418 legant
3657 1369 3673 1406 :

2103 1447 2308 1501 eosque
2346 1432 2613 1502 impietati
2639 1435 2750 1505 jam
2791 1439 3149 1505 assttefactos,
3188 1456 3414 1507 prorsus
3440 1458 3467 1495 a
3495 1443 3674 1510 patui-

2107 1525 2272 1578 teutia
2309 1531 2367 1579 et
2408 1524 2532 1594 fuga
2581 1542 2853 1597 errorum,
2881 1532 3082 1601 quibus
3128 1541 3257 1586 sunt
3307 1535 3545 1597 sedurli,
3578 1535 3675 1587 ab-

2103 1616 2373 1679 strabant,
2411 1618 2636 1684 perinde
2685 1631 2850 1684 atque
2897 1624 3259 1693 suffragantes
3289 1624 3393 1680 sibi
3435 1636 3490 1681 et
3540 1642 3674 1681 con-

2104 1708 2409 1765 sentientes
2440 1713 2707 1766 haberent
2742 1714 3051 1784 episcopos.
3082 1716 3200 1770 Non
3246 1716 3319 1771 illi
3359 1734 3513 1783 sane,
3549 1733 3670 1788 quae

2105 1803 2247 1871 apud
2274 1819 2373 1858 nos
2407 1805 2547 1859 male
2573 1815 2629 1859 et
2664 1806 2970 1860 docuerunt
3011 1818 3064 1860 (ι
3095 1816 3327 1877 egerunt
3377 1810 3559 1878 (quam
3597 1810 3668 1864 ob

432 1897 654 1948 φοντας,
680 1885 760 1945 εἰς
795 1883 1089 1953 ἐκκλησίαν
1120 1886 1478 1956 εἰσδέχεσθαι,
1516 1889 1781 1961 μεγίστης
1824 1890 1992 1944 διαδο-

2104 1908 2215 1947 rem
2263 1896 2426 1949 etiam
2476 1898 2928 1952 excommunicati
2978 1902 3147 1970 sunt),
3184 1900 3536 1963 confitentur,
3569 1900 3666 1955 sed

429 1970 530 2036 λῆς
587 1974 976 2049 ὑποκειμένης,
1020 1980 1094 2042 ὡς
1147 1977 1323 2049 οίμαι,
1364 1983 1478 2045 τοῖς
1536 1983 1696 2036 τοῦτο
1751 1983 1996 2051 τολμῶσι

431 2063 889 2136 συλλειτουργοῖς,
918 2069 996 2140 τῷ
1048 2072 1188 2143 μήτε
1234 2072 1327 2124 τὸν
1377 2074 1735 2128 ἀποστολικδν
1789 2078 1995 2129 κανόνα

429 2158 587 2212 τοῦτο
612 2164 934 2233 συγχωρεῖν,
969 2163 1103 2217 ἀλλὰ
1135 2166 1227 2218 καὶ
1257 2165 1581 2220 ὑπεκκαίειν
1624 2166 1722 2238 τὴν
1768 2168 1855 2221 ἐπ’
1899 2171 1997 2222 αύ-

430 2251 541 2312 τοῖς
593 2251 909 2324 διαϐολικὴν
956 2257 1097 2309 κατᾶ
1143 2257 1381 2325 Χριστοῦ
1422 2258 1722 2328 ἐνέργειαν.
1761 2261 1839 2312 Δι’
1865 2260 1899 2311 a
1931 2259 1995 2331 δὴ

429 2341 526 2395 καὶ
572 2342 724 2395 οὐδὲν
762 2345 1059 2415 μελλήσας,
1091 2348 1388 2417 ἀγαπητοὶ,
1439 2350 1679 2417 δηλῶσαι
1732 2352 1860 2419 ὑμῖν
1898 2350 1995 2420 τὴν

428 2434 537 2487 τῶν
563 2436 821 2491 τοιούτων
848 2439 1106 2495 ἀπιστίαν
1145 2442 1381 2511 ἐμαυτὸν
1419 2443 1768 2511 διανέστησα.
1805 2465 1825 2495 ο

2101 2002 2195 2041 aut
2243 1987 2462 2042 silentio
2500 2005 2563 2044 ea
2616 1991 2990 2055 committunt,
3034 2004 3128 2045 aut
3187 1994 3438 2047 confictis
3500 2002 3668 2062 atque

2100 2082 2419 2148 compositis
2452 2082 2634 2136 verbis
2677 2092 2731 2138 et
2764 2085 2984 2153 scriptis
3024 2085 3423 2141 adumbrantes
3451 2096 3666 2157 tegunt,

2095 2170 2459 2242 hominesque
2515 2174 2823 2244 decipiunt,
2874 2190 3040 2247 atque
3093 2179 3160 2234 ad
3218 2181 3667 2248 persuadendum

2093 2264 2426 2331 comparatis
2487 2265 2873 2338 insidiosisque
2925 2274 3274 2329 sermonibus
3344 2274 3665 2343 pestiferam

2092 2368 2246 2407 suam
2285 2356 2626 2411 occultantes
2674 2358 3008 2428 doctrinam,
3040 2364 3353 2419 seductioni
3388 2375 3443 2420 et
3489 2366 3669 2422 fraudi

2092 2446 2372 2515 expositos
2401 2447 2704 2518 abripiunt.
2738 2450 2900 2523 544.
2941 2454 3047 2509 Sed
3083 2464 3134 2508 et
3161 2458 3420 2525 pietatem
3452 2474 3672 2530 quoque

429 2543 695 2595 nostram,
721 2537 923 2605 passim
955 2539 1100 2609 apud
1125 2556 1319 2595 omnes
1358 2540 1741 2613 sycophantice
1765 2556 1991 2611 carpere
2030 2556 2143 2597 non
2208 2545 2493 2600 omittunt.
2523 2546 2869 2618 Quapropter
2912 2551 3047 2605 illud
3094 2555 3299 2619 evenit,
3333 2570 3457 2609 cum
3526 2573 3671 2611 non-

429 2629 567 2684 nulli
594 2630 796 2687 litteris
845 2649 1036 2691 eorum
1081 2637 1458 2704 subscribam,
1493 2646 1553 2691 ut
1602 2639 1658 2692 in
1692 2637 1987 2692 Ecclesiam
2026 2638 2106 2692 illi
2176 2640 2558 2709 recipiantur:
2586 2653 2642 2698 et
2681 2646 2922 2717 collegie.
2956 2647 3050 2717 qui
3100 2649 3153 2704 id
3218 2652 3541 2719 permittere
3573 2671 3674 2708 au-

429 2722 581 2790 dent,
626 2735 688 2782 ut
721 2729 975 2798 equidem
1023 2738 1176 2799 puto,
1222 2732 1375 2802 gravi
1428 2731 1715 2787 calumniae
1760 2731 1991 2786 crimine
2032 2746 2142 2786 non
2196 2744 2468 2788 careant:
2533 2737 2627 2806 qui
2673 2739 2886 2795 scilicet
2931 2756 3043 2796 non
3096 2742 3275 2797 solum
3361 2745 3412 2798 id
3438 2744 3670 2809 faciunt,

429 2819 577 2888 quod
608 2822 946 2889 apostolicus
978 2838 1153 2879 canon
1223 2824 1304 2879 eis
1348 2840 1458 2880 non
1511 2824 1807 2894 permittit.
1869 2839 2062 2878 verum
2101 2826 2267 2880 etiam
2317 2827 2673 2894 diabolicam,
2707 2847 2826 2902 qua:
2875 2834 2930 2887 in
2977 2835 3083 2890 illis
3134 2846 3239 2902 est,
3273 2847 3466 2893 contra
3513 2840 3672 2895 (ibri-

428 2923 571 2971 stum
625 2918 921 2975 efﬁcaciam
962 2920 1310 2975 succendunt
1359 2929 1416 2976 et
1467 2932 1687 2990 augent.
1737 2920 1870 2973 Eam
1918 2919 1989 2974 ob
2020 2936 2245 2975 causam
2310 2923 2448 2977 nihil
2483 2935 2798 2994 cunctatus,
2868 2930 3074 2994 dilecti,
3110 2933 3381 3001 tneipsum
3411 2935 3670 3003 excitavi,

429 3023 490 3068 ut
529 3014 717 3069 talium
765 3016 1051 3071 hominum
1088 3016 1251 3071 vobis
1297 3015 1645 3072 ostenderem
1703 3014 2116 3068 infidelitatem.
2159 3034 2179 3066 ι
3600 3096 3607 3102 .

500 3109 732 3162 Ἔπειτα
772 3110 914 3162 κατὰ
945 3110 1109 3179 μέρος
1140 3110 1237 3173 τὰς
1265 3108 1490 3162 ἐκείνων
1520 3108 1866 3178 βλασφημίας
1903 3110 1988 3158 ἑκ-

2172 3109 2379 3165 Deinde
2412 3111 2781 3182 blasphemias
2813 3116 3030 3171 illorum
3073 3119 3389 3190 singillatim
3417 3126 3666 3194 exponit,

428 3201 636 3272 τίθησι,
674 3204 767 3255 καὶ
822 3202 1145 3257 ἀνθίσταται
1180 3203 1407 3266 ταύταις
1460 3203 1531 3257 τὰ
1581 3205 1645 3257 ἐκ
1688 3203 1797 3257 τῶν
1830 3201 1989 3254 θείων

428 3297 509 3357 εἰς
542 3296 742 3358 πλάτος
764 3297 1030 3364 παράγων
1058 3295 1312 3365 Γραφῶν,
1343 3294 1662 3364 ἁπελὲγχων
1686 3296 1864 3347 αύ;ῶν
1890 3295 1989 3362 τὴν

427 3386 747 3439 δυσσέϐειαν
772 3402 786 3417 ·
825 3385 1042 3440 καὶτοῦ
1072 3386 1261 3456 πρόσω
1317 3387 1453 3440 πολὺ
1491 3387 1714 3455 προῖὼν,
1758 3387 1987 3451 ἐπάγει⁹

434 3496 453 3529 ι
500 3478 677 3532 Πολλὰ
712 3478 891 3545 λέγειν
916 3478 1078 3549 ἔχων,
1109 3478 1405 3547 ἀγαπητοὶ,
1438 3479 1816 3549 παρέρχομαι,
1857 3494 1990 3547 φορ-

423 3569 576 3621 τικὸν
608 3565 746 3622 εἶναι
774 3569 1003 3638 νομίσας
1034 3571 1123 3624 διὰ
1159 3571 1422 3625 πλειόνων
1450 3570 1806 3631 διδασκάλους
1859 3568 1991 3638 ὁμόο

428 3680 632 3733 φρονας
660 3664 1130 3733 ὑπομιμνήσκειν.
1165 3663 1332 3716 Αὐτοὶ
1369 3662 1479 3731 γάρ
1512 3662 1670 3730 ὑμεῖς
1699 3661 1992 3714 θεοδίδακ-

425 3753 508 3806 τοί
564 3755 711 3818 sese,
776 3755 877 3806 οὐκ
912 3753 1254 3822 ἀγνοοῦντες,
1290 3754 1366 3818 ὡς
1397 3756 1428 3824 ἠ
1474 3753 1794 3807 διδασκαλία
1825 3752 1990 3820 αὕτη,

436 3846 696 3911 Ἐδίωνός
723 3848 840 3900 ἐστι
868 3849 967 3900 καὶ
1032 3847 1281 3917 Ἀρτεμᾶ
1319 3848 1415 3900 καὶ
1473 3844 1568 3898 τοῦ
1629 3844 1989 3914 Σαμοσατέως,

426 3937 678 3992 Παύλουο
714 3933 789 3991 ὧν
808 3941 908 4009 τῆς
945 3938 1206 4001 ἀσεϐείας
1234 3938 1336 4010 τὴν
1377 3937 1557 4008 τρύγα
1595 3938 1991 4008 ὲρροφηκότες,

426 4030 521 4083 νῦν
552 4032 685 4100 ἡμῖν
716 4028 778 4094 ἐξ
803 4030 904 4083 ούκ
931 4030 1102 4084 ὄντων
1131 4032 1454 4100 ὲπιφύησαν
1503 4030 1572 4083 τὰ
1625 4031 1851 4083 ἐκείνων
1903 4046 1992 4081 κε-

428 4122 760 4190 κρυμμένως
807 4123 1185 4193 μοσχεύματα,
1222 4123 1439 4194 Ἀρειός
1477 4138 1537 4175 τε
1571 4122 1667 4175 καὶ
1710 4121 1989 4191 Ἀχιλλᾶς,

426 4214 519 4267 καὶ
553 4214 584 4284 η
618 4214 728 4268 τῶν
758 4217 857 4269 σὺν
883 4217 1065 4278 αὐτοῖς
1121 4217 1580 4288 πονηρευομὲνων
1619 4216 1860 4280 σύνοδος,
1896 4214 1990 4269 καὶ

424 4311 523 4360 οὐκ
558 4306 657 4362 οἷδ’
685 4309 832 4371 ὅπως
872 4310 930 4362 ὲν
979 4308 1147 4379 Συρία
1187 4308 1662 4380 χειροτονηθέντες
1699 4307 1991 4363 ἐπίσκοποι

423 4409 611 4474 τρεῖς·
659 4407 786 4477 περὶ
836 4401 913 4461 ὧν
953 4409 986 4475 ἡ
1054 4410 1234 4475 κρίσις
1263 4410 1329 4477 τῇ
1386 4406 1629 4477 ὑμετέρᾳ
1678 4404 1992 4459 ἀνακείσθω

423 4496 733 4570 δοκιμασίᾳ.
782 4516 802 4550 ι

499 4588 735 4642 Ἔπειτα
762 4588 1107 4659 διασαφήσας
1137 4586 1268 4658 περί
1325 4586 1436 4638 τῶν
1468 4584 1873 4654 ταπεινοτέρων
1903 4582 1985 4635 λέ-

425 4682 563 4747 ξεων
592 4686 688 4749 τῆς
713 4682 960 4752 Γραφῆς,
991 4681 1055 4743 ἂς
1095 4682 1425 4750 ἐπικτήτους
1452 4681 1480 4731 ὁ
1512 4678 1702 4746 Σωτὴρ
1730 4676 1797 4730 δι’
1841 4678 1988 4746 ἡμᾶς

423 4775 707 4839 ἀνεδέξατο
741 4775 828 4827 διὰ
874 4775 973 4845 τὴν
1007 4775 1238 4827 κένωσιν
1266 4774 1359 4826 καὶ
1394 4773 1453 4826 τὸ
1475 4773 1745 4841 σωτήριον
1771 4771 1943 4831 πάθος
1969 4785 1984 4799 ·

422 4866 681 4929 ὡσαύτως
709 4867 765 4917 δὲ
790 4868 883 4918 καί
910 4867 1031 4918 ὅσαι
1087 4867 1186 4933 τὴν
1215 4865 1478 4917 ἀνωτάτω
1528 4862 1701 4931 ἀρχὴν
1730 4859 1822 4913 καὶ
1872 4860 1986 4912 (λεόο

423 4976 580 5028 τητα,
611 4959 714 5028 τήν
747 4975 808 5011 τε
839 4957 1074 5028 φυσικὴν
1110 4956 1276 5011 αὑτοῦ
1307 4956 1465 5021 δόξαν
1518 4972 1576 5007 τε
1609 4956 1703 5008 καὶ
1758 4953 1987 5022 θεότητα

423 5048 650 5103 διελθὼν
699 5051 794 5102 καὶ
827 5049 1226 5118 φιλοσοφήσας,
1270 5047 1526 5116 ἐπιφέρει
1561 5046 1773 5114 λέγων·
1806 5063 1823 5095 ι
1878 5043 1988 5097 Καὶ

422 5144 476 5195 τί
500 5143 689 5194 λοιπὸν
728 5143 808 5193 ἔτι
840 5142 1154 5209 θαυμαστὸν
1179 5139 1207 5192 ὁ
1246 5138 1425 5209 μέλλω
1464 5139 1719 5206 γράφειν,
1762 5140 1988 5207 ἀγαπη-

424 5235 527 5298 τοὶ,
580 5236 628 5286 el
666 5234 765 5297 τὰς
824 5234 944 5285 κατ’
990 5230 1126 5302 ἐμοῦ
1180 5231 1398 5300 ψευδεῖς
1453 5230 1731 5295 διαϐολὰς,
1766 5232 1862 5281 καὶ
1892 5230 1986 5281 τοῦ

425 5325 817 5378 εὐσεϐεστάτου
852 5324 983 5377 λαοῦ
1029 5324 1186 5393 ἡμῶν
1215 5323 1554 5392 ἐκθήσομαι;
1601 5324 1662 5375 Οἱ
1704 5322 1810 5392 γὰρ
1844 5325 1987 5373 κατὰ

423 5419 520 5483 τῆς
580 5417 834 5485 θεότητος
875 5417 970 5468 τοῦ
1023 5417 1154 5468 Υἱοῦ
1210 5414 1305 5469 τοῦ
1351 5416 1488 5467 Θεοῦ
1536 5415 1984 5483 παραταξάμενοι

424 5509 543 5561 οὐδὲ
578 5508 674 5570 τὰς
704 5508 827 5559 καθ’
863 5507 1017 5577 ἡμῶν
1068 5507 1398 5575 ἀχαρίστους
1454 5508 1741 5574 παροινίας
1789 5522 1988 5573 rapa;-

425 5599 643 5652 τοῦνται
671 5601 852 5666 λέγειν
876 5617 887 5630 ι
919 5599 973 5650 οἵ
996 5615 1058 5666 γε
1081 5599 1203 5650 οὐδὲ
1232 5598 1338 5649 τῶν
1380 5599 1625 5667 ἀρχαίων
1666 5604 1815 5662 τινας
1854 5618 1987 5667 συγ-

1885 5695 1903 5705 κ

1885 5695 1903 5705 .

1776 5693 1983 5747 παίσων

427 5695 635 5763 κρίνειν
683 5694 896 5754 ἑαυτοῖς
927 5694 1172 5757 αξιοῦσιν
1226 5693 1344 5744 οὐδὲ
1378 5689 1456 5756 οἷς
1498 5694 1657 5763 ἡμεῖς
1686 5696 1747 5747 ὲκ

498 5825 574 5899 (1)
604 5824 706 5883 Hic
732 5826 893 5882 etiam
924 5825 1183 5880 Artemon
1216 5842 1380 5897 supra
1409 5825 1607 5882 dictus.

2031 3276 2038 3284 .
2093 3202 2284 3272 eisque
2323 3205 2544 3272 copiose
2595 3224 2659 3261 ex
2709 3209 2910 3265 divinis
2957 3210 3260 3281 Scriptor-is
3308 3218 3670 3277 refutationes

2095 3292 2318 3362 objicit,
2358 3296 2696 3363 impietatem
2742 3300 2986 3367 ipsorum
3034 3304 3374 3373 redarguens
3405 3326 3418 3361 :
3448 3321 3502 3363 et
3549 3312 3671 3367 lon—

2093 3386 2215 3454 gius
2262 3387 2402 3457 stylo
2448 3404 2808 3459 progressus,
2865 3391 3030 3447 infert
3074 3411 3087 3448 ε
3142 3413 3161 3445 ι
3215 3395 3405 3466 Multa,
3455 3401 3665 3466 dilecti,

2094 3489 2217 3528 cutn
2244 3475 2430 3532 dicere
2458 3492 2695 3546 possem,
2729 3490 2995 3549 prietereo
3020 3498 3034 3537 :
3062 3483 3306 3539 molestas
3337 3492 3667 3559 arrogantia:

2092 3578 2215 3619 esse
2264 3565 2494 3632 ducens,
2527 3569 2717 3624 eadem
2755 3573 3059 3645 sentientes
3102 3575 3377 3639 doctores,
3410 3582 3665 3650 pluribus

2094 3655 2412 3713 admonere.
2448 3660 2583 3717 Nam
2613 3676 2710 3715 vos
2742 3664 2843 3731 ipsi
2873 3680 2904 3719 a
2938 3664 3047 3719 Deo
3078 3667 3224 3723 docti
3257 3670 3411 3734 estis,
3436 3675 3661 3730 minime

2096 3747 2433 3818 ignorantes,
2458 3752 2765 3825 doctrinam
2815 3757 2956 3811 hanc
2989 3758 3216 3815 Ebionis
3250 3762 3441 3832 ipsius,
3472 3778 3528 3821 et
3564 3766 3667 3821 Ar-

2095 3848 2252 3894 temae
2283 3842 2379 3912 (1),
2415 3852 2473 3898 et
2510 3843 2664 3900 Pauli
2718 3847 3061 3907 SamoSateni
3110 3869 3252 3920 esse,
3290 3872 3526 3926 quarunt
3574 3860 3666 3916 isti

2095 3932 2389 4000 impietatis
2444 3935 2667 3993 faecibus
2714 3939 2947 4007 haustis,
3001 3946 3159 4000 nobis
3206 3963 3373 4012 nunc,
3425 3934 3489 4003 ex
3554 3968 3666 4007 non

2094 4025 2506 4089 exsistentibus,
2535 4028 2750 4083 illorum
2773 4031 2910 4086 clam
2940 4034 3046 4088 vivi
3074 4037 3289 4092 radices
3314 4045 3661 4113 producunt;

2095 4112 2258 4168 Arius
2300 4114 2556 4169 nimirum
2603 4119 2716 4186 ipse
2753 4130 2808 4175 et
2852 4121 3112 4188 Achillas,
3146 4137 3203 4180 et
3240 4131 3384 4196 quod
3427 4147 3549 4186 cum
3583 4134 3665 4188 eis

2094 4216 2180 4261 est
2211 4209 2619 4278 malignantium
2669 4215 3093 4271 conciliabulum
3129 4237 3141 4271 :
3171 4231 3221 4274 et
3253 4230 3361 4276 tres
3402 4238 3666 4294 praeterea

2096 4299 2173 4354 illi
2208 4302 2261 4354 in
2301 4300 2458 4372 Syria
2499 4304 2684 4357 nescio
2731 4322 2839 4375 quo
2891 4311 3053 4363 modo
3090 4298 3264 4366 creati.
3304 4316 3566 4385 episcopi,
3596 4320 3665 4375 de

2096 4394 2298 4463 quibus
2325 4397 2595 4467 judicium
2629 4400 2862 4457 arbitrio
2890 4416 3073 4458 vestro
3106 4406 3497 4474 permittimus.
3534 4430 3556 4464 ι

2167 4577 2434 4648 Deinceps
2488 4580 2783 4640 declaratis
2840 4589 3317 4646 summissioribus
3365 4595 3667 4667 Scriptum

2097 4672 2349 4735 vocibus,
2382 4691 2520 4745 quas
2547 4677 2802 4732 Salvator
2830 4682 3100 4738 ascizitils
3146 4700 3335 4742 llfhll‘il
3364 4705 3529 4746 causa
3565 4711 3665 4761 per

2095 4766 2527 4821 exinanitionem
2585 4771 2995 4843 salutaremque
3030 4779 3342 4845 passionem
3394 4788 3661 4854 suscepit,

2097 4857 2399 4939 itidemque
2427 4864 2511 4916 eis
2541 4847 2680 4917 locis
2709 4867 2896 4920 relatis
2923 4878 3085 4938 atque
3113 4875 3382 4941 expositis
3409 4917 3422 4938 ,
3459 4881 3664 4946 quibus

2095 4936 2249 5005 extra
2300 4951 2517 5007 initium
2553 4971 2713 5011 omne
2746 4958 3076 5030 principium
3107 4980 3170 5018 ac
3198 4966 3410 5032 duitas,
3441 4983 3666 5027 natura-

2094 5041 2270 5112 lisque
2320 5045 2493 5114 gloria
2544 5057 2602 5102 et
2654 5048 2915 5107 divinitas
2971 5055 3088 5124 ejus
3132 5059 3494 5126 exprimitur,
3551 5066 3666 5121 hinc

2096 5141 2492 5207 prosequitur:
2538 5159 2555 5191 ι
2597 5140 2731 5208 Quis
2791 5160 2921 5198 vero
2971 5148 3115 5215 quod
3166 5151 3477 5220 scripturus
3540 5174 3663 5215 sum

2097 5230 2411 5296 mirabitur,
2447 5234 2656 5301 dilecti,
2695 5236 2738 5289 si
2770 5249 2961 5292 contra
3014 5258 3100 5295 me
3127 5254 3183 5297 et
3214 5246 3515 5314 piissimam
3550 5252 3667 5321 ple-

2096 5321 2220 5377 bem
2269 5336 2505 5380 nostram
2551 5329 2843 5383 en'ientitas
2903 5347 3093 5388 eorum
3141 5337 3449 5394 calumnias
3498 5359 3667 5412 expo-

2095 5417 2302 5471 suero?
2333 5418 2435 5485 Qui
2475 5420 2677 5473 etenim
2714 5422 2977 5479 adversus
3026 5431 3373 5487 divinitatem
3408 5433 3529 5490 Filii
3564 5438 3661 5493 Dei

2095 5510 2268 5577 aciein
2300 5524 2515 5566 Struere
2545 5514 2663 5567 ausi
2687 5525 2841 5583 sunt,
2864 5530 3055 5574 contra
3080 5537 3179 5577 nos
3203 5541 3417 5595 quoque
3449 5528 3661 5599 ingrata

2097 5605 2295 5672 probra
2323 5617 2376 5659 et
2410 5606 2656 5662 convicia
2688 5608 2872 5666 dicere
2898 5628 3008 5667 non
3052 5626 3331 5671 verentur.
3364 5618 3465 5686 Qui
3493 5630 3660 5676 etiam

2096 5712 2159 5749 ea
2192 5698 2465 5751 veteribus
2501 5700 2677 5755 nullas
2738 5717 2856 5758 esse
2916 5705 3107 5777 dignos
3141 5720 3367 5777 putant,
3412 5712 3503 5782 qui
3538 5729 3666 5769 cum
