4034 6610
374 426 445 490 35
1565 422 1995 483 NlCEl‘IlLlRl
2012 424 2119 493 CA
2133 422 2384 483 LLiSTl
3559 421 3628 485 36

372 540 455 594 eis
479 540 836 595 conferantur
872 552 887 592 :
916 551 1099 606 neque
1156 534 1237 592 eis
1272 534 1484 605 aequari
1533 550 1591 590 se
1640 534 1950 605 patiuntur.

2059 534 2316 605 ὡμιλήσα
2325 550 2425 603 μεν
2445 532 2795 599 διδασκάλοις
2829 533 3146 601 ἐξισοῦσθαι
3168 534 3455 606 ἀνέχονται
3475 550 3491 567 ο
3511 535 3630 588 ἀλλ’

370 632 573 702 quibus
604 645 703 687 nos
763 645 794 686 a
847 629 1032 701 pueris
1091 627 1525 698 praeceptoribus
1576 628 1661 681 usi
1711 641 1947 680 sumus:

371 722 467 777 sed
502 739 570 776 ne
609 738 678 776 ex
703 722 962 775 omnibus
999 720 1221 793 quidem
1253 720 1345 788 qui
1396 718 1598 798 [διεβίω
1654 727 1804 782 sunt,
1838 719 1952 773 col-

371 816 506 885 legis
534 823 589 868 et
622 814 998 885 presbyteris,
1051 828 1385 883 quemquam
1431 811 1569 882 ipsis
1634 811 1949 880 comparari

369 911 583 976 volunt,
608 912 758 965 solos
810 926 869 966 se
918 908 1222 980 sapientes,
1256 910 1663 979 possessionum
1705 917 1952 962 eontem-

370 1012 578 1072 ptores,
612 1012 669 1058 et
694 1003 1011 1074 dogmatum
1047 1013 1355 1071 repertores
1378 1016 1499 1054 esse
1534 1001 1804 1071 jactantes
1843 1017 1855 1052 :
1890 1006 1950 1053 ut

371 1097 576 1164 quibus
630 1097 753 1151 unis
797 1096 1100 1151 revelatum
1141 1094 1213 1149 sit
1258 1092 1405 1163 quod
1448 1091 1655 1146 nemini
1701 1091 1946 1146 omnium

371 1188 465 1255 qui
500 1188 604 1242 sub
639 1189 755 1243 sole
817 1196 950 1244 sunt
1003 1186 1285 1241 hominum
1320 1186 1375 1238 in
1434 1192 1675 1238 mentem
1710 1183 1948 1238 venerit.

2057 628 2184 683 οὐδὲ
2207 627 2318 681 τῶν
2346 627 2444 681 νῦν
2473 628 2753 699 πανταχοῦ
2796 629 3233 699 συλλειτουργῶν
3256 647 3379 683 τινα
3411 630 3490 691 είς
3538 627 3633 699 μέ,

2058 737 2187 790 τρον
2247 721 2533 791 ἡγοῦνται,
2591 724 2746 791 μόνοι
2806 723 2962 791 σοφοὶ
3023 722 3119 775 καὶ⁵
3173 724 3480 790 ἀκτήμονες
3538 720 3633 774 καὶ

2055 815 2346 884 δογμάτων
2377 818 2600 886 εὑρεταὶ
2633 818 2889 884 λέγοντες
2922 813 3086 881 εἶναι,
3121 817 3219 869 καὶ
3274 817 3461 879 αὐτοῖς
3497 819 3634 869 ἁπο-

2055 912 2400 979 κεκαλύφθαι
2443 914 2652 981 μόνοις,
2685 914 2832 984 ἅπερ
2856 915 3036 967 οὐδενὶ
3084 914 3193 967 τῶν
3225 914 3330 965 ὑπὸ
3368 915 3461 965 τὸν
3479 912 3631 981 ἥλιον

2056 1002 2229 1072 ἑτέρῳ
2267 1006 2512 1071 πέφυκεν
2539 1006 2716 1058 ἐλθεῖν
2745 1008 2824 1068 είς
2858 1006 3090 1060 ἔννοιαν.
3125 1006 3190 1058 Ὢ
3214 1007 3429 1058 ἀνοσίου
3458 1006 3628 1072 τύφου

2052 1096 2147 1146 καὶ
2195 1096 2434 1164 ἀμέτρου
2486 1098 2702 1166 μανίας,
2738 1099 2830 1151 καὶ⁸
2871 1098 3275 1169 μελαγχολικῆς
3325 1099 3486 1164 δόξης
3533 1096 3632 1149 καὶ

2055 1188 2349 1240 σατανικοῦ
2381 1190 2737 1260 φρονήματος
2759 1191 2772 1243 l
2813 1210 2834 1243 ι

374 1279 535 1351 545
587 1280 631 1334 Ο
671 1292 939 1337 tumorem
967 1278 1218 1349 impium,
1249 1287 1305 1333 et
1330 1277 1571 1332 furorem
1615 1277 1984 1331 immensum!
2027 1292 2060 1331 ο
2093 1279 2409 1349 opinionem
2450 1283 2739 1351 insanam,
2796 1293 2851 1339 et
2934 1283 3246 1341 Satanicum
3297 1286 3458 1355 plane
3513 1297 3635 1339 sen-

375 1376 535 1432 sum!
576 1394 594 1427 ι

447 1473 561 1527 Sub
589 1474 707 1527 haec
729 1473 850 1527 aliis
876 1471 1206 1541 quibusdam
1237 1469 1577 1534 memoratis,
1604 1479 1659 1524 et
1690 1462 1949 1540 dogmate

374 1566 503 1619 ﬁdei
538 1580 729 1619 eorum
769 1563 947 1618 fusius
988 1562 1261 1633 exposito,
1303 1562 1449 1615 circa
1504 1561 1666 1615 linem
1702 1559 1949 1629 epistola:

374 1659 490 1713 inec
546 1655 735 1726 adjicit
772 1673 786 1709 :
833 1673 851 1706 ι
887 1654 1061 1709 llosce
1106 1654 1272 1724 igitur
1300 1652 1668 1708 anathematis
1697 1653 1947 1716 fulmine,

372 1751 442 1806 de
475 1749 716 1804 ﬁdelium
748 1746 977 1800 fratrum
1002 1762 1298 1810 consensu,
1324 1745 1480 1812 ictos,
1509 1760 1673 1799 nemo
1702 1753 1947 1801 vestrum

375 1842 630 1912 recipiat,
672 1855 853 1909 neque
886 1839 970 1892 vel
1000 1840 1146 1893 dicta
1178 1838 1264 1892 vel
1305 1839 1511 1906 scripta
1551 1852 1745 1891 eorum
1779 1836 1950 1892 susti-

2132 1468 2316 1523 Εἰπὼν
2358 1470 2416 1524 δὲ
2447 1471 2540 1525 καὶ
2580 1472 2718 1526 ἄλλα
2754 1473 2848 1526 καὶ
2887 1473 2946 1526 τὸ
2974 1472 3155 1541 δόγμα
3195 1473 3296 1543 τῆς
3334 1470 3505 1525 αὑτοῦ
3536 1472 3631 1525 πί-

2059 1580 2232 1626 στεως
2259 1566 2601 1634 πλατύτερον
2639 1569 3009 1637 διεκθέμενος,
3047 1569 3178 1636 περὶ
3228 1569 3289 1620 τὸ
3347 1568 3501 1626 τέλος
3530 1566 3629 1635 τῆς

2057 1655 2353 1720 ἐπιστολῆς
2397 1658 2697 1712 καὶταῦτα
2731 1661 2931 1727 ἐπάγει
2956 1678 2972 1691 θ
3009 1679 3027 1712 ι
3073 1661 3309 1721 Τούτους
3367 1660 3460 1712 οὖν
3501 1663 3633 1712 ἀνα-

2056 1747 2493 1816 θεματισθέντας
2531 1751 2637 1804 ὑπὸ
2666 1752 2768 1821 τῆς
2821 1752 3183 1823 ἁδελφότητος
3247 1752 3438 1821 μηδεὶς
3474 1750 3630 1818 ὑμῶν

2057 1840 2316 1910 δεχέσθω,
2365 1843 2502 1913 μηδὲ
2527 1846 2855 1916 ἀνασχέσθω
2892 1846 3004 1900 τῶν
3051 1847 3363 1917 λεγομένων
3415 1846 3447 1917 ἢ
3495 1864 3631 1917 γρα-

373 1943 525 1990 neat.
565 1934 668 2000 Qui
714 1933 858 1987 enim
891 1931 1111 1985 mentiri
1143 1929 1329 1984 omnia
1376 1944 1735 1995 consuevere,
1779 1929 1953 1998 impo-

2059 1932 2312 1999 φομένων
2345 1932 2439 1986 ὑπ’
2472 1935 2675 1990 αὐτῶν.
2714 1938 2903 1991 Πάντα
2937 1940 3045 2009 γὰρ
3072 1940 3122 1991 oi
3159 1941 3357 2007 γόητες
3396 1937 3627 2008 ψεύδον-

372 2038 576 2090 stores,
624 2025 913 2079 veritatem
955 2032 1103 2077 certe
1149 2037 1256 2076 non
1313 2022 1731 2092 proloqueutur.
1780 2019 1954 2078 Urbes

377 2118 458 2172 illi
499 2119 868 2177 circumeunt,
904 2114 1043 2168 nihil
1074 2112 1217 2167 aliud
1253 2123 1477 2181 agentes
1509 2128 1674 2181 quam
1722 2120 1781 2165 ut
1812 2115 1956 2165 simi-

375 2209 519 2264 cilia:
548 2212 775 2264 obtentu
818 2222 916 2277 per
951 2204 1283 2275 hypocrisim
1315 2212 1370 2258 et
1402 2203 1776 2257 adulationem
1803 2202 1954 2255 litte-

376 2316 468 2355 ras
501 2300 631 2353 dent
677 2309 730 2352 et
777 2297 1071 2366 accipiant,
1121 2293 1325 2365 quibus
1370 2292 1658 2357 sedueant,
1706 2293 1776 2346 ab
1824 2293 1983 2361 ips's'

370 2393 483 2464 jam
538 2392 795 2462 deCeptas
844 2404 1047 2457 paucas
1098 2384 1447 2441 mulierculas
1483 2383 1723 2453 peccatis
1752 2397 1952 2437 onera-

380 2494 503 2547 tas,
554 2501 572 2536 ι
627 2496 683 2536 et
742 2497 863 2550 quae
914 2487 1242 2551 sequuntur.
1304 2495 1320 2528 ι
1381 2475 1557 2530 Hosce
1605 2476 1789 2545 itaque
1825 2477 1953 2531 talia

376 2589 569 2632 contra
596 2576 878 2630 Christum
906 2587 1091 2638 ausos,
1118 2579 1174 2625 et
1198 2569 1290 2641 qui
1311 2568 1792 2623 Christianismum
1825 2583 1953 2622 cum

378 2669 602 2739 publice
657 2667 726 2721 ad
771 2665 1032 2736 populum
1082 2661 1404 2727 traducunt,
1462 2670 1575 2715 tum
1625 2660 1679 2715 in
1729 2660 1955 2731 judiciis

375 2785 578 2839 magno
631 2767 816 2821 studio
866 2774 923 2821 et
964 2764 1321 2819 contentione
1373 2762 1591 2830 probris
1648 2760 1956 2816 manifestis

376 2861 698 2930 exagitant;
733 2859 827 2929 qui
864 2855 1305 2928 persecutionem
1352 2852 1693 2922 temporibus
1726 2852 1953 2920 pacatis,

377 2963 643 3023 quantum
671 2952 725 3007 in
755 2951 839 3005 eis
868 2950 1035 3005 situm
1071 2954 1177 3009 est,
1209 2947 1473 2999 adversus
1503 2958 1604 2997 nos
1633 2942 1912 2996 concitant
1937 2958 1950 2996 :

376 3047 472 3117 qui
522 3045 798 3100 ineli'abile
843 3042 1047 3098 Christi
1092 3038 1394 3095 nativitatis
1427 3038 1745 3107 mysterium
1795 3050 1955 3089 ener-

377 3150 557 3193 vant:
605 3138 792 3202 hosce,
831 3134 1040 3199 dilecti,
1093 3141 1431 3194 aversantes,
1480 3129 1725 3183 unanimi
1770 3128 1958 3182 nobis-

2056 2040 2181 2076 τχιο
2215 2025 2478 2097 ἀλήθειαν
2510 2030 2571 2082 οὐ
2604 2031 2680 2100 μὴ
2706 2031 2984 2103 λαλήσωσι
3015 2049 3031 2065 ·
3086 2035 3469 2104 περιέρχονται
3519 2035 3627 2103 γὰρ

2057 2115 2155 2179 τὰς
2190 2119 2395 2183 πόλεις,
2425 2122 2580 2175 οὐδὲν
2606 2123 2802 2193 ἕτερον
2853 2125 3276 2191 σπουδάζοντες,
3325 2127 3358 2196 ἢ
3413 2126 3492 2196 τῷ
3528 2126 3627 2195 τῆς

2059 2207 2242 2275 φιλίας
2274 2214 2627 2281 προσχήματι
2675 2213 2743 2267 δι’
2772 2215 3122 2285 ὑποκρίσεως
3189 2219 3284 2270 καὶ
3337 2216 3628 2281 κολακείας

2056 2301 2363 2371 γράμματα
2390 2304 2594 2358 διδόναι
2628 2308 2720 2359 καὶ
2756 2308 3057 2378 λαμδάνειν
3089 2326 3103 2340 ·
3138 2309 3276 2380 πρὸς
3313 2310 3372 2363 τὸ
3421 2309 3630 2380 πλανᾷν

2061 2394 2164 2447 ὑπὸ
2202 2397 2410 2451 τούτων
2440 2398 2513 2451 τὰ
2543 2399 2612 2452 δι’
2649 2400 2830 2455 αὐτῶν
2857 2402 3189 2470 ἠπατημένοι
3239 2402 3399 2470 ὀλίγα
3436 2408 3629 2471 γυναί-

2058 2494 2230 2560 κάρια
2264 2494 2660 2561 σεσωρευμένα
2699 2494 3026 2565 ἁμαρτίαις.
3061 2496 3172 2549 Καὶ
3199 2500 3267 2549 τὰ
3313 2497 3459 2565 ἑξῆς.
3488 2494 3626 2548 Τού-

2057 2599 2181 2645 τους
2208 2579 2302 2634 οὖν
2332 2582 2458 2645 τοὺς
2499 2581 2745 2637 τοσαῦτα
2775 2585 2917 2638 κατὰ
2951 2585 3191 2656 Χριστοῦ
3224 2586 3626 2657 τολμήσαντας,

2057 2674 2186 2737 τοὺς
2210 2675 2301 2728 τὸν
2325 2676 2367 2728 Χ
2379 2664 2771 2748 ριστιανισμδν
2798 2677 2960 2731 τοῦτο
2994 2678 3094 2747 μὲν
3148 2679 3386 2750 δημοσίᾳ
3439 2679 3632 2748 σύρον-

2056 2782 2178 2830 τας,
2210 2768 2370 2819 τοῦτο
2397 2766 2453 2820 δὲ
2483 2767 2577 2822 ἐπὶ
2603 2764 2973 2839 δικαστηρίων
3004 2769 3391 2832 ἐπιδεικτικῶς
3421 2771 3630 2839 φιλοτι-

2061 2874 2162 2926 μου
2173 2858 2393 2926 μένους,
2420 2860 2546 2923 τοὺς
2573 2859 2817 2929 διωγμὸν
2843 2862 2979 2930 ἡμῖν
2998 2862 3055 2913 ἐν
3086 2863 3285 2932 εἰρήνῃ
3305 2861 3367 2914 τὸ
3392 2862 3516 2913 ὅσον
3531 2861 3629 2917 ἐπὶ

2057 2948 2242 3011 αὐτοῖς
2289 2948 2709 3019 ἔπεγείραντας,
2753 2949 2884 3012 τοὺς
2935 2949 2996 3002 τὺ
3052 2950 3291 3021 ἄρρητον
3331 2952 3628 3021 μυστήριον

2057 3043 2154 3109 τῆς
2214 3041 2454 3112 Χριστοῦ
2515 3042 2824 3112 γεννήσεως
2889 3043 3349 3113 ὶκνευρίσαντας·
3403 3045 3627 3107 τούτους

2055 3134 2529 3202 ἀποστραφέντος,
2574 3133 2860 3203 ἀγαπητοὶ
2904 3137 2998 3187 καὶ
3057 3134 3345 3203 δμόψυχοι,
3409 3134 3629 3204 σύμψη-

376 3246 501 3287 cum
535 3244 810 3284 consensu
835 3238 896 3282 et
920 3225 1206 3296 suﬂragio,
1244 3222 1476 3278 calculis
1508 3236 1733 3291 quoque
1757 3219 1953 3274 vestris

2059 3242 2150 3293 φοι
2202 3225 2430 3293 γένεσθε
2483 3226 2624 3280 κατὰ
2670 3225 2771 3297 τῆς
2804 3225 3111 3295 μανιώδους
3168 3226 3346 3281 αὐτῶν
3395 3227 3626 3298 τόλμης.

380 3324 734 3380 furibundam
792 3334 985 3376 eorum
1035 3317 1321 3374 audaciam
1371 3316 1653 3386 iugulate,
1704 3312 1955 3382 exemplo

377 3414 712 3484 collegarum
738 3421 1057 3467 nostrorum
1087 3408 1182 3479 qui
1206 3406 1474 3477 indignati
1501 3415 1631 3461 sunt
1659 3412 1714 3458 et
1741 3404 1957 3457 litteras

376 3517 572 3565 contra
624 3521 720 3561 eos
768 3504 835 3560 ad
894 3519 981 3559 me
1040 3502 1335 3563 dederunt,
1386 3498 1690 3566 libelloque
1732 3496 1958 3550 damna-

379 3602 549 3658 tionis
575 3599 1027 3668 subscripserunt
1052 3613 1068 3650 :
1092 3609 1215 3664 qua:
1239 3593 1421 3647 omnia
1452 3604 1551 3662 per
1569 3589 1742 3644 lilium
1772 3602 1956 3643 meum

376 3693 681 3765 Appionem
715 3688 1162 3745 archidiaconum
1200 3685 1321 3739 misi
1364 3699 1460 3753 per
1506 3680 1803 3753 Egyptum
1837 3696 1957 3733 om.

376 3802 528 3851 nem,
569 3782 930 3849 Thebaidem,
993 3779 1237 3851 Libyam,
1291 3775 1653 3846 Pentapolim,
1715 3772 1952 3845 Syriam,

377 3877 638 3949 Lyciam,
681 3874 1095 3945 Pamphyliam,
1157 3869 1383 3935 Asiam,
1439 3866 1838 3937 Cappadociam
1898 3872 1956 3919 et

379 3973 518 4027 alias
551 3969 916 4025 circumcirca
972 3966 1253 4036 regiones.
1295 3961 1377 4015 Ad
1426 3961 1627 4014 horum
1674 3974 1806 4012 sane
1855 3971 1954 4012 ex-

382 4061 651 4131 emplum,
680 4074 709 4113 a
751 4057 909 4113 vobis
939 4057 1103 4110 etiam
1135 4068 1260 4108 eum
1290 4049 1671 4104 conﬁrmatum
1706 4046 1797 4111 iri,
1832 4059 1957 4115 per-

379 4147 608 4211 suasum
650 4151 847 4206 habeo.
884 4149 1111 4204 Multum
1146 4145 1368 4217 quidem
1399 4151 1547 4198 certe
1574 4141 1693 4211 opis
1722 4156 1751 4193 a
1782 4155 1868 4192 me
1899 4136 1953 4191 in

376 4257 473 4298 eos
510 4242 605 4311 qui
653 4240 722 4295 ab
768 4239 876 4294 illis
908 4245 1035 4303 sunt
1061 4235 1395 4290 detrimento
1425 4232 1631 4295 aﬂ‘ecti.
1664 4239 1751 4285 est
1779 4230 1953 4285 colla-

379 4344 494 4390 tum
548 4352 560 4387 :
602 4332 696 4386 sed
749 4330 883 4384 illud
941 4327 1240 4384 maximum
1293 4324 1462 4380 fuerit
1501 4322 1952 4392 depellendorum

378 4445 407 4482 a
439 4427 669 4482 seducta
701 4425 859 4494 plebe
905 4423 1176 4476 malorum
1209 4418 1497 4482 auxilium,
1534 4406 1595 4471 si.
1617 4415 1951 4486 collegarum

378 4530 695 4574 nostrorum
731 4516 810 4586 (l)
848 4512 1107 4569 concordi
1136 4525 1409 4568 consensu
1443 4509 1532 4564 illa
1567 4523 1851 4579 persuasa,
1883 4508 1951 4563 ad

2060 3318 2183 3372 καθ’
2210 3320 2518 3388 ὁμοιότητα
2551 3318 2662 3372 τῶν
2717 3322 3231 3388 ἀγανακτησάντων
3282 3318 3627 3391 συλλειτουρ-

2059 3412 2172 3479 γῶν
2191 3412 2373 3482 ἡμῶν,
2415 3412 2512 3465 καὶ
2539 3412 2969 3466 ἐπιστειλάντων
2997 3429 3085 3482 μοι
3126 3413 3249 3465 κατ’
3299 3413 3504 3477 αὐτῶν,
3532 3414 3627 3466 καὶ

2057 3502 2138 3570 τῷ
2170 3506 2322 3572 τόμῳ
2375 3503 2952 3573 συνυπογραψάντωψ
3012 3504 3050 3559 ἃ
3103 3504 3200 3557 καὶ
3235 3502 3627 3574 διεπεμψάμην

2056 3588 2143 3644 διὰ
2169 3590 2262 3643 τοῦ
2294 3590 2420 3643 Υίυῦ
2447 3608 2551 3659 μου
2579 3593 2851 3655 Ἀπίωνος
2874 3594 2971 3647 καὶ
3016 3594 3425 3663 ἀρχιδιακόνου,
3461 3594 3624 3647 τοῦτο

2060 3686 2160 3756 μὲν
2193 3687 2377 3754 πάσης
2411 3685 2695 3754 Αἰγύπτου
2726 3687 2824 3739 καὶ
2862 3686 3148 3755 θηόαἲδος,
3204 3686 3364 3739 τοῦτο
3423 3686 3482 3740 δὲ
3532 3689 3629 3743 At.

2059 3777 2196 3846 δύης
2225 3777 2321 3830 καὶ
2355 3779 2746 3844 Πενταπόλεως
2793 3780 2887 3833 καὶ
2916 3780 3134 3850 Συρίας,
3175 3780 3271 3832 καί
3303 3780 3383 3833 ἔτι
3415 3782 3626 3844 Λυκίας

2056 3870 2152 3923 καὶ
2180 3869 2531 3939 Παμφυλίας,
2572 3871 2762 3934 Ἀσίας
2814 3887 2875 3923 τε
2926 3873 3019 3924 καὶ
3081 3873 3502 3936 Καππαδοκίας.
3548 3866 3626 3931 ὧν

2059 3961 2157 4015 καὶ
2211 3961 2320 4015 τῶν
2385 3963 2567 4017 ἄλλων
2618 3962 2949 4034 περιχώρων
2992 3962 3113 4015 καθ’
3169 3966 3465 4036 ὁμοιότητα
3528 3969 3625 4019 καὶ

2061 4054 2194 4121 παρ’
2248 4053 2381 4122 ὑμῖν
2408 4054 2668 4118 δέξασθαι
2701 4053 2963 4107 πέποιθα.
3004 4054 3225 4107 Πολλῶν
3252 4057 3360 4127 γάρ
3387 4074 3476 4127 μοι
3496 4056 3625 4127 βοη-

2060 4144 2324 4213 θημάτων
2355 4146 2490 4215 πρὸς
2516 4147 2653 4208 τοὺς
2699 4146 2999 4216 βλαϐέντας
3044 4152 3491 4221 πεπορισμένων,
3532 4150 3627 4205 καὶ

2057 4234 2220 4288 τοῦτο
2252 4236 2485 4308 εὕρηται
2514 4236 2938 4309 λυσιφὰρμακον
2996 4241 3091 4294 τοῦ
3154 4240 3245 4294 ὑπ’
3279 4241 3460 4294 αὐτῶν
3490 4244 3628 4296 ἀπα·
3682 4242 3693 4251 ’

2055 4328 2315 4399 τηθέντος
2345 4328 2498 4393 λαοῦ,
2533 4332 2897 4401 πειθομένων,
2936 4333 3032 4386 καὶ
3083 4334 3203 4397 ταῖς
3250 4333 3360 4387 τῶν
3414 4335 3627 4387 συλλει-

2055 4419 2309 4491 τουργῶν
2350 4420 2511 4492 ἡμῶν
2546 4424 3016 4491 συγκαταθέσεων
3073 4426 3155 4487 είς
3210 4427 3504 4494 μετάνοιαν
3533 4426 3628 4496 ἐρ-

2058 4513 2251 4582 χεσθαι
2281 4512 2371 4567 διὰ
2416 4514 2612 4568 τούτου
2638 4515 3071 4578 σπουδαζόντων.
3095 4516 3441 4573 Ἀσπάσασθε
3466 4519 3629 4590 ἀλλή-

378 4611 763 4683 pwnitentiam
799 4607 1101 4661 decurrere
1134 4602 1430 4660 studuerit.
1466 4578 1713 4656 Salutate
1741 4615 1841 4654 vos
1869 4601 1953 4655 in-

2058 4578 2185 4667 λους
2205 4607 2264 4659 ἐν
2303 4608 2370 4678 τῇ
2408 4607 2540 4678 παρ’
2572 4608 2734 4678 ἡμῶν
2774 4608 3121 4680 ἀδελφότητι.
3149 4611 3461 4682 Ἐρῤὦσθαι
3481 4578 3627 4681 ὑμεῖς

376 4711 576 4767 vicem,
622 4703 739 4772 ejus
778 4714 900 4769 quae
946 4694 1090 4767 apud
1130 4710 1232 4749 nos
1280 4702 1366 4749 est
1415 4691 1816 4747 consentientis
1845 4690 1955 4744 fra-

379 4797 656 4853 ternitatis
712 4793 953 4848 nomine.
1007 4788 1203 4845 Valere
1253 4803 1352 4842 vos
1402 4785 1461 4861 in
1517 4785 1752 4839 Domino
1794 4791 1948 4851 opto,

376 4890 584 4944 dilecti.
619 4887 838 4942 Utinam
875 4884 1117 4938 fructum
1153 4881 1391 4949 aliquem
1426 4885 1735 4932 vestrorum
1773 4881 1951 4927 tanto-

376 5000 504 5053 pere
533 4980 737 5035 Christi
766 4977 1068 5033 amantium
1107 4976 1417 5029 animorum
1446 4968 1770 5041 percipiam.
1813 4986 1833 5019 ι

447 5074 655 5128 Deinde
694 5070 1047 5124 anathemate
1079 5064 1585 5121 excommunicatos
1628 5062 1681 5116 in
1720 5060 1949 5132 epistola

375 5175 650 5229 recenset,
680 5180 819 5235 quos
844 5172 900 5217 et
931 5176 1030 5216 nos
1059 5175 1224 5231 supra
1255 5158 1572 5212 retulimus.
1603 5157 1663 5211 ln
1694 5156 1947 5211 eamdem

375 5259 704 5313 sententiain
763 5256 864 5328 (ἓ),
912 5252 1235 5323 Pliilugonio
1286 5249 1612 5315 Antiochizc,
1655 5247 1947 5303 Eustathio

374 5352 653 5405 Berriimae
684 5350 737 5403 in
775 5348 954 5420 Syria,
993 5356 1159 5415 atque
1202 5345 1327 5398 aliis
1359 5344 1525 5398 etiam
1568 5342 1803 5396 aliarum
1847 5341 1947 5395 Ec-
2002 5411 2009 5418 ἡ

375 5443 669 5498 ciesiarum
722 5440 1062 5494 antistitibus
1107 5437 1355 5506 scripsit,
1401 5452 1541 5506 quos
1587 5436 1946 5506 apostolicam

376 5537 685 5592 doctrinam
725 5533 1085 5602 comprobare
1128 5531 1358 5585 sciebat.
1395 5529 1558 5601 5&6
1586 5530 1751 5583 Arius
1779 5543 1945 5598 porro

378 5646 556 5699 neque
587 5629 704 5698 ipse
742 5626 846 5681 sibi
888 5624 1220 5680 cessandum
1262 5638 1382 5678 esse
1431 5622 1662 5693 putavit.
1700 5621 1949 5692 Quapro-

449 5809 525 5878 (l)
575 5806 854 5878 Scriptum
921 5803 1376 5878 lioeprintegrum
1451 5802 1726 5878 reperitur
1800 5801 1942 5871 apud

372 5874 770 5935 Tllcé.doritutii
812 5875 1007 5930 [ζει-(ω.
1041 5876 1223 5929 histor.
1254 5876 1346 5928 liii.
1389 5889 1425 5939 ι,
1462 5891 1577 5939 cap.
1621 5874 1662 5926 ι.

2055 4695 2115 4748 ὲν
2142 4697 2334 4767 Κυρίῳ
2362 4697 2619 4768 εὔχομαι,
2681 4700 2979 4771 ἀγαπητοί.
3024 4703 3293 4774 Ὀναίμην
3323 4704 3482 4773 ὑμῶν
3527 4704 3627 4775 τῆς

2057 4790 2403 4860 φιλοχρίστου
2428 4793 2627 4865 ψυχῆς.
2666 4809 2687 4846 ι

2126 5058 2261 5118 Εἶτα
2294 5068 2424 5127 τοὺς
2446 5064 2983 5135 ἁναθεματισθέντας
3040 5066 3106 5134 τῇ
3162 5064 3419 5132 ἐπιστολῇ
3460 5080 3627 5116 κατα-
3669 5118 3675 5125 ,

2051 5158 2222 5224 λέγει,
2249 5157 2343 5220 οὓς
2367 5159 2462 5210 καὶ
2495 5160 2528 5228 ἡ
2540 5161 2659 5227 μείς
2688 5158 2897 5211 ἄνωθεν
2926 5156 3271 5225 διελάϐομεν.
3300 5158 3380 5208 Τὰ
3409 5155 3453 5208 δ’
3482 5154 3625 5207 αύτά

2057 5250 2152 5301 καὶ
2182 5249 2483 5319 Φιλογονίῳ
2512 5249 2609 5300 καὶ
2644 5249 2950 5316 Εὑσταθίῳ,
2976 5241 3050 5300 ὧν
3073 5249 3101 5305 ὁ
3140 5247 3240 5315 μὲν
3264 5245 3621 5315 Ἀντιοχείας,

2052 5341 2357 5404 Εὐστάθιος
2393 5341 2450 5394 δὲ
2484 5343 2583 5409 τῆς
2614 5343 2672 5393 ιν
2711 5340 2886 5410 Συρίᾳ
2943 5339 3210 5410 Bappo!“
3250 5340 3453 5407 ἡγεῖτο,
3497 5334 3626 5388 ἐπέ-

2052 5434 2263 5497 στελλε,
2307 5435 2403 5485 καὶ
2455 5434 2571 5493 τοῖς
2596 5430 2778 5493 ἄλλοις
2828 5430 2940 5484 τῶν
2974 5428 3285 5497 ἐκκὶησιῶν
3333 5426 3621 5495 ἡγεμόσιν,

2051 5523 2145 5588 οὒς
2174 5524 2289 5595 ᾔδει
2317 5526 2431 5584 τοῖς
2456 5522 2840 5584 ἁποστολικοῖς
2886 5519 3330 5588 συνηγοροῦντας
3360 5516 3623 5582 διδάγμα-

2051 5637 2158 5673 σιν.
2202 5619 2271 5670 ’⁸0
2312 5634 2375 5684 γε
2412 5618 2517 5689 μὴν
2553 5618 2791 5687 Ἄρειος,
2824 5613 2939 5668 οὐδ’
2993 5612 3158 5675 αὐτὸς
3187 5610 3420 5682 ἡσυχίαν
3465 5606 3620 5674 ἄγειν

2120 5798 2197 5871 (2)
2232 5799 2361 5869 Cap.
2404 5799 2435 5853 5
2469 5798 2592 5852 cod.
