  <div class='ocr_page' id='page_1' title='image "/cluster/home/n/w/nwhite01/storage/ocr_20150623/146/hvd.32044019208347/026.png"; bbox 0 0 4062 6552; ppageno 0'>
   <div class='ocr_carea' id='block_1_1' title="bbox 424 381 1991 456">
    <p class='ocr_par' dir='ltr' id='par_1_1' title="bbox 424 383 1991 456">
     <span class='ocr_line' id='line_1_1' title="bbox 424 383 1991 456; baseline -0.008 -2"><span class='ocrx_word' id='word_1_1' title='bbox 424 393 491 456; x_wconf 76' lang='grc' dir='ltr'><strong>3ἳ</strong></span> <span class='ocrx_word' id='word_1_2' title='bbox 1328 383 1932 453; x_wconf 69' lang='grc' dir='ltr'><strong>ΕΟΕιΕΞΙΑδΤιΟΕ</strong></span> <span class='ocrx_word' id='word_1_3' title='bbox 1974 384 1991 441; x_wconf 87' lang='lat' dir='ltr'><strong>l</strong></span> 
     </span>
    </p>
   </div>
   <div class='ocr_carea' id='block_1_2' title="bbox 2093 381 3672 456">
    <p class='ocr_par' dir='ltr' id='par_1_2' title="bbox 2093 381 3672 447">
     <span class='ocr_line' id='line_1_2' title="bbox 2093 381 3672 447; baseline 0.004 -7"><span class='ocrx_word' id='word_1_4' title='bbox 2093 382 2367 440; x_wconf 66' lang='lat' dir='ltr'><strong>iTOIlIE</strong></span> <span class='ocrx_word' id='word_1_5' title='bbox 2408 381 2556 444; x_wconf 83' lang='lat' dir='ltr'><strong>LIB.</strong></span> <span class='ocrx_word' id='word_1_6' title='bbox 2602 384 2768 445; x_wconf 79' lang='lat' dir='ltr'><strong>VIII.</strong></span> <span class='ocrx_word' id='word_1_7' title='bbox 3601 384 3672 447; x_wconf 78' lang='grc'><strong>38</strong></span> 
     </span>
    </p>
   </div>
   <div class='ocr_carea' id='block_1_3' title="bbox 422 492 1991 577">
    <p class='ocr_par' dir='ltr' id='par_1_3' title="bbox 422 493 1991 577">
     <span class='ocr_line' id='line_1_3' title="bbox 422 493 1991 577; baseline -0.009 -19"><span class='ocrx_word' id='word_1_8' title='bbox 422 505 611 577; x_wconf 67' lang='grc' dir='ltr'>ᾑρεῖτο</span> <span class='ocrx_word' id='word_1_9' title='bbox 632 520 647 535; x_wconf 92' lang='grc'><strong>·</strong></span> <span class='ocrx_word' id='word_1_10' title='bbox 671 502 970 572; x_wconf 79' lang='grc' dir='ltr'>ἀναγκαῖον</span> <span class='ocrx_word' id='word_1_11' title='bbox 1026 501 1071 554; x_wconf 75' lang='grc' dir='ltr'>δ’</span> <span class='ocrx_word' id='word_1_12' title='bbox 1099 500 1240 571; x_wconf 74' lang='grc' dir='ltr'>ᾤετο</span> <span class='ocrx_word' id='word_1_13' title='bbox 1286 499 1386 569; x_wconf 79' lang='grc' dir='ltr'>τὴν</span> <span class='ocrx_word' id='word_1_14' title='bbox 1420 497 1637 552; x_wconf 75' lang='grc' dir='ltr'>εὔνοιαν</span> <span class='ocrx_word' id='word_1_15' title='bbox 1665 493 1991 567; x_wconf 70' lang='grc' dir='ltr'>προφθάνειι</span> 
     </span>
    </p>
   </div>
   <div class='ocr_carea' id='block_1_4' title="bbox 2093 492 3679 577">
    <p class='ocr_par' dir='ltr' id='par_1_4' title="bbox 2109 492 3679 566">
     <span class='ocr_line' id='line_1_4' title="bbox 2109 492 3679 566; baseline 0.006 -23"><span class='ocrx_word' id='word_1_16' title='bbox 2109 500 2232 560; x_wconf 87' lang='lat' dir='ltr'><strong>pter</strong></span> <span class='ocrx_word' id='word_1_17' title='bbox 2279 492 2607 547; x_wconf 87' lang='lat' dir='ltr'><strong>necessitate</strong></span> <span class='ocrx_word' id='word_1_18' title='bbox 2637 494 2870 563; x_wconf 88' lang='lat' dir='ltr'><strong>quadam</strong></span> <span class='ocrx_word' id='word_1_19' title='bbox 2908 494 3127 562; x_wconf 88' lang='lat' dir='ltr'><strong>ductus,</strong></span> <span class='ocrx_word' id='word_1_20' title='bbox 3160 510 3431 565; x_wconf 81' lang='lat' dir='ltr'><strong>occupare</strong></span> <span class='ocrx_word' id='word_1_21' title='bbox 3462 495 3679 566; x_wconf 80' lang='lat' dir='ltr'><strong>cpisco-</strong></span> 
     </span>
    </p>
   </div>
   <div class='ocr_carea' id='block_1_5' title="bbox 423 583 1994 662">
    <p class='ocr_par' dir='ltr' id='par_1_5' title="bbox 423 583 1994 662">
     <span class='ocr_line' id='line_1_5' title="bbox 423 583 1994 662; baseline -0.008 -14"><span class='ocrx_word' id='word_1_22' title='bbox 423 597 532 648; x_wconf 84' lang='grc' dir='ltr'><strong>τῶν</strong></span> <span class='ocrx_word' id='word_1_23' title='bbox 565 593 921 648; x_wconf 77' lang='grc' dir='ltr'>ἐπισκόπων·</span> <span class='ocrx_word' id='word_1_24' title='bbox 981 593 1076 645; x_wconf 70' lang='grc' dir='ltr'>καὶ</span> <span class='ocrx_word' id='word_1_25' title='bbox 1111 591 1434 662; x_wconf 77' lang='grc' dir='ltr'>πρεσϐεύων</span> <span class='ocrx_word' id='word_1_26' title='bbox 1468 589 1708 659; x_wconf 80' lang='grc' dir='ltr'><strong>ἔγραφεν</strong></span> <span class='ocrx_word' id='word_1_27' title='bbox 1743 586 1819 648; x_wconf 85' lang='grc' dir='ltr'><strong>ὡς</strong></span> <span class='ocrx_word' id='word_1_28' title='bbox 1871 583 1994 637; x_wconf 84' lang='grc' dir='ltr'>ὲπί-</span> 
     </span>
    </p>
   </div>
   <div class='ocr_carea' id='block_1_6' title="bbox 425 676 1991 758">
    <p class='ocr_par' dir='ltr' id='par_1_6' title="bbox 425 676 1991 758">
     <span class='ocr_line' id='line_1_6' title="bbox 425 676 1991 758; baseline -0.008 -18"><span class='ocrx_word' id='word_1_29' title='bbox 425 702 626 740; x_wconf 86' lang='grc' dir='ltr'>στευε·</span> <span class='ocrx_word' id='word_1_30' title='bbox 677 687 771 739; x_wconf 76' lang='grc' dir='ltr'>καὶ</span> <span class='ocrx_word' id='word_1_31' title='bbox 815 687 994 758; x_wconf 74' lang='grc' dir='ltr'>ἐξῄτει</span> <span class='ocrx_word' id='word_1_32' title='bbox 1045 684 1205 757; x_wconf 73' lang='grc' dir='ltr'>δῆθεν</span> <span class='ocrx_word' id='word_1_33' title='bbox 1246 685 1432 758; x_wconf 81' lang='grc' dir='ltr'>εἰμὲν</span> <span class='ocrx_word' id='word_1_34' title='bbox 1479 682 1656 753; x_wconf 78' lang='grc' dir='ltr'>ὀρθῶς</span> <span class='ocrx_word' id='word_1_35' title='bbox 1720 676 1991 741; x_wconf 79' lang='grc' dir='ltr'><strong>πιστεύοι,</strong></span> 
     </span>
    </p>
   </div>
   <div class='ocr_carea' id='block_1_7' title="bbox 425 754 1992 848">
    <p class='ocr_par' dir='ltr' id='par_1_7' title="bbox 425 754 1992 848">
     <span class='ocr_line' id='line_1_7' title="bbox 425 754 1992 848; baseline -0.007 -16"><span class='ocrx_word' id='word_1_36' title='bbox 425 778 720 842; x_wconf 86' lang='grc' dir='ltr'>κάκείνους</span> <span class='ocrx_word' id='word_1_37' title='bbox 745 780 972 848; x_wconf 83' lang='grc' dir='ltr'>κυροῦν’</span> <span class='ocrx_word' id='word_1_38' title='bbox 1006 754 1363 847; x_wconf 37' lang='grc' dir='ltr'>’Δλεξάνδρῳί</span> <span class='ocrx_word' id='word_1_39' title='bbox 1403 792 1461 828; x_wconf 90' lang='grc' dir='ltr'><strong>τε</strong></span> <span class='ocrx_word' id='word_1_40' title='bbox 1514 772 1709 841; x_wconf 78' lang='grc' dir='ltr'>δηλοῦν</span> <span class='ocrx_word' id='word_1_41' title='bbox 1744 771 1821 842; x_wconf 77' lang='grc' dir='ltr'>μὴ</span> <span class='ocrx_word' id='word_1_42' title='bbox 1871 769 1992 823; x_wconf 86' lang='grc' dir='ltr'>κατ’</span> 
     </span>
    </p>
   </div>
   <div class='ocr_carea' id='block_1_8' title="bbox 424 857 1991 940">
    <p class='ocr_par' dir='ltr' id='par_1_8' title="bbox 424 857 1991 940">
     <span class='ocr_line' id='line_1_8' title="bbox 424 857 1991 940; baseline -0.008 -15"><span class='ocrx_word' id='word_1_43' title='bbox 424 871 591 925; x_wconf 82' lang='grc' dir='ltr'>αὐτοῦ</span> <span class='ocrx_word' id='word_1_44' title='bbox 620 888 678 923; x_wconf 85' lang='grc' dir='ltr'><strong>τε</strong></span> <span class='ocrx_word' id='word_1_45' title='bbox 702 871 798 924; x_wconf 59' lang='grc' dir='ltr'><strong>καὶ⁵</strong></span> <span class='ocrx_word' id='word_1_46' title='bbox 822 869 931 923; x_wconf 83' lang='grc' dir='ltr'><strong>τῶν</strong></span> <span class='ocrx_word' id='word_1_47' title='bbox 962 873 1091 940; x_wconf 75' lang='grc' dir='ltr'>περὶ</span> <span class='ocrx_word' id='word_1_48' title='bbox 1112 869 1272 922; x_wconf 83' lang='grc' dir='ltr'>αὑτὸν</span> <span class='ocrx_word' id='word_1_49' title='bbox 1294 867 1645 939; x_wconf 67' lang='grc' dir='ltr'><strong>χαλεπαίνειν</strong></span> <span class='ocrx_word' id='word_1_50' title='bbox 1682 881 1695 895; x_wconf 87' lang='grc'><strong>·</strong></span> <span class='ocrx_word' id='word_1_51' title='bbox 1726 864 1773 916; x_wconf 78' lang='grc' dir='ltr'>εἰ</span> <span class='ocrx_word' id='word_1_52' title='bbox 1808 863 1855 916; x_wconf 80' lang='grc' dir='ltr'>δ’</span> <span class='ocrx_word' id='word_1_53' title='bbox 1876 857 1991 925; x_wconf 77' lang='grc' dir='ltr'>οὖν,</span> 
     </span>
    </p>
   </div>
   <div class='ocr_carea' id='block_1_9' title="bbox 426 953 1995 1032">
    <p class='ocr_par' dir='ltr' id='par_1_9' title="bbox 426 953 1995 1032">
     <span class='ocr_line' id='line_1_9' title="bbox 426 953 1995 1032; baseline -0.006 -16"><span class='ocrx_word' id='word_1_54' title='bbox 426 962 607 1026; x_wconf 87' lang='grc' dir='ltr'>καλῶς</span> <span class='ocrx_word' id='word_1_55' title='bbox 640 963 852 1016; x_wconf 72' lang='grc' dir='ltr'>ἐθέλειν</span> <span class='ocrx_word' id='word_1_56' title='bbox 877 963 1227 1017; x_wconf 74' lang='grc' dir='ltr'><strong>διδάσκεσθαι</strong></span> <span class='ocrx_word' id='word_1_57' title='bbox 1248 960 1306 1015; x_wconf 80' lang='grc' dir='ltr'>ὃν</span> <span class='ocrx_word' id='word_1_58' title='bbox 1336 962 1443 1032; x_wconf 82' lang='grc' dir='ltr'>χρὴ</span> <span class='ocrx_word' id='word_1_59' title='bbox 1466 959 1666 1029; x_wconf 85' lang='grc' dir='ltr'>τρόπον</span> <span class='ocrx_word' id='word_1_60' title='bbox 1691 953 1995 1009; x_wconf 83' lang='grc' dir='ltr'><strong>πιστεύειν.</strong></span> 
     </span>
    </p>
   </div>
   <div class='ocr_carea' id='block_1_10' title="bbox 424 1037 1994 1124">
    <p class='ocr_par' dir='ltr' id='par_1_10' title="bbox 424 1037 1994 1124">
     <span class='ocr_line' id='line_1_10' title="bbox 424 1037 1994 1124; baseline -0.012 -17"><span class='ocrx_word' id='word_1_61' title='bbox 424 1054 536 1107; x_wconf 72' lang='grc' dir='ltr'><strong>Καὶ</strong></span> <span class='ocrx_word' id='word_1_62' title='bbox 585 1054 646 1106; x_wconf 77' lang='grc' dir='ltr'>οὺ</span> <span class='ocrx_word' id='word_1_63' title='bbox 715 1052 929 1124; x_wconf 81' lang='grc' dir='ltr'>μικρῶς</span> <span class='ocrx_word' id='word_1_64' title='bbox 984 1068 1047 1121; x_wconf 82' lang='grc' dir='ltr'>γε</span> <span class='ocrx_word' id='word_1_65' title='bbox 1104 1049 1282 1121; x_wconf 79' lang='grc' dir='ltr'>ὢνησε</span> <span class='ocrx_word' id='word_1_66' title='bbox 1334 1048 1397 1101; x_wconf 80' lang='grc' dir='ltr'>τὸ</span> <span class='ocrx_word' id='word_1_67' title='bbox 1437 1046 1651 1099; x_wconf 80' lang='grc' dir='ltr'>τοιοῦτο</span> <span class='ocrx_word' id='word_1_68' title='bbox 1703 1043 1816 1105; x_wconf 90' lang='grc' dir='ltr'>τοῖς</span> <span class='ocrx_word' id='word_1_69' title='bbox 1864 1037 1994 1107; x_wconf 74' lang='grc' dir='ltr'>περὶ</span> 
     </span>
    </p>
   </div>
   <div class='ocr_carea' id='block_1_11' title="bbox 427 1129 1992 1218">
    <p class='ocr_par' dir='ltr' id='par_1_11' title="bbox 427 1129 1992 1218">
     <span class='ocr_line' id='line_1_11' title="bbox 427 1129 1992 1218; baseline -0.01 -19"><span class='ocrx_word' id='word_1_70' title='bbox 427 1146 679 1216; x_wconf 82' lang='grc' dir='ltr'>Ἀρειον·</span> <span class='ocrx_word' id='word_1_71' title='bbox 716 1146 813 1214; x_wconf 85' lang='grc' dir='ltr'>τῆς</span> <span class='ocrx_word' id='word_1_72' title='bbox 855 1145 964 1218; x_wconf 75' lang='grc' dir='ltr'>γὰρ</span> <span class='ocrx_word' id='word_1_73' title='bbox 995 1143 1255 1211; x_wconf 82' lang='grc' dir='ltr'><strong>τοιαύτης</strong></span> <span class='ocrx_word' id='word_1_74' title='bbox 1290 1141 1448 1212; x_wconf 80' lang='grc' dir='ltr'>δόξης</span> <span class='ocrx_word' id='word_1_75' title='bbox 1508 1138 1621 1200; x_wconf 82' lang='grc' dir='ltr'>τοῖς</span> <span class='ocrx_word' id='word_1_76' title='bbox 1677 1129 1992 1200; x_wconf 82' lang='grc' dir='ltr'>ἅπανταχοῦ</span> 
     </span>
    </p>
   </div>
   <div class='ocr_carea' id='block_1_12' title="bbox 428 1227 1996 1310">
    <p class='ocr_par' dir='ltr' id='par_1_12' title="bbox 428 1227 1996 1310">
     <span class='ocr_line' id='line_1_12' title="bbox 428 1227 1996 1310; baseline -0.008 -20"><span class='ocrx_word' id='word_1_77' title='bbox 428 1239 615 1310; x_wconf 79' lang='grc' dir='ltr'>σχεδὸν</span> <span class='ocrx_word' id='word_1_78' title='bbox 647 1239 975 1302; x_wconf 80' lang='grc' dir='ltr'><strong>ἐπισκόποις</strong></span> <span class='ocrx_word' id='word_1_79' title='bbox 1002 1236 1431 1305; x_wconf 85' lang='grc' dir='ltr'>διασπαρείσης,</span> <span class='ocrx_word' id='word_1_80' title='bbox 1463 1230 1617 1300; x_wconf 84' lang='grc' dir='ltr'>κοινὴ</span> <span class='ocrx_word' id='word_1_81' title='bbox 1668 1230 1803 1282; x_wconf 84' lang='grc' dir='ltr'>πᾶσι</span> <span class='ocrx_word' id='word_1_82' title='bbox 1828 1227 1996 1294; x_wconf 75' lang='grc' dir='ltr'>ζήτη-</span> 
     </span>
    </p>
   </div>
   <div class='ocr_carea' id='block_1_13' title="bbox 425 1318 1995 1400">
    <p class='ocr_par' dir='ltr' id='par_1_13' title="bbox 425 1318 1995 1400">
     <span class='ocr_line' id='line_1_13' title="bbox 425 1318 1995 1400; baseline -0.009 -17"><span class='ocrx_word' id='word_1_83' title='bbox 425 1346 506 1393; x_wconf 86' lang='grc' dir='ltr'><strong>σις</strong></span> <span class='ocrx_word' id='word_1_84' title='bbox 524 1324 613 1400; x_wconf 77' lang='grc' dir='ltr'>ἦν.</span> <span class='ocrx_word' id='word_1_85' title='bbox 651 1329 716 1382; x_wconf 79' lang='lat' dir='ltr'><strong>Ol</strong></span> <span class='ocrx_word' id='word_1_86' title='bbox 753 1329 854 1399; x_wconf 80' lang='grc' dir='ltr'>μὲν</span> <span class='ocrx_word' id='word_1_87' title='bbox 891 1324 983 1383; x_wconf 81' lang='grc' dir='ltr'>οὖν</span> <span class='ocrx_word' id='word_1_88' title='bbox 1017 1328 1285 1398; x_wconf 79' lang='grc' dir='ltr'><strong>μηδαμῶς</strong></span> <span class='ocrx_word' id='word_1_89' title='bbox 1313 1322 1640 1396; x_wconf 82' lang='grc' dir='ltr'>προσίεσθαι</span> <span class='ocrx_word' id='word_1_90' title='bbox 1688 1322 1816 1383; x_wconf 81' lang='grc' dir='ltr'>τοὺς</span> <span class='ocrx_word' id='word_1_91' title='bbox 1865 1318 1995 1387; x_wconf 70' lang='grc' dir='ltr'>περὶ</span> 
     </span>
    </p>
   </div>
   <div class='ocr_carea' id='block_1_14' title="bbox 426 1413 1993 1493">
    <p class='ocr_par' dir='ltr' id='par_1_14' title="bbox 426 1413 1993 1493">
     <span class='ocr_line' id='line_1_14' title="bbox 426 1413 1993 1493; baseline -0.008 -15"><span class='ocrx_word' id='word_1_92' title='bbox 426 1424 649 1493; x_wconf 75' lang='grc' dir='ltr'>’Δρειον</span> <span class='ocrx_word' id='word_1_93' title='bbox 692 1420 1037 1492; x_wconf 81' lang='grc' dir='ltr'>Ἀλεξάνδρῳ</span> <span class='ocrx_word' id='word_1_94' title='bbox 1068 1417 1419 1481; x_wconf 77' lang='grc' dir='ltr'>ἐπέστελλον,</span> <span class='ocrx_word' id='word_1_95' title='bbox 1467 1420 1598 1487; x_wconf 72' lang='grc' dir='ltr'>πρὶν</span> <span class='ocrx_word' id='word_1_96' title='bbox 1630 1415 1729 1486; x_wconf 83' lang='grc' dir='ltr'>τὴν</span> <span class='ocrx_word' id='word_1_97' title='bbox 1782 1413 1993 1469; x_wconf 80' lang='grc' dir='ltr'>ἑαυτῶν</span> 
     </span>
    </p>
   </div>
   <div class='ocr_carea' id='block_1_15' title="bbox 420 1505 1995 1582">
    <p class='ocr_par' dir='ltr' id='par_1_15' title="bbox 420 1505 1995 1582">
     <span class='ocr_line' id='line_1_15' title="bbox 420 1505 1995 1582; baseline -0.006 -15"><span class='ocrx_word' id='word_1_98' title='bbox 420 1512 822 1580; x_wconf 66' lang='grc' dir='ltr'>ἁποκηρύξωσι</span> <span class='ocrx_word' id='word_1_99' title='bbox 875 1510 1262 1582; x_wconf 71' lang='grc' dir='ltr'>βλασφημίαν·</span> <span class='ocrx_word' id='word_1_100' title='bbox 1300 1511 1349 1563; x_wconf 89' lang='grc' dir='ltr'><strong>οί</strong></span> <span class='ocrx_word' id='word_1_101' title='bbox 1391 1508 1448 1563; x_wconf 71' lang='grc' dir='ltr'>δὲ</span> <span class='ocrx_word' id='word_1_102' title='bbox 1494 1506 1808 1563; x_wconf 81' lang='grc' dir='ltr'>τούναντίον</span> <span class='ocrx_word' id='word_1_103' title='bbox 1865 1505 1995 1576; x_wconf 83' lang='grc' dir='ltr'>μᾶλ-</span> 
     </span>
    </p>
   </div>
   <div class='ocr_carea' id='block_1_16' title="bbox 418 1598 1992 1672">
    <p class='ocr_par' dir='ltr' id='par_1_16' title="bbox 418 1598 1992 1672">
     <span class='ocr_line' id='line_1_16' title="bbox 418 1598 1992 1672; baseline -0.005 -15"><span class='ocrx_word' id='word_1_104' title='bbox 418 1604 534 1668; x_wconf 80' lang='grc' dir='ltr'>λον,</span> <span class='ocrx_word' id='word_1_105' title='bbox 558 1603 959 1657; x_wconf 83' lang='grc' dir='ltr'>ἀντιποιεῖσθαι</span> <span class='ocrx_word' id='word_1_106' title='bbox 986 1603 1059 1667; x_wconf 86' lang='grc' dir='ltr'><strong>ῶς</strong></span> <span class='ocrx_word' id='word_1_107' title='bbox 1094 1602 1334 1657; x_wconf 77' lang='grc' dir='ltr'>εὐσεϐῶν</span> <span class='ocrx_word' id='word_1_108' title='bbox 1369 1602 1464 1656; x_wconf 76' lang='grc' dir='ltr'>καὶ</span> <span class='ocrx_word' id='word_1_109' title='bbox 1507 1600 1677 1672; x_wconf 83' lang='grc' dir='ltr'>μηδὲν</span> <span class='ocrx_word' id='word_1_110' title='bbox 1713 1599 1843 1669; x_wconf 70' lang='grc' dir='ltr'>περὶ</span> <span class='ocrx_word' id='word_1_111' title='bbox 1892 1598 1992 1667; x_wconf 85' lang='grc' dir='ltr'>τὴν</span> 
     </span>
    </p>
   </div>
   <div class='ocr_carea' id='block_1_17' title="bbox 424 1686 1992 1762">
    <p class='ocr_par' dir='ltr' id='par_1_17' title="bbox 424 1686 1992 1762">
     <span class='ocr_line' id='line_1_17' title="bbox 424 1686 1992 1762; baseline -0.004 -18"><span class='ocrx_word' id='word_1_112' title='bbox 424 1693 607 1747; x_wconf 72' lang='grc' dir='ltr'>πῖστιν</span> <span class='ocrx_word' id='word_1_113' title='bbox 632 1692 1091 1762; x_wconf 80' lang='grc' dir='ltr'>νεωτεριζόντων.</span> <span class='ocrx_word' id='word_1_114' title='bbox 1138 1690 1199 1745; x_wconf 81' lang='lat'><strong>&#39;0</strong></span> <span class='ocrx_word' id='word_1_115' title='bbox 1236 1697 1369 1760; x_wconf 82' lang='grc' dir='ltr'>γοῦν</span> <span class='ocrx_word' id='word_1_116' title='bbox 1426 1689 1796 1759; x_wconf 71' lang='grc' dir='ltr'>Ἀλέξανδρος,</span> <span class='ocrx_word' id='word_1_117' title='bbox 1847 1686 1992 1756; x_wconf 81' lang='grc' dir='ltr'>ὁρῶν</span> 
     </span>
    </p>
   </div>
   <div class='ocr_carea' id='block_1_18' title="bbox 424 1779 1993 1854">
    <p class='ocr_par' dir='ltr' id='par_1_18' title="bbox 424 1779 1993 1854">
     <span class='ocr_line' id='line_1_18' title="bbox 424 1779 1993 1854; baseline -0.005 -15"><span class='ocrx_word' id='word_1_118' title='bbox 424 1784 660 1847; x_wconf 83' lang='grc' dir='ltr'>πολλοὺς</span> <span class='ocrx_word' id='word_1_119' title='bbox 690 1782 800 1837; x_wconf 87' lang='grc' dir='ltr'><strong>τῶν</strong></span> <span class='ocrx_word' id='word_1_120' title='bbox 836 1782 1143 1854; x_wconf 76' lang='grc' dir='ltr'>τηνικαῦτα</span> <span class='ocrx_word' id='word_1_121' title='bbox 1166 1784 1223 1836; x_wconf 76' lang='grc' dir='ltr'><strong>εν</strong></span> <span class='ocrx_word' id='word_1_122' title='bbox 1258 1783 1499 1852; x_wconf 81' lang='grc' dir='ltr'>σχήματι</span> <span class='ocrx_word' id='word_1_123' title='bbox 1520 1779 1993 1849; x_wconf 79' lang='grc' dir='ltr'>σεμνότητοςτοὺς</span> 
     </span>
    </p>
   </div>
   <div class='ocr_carea' id='block_1_19' title="bbox 2103 580 3675 654">
    <p class='ocr_par' dir='ltr' id='par_1_19' title="bbox 2103 580 3675 654">
     <span class='ocr_line' id='line_1_19' title="bbox 2103 580 3675 654; baseline 0.003 -21"><span class='ocrx_word' id='word_1_124' title='bbox 2103 595 2297 650; x_wconf 83' lang='lat' dir='ltr'><strong>porum</strong></span> <span class='ocrx_word' id='word_1_125' title='bbox 2339 580 2778 637; x_wconf 88' lang='lat' dir='ltr'><strong>benevolentiam</strong></span> <span class='ocrx_word' id='word_1_126' title='bbox 2829 583 3001 637; x_wconf 82' lang='lat' dir='ltr'><strong>voluit</strong></span> <span class='ocrx_word' id='word_1_127' title='bbox 3058 602 3072 641; x_wconf 87' lang='lat'><strong>:</strong></span> <span class='ocrx_word' id='word_1_128' title='bbox 3121 592 3173 638; x_wconf 83' lang='lat' dir='ltr'><strong>ct</strong></span> <span class='ocrx_word' id='word_1_129' title='bbox 3217 585 3432 654; x_wconf 81' lang='lat' dir='ltr'><strong>culpam</strong></span> <span class='ocrx_word' id='word_1_130' title='bbox 3474 584 3675 653; x_wconf 71' lang='lat' dir='ltr'><strong>depre-</strong></span> 
     </span>
    </p>
   </div>
   <div class='ocr_carea' id='block_1_20' title="bbox 2103 671 3672 745">
    <p class='ocr_par' dir='ltr' id='par_1_20' title="bbox 2103 671 3672 745">
     <span class='ocr_line' id='line_1_20' title="bbox 2103 671 3672 745; baseline 0.003 -21"><span class='ocrx_word' id='word_1_131' title='bbox 2103 686 2258 739; x_wconf 80' lang='lat' dir='ltr'><strong>cans,</strong></span> <span class='ocrx_word' id='word_1_132' title='bbox 2293 672 2361 727; x_wconf 87' lang='lat' dir='ltr'><strong>de</strong></span> <span class='ocrx_word' id='word_1_133' title='bbox 2394 671 2501 727; x_wconf 80' lang='lat' dir='ltr'><strong>ﬁde</strong></span> <span class='ocrx_word' id='word_1_134' title='bbox 2539 688 2636 728; x_wconf 87' lang='lat' dir='ltr'><strong>sua</strong></span> <span class='ocrx_word' id='word_1_135' title='bbox 2671 673 2736 727; x_wconf 88' lang='lat' dir='ltr'><strong>ad</strong></span> <span class='ocrx_word' id='word_1_136' title='bbox 2770 689 2867 729; x_wconf 89' lang='lat' dir='ltr'><strong>eos</strong></span> <span class='ocrx_word' id='word_1_137' title='bbox 2899 676 3142 745; x_wconf 80' lang='lat' dir='ltr'><strong>scripsit,</strong></span> <span class='ocrx_word' id='word_1_138' title='bbox 3185 676 3457 743; x_wconf 75' lang='lat' dir='ltr'><strong>simulque</strong></span> <span class='ocrx_word' id='word_1_139' title='bbox 3493 676 3672 744; x_wconf 64' lang='lat' dir='ltr'><strong>petiit.</strong></span> 
     </span>
    </p>
   </div>
   <div class='ocr_carea' id='block_1_21' title="bbox 2103 764 3673 837">
    <p class='ocr_par' dir='ltr' id='par_1_21' title="bbox 2103 764 3673 837">
     <span class='ocr_line' id='line_1_21' title="bbox 2103 764 3673 837; baseline 0.003 -20"><span class='ocrx_word' id='word_1_140' title='bbox 2103 764 2147 817; x_wconf 88' lang='lat' dir='ltr'><strong>si</strong></span> <span class='ocrx_word' id='word_1_141' title='bbox 2177 773 2327 821; x_wconf 89' lang='lat' dir='ltr'><strong>recte</strong></span> <span class='ocrx_word' id='word_1_142' title='bbox 2361 764 2581 832; x_wconf 79' lang='lat' dir='ltr'><strong>quidem</strong></span> <span class='ocrx_word' id='word_1_143' title='bbox 2634 766 2909 833; x_wconf 72' lang='lat' dir='ltr'><strong>c’l&#39;ederet,</strong></span> <span class='ocrx_word' id='word_1_144' title='bbox 2971 777 3030 820; x_wconf 88' lang='lat' dir='ltr'><strong>ut</strong></span> <span class='ocrx_word' id='word_1_145' title='bbox 3079 778 3134 820; x_wconf 86' lang='lat' dir='ltr'><strong>et</strong></span> <span class='ocrx_word' id='word_1_146' title='bbox 3193 767 3296 837; x_wconf 85' lang='lat' dir='ltr'><strong>ipsi</strong></span> <span class='ocrx_word' id='word_1_147' title='bbox 3341 770 3673 822; x_wconf 71' lang='lat' dir='ltr'><strong>auctoritate</strong></span> 
     </span>
    </p>
   </div>
   <div class='ocr_carea' id='block_1_22' title="bbox 2103 857 3673 928">
    <p class='ocr_par' dir='ltr' id='par_1_22' title="bbox 2103 857 3673 928">
     <span class='ocr_line' id='line_1_22' title="bbox 2103 857 3673 928; baseline 0.002 -18"><span class='ocrx_word' id='word_1_148' title='bbox 2103 870 2200 910; x_wconf 90' lang='lat' dir='ltr'><strong>sua</strong></span> <span class='ocrx_word' id='word_1_149' title='bbox 2238 857 2289 911; x_wconf 88' lang='lat' dir='ltr'><strong>id</strong></span> <span class='ocrx_word' id='word_1_150' title='bbox 2319 857 2732 923; x_wconf 78' lang='lat' dir='ltr'><strong>conﬁrmarent,</strong></span> <span class='ocrx_word' id='word_1_151' title='bbox 2774 867 2829 912; x_wconf 91' lang='lat' dir='ltr'><strong>et</strong></span> <span class='ocrx_word' id='word_1_152' title='bbox 2855 858 3167 913; x_wconf 84' lang='lat' dir='ltr'><strong>Alexandro</strong></span> <span class='ocrx_word' id='word_1_153' title='bbox 3197 874 3265 913; x_wconf 90' lang='lat' dir='ltr'><strong>ne</strong></span> <span class='ocrx_word' id='word_1_154' title='bbox 3295 858 3397 913; x_wconf 88' lang='lat' dir='ltr'><strong>sibi</strong></span> <span class='ocrx_word' id='word_1_155' title='bbox 3444 860 3673 928; x_wconf 87' lang='lat' dir='ltr'><strong>suisque</strong></span> 
     </span>
    </p>
   </div>
   <div class='ocr_carea' id='block_1_23' title="bbox 2101 947 3674 1018">
    <p class='ocr_par' dir='ltr' id='par_1_23' title="bbox 2101 947 3674 1018">
     <span class='ocr_line' id='line_1_23' title="bbox 2101 947 3674 1018; baseline 0.001 -16"><span class='ocrx_word' id='word_1_156' title='bbox 2101 947 2407 1002; x_wconf 76' lang='lat' dir='ltr'><strong>molestiam</strong></span> <span class='ocrx_word' id='word_1_157' title='bbox 2438 949 2747 1013; x_wconf 79' lang='lat' dir='ltr'><strong>exhiberet,</strong></span> <span class='ocrx_word' id='word_1_158' title='bbox 2785 949 3159 1015; x_wconf 61' lang='lat' dir='ltr'><strong>significarent</strong></span> <span class='ocrx_word' id='word_1_159' title='bbox 3199 968 3214 1010; x_wconf 87' lang='lat'><strong>:</strong></span> <span class='ocrx_word' id='word_1_160' title='bbox 3247 953 3330 1006; x_wconf 89' lang='lat' dir='ltr'><strong>sin</strong></span> <span class='ocrx_word' id='word_1_161' title='bbox 3374 952 3578 1018; x_wconf 87' lang='lat' dir='ltr'><strong>minus,</strong></span> <span class='ocrx_word' id='word_1_162' title='bbox 3616 962 3674 1008; x_wconf 91' lang='lat' dir='ltr'><strong>ut</strong></span> 
     </span>
    </p>
   </div>
   <div class='ocr_carea' id='block_1_24' title="bbox 2103 1041 3673 1110">
    <p class='ocr_par' dir='ltr' id='par_1_24' title="bbox 2103 1041 3673 1110">
     <span class='ocr_line' id='line_1_24' title="bbox 2103 1041 3673 1110; baseline 0.003 -16"><span class='ocrx_word' id='word_1_163' title='bbox 2103 1041 2564 1110; x_wconf 82' lang='lat' dir='ltr'><strong>quemadmodum</strong></span> <span class='ocrx_word' id='word_1_164' title='bbox 2616 1043 2953 1097; x_wconf 84' lang='lat' dir='ltr'><strong>credendum</strong></span> <span class='ocrx_word' id='word_1_165' title='bbox 3003 1053 3169 1106; x_wconf 83' lang='lat' dir='ltr'><strong>esset.</strong></span> <span class='ocrx_word' id='word_1_166' title='bbox 3211 1044 3313 1100; x_wconf 89' lang='lat' dir='ltr'><strong>rite</strong></span> <span class='ocrx_word' id='word_1_167' title='bbox 3358 1045 3673 1099; x_wconf 78' lang='lat' dir='ltr'><strong>doceretur.</strong></span> 
     </span>
    </p>
   </div>
   <div class='ocr_carea' id='block_1_25' title="bbox 2055 1132 3674 1208">
    <p class='ocr_par' dir='ltr' id='par_1_25' title="bbox 2055 1132 3674 1208">
     <span class='ocr_line' id='line_1_25' title="bbox 2055 1132 3674 1208; baseline 0.004 -21"><span class='ocrx_word' id='word_1_168' title='bbox 2055 1132 2069 1145; x_wconf 81' lang='grc'><strong>⁸</strong></span> <span class='ocrx_word' id='word_1_169' title='bbox 2101 1134 2215 1190; x_wconf 87' lang='lat' dir='ltr'><strong>Nec</strong></span> <span class='ocrx_word' id='word_1_170' title='bbox 2242 1151 2436 1204; x_wconf 88' lang='lat' dir='ltr'><strong>parum</strong></span> <span class='ocrx_word' id='word_1_171' title='bbox 2472 1151 2536 1190; x_wconf 86' lang='lat' dir='ltr'><strong>ea</strong></span> <span class='ocrx_word' id='word_1_172' title='bbox 2571 1151 2659 1190; x_wconf 88' lang='lat' dir='ltr'><strong>res</strong></span> <span class='ocrx_word' id='word_1_173' title='bbox 2690 1137 2807 1190; x_wconf 81' lang='lat' dir='ltr'><strong>Arii</strong></span> <span class='ocrx_word' id='word_1_174' title='bbox 2841 1137 3089 1206; x_wconf 83' lang='lat' dir='ltr'><strong>partibus</strong></span> <span class='ocrx_word' id='word_1_175' title='bbox 3137 1139 3365 1208; x_wconf 78' lang='lat' dir='ltr'><strong>profuit.</strong></span> <span class='ocrx_word' id='word_1_176' title='bbox 3405 1138 3674 1205; x_wconf 75' lang='lat' dir='ltr'><strong>Opinione</strong></span> 
     </span>
    </p>
   </div>
   <div class='ocr_carea' id='block_1_26' title="bbox 2101 1229 3670 1304">
    <p class='ocr_par' dir='ltr' id='par_1_26' title="bbox 2101 1229 3670 1304">
     <span class='ocr_line' id='line_1_26' title="bbox 2101 1229 3670 1304; baseline 0.003 -21"><span class='ocrx_word' id='word_1_177' title='bbox 2101 1243 2337 1296; x_wconf 85' lang='lat' dir='ltr'><strong>namque</strong></span> <span class='ocrx_word' id='word_1_178' title='bbox 2369 1230 2463 1284; x_wconf 86' lang='lat' dir='ltr'><strong>tali</strong></span> <span class='ocrx_word' id='word_1_179' title='bbox 2499 1229 2705 1300; x_wconf 87' lang='lat' dir='ltr'><strong>ubique</strong></span> <span class='ocrx_word' id='word_1_180' title='bbox 2756 1233 2871 1285; x_wconf 82' lang='lat' dir='ltr'><strong>fere</strong></span> <span class='ocrx_word' id='word_1_181' title='bbox 2912 1233 3059 1301; x_wconf 86' lang='lat' dir='ltr'><strong>apud</strong></span> <span class='ocrx_word' id='word_1_182' title='bbox 3106 1234 3393 1302; x_wconf 79' lang='lat' dir='ltr'><strong>episcopos</strong></span> <span class='ocrx_word' id='word_1_183' title='bbox 3433 1234 3670 1304; x_wconf 81' lang='lat' dir='ltr'><strong>vulgata.</strong></span> 
     </span>
    </p>
   </div>
   <div class='ocr_carea' id='block_1_27' title="bbox 2100 1321 3667 1396">
    <p class='ocr_par' dir='ltr' id='par_1_27' title="bbox 2100 1321 3667 1396">
     <span class='ocr_line' id='line_1_27' title="bbox 2100 1321 3667 1396; baseline 0.003 -22"><span class='ocrx_word' id='word_1_184' title='bbox 2100 1321 2409 1375; x_wconf 86' lang='lat' dir='ltr'><strong>communis</strong></span> <span class='ocrx_word' id='word_1_185' title='bbox 2439 1323 2683 1376; x_wconf 89' lang='lat' dir='ltr'><strong>omnium</strong></span> <span class='ocrx_word' id='word_1_186' title='bbox 2728 1324 2794 1376; x_wconf 87' lang='lat' dir='ltr'><strong>de</strong></span> <span class='ocrx_word' id='word_1_187' title='bbox 2831 1339 2898 1377; x_wconf 91' lang='lat' dir='ltr'><strong>eo</strong></span> <span class='ocrx_word' id='word_1_188' title='bbox 2925 1327 3157 1393; x_wconf 72' lang='lat' dir='ltr'><strong>qtttestio</strong></span> <span class='ocrx_word' id='word_1_189' title='bbox 3195 1325 3316 1379; x_wconf 84' lang='lat' dir='ltr'><strong>luit.</strong></span> <span class='ocrx_word' id='word_1_190' title='bbox 3356 1326 3544 1396; x_wconf 85' lang='lat' dir='ltr'><strong>Itaque</strong></span> <span class='ocrx_word' id='word_1_191' title='bbox 3576 1327 3667 1381; x_wconf 90' lang='lat' dir='ltr'><strong>alii</strong></span> 
     </span>
    </p>
   </div>
   <div class='ocr_carea' id='block_1_28' title="bbox 2100 1413 3670 1488">
    <p class='ocr_par' dir='ltr' id='par_1_28' title="bbox 2100 1413 3670 1488">
     <span class='ocr_line' id='line_1_28' title="bbox 2100 1413 3670 1488; baseline 0.004 -21"><span class='ocrx_word' id='word_1_192' title='bbox 2100 1413 2167 1467; x_wconf 91' lang='lat' dir='ltr'><strong>ad</strong></span> <span class='ocrx_word' id='word_1_193' title='bbox 2238 1413 2608 1468; x_wconf 78' lang='lat' dir='ltr'><strong>Alexandrum</strong></span> <span class='ocrx_word' id='word_1_194' title='bbox 2666 1416 3052 1485; x_wconf 80' lang='lat' dir='ltr'><strong>scripserunt.</strong></span> <span class='ocrx_word' id='word_1_195' title='bbox 3108 1433 3455 1488; x_wconf 80' lang='lat' dir='ltr'><strong>nequaquam</strong></span> <span class='ocrx_word' id='word_1_196' title='bbox 3518 1419 3670 1487; x_wconf 85' lang='lat' dir='ltr'><strong>prius</strong></span> 
     </span>
    </p>
   </div>
   <div class='ocr_carea' id='block_1_29' title="bbox 2100 1504 3675 1579">
    <p class='ocr_par' dir='ltr' id='par_1_29' title="bbox 2100 1504 3675 1579">
     <span class='ocr_line' id='line_1_29' title="bbox 2100 1504 3675 1579; baseline 0.004 -22"><span class='ocrx_word' id='word_1_197' title='bbox 2100 1504 2292 1559; x_wconf 86' lang='lat' dir='ltr'><strong>Arium</strong></span> <span class='ocrx_word' id='word_1_198' title='bbox 2323 1506 2700 1575; x_wconf 89' lang='lat' dir='ltr'><strong>recipiendum</strong></span> <span class='ocrx_word' id='word_1_199' title='bbox 2742 1522 2861 1563; x_wconf 86' lang='lat' dir='ltr'><strong>esse</strong></span> <span class='ocrx_word' id='word_1_200' title='bbox 2887 1522 3049 1578; x_wconf 89' lang='lat' dir='ltr'><strong>quam</strong></span> <span class='ocrx_word' id='word_1_201' title='bbox 3086 1509 3392 1565; x_wconf 88' lang='lat' dir='ltr'><strong>solenniter</strong></span> <span class='ocrx_word' id='word_1_202' title='bbox 3423 1509 3675 1579; x_wconf 74' lang='grc' dir='ltr'>ιιιιιεριιε·</span> 
     </span>
    </p>
   </div>
   <div class='ocr_carea' id='block_1_30' title="bbox 2101 1597 3672 1666">
    <p class='ocr_par' dir='ltr' id='par_1_30' title="bbox 2101 1597 3672 1666">
     <span class='ocr_line' id='line_1_30' title="bbox 2101 1597 3672 1666; baseline 0.003 -16"><span class='ocrx_word' id='word_1_203' title='bbox 2101 1597 2222 1652; x_wconf 73' lang='lat' dir='ltr'><strong>mia:</strong></span> <span class='ocrx_word' id='word_1_204' title='bbox 2251 1613 2364 1653; x_wconf 69' lang='lat' dir='ltr'><strong>sua:</strong></span> <span class='ocrx_word' id='word_1_205' title='bbox 2392 1599 2650 1653; x_wconf 89' lang='lat' dir='ltr'><strong>nuntium</strong></span> <span class='ocrx_word' id='word_1_206' title='bbox 2686 1600 3028 1666; x_wconf 86' lang='lat' dir='ltr'><strong>remisisset,</strong></span> <span class='ocrx_word' id='word_1_207' title='bbox 3062 1602 3155 1655; x_wconf 87' lang='lat' dir='ltr'><strong>alii</strong></span> <span class='ocrx_word' id='word_1_208' title='bbox 3191 1610 3380 1656; x_wconf 88' lang='lat' dir='ltr'><strong>contra</strong></span> <span class='ocrx_word' id='word_1_209' title='bbox 3422 1602 3579 1657; x_wconf 90' lang='lat' dir='ltr'><strong>illum</strong></span> <span class='ocrx_word' id='word_1_210' title='bbox 3611 1609 3672 1656; x_wconf 85' lang='lat' dir='ltr'><strong>ut</strong></span> 
     </span>
    </p>
   </div>
   <div class='ocr_carea' id='block_1_31' title="bbox 2101 1688 3675 1763">
    <p class='ocr_par' dir='ltr' id='par_1_31' title="bbox 2101 1688 3675 1763">
     <span class='ocr_line' id='line_1_31' title="bbox 2101 1688 3675 1763; baseline 0.003 -21"><span class='ocrx_word' id='word_1_211' title='bbox 2101 1688 2249 1758; x_wconf 90' lang='lat' dir='ltr'><strong>pium</strong></span> <span class='ocrx_word' id='word_1_212' title='bbox 2277 1700 2332 1744; x_wconf 89' lang='lat' dir='ltr'><strong>et</strong></span> <span class='ocrx_word' id='word_1_213' title='bbox 2368 1690 2504 1744; x_wconf 88' lang='lat' dir='ltr'><strong>nihil</strong></span> <span class='ocrx_word' id='word_1_214' title='bbox 2537 1689 2589 1744; x_wconf 89' lang='lat' dir='ltr'><strong>in</strong></span> <span class='ocrx_word' id='word_1_215' title='bbox 2621 1688 2745 1745; x_wconf 76' lang='lat' dir='ltr'><strong>ﬁdci</strong></span> <span class='ocrx_word' id='word_1_216' title='bbox 2771 1691 3019 1747; x_wconf 84' lang='lat' dir='ltr'><strong>doctrina</strong></span> <span class='ocrx_word' id='word_1_217' title='bbox 3053 1701 3344 1747; x_wconf 86' lang='lat' dir='ltr'><strong>novantem</strong></span> <span class='ocrx_word' id='word_1_218' title='bbox 3373 1693 3557 1763; x_wconf 90' lang='lat' dir='ltr'><strong>potius</strong></span> <span class='ocrx_word' id='word_1_219' title='bbox 3579 1694 3675 1747; x_wconf 84' lang='lat' dir='ltr'><strong>de-</strong></span> 
     </span>
    </p>
   </div>
   <div class='ocr_carea' id='block_1_32' title="bbox 2101 1780 3671 1853">
    <p class='ocr_par' dir='ltr' id='par_1_32' title="bbox 2101 1780 3671 1853">
     <span class='ocr_line' id='line_1_32' title="bbox 2101 1780 3671 1853; baseline 0.004 -19"><span class='ocrx_word' id='word_1_220' title='bbox 2101 1780 2413 1837; x_wconf 76' lang='lat' dir='ltr'><strong>fenderunt.</strong></span> <span class='ocrx_word' id='word_1_221' title='bbox 2452 1782 2761 1838; x_wconf 75' lang='lat' dir='ltr'><strong>Alexander</strong></span> <span class='ocrx_word' id='word_1_222' title='bbox 2792 1799 2979 1853; x_wconf 88' lang='lat' dir='ltr'><strong>porro,</strong></span> <span class='ocrx_word' id='word_1_223' title='bbox 3008 1802 3132 1839; x_wconf 90' lang='lat' dir='ltr'><strong>cum</strong></span> <span class='ocrx_word' id='word_1_224' title='bbox 3171 1798 3425 1841; x_wconf 89' lang='lat' dir='ltr'><strong>cerneret</strong></span> <span class='ocrx_word' id='word_1_225' title='bbox 3468 1787 3671 1840; x_wconf 88' lang='lat' dir='ltr'><strong>multos</strong></span> 
     </span>
    </p>
   </div>
   <div class='ocr_carea' id='block_1_33' title="bbox 423 1856 1991 1945">
    <p class='ocr_par' dir='ltr' id='par_1_33' title="bbox 423 1867 1991 1944">
     <span class='ocr_line' id='line_1_33' title="bbox 423 1867 1991 1944; baseline -0.006 -17"><span class='ocrx_word' id='word_1_226' title='bbox 423 1880 550 1944; x_wconf 78' lang='grc' dir='ltr'>περὶ</span> <span class='ocrx_word' id='word_1_227' title='bbox 590 1871 814 1944; x_wconf 79' lang='grc' dir='ltr'>Ἀρειον</span> <span class='ocrx_word' id='word_1_228' title='bbox 847 1869 1559 1942; x_wconf 73' lang='grc' dir='ltr'>συλλαμϐανομένους,,καὶ</span> <span class='ocrx_word' id='word_1_229' title='bbox 1587 1867 1779 1930; x_wconf 79' lang='grc' dir='ltr'>ἄλλους</span> <span class='ocrx_word' id='word_1_230' title='bbox 1814 1868 1991 1936; x_wconf 86' lang='grc' dir='ltr'>διερε-</span> 
     </span>
    </p>
   </div>
   <div class='ocr_carea' id='block_1_34' title="bbox 2093 1856 3671 1945">
    <p class='ocr_par' dir='ltr' id='par_1_34' title="bbox 2100 1873 3671 1945">
     <span class='ocr_line' id='line_1_34' title="bbox 2100 1873 3671 1945; baseline 0.004 -21"><span class='ocrx_word' id='word_1_231' title='bbox 2100 1878 2239 1938; x_wconf 90' lang='lat' dir='ltr'><strong>tum,</strong></span> <span class='ocrx_word' id='word_1_232' title='bbox 2273 1887 2373 1941; x_wconf 88' lang='lat' dir='ltr'><strong>per</strong></span> <span class='ocrx_word' id='word_1_233' title='bbox 2407 1873 2648 1942; x_wconf 85' lang='lat' dir='ltr'><strong>speciem</strong></span> <span class='ocrx_word' id='word_1_234' title='bbox 2682 1875 3059 1930; x_wconf 82' lang='lat' dir='ltr'><strong>sanctimoniae</strong></span> <span class='ocrx_word' id='word_1_235' title='bbox 3092 1887 3147 1931; x_wconf 87' lang='lat' dir='ltr'><strong>ct</strong></span> <span class='ocrx_word' id='word_1_236' title='bbox 3177 1877 3483 1945; x_wconf 71' lang='lat' dir='ltr'><strong>gravitatis,</strong></span> <span class='ocrx_word' id='word_1_237' title='bbox 3518 1879 3671 1931; x_wconf 78' lang='lat' dir='ltr'><strong>Aria-</strong></span> 
     </span>
    </p>
   </div>
   <div class='ocr_carea' id='block_1_35' title="bbox 424 1960 1991 2034">
    <p class='ocr_par' dir='ltr' id='par_1_35' title="bbox 424 1960 1991 2034">
     <span class='ocr_line' id='line_1_35' title="bbox 424 1960 1991 2034; baseline -0.003 -18"><span class='ocrx_word' id='word_1_238' title='bbox 424 1963 700 2028; x_wconf 78' lang='grc' dir='ltr'>οίζοντας,</span> <span class='ocrx_word' id='word_1_239' title='bbox 740 1961 1100 2034; x_wconf 78' lang='grc' dir='ltr'>Ἀλέξανδρον</span> <span class='ocrx_word' id='word_1_240' title='bbox 1136 1960 1347 2015; x_wconf 88' lang='grc' dir='ltr'>πείθειν</span> <span class='ocrx_word' id='word_1_241' title='bbox 1370 1960 1715 2032; x_wconf 72' lang='grc' dir='ltr'>εἰσδέχεσθαι</span> <span class='ocrx_word' id='word_1_242' title='bbox 1746 1961 1991 2030; x_wconf 81' lang='grc' dir='ltr'>Ἀρειον,</span> 
     </span>
    </p>
   </div>
   <div class='ocr_carea' id='block_1_36' title="bbox 426 2052 1994 2126">
    <p class='ocr_par' dir='ltr' id='par_1_36' title="bbox 426 2052 1994 2126">
     <span class='ocr_line' id='line_1_36' title="bbox 426 2052 1994 2126; baseline -0.003 -17"><span class='ocrx_word' id='word_1_243' title='bbox 426 2057 521 2110; x_wconf 76' lang='grc' dir='ltr'>καὶ</span> <span class='ocrx_word' id='word_1_244' title='bbox 553 2054 797 2126; x_wconf 80' lang='grc' dir='ltr'>μάλιστα</span> <span class='ocrx_word' id='word_1_245' title='bbox 826 2055 922 2108; x_wconf 62' lang='grc' dir='ltr'>τὶν</span> <span class='ocrx_word' id='word_1_246' title='bbox 979 2054 1357 2124; x_wconf 80' lang='grc' dir='ltr'>Νικομηδείας</span> <span class='ocrx_word' id='word_1_247' title='bbox 1393 2054 1679 2118; x_wconf 78' lang='grc' dir='ltr'>Εὑσέὸιον,</span> <span class='ocrx_word' id='word_1_248' title='bbox 1712 2053 1879 2125; x_wconf 79' lang='grc' dir='ltr'>ἄνδρα</span> <span class='ocrx_word' id='word_1_249' title='bbox 1909 2052 1994 2105; x_wconf 74' lang='grc' dir='ltr'><strong>ὲ).-</strong></span> 
     </span>
    </p>
   </div>
   <div class='ocr_carea' id='block_1_37' title="bbox 426 2145 1996 2218">
    <p class='ocr_par' dir='ltr' id='par_1_37' title="bbox 426 2145 1996 2218">
     <span class='ocr_line' id='line_1_37' title="bbox 426 2145 1996 2218; baseline -0.001 -19"><span class='ocrx_word' id='word_1_250' title='bbox 426 2147 675 2217; x_wconf 79' lang='grc' dir='ltr'>λόγιμον,</span> <span class='ocrx_word' id='word_1_251' title='bbox 736 2147 1009 2218; x_wconf 75' lang='grc' dir='ltr'>ἑκατέραν</span> <span class='ocrx_word' id='word_1_252' title='bbox 1054 2164 1117 2201; x_wconf 89' lang='grc' dir='ltr'><strong>τε</strong></span> <span class='ocrx_word' id='word_1_253' title='bbox 1159 2145 1410 2201; x_wconf 84' lang='grc' dir='ltr'>παιδείαν</span> <span class='ocrx_word' id='word_1_254' title='bbox 1463 2148 1543 2210; x_wconf 88' lang='grc' dir='ltr'><strong>είς</strong></span> <span class='ocrx_word' id='word_1_255' title='bbox 1605 2147 1772 2216; x_wconf 79' lang='grc' dir='ltr'>ἄκρον</span> <span class='ocrx_word' id='word_1_256' title='bbox 1823 2146 1996 2217; x_wconf 82' lang='grc' dir='ltr'>ἀσκή-</span> 
     </span>
    </p>
   </div>
   <div class='ocr_carea' id='block_1_38' title="bbox 426 2237 1993 2310">
    <p class='ocr_par' dir='ltr' id='par_1_38' title="bbox 426 2237 1993 2310">
     <span class='ocr_line' id='line_1_38' title="bbox 426 2237 1993 2310; baseline -0.001 -18"><span class='ocrx_word' id='word_1_257' title='bbox 426 2256 621 2303; x_wconf 73' lang='grc' dir='ltr'>σκντα,</span> <span class='ocrx_word' id='word_1_258' title='bbox 652 2239 822 2310; x_wconf 76' lang='grc' dir='ltr'>τιμῆς</span> <span class='ocrx_word' id='word_1_259' title='bbox 860 2257 921 2294; x_wconf 91' lang='grc' dir='ltr'><strong>τε</strong></span> <span class='ocrx_word' id='word_1_260' title='bbox 944 2238 1212 2310; x_wconf 81' lang='grc' dir='ltr'>πλείστης</span> <span class='ocrx_word' id='word_1_261' title='bbox 1248 2243 1305 2293; x_wconf 81' lang='grc' dir='ltr'>ἐν</span> <span class='ocrx_word' id='word_1_262' title='bbox 1332 2240 1447 2301; x_wconf 89' lang='grc' dir='ltr'>τοῖς</span> <span class='ocrx_word' id='word_1_263' title='bbox 1481 2237 1776 2309; x_wconf 78' lang='grc' dir='ltr'>βασιλείοις</span> <span class='ocrx_word' id='word_1_264' title='bbox 1806 2237 1993 2308; x_wconf 83' lang='grc' dir='ltr'>εὐμοι-</span> 
     </span>
    </p>
   </div>
   <div class='ocr_carea' id='block_1_39' title="bbox 426 2333 1995 2406">
    <p class='ocr_par' dir='ltr' id='par_1_39' title="bbox 426 2333 1995 2406">
     <span class='ocr_line' id='line_1_39' title="bbox 426 2333 1995 2406; baseline -0.003 -20"><span class='ocrx_word' id='word_1_265' title='bbox 426 2333 646 2404; x_wconf 84' lang='grc' dir='ltr'>ροῦντα,</span> <span class='ocrx_word' id='word_1_266' title='bbox 692 2334 823 2403; x_wconf 79' lang='grc' dir='ltr'>περὶ</span> <span class='ocrx_word' id='word_1_267' title='bbox 861 2333 973 2404; x_wconf 75' lang='grc' dir='ltr'>γάρ</span> <span class='ocrx_word' id='word_1_268' title='bbox 1000 2334 1101 2404; x_wconf 81' lang='grc' dir='ltr'><strong>τὴν</strong></span> <span class='ocrx_word' id='word_1_269' title='bbox 1138 2333 1514 2406; x_wconf 78' lang='grc' dir='ltr'>Νικομήδειαν</span> <span class='ocrx_word' id='word_1_270' title='bbox 1539 2335 1586 2386; x_wconf 85' lang='grc' dir='ltr'>οἱ</span> <span class='ocrx_word' id='word_1_271' title='bbox 1618 2333 1725 2403; x_wconf 75' lang='grc' dir='ltr'>πρὸ</span> <span class='ocrx_word' id='word_1_272' title='bbox 1770 2334 1995 2400; x_wconf 87' lang='grc' dir='ltr'>Διοκλη-</span> 
     </span>
    </p>
   </div>
   <div class='ocr_carea' id='block_1_40' title="bbox 422 2422 1994 2498">
    <p class='ocr_par' dir='ltr' id='par_1_40' title="bbox 422 2422 1994 2498">
     <span class='ocr_line' id='line_1_40' title="bbox 422 2422 1994 2498; baseline -0.001 -20"><span class='ocrx_word' id='word_1_273' title='bbox 422 2425 607 2479; x_wconf 76' lang='grc' dir='ltr'>τισινοῦ</span> <span class='ocrx_word' id='word_1_274' title='bbox 679 2426 778 2493; x_wconf 75' lang='grc' dir='ltr'>τὴν</span> <span class='ocrx_word' id='word_1_275' title='bbox 844 2426 1133 2498; x_wconf 75' lang='grc' dir='ltr'>διατριὸὴν</span> <span class='ocrx_word' id='word_1_276' title='bbox 1203 2422 1372 2496; x_wconf 76' lang='grc' dir='ltr'>εἶχον,</span> <span class='ocrx_word' id='word_1_277' title='bbox 1454 2424 1782 2495; x_wconf 86' lang='grc' dir='ltr'>διεγείρεται</span> <span class='ocrx_word' id='word_1_278' title='bbox 1824 2441 1838 2454; x_wconf 85' lang='grc'><strong>·</strong></span> <span class='ocrx_word' id='word_1_279' title='bbox 1897 2426 1994 2478; x_wconf 79' lang='grc' dir='ltr'>καὶ</span> 
     </span>
    </p>
   </div>
   <div class='ocr_carea' id='block_1_41' title="bbox 425 2515 1991 2590">
    <p class='ocr_par' dir='ltr' id='par_1_41' title="bbox 425 2515 1991 2590">
     <span class='ocr_line' id='line_1_41' title="bbox 425 2515 1991 2590; baseline -0.003 -19"><span class='ocrx_word' id='word_1_280' title='bbox 425 2517 585 2572; x_wconf 82' lang='grc' dir='ltr'>πάλιν</span> <span class='ocrx_word' id='word_1_281' title='bbox 609 2516 711 2571; x_wconf 81' lang='grc' dir='ltr'><strong>ούκ</strong></span> <span class='ocrx_word' id='word_1_282' title='bbox 731 2518 887 2590; x_wconf 75' lang='grc' dir='ltr'>ἀνῄει</span> <span class='ocrx_word' id='word_1_283' title='bbox 918 2519 1168 2588; x_wconf 79' lang='grc' dir='ltr'>γράφων,</span> <span class='ocrx_word' id='word_1_284' title='bbox 1208 2517 1283 2589; x_wconf 78' lang='grc' dir='ltr'>μὴ</span> <span class='ocrx_word' id='word_1_285' title='bbox 1322 2518 1405 2576; x_wconf 84' lang='grc' dir='ltr'><strong>είς</strong></span> <span class='ocrx_word' id='word_1_286' title='bbox 1466 2516 1758 2570; x_wconf 81' lang='grc' dir='ltr'>κοινωνίαν</span> <span class='ocrx_word' id='word_1_287' title='bbox 1796 2515 1991 2578; x_wconf 81' lang='grc' dir='ltr'>αὐτοὺς</span> 
     </span>
    </p>
   </div>
   <div class='ocr_carea' id='block_1_42' title="bbox 423 2606 1993 2681">
    <p class='ocr_par' dir='ltr' id='par_1_42' title="bbox 423 2606 1993 2681">
     <span class='ocr_line' id='line_1_42' title="bbox 423 2606 1993 2681; baseline -0.004 -17"><span class='ocrx_word' id='word_1_288' title='bbox 423 2610 677 2681; x_wconf 77' lang='grc' dir='ltr'>δέχεσθαι</span> <span class='ocrx_word' id='word_1_289' title='bbox 702 2627 717 2644; x_wconf 95' lang='grc'><strong>·</strong></span> <span class='ocrx_word' id='word_1_290' title='bbox 759 2611 883 2665; x_wconf 86' lang='grc' dir='ltr'>λίαν</span> <span class='ocrx_word' id='word_1_291' title='bbox 913 2611 971 2665; x_wconf 77' lang='grc' dir='ltr'>δὲ</span> <span class='ocrx_word' id='word_1_292' title='bbox 999 2610 1116 2673; x_wconf 89' lang='grc' dir='ltr'>τοῖς</span> <span class='ocrx_word' id='word_1_293' title='bbox 1147 2609 1443 2680; x_wconf 82' lang='grc' dir='ltr'>γράμμασι</span> <span class='ocrx_word' id='word_1_294' title='bbox 1476 2610 1570 2664; x_wconf 76' lang='grc' dir='ltr'><strong>καὶ</strong></span> <span class='ocrx_word' id='word_1_295' title='bbox 1613 2606 1709 2661; x_wconf 80' lang='grc' dir='ltr'>τοῦ</span> <span class='ocrx_word' id='word_1_296' title='bbox 1763 2607 1865 2677; x_wconf 82' lang='grc' dir='ltr'>τῆς</span> <span class='ocrx_word' id='word_1_297' title='bbox 1895 2606 1993 2658; x_wconf 80' lang='grc' dir='ltr'><strong>Νι-</strong></span> 
     </span>
    </p>
   </div>
   <div class='ocr_carea' id='block_1_43' title="bbox 424 2693 1993 2772">
    <p class='ocr_par' dir='ltr' id='par_1_43' title="bbox 424 2693 1993 2772">
     <span class='ocr_line' id='line_1_43' title="bbox 424 2693 1993 2772; baseline -0.002 -18"><span class='ocrx_word' id='word_1_298' title='bbox 424 2699 716 2770; x_wconf 85' lang='grc' dir='ltr'>κομηδείας</span> <span class='ocrx_word' id='word_1_299' title='bbox 749 2699 1011 2756; x_wconf 78' lang='grc' dir='ltr'>Εὐσεϐίου</span> <span class='ocrx_word' id='word_1_300' title='bbox 1034 2699 1385 2772; x_wconf 79' lang='grc' dir='ltr'>καθήπτετο·</span> <span class='ocrx_word' id='word_1_301' title='bbox 1416 2698 1453 2753; x_wconf 76' lang='grc' dir='ltr'>ἃ</span> <span class='ocrx_word' id='word_1_302' title='bbox 1485 2698 1541 2751; x_wconf 81' lang='grc' dir='ltr'>δὲ</span> <span class='ocrx_word' id='word_1_303' title='bbox 1565 2697 1833 2769; x_wconf 77' lang='grc' dir='ltr'>ἔγραφεν,</span> <span class='ocrx_word' id='word_1_304' title='bbox 1853 2693 1993 2769; x_wconf 81' lang='grc' dir='ltr'>ἦσαν</span> 
     </span>
    </p>
   </div>
   <div class='ocr_carea' id='block_1_44' title="bbox 426 2791 614 2847">
    <p class='ocr_par' dir='ltr' id='par_1_44' title="bbox 426 2791 614 2847">
     <span class='ocr_line' id='line_1_44' title="bbox 426 2791 614 2847; baseline 0.005 -1"><span class='ocrx_word' id='word_1_305' title='bbox 426 2791 614 2847; x_wconf 72' lang='grc' dir='ltr'>ταῦτα.</span> 
     </span>
    </p>
   </div>
   <div class='ocr_carea' id='block_1_45' title="bbox 1017 2995 1375 3053">
    <p class='ocr_par' dir='ltr' id='par_1_45' title="bbox 1017 2995 1375 3053">
     <span class='ocr_line' id='line_1_45' title="bbox 1017 2995 1375 3053; baseline 0.008 -3"><span class='ocrx_word' id='word_1_306' title='bbox 1017 2995 1269 3052; x_wconf 79' lang='grc' dir='ltr'><strong>ΚΕΦΑΔ.</strong></span> <span class='ocrx_word' id='word_1_307' title='bbox 1295 2999 1375 3053; x_wconf 83' lang='lat' dir='ltr'><strong>H’.</strong></span> 
     </span>
    </p>
   </div>
   <div class='ocr_carea' id='block_1_46' title="bbox 433 3091 1993 3161">
    <p class='ocr_par' dir='ltr' id='par_1_46' title="bbox 433 3091 1993 3161">
     <span class='ocr_line' id='line_1_46' title="bbox 433 3091 1993 3161; baseline -0.002 -13"><span class='ocrx_word' id='word_1_308' title='bbox 433 3094 641 3161; x_wconf 82' lang='grc' dir='ltr'>Ἑτέρα</span> <span class='ocrx_word' id='word_1_309' title='bbox 688 3092 984 3160; x_wconf 67' lang='grc' dir='ltr'>ἐπιστολὴ</span> <span class='ocrx_word' id='word_1_310' title='bbox 1030 3092 1136 3147; x_wconf 84' lang='grc' dir='ltr'>τοῦ</span> <span class='ocrx_word' id='word_1_311' title='bbox 1161 3094 1349 3148; x_wconf 80' lang='grc' dir='ltr'>αὐτοῦ</span> <span class='ocrx_word' id='word_1_312' title='bbox 1397 3091 1716 3159; x_wconf 78' lang='grc' dir='ltr'>καθολικὴ,</span> <span class='ocrx_word' id='word_1_313' title='bbox 1764 3093 1993 3155; x_wconf 79' lang='grc' dir='ltr'>ἀποκη-</span> 
     </span>
    </p>
   </div>
   <div class='ocr_carea' id='block_1_47' title="bbox 483 3163 2060 3247">
    <p class='ocr_par' dir='ltr' id='par_1_47' title="bbox 483 3163 2060 3247">
     <span class='ocr_line' id='line_1_47' title="bbox 483 3163 2060 3247; baseline 0.001 -32"><span class='ocrx_word' id='word_1_314' title='bbox 483 3164 819 3247; x_wconf 48' lang='grc' dir='ltr'>ρύττουεζα,</span> <span class='ocrx_word' id='word_1_315' title='bbox 854 3164 1143 3247; x_wconf 48' lang='grc' dir='ltr'><strong>’Ἄρειοις⁹</strong></span> <span class='ocrx_word' id='word_1_316' title='bbox 1169 3164 1589 3231; x_wconf 75' lang='grc' dir='ltr'>καθαπτομόνη</span> <span class='ocrx_word' id='word_1_317' title='bbox 1636 3164 1705 3216; x_wconf 77' lang='grc' dir='ltr'>δὲ</span> <span class='ocrx_word' id='word_1_318' title='bbox 1756 3164 1849 3215; x_wconf 78' lang='grc' dir='ltr'><strong>καί</strong></span> <span class='ocrx_word' id='word_1_319' title='bbox 1883 3163 1990 3217; x_wconf 83' lang='grc' dir='ltr'>τοῦ</span> <span class='ocrx_word' id='word_1_320' title='bbox 2017 3190 2060 3247; x_wconf 75' lang='lat' dir='ltr'>c</span> 
     </span>
    </p>
   </div>
   <div class='ocr_carea' id='block_1_48' title="bbox 491 3232 1239 3302">
    <p class='ocr_par' dir='ltr' id='par_1_48' title="bbox 491 3232 1239 3302">
     <span class='ocr_line' id='line_1_48' title="bbox 491 3232 1239 3302; baseline -0.001 -14"><span class='ocrx_word' id='word_1_321' title='bbox 491 3232 892 3302; x_wconf 82' lang='grc' dir='ltr'>Νικομηδείας</span> <span class='ocrx_word' id='word_1_322' title='bbox 918 3232 1239 3288; x_wconf 80' lang='grc' dir='ltr'>Εὐσεόίου.</span> 
     </span>
    </p>
   </div>
   <div class='ocr_carea' id='block_1_49' title="bbox 501 3346 1991 3419">
    <p class='ocr_par' dir='ltr' id='par_1_49' title="bbox 501 3346 1991 3419">
     <span class='ocr_line' id='line_1_49' title="bbox 501 3346 1991 3419; baseline -0.001 -18"><span class='ocrx_word' id='word_1_323' title='bbox 501 3348 661 3409; x_wconf 69' lang='grc' dir='ltr'>«Τοῖς</span> <span class='ocrx_word' id='word_1_324' title='bbox 683 3348 990 3419; x_wconf 82' lang='grc' dir='ltr'>ἀγαπητοῖς</span> <span class='ocrx_word' id='word_1_325' title='bbox 1032 3348 1128 3401; x_wconf 77' lang='grc' dir='ltr'>καὶ</span> <span class='ocrx_word' id='word_1_326' title='bbox 1167 3348 1525 3417; x_wconf 82' lang='grc' dir='ltr'>τιμιωτάτοις</span> <span class='ocrx_word' id='word_1_327' title='bbox 1555 3346 1991 3419; x_wconf 82' lang='grc' dir='ltr'>συλλειτουργοῖς</span> 
     </span>
    </p>
   </div>
   <div class='ocr_carea' id='block_1_50' title="bbox 422 3438 1992 3510">
    <p class='ocr_par' dir='ltr' id='par_1_50' title="bbox 422 3438 1992 3510">
     <span class='ocr_line' id='line_1_50' title="bbox 422 3438 1992 3510; baseline 0 -17"><span class='ocrx_word' id='word_1_328' title='bbox 422 3441 537 3503; x_wconf 83' lang='grc' dir='ltr'>τοῖς</span> <span class='ocrx_word' id='word_1_329' title='bbox 596 3438 920 3510; x_wconf 79' lang='grc' dir='ltr'>ἁπανταχοῦ</span> <span class='ocrx_word' id='word_1_330' title='bbox 959 3439 1061 3510; x_wconf 83' lang='grc' dir='ltr'>τῆς</span> <span class='ocrx_word' id='word_1_331' title='bbox 1095 3439 1396 3510; x_wconf 82' lang='grc' dir='ltr'>καθολικῆς</span> <span class='ocrx_word' id='word_1_332' title='bbox 1425 3438 1761 3510; x_wconf 84' lang='grc' dir='ltr'>Ἐκκλησίας</span> <span class='ocrx_word' id='word_1_333' title='bbox 1808 3440 1992 3506; x_wconf 75' lang='grc' dir='ltr'><strong>Ἀλέξ-</strong></span> 
     </span>
    </p>
   </div>
   <div class='ocr_carea' id='block_1_51' title="bbox 424 3528 1990 3604">
    <p class='ocr_par' dir='ltr' id='par_1_51' title="bbox 424 3528 1990 3604">
     <span class='ocr_line' id='line_1_51' title="bbox 424 3528 1990 3604; baseline 0.003 -22"><span class='ocrx_word' id='word_1_334' title='bbox 424 3529 618 3599; x_wconf 87' lang='grc' dir='ltr'>ανδρος</span> <span class='ocrx_word' id='word_1_335' title='bbox 642 3530 701 3583; x_wconf 75' lang='grc' dir='ltr'>ἔν</span> <span class='ocrx_word' id='word_1_336' title='bbox 735 3530 930 3601; x_wconf 80' lang='grc' dir='ltr'>Κυρίῳ</span> <span class='ocrx_word' id='word_1_337' title='bbox 957 3531 1199 3602; x_wconf 86' lang='grc' dir='ltr'>χαίρειν.</span> <span class='ocrx_word' id='word_1_338' title='bbox 1240 3528 1394 3595; x_wconf 86' lang='grc' dir='ltr'>Ἐνδς</span> <span class='ocrx_word' id='word_1_339' title='bbox 1427 3530 1681 3601; x_wconf 87' lang='grc' dir='ltr'>σώματος</span> <span class='ocrx_word' id='word_1_340' title='bbox 1711 3532 1863 3597; x_wconf 80' lang='grc' dir='ltr'>δντος</span> <span class='ocrx_word' id='word_1_341' title='bbox 1892 3535 1990 3604; x_wconf 77' lang='grc' dir='ltr'>τῆς</span> 
     </span>
    </p>
   </div>
   <div class='ocr_carea' id='block_1_52' title="bbox 424 3621 1992 3695">
    <p class='ocr_par' dir='ltr' id='par_1_52' title="bbox 424 3621 1992 3695">
     <span class='ocr_line' id='line_1_52' title="bbox 424 3621 1992 3695; baseline 0.004 -22"><span class='ocrx_word' id='word_1_342' title='bbox 424 3622 724 3689; x_wconf 85' lang='grc' dir='ltr'>καθολικῆς</span> <span class='ocrx_word' id='word_1_343' title='bbox 775 3621 1132 3692; x_wconf 72' lang='grc' dir='ltr'>Ἐκκλησίας,</span> <span class='ocrx_word' id='word_1_344' title='bbox 1184 3622 1406 3693; x_wconf 73' lang='grc' dir='ltr'>ἐντολῆς</span> <span class='ocrx_word' id='word_1_345' title='bbox 1443 3639 1504 3677; x_wconf 90' lang='grc' dir='ltr'><strong>τε</strong></span> <span class='ocrx_word' id='word_1_346' title='bbox 1543 3622 1710 3695; x_wconf 77' lang='grc' dir='ltr'>οὔσης</span> <span class='ocrx_word' id='word_1_347' title='bbox 1762 3626 1821 3681; x_wconf 69' lang='grc' dir='ltr'>ὲν</span> <span class='ocrx_word' id='word_1_348' title='bbox 1870 3628 1992 3689; x_wconf 85' lang='grc' dir='ltr'>ταῖς</span> 
     </span>
    </p>
   </div>
   <div class='ocr_carea' id='block_1_53' title="bbox 425 3699 1991 3787">
    <p class='ocr_par' dir='ltr' id='par_1_53' title="bbox 425 3699 1991 3787">
     <span class='ocr_line' id='line_1_53' title="bbox 425 3699 1991 3787; baseline 0.003 -21"><span class='ocrx_word' id='word_1_349' title='bbox 425 3713 601 3777; x_wconf 78' lang='grc' dir='ltr'>θείαις</span> <span class='ocrx_word' id='word_1_350' title='bbox 643 3715 889 3785; x_wconf 82' lang='grc' dir='ltr'>Γραφαῖς</span> <span class='ocrx_word' id='word_1_351' title='bbox 919 3717 1110 3787; x_wconf 84' lang='grc' dir='ltr'>τηρεῖν</span> <span class='ocrx_word' id='word_1_352' title='bbox 1131 3715 1225 3768; x_wconf 82' lang='grc' dir='ltr'>τὸν</span> <span class='ocrx_word' id='word_1_353' title='bbox 1255 3715 1555 3786; x_wconf 85' lang='grc' dir='ltr'>σύνδεσμον</span> <span class='ocrx_word' id='word_1_354' title='bbox 1597 3717 1699 3787; x_wconf 78' lang='grc' dir='ltr'>τῆς</span> <span class='ocrx_word' id='word_1_355' title='bbox 1737 3699 1991 3787; x_wconf 71' lang='grc' dir='ltr'>ὁμονοίας</span> 
     </span>
    </p>
   </div>
   <div class='ocr_carea' id='block_1_54' title="bbox 424 3806 1990 3879">
    <p class='ocr_par' dir='ltr' id='par_1_54' title="bbox 424 3806 1990 3879">
     <span class='ocr_line' id='line_1_54' title="bbox 424 3806 1990 3879; baseline 0.003 -21"><span class='ocrx_word' id='word_1_356' title='bbox 424 3806 519 3858; x_wconf 76' lang='grc' dir='ltr'>καὶ</span> <span class='ocrx_word' id='word_1_357' title='bbox 570 3806 823 3877; x_wconf 53' lang='grc' dir='ltr'>εἰρήνης,</span> <span class='ocrx_word' id='word_1_358' title='bbox 881 3806 1179 3860; x_wconf 74' lang='grc' dir='ltr'>ἀκόλουθόν</span> <span class='ocrx_word' id='word_1_359' title='bbox 1233 3808 1351 3860; x_wconf 71' lang='grc' dir='ltr'>ἐστι</span> <span class='ocrx_word' id='word_1_360' title='bbox 1401 3809 1638 3879; x_wconf 77' lang='grc' dir='ltr'>τράφειν</span> <span class='ocrx_word' id='word_1_361' title='bbox 1688 3811 1836 3878; x_wconf 79' lang='grc' dir='ltr'>ἡμᾶς</span> <span class='ocrx_word' id='word_1_362' title='bbox 1896 3812 1990 3862; x_wconf 78' lang='grc' dir='ltr'>καὶ</span> 
     </span>
    </p>
   </div>
   <div class='ocr_carea' id='block_1_55' title="bbox 424 3897 1985 3970">
    <p class='ocr_par' dir='ltr' id='par_1_55' title="bbox 424 3897 1985 3970">
     <span class='ocr_line' id='line_1_55' title="bbox 424 3897 1985 3970; baseline 0.004 -20"><span class='ocrx_word' id='word_1_363' title='bbox 424 3899 719 3967; x_wconf 81' lang='grc' dir='ltr'>σημαίνειν</span> <span class='ocrx_word' id='word_1_364' title='bbox 779 3897 1032 3969; x_wconf 76' lang='grc' dir='ltr'>ἀλλήλοις</span> <span class='ocrx_word' id='word_1_365' title='bbox 1079 3898 1145 3953; x_wconf 81' lang='grc' dir='ltr'>τὰ</span> <span class='ocrx_word' id='word_1_366' title='bbox 1192 3897 1325 3970; x_wconf 86' lang='grc' dir='ltr'>παρ’</span> <span class='ocrx_word' id='word_1_367' title='bbox 1369 3899 1622 3964; x_wconf 79' lang='grc' dir='ltr'>ἑκάστοις</span> <span class='ocrx_word' id='word_1_368' title='bbox 1685 3901 1985 3969; x_wconf 79' lang='grc' dir='ltr'>γινόμενα·</span> 
     </span>
    </p>
   </div>
   <div class='ocr_carea' id='block_1_56' title="bbox 423 3990 1990 4063">
    <p class='ocr_par' dir='ltr' id='par_1_56' title="bbox 423 3990 1990 4063">
     <span class='ocr_line' id='line_1_56' title="bbox 423 3990 1990 4063; baseline 0.001 -21"><span class='ocrx_word' id='word_1_369' title='bbox 423 3991 511 4042; x_wconf 68' lang='grc' dir='ltr'>ἵνα</span> <span class='ocrx_word' id='word_1_370' title='bbox 542 3992 655 4043; x_wconf 82' lang='grc' dir='ltr'>εἴτε</span> <span class='ocrx_word' id='word_1_371' title='bbox 688 3991 890 4061; x_wconf 81' lang='grc' dir='ltr'>πάσχει</span> <span class='ocrx_word' id='word_1_372' title='bbox 919 3991 1034 4044; x_wconf 82' lang='grc' dir='ltr'>εἴτε</span> <span class='ocrx_word' id='word_1_373' title='bbox 1064 3992 1246 4062; x_wconf 87' lang='grc' dir='ltr'>χαίρει</span> <span class='ocrx_word' id='word_1_374' title='bbox 1270 3990 1330 4047; x_wconf 80' lang='grc' dir='ltr'>ἒν</span> <span class='ocrx_word' id='word_1_375' title='bbox 1380 3992 1565 4062; x_wconf 80' lang='grc' dir='ltr'>μέλος,</span> <span class='ocrx_word' id='word_1_376' title='bbox 1595 3991 1628 4063; x_wconf 77' lang='grc' dir='ltr'><strong>ἢ</strong></span> <span class='ocrx_word' id='word_1_377' title='bbox 1657 3994 1990 4062; x_wconf 83' lang='grc' dir='ltr'>συμπάσχω-</span> 
     </span>
    </p>
   </div>
   <div class='ocr_carea' id='block_1_57' title="bbox 425 4081 1988 4154">
    <p class='ocr_par' dir='ltr' id='par_1_57' title="bbox 425 4081 1988 4154">
     <span class='ocr_line' id='line_1_57' title="bbox 425 4081 1988 4154; baseline 0 -21"><span class='ocrx_word' id='word_1_378' title='bbox 425 4098 525 4151; x_wconf 88' lang='grc' dir='ltr'><strong>μεν</strong></span> <span class='ocrx_word' id='word_1_379' title='bbox 559 4081 593 4149; x_wconf 78' lang='grc' dir='ltr'>ἦ</span> <span class='ocrx_word' id='word_1_380' title='bbox 659 4082 1054 4153; x_wconf 84' lang='grc' dir='ltr'>συγχαίρωμεν</span> <span class='ocrx_word' id='word_1_381' title='bbox 1116 4082 1388 4154; x_wconf 80' lang='grc' dir='ltr'>ἀλλήλοις.</span> <span class='ocrx_word' id='word_1_382' title='bbox 1458 4082 1551 4134; x_wconf 75' lang='grc' dir='ltr'>Ἐν</span> <span class='ocrx_word' id='word_1_383' title='bbox 1601 4085 1667 4153; x_wconf 82' lang='grc' dir='ltr'><strong>τῇ</strong></span> <span class='ocrx_word' id='word_1_384' title='bbox 1741 4083 1988 4153; x_wconf 66' lang='grc' dir='ltr'>ἡμετέρα</span> 
     </span>
    </p>
   </div>
   <div class='ocr_carea' id='block_1_58' title="bbox 427 4174 1988 4245">
    <p class='ocr_par' dir='ltr' id='par_1_58' title="bbox 427 4174 1988 4245">
     <span class='ocr_line' id='line_1_58' title="bbox 427 4174 1988 4245; baseline -0.001 -17"><span class='ocrx_word' id='word_1_385' title='bbox 427 4177 601 4229; x_wconf 79' lang='grc' dir='ltr'>τοίνυν</span> <span class='ocrx_word' id='word_1_386' title='bbox 628 4177 897 4245; x_wconf 77' lang='grc' dir='ltr'>παροικίᾳ</span> <span class='ocrx_word' id='word_1_387' title='bbox 923 4174 1150 4245; x_wconf 62' lang='grc' dir='ltr'>ἐξῆλθον</span> <span class='ocrx_word' id='word_1_388' title='bbox 1180 4174 1278 4228; x_wconf 86' lang='grc' dir='ltr'>νῦν</span> <span class='ocrx_word' id='word_1_389' title='bbox 1330 4174 1526 4245; x_wconf 79' lang='grc' dir='ltr'>ἄνδρες</span> <span class='ocrx_word' id='word_1_390' title='bbox 1555 4176 1868 4244; x_wconf 79' lang='grc' dir='ltr'>παράνομοι</span> <span class='ocrx_word' id='word_1_391' title='bbox 1895 4175 1988 4228; x_wconf 78' lang='grc' dir='ltr'><strong>καὶ</strong></span> 
     </span>
    </p>
   </div>
   <div class='ocr_carea' id='block_1_59' title="bbox 420 4265 1988 4336">
    <p class='ocr_par' dir='ltr' id='par_1_59' title="bbox 420 4265 1988 4336">
     <span class='ocr_line' id='line_1_59' title="bbox 420 4265 1988 4336; baseline -0.001 -16"><span class='ocrx_word' id='word_1_392' title='bbox 420 4266 823 4335; x_wconf 79' lang='grc' dir='ltr'>Χριστομάχοι,</span> <span class='ocrx_word' id='word_1_393' title='bbox 863 4266 1212 4329; x_wconf 75' lang='grc' dir='ltr'>διδάσκοντες</span> <span class='ocrx_word' id='word_1_394' title='bbox 1241 4265 1616 4319; x_wconf 81' lang='grc' dir='ltr'>ἀποστασίαν·</span> <span class='ocrx_word' id='word_1_395' title='bbox 1653 4265 1721 4336; x_wconf 73' lang='grc' dir='ltr'>ῆν</span> <span class='ocrx_word' id='word_1_396' title='bbox 1757 4266 1988 4328; x_wconf 83' lang='grc' dir='ltr'>είκότως</span> 
     </span>
    </p>
   </div>
   <div class='ocr_carea' id='block_1_60' title="bbox 420 4357 1987 4429">
    <p class='ocr_par' dir='ltr' id='par_1_60' title="bbox 420 4357 1987 4429">
     <span class='ocr_line' id='line_1_60' title="bbox 420 4357 1987 4429; baseline -0.001 -18"><span class='ocrx_word' id='word_1_397' title='bbox 420 4360 487 4412; x_wconf 78' lang='grc' dir='ltr'>ἂν</span> <span class='ocrx_word' id='word_1_398' title='bbox 521 4377 606 4422; x_wconf 86' lang='grc' dir='ltr'><strong>τις</strong></span> <span class='ocrx_word' id='word_1_399' title='bbox 665 4358 977 4429; x_wconf 82' lang='grc' dir='ltr'>πρόδρομον</span> <span class='ocrx_word' id='word_1_400' title='bbox 1031 4360 1127 4411; x_wconf 83' lang='grc' dir='ltr'>τοῦ</span> <span class='ocrx_word' id='word_1_401' title='bbox 1182 4357 1565 4428; x_wconf 65' lang='grc' dir='ltr'>ῗΑντιχρίστου</span> <span class='ocrx_word' id='word_1_402' title='bbox 1607 4360 1855 4428; x_wconf 86' lang='grc' dir='ltr'>νομίσειε</span> <span class='ocrx_word' id='word_1_403' title='bbox 1895 4358 1987 4429; x_wconf 57' lang='grc' dir='ltr'>καὶ</span> 
     </span>
    </p>
   </div>
   <div class='ocr_carea' id='block_1_61' title="bbox 420 4448 1985 4523">
    <p class='ocr_par' dir='ltr' id='par_1_61' title="bbox 420 4448 1985 4523">
     <span class='ocr_line' id='line_1_61' title="bbox 420 4448 1985 4523; baseline -0.001 -21"><span class='ocrx_word' id='word_1_404' title='bbox 420 4452 692 4504; x_wconf 79' lang='grc' dir='ltr'>καλέσειε.</span> <span class='ocrx_word' id='word_1_405' title='bbox 722 4452 832 4504; x_wconf 70' lang='grc' dir='ltr'><strong>Καὶ</strong></span> <span class='ocrx_word' id='word_1_406' title='bbox 846 4449 1152 4523; x_wconf 69' lang='grc' dir='ltr'>ἐϐουλόμην</span> <span class='ocrx_word' id='word_1_407' title='bbox 1191 4449 1291 4518; x_wconf 81' lang='grc' dir='ltr'>μὲν</span> <span class='ocrx_word' id='word_1_408' title='bbox 1339 4452 1523 4520; x_wconf 87' lang='grc' dir='ltr'>σιωπῇ</span> <span class='ocrx_word' id='word_1_409' title='bbox 1555 4448 1893 4519; x_wconf 80' lang='grc' dir='ltr'>παραδοῦναι</span> <span class='ocrx_word' id='word_1_410' title='bbox 1922 4448 1985 4501; x_wconf 85' lang='grc' dir='ltr'><strong>τὸ</strong></span> 
     </span>
    </p>
   </div>
   <div class='ocr_carea' id='block_1_62' title="bbox 2095 1964 3670 2040">
    <p class='ocr_par' dir='ltr' id='par_1_62' title="bbox 2095 1964 3670 2040">
     <span class='ocr_line' id='line_1_62' title="bbox 2095 1964 3670 2040; baseline 0.004 -22"><span class='ocrx_word' id='word_1_411' title='bbox 2095 1980 2198 2020; x_wconf 87' lang='lat' dir='ltr'><strong>nos</strong></span> <span class='ocrx_word' id='word_1_412' title='bbox 2241 1964 2308 2018; x_wconf 90' lang='lat' dir='ltr'><strong>ad</strong></span> <span class='ocrx_word' id='word_1_413' title='bbox 2344 1979 2403 2020; x_wconf 90' lang='lat' dir='ltr'><strong>se</strong></span> <span class='ocrx_word' id='word_1_414' title='bbox 2450 1966 2742 2021; x_wconf 85' lang='lat' dir='ltr'><strong>admittere</strong></span> <span class='ocrx_word' id='word_1_415' title='bbox 2781 1985 2795 2021; x_wconf 89' lang='lat'><strong>:</strong></span> <span class='ocrx_word' id='word_1_416' title='bbox 2840 1969 3045 2022; x_wconf 91' lang='lat' dir='ltr'><strong>multos</strong></span> <span class='ocrx_word' id='word_1_417' title='bbox 3078 1969 3245 2023; x_wconf 90' lang='lat' dir='ltr'><strong>etiam</strong></span> <span class='ocrx_word' id='word_1_418' title='bbox 3296 1971 3577 2040; x_wconf 78' lang='lat' dir='ltr'><strong>instigare,</strong></span> <span class='ocrx_word' id='word_1_419' title='bbox 3608 1979 3670 2025; x_wconf 86' lang='lat' dir='ltr'><strong>ut</strong></span> 
     </span>
    </p>
   </div>
   <div class='ocr_carea' id='block_1_63' title="bbox 2096 2055 3669 2131">
    <p class='ocr_par' dir='ltr' id='par_1_63' title="bbox 2096 2055 3669 2131">
     <span class='ocr_line' id='line_1_63' title="bbox 2096 2055 3669 2131; baseline 0.004 -21"><span class='ocrx_word' id='word_1_420' title='bbox 2096 2055 2213 2125; x_wconf 81' lang='lat' dir='ltr'><strong>ipse</strong></span> <span class='ocrx_word' id='word_1_421' title='bbox 2242 2056 2311 2111; x_wconf 91' lang='lat' dir='ltr'><strong>ad</strong></span> <span class='ocrx_word' id='word_1_422' title='bbox 2354 2057 2728 2126; x_wconf 87' lang='lat' dir='ltr'><strong>recipiendum</strong></span> <span class='ocrx_word' id='word_1_423' title='bbox 2765 2059 2819 2113; x_wconf 91' lang='lat' dir='ltr'><strong>in</strong></span> <span class='ocrx_word' id='word_1_424' title='bbox 2854 2059 3086 2129; x_wconf 76' lang='lat' dir='ltr'><strong>gratiam</strong></span> <span class='ocrx_word' id='word_1_425' title='bbox 3136 2061 3323 2115; x_wconf 81' lang='lat' dir='ltr'><strong>Arium</strong></span> <span class='ocrx_word' id='word_1_426' title='bbox 3370 2063 3669 2131; x_wconf 81' lang='lat' dir='ltr'><strong>persuade-</strong></span> 
     </span>
    </p>
   </div>
   <div class='ocr_carea' id='block_1_64' title="bbox 2093 2136 3664 2218">
    <p class='ocr_par' dir='ltr' id='par_1_64' title="bbox 2093 2136 3664 2218">
     <span class='ocr_line' id='line_1_64' title="bbox 2093 2136 3664 2218; baseline 0.004 -16"><span class='ocrx_word' id='word_1_427' title='bbox 2093 2136 2250 2204; x_wconf 81' lang='lat' dir='ltr'><strong>retur</strong></span> <span class='ocrx_word' id='word_1_428' title='bbox 2301 2167 2316 2204; x_wconf 90' lang='lat'><strong>:</strong></span> <span class='ocrx_word' id='word_1_429' title='bbox 2367 2149 2604 2206; x_wconf 80' lang='lat' dir='ltr'><strong>maxime</strong></span> <span class='ocrx_word' id='word_1_430' title='bbox 2652 2167 2783 2208; x_wconf 83' lang='lat' dir='ltr'><strong>vero</strong></span> <span class='ocrx_word' id='word_1_431' title='bbox 2830 2152 3131 2207; x_wconf 78' lang='lat' dir='ltr'><strong>Eusebium</strong></span> <span class='ocrx_word' id='word_1_432' title='bbox 3167 2153 3664 2218; x_wconf 83' lang='lat' dir='ltr'><strong>Nicomediensem,</strong></span> 
     </span>
    </p>
   </div>
   <div class='ocr_carea' id='block_1_65' title="bbox 2095 2242 3667 2317">
    <p class='ocr_par' dir='ltr' id='par_1_65' title="bbox 2095 2242 3667 2317">
     <span class='ocr_line' id='line_1_65' title="bbox 2095 2242 3667 2317; baseline 0.004 -23"><span class='ocrx_word' id='word_1_433' title='bbox 2095 2242 2273 2295; x_wconf 87' lang='lat' dir='ltr'><strong>virum</strong></span> <span class='ocrx_word' id='word_1_434' title='bbox 2334 2244 2659 2312; x_wconf 63' lang='lat' dir='ltr'><strong>praclarum</strong></span> <span class='ocrx_word' id='word_1_435' title='bbox 2692 2286 2704 2310; x_wconf 89' lang='lat'><strong>,</strong></span> <span class='ocrx_word' id='word_1_436' title='bbox 2758 2257 2924 2315; x_wconf 86' lang='lat' dir='ltr'><strong>atque</strong></span> <span class='ocrx_word' id='word_1_437' title='bbox 2979 2244 3033 2298; x_wconf 88' lang='lat' dir='ltr'><strong>in</strong></span> <span class='ocrx_word' id='word_1_438' title='bbox 3095 2253 3328 2315; x_wconf 87' lang='lat' dir='ltr'><strong>utraque</strong></span> <span class='ocrx_word' id='word_1_439' title='bbox 3375 2246 3667 2317; x_wconf 58' lang='lat' dir='ltr'><strong>dist&#39;iplina</strong></span> 
     </span>
    </p>
   </div>
   <div class='ocr_carea' id='block_1_66' title="bbox 2095 2337 3664 2409">
    <p class='ocr_par' dir='ltr' id='par_1_66' title="bbox 2095 2337 3664 2409">
     <span class='ocr_line' id='line_1_66' title="bbox 2095 2337 3664 2409; baseline 0.005 -23"><span class='ocrx_word' id='word_1_440' title='bbox 2095 2348 2307 2389; x_wconf 89' lang='lat' dir='ltr'><strong>summe</strong></span> <span class='ocrx_word' id='word_1_441' title='bbox 2330 2347 2633 2402; x_wconf 80' lang='lat' dir='ltr'><strong>versatum,</strong></span> <span class='ocrx_word' id='word_1_442' title='bbox 2660 2346 2716 2391; x_wconf 89' lang='lat' dir='ltr'><strong>et</strong></span> <span class='ocrx_word' id='word_1_443' title='bbox 2747 2337 2801 2391; x_wconf 89' lang='lat' dir='ltr'><strong>in</strong></span> <span class='ocrx_word' id='word_1_444' title='bbox 2835 2338 3103 2407; x_wconf 79' lang='lat' dir='ltr'><strong>imperiali</strong></span> <span class='ocrx_word' id='word_1_445' title='bbox 3135 2340 3335 2409; x_wconf 86' lang='lat' dir='ltr'><strong>palatio</strong></span> <span class='ocrx_word' id='word_1_446' title='bbox 3369 2340 3664 2408; x_wconf 78' lang='lat' dir='ltr'><strong>plurimum</strong></span> 
     </span>
    </p>
   </div>
   <div class='ocr_carea' id='block_1_67' title="bbox 2097 2425 3670 2501">
    <p class='ocr_par' dir='ltr' id='par_1_67' title="bbox 2097 2425 3670 2501">
     <span class='ocr_line' id='line_1_67' title="bbox 2097 2425 3670 2501; baseline 0.007 -23"><span class='ocrx_word' id='word_1_447' title='bbox 2097 2425 2422 2479; x_wconf 84' lang='lat' dir='ltr'><strong>liOuoratum</strong></span> <span class='ocrx_word' id='word_1_448' title='bbox 2461 2430 2753 2499; x_wconf 86' lang='lat' dir='ltr'><strong>(siquidem</strong></span> <span class='ocrx_word' id='word_1_449' title='bbox 2782 2431 3135 2497; x_wconf 69' lang='lat' dir='ltr'><strong>Nicomediae,</strong></span> <span class='ocrx_word' id='word_1_450' title='bbox 3170 2435 3264 2501; x_wconf 89' lang='lat' dir='ltr'><strong>qui</strong></span> <span class='ocrx_word' id='word_1_451' title='bbox 3302 2443 3429 2487; x_wconf 84' lang='lat' dir='ltr'><strong>ante</strong></span> <span class='ocrx_word' id='word_1_452' title='bbox 3457 2434 3670 2489; x_wconf 87' lang='lat' dir='ltr'><strong>Diocle-</strong></span> 
     </span>
    </p>
   </div>
   <div class='ocr_carea' id='block_1_68' title="bbox 2097 2517 3666 2594">
    <p class='ocr_par' dir='ltr' id='par_1_68' title="bbox 2097 2517 3666 2594">
     <span class='ocr_line' id='line_1_68' title="bbox 2097 2517 3666 2594; baseline 0.006 -25"><span class='ocrx_word' id='word_1_453' title='bbox 2097 2517 2304 2572; x_wconf 89' lang='lat' dir='ltr'><strong>tianum</strong></span> <span class='ocrx_word' id='word_1_454' title='bbox 2338 2519 2494 2575; x_wconf 76' lang='lat' dir='ltr'><strong>luere</strong></span> <span class='ocrx_word' id='word_1_455' title='bbox 2538 2522 2841 2592; x_wconf 87' lang='lat' dir='ltr'><strong>principes,</strong></span> <span class='ocrx_word' id='word_1_456' title='bbox 2881 2525 3275 2594; x_wconf 87' lang='lat' dir='ltr'><strong>imperatorum</strong></span> <span class='ocrx_word' id='word_1_457' title='bbox 3321 2525 3666 2579; x_wconf 79' lang='lat' dir='ltr'><strong>domicilium</strong></span> 
     </span>
    </p>
   </div>
   <div class='ocr_carea' id='block_1_69' title="bbox 2095 2612 3663 2689">
    <p class='ocr_par' dir='ltr' id='par_1_69' title="bbox 2095 2612 3663 2689">
     <span class='ocr_line' id='line_1_69' title="bbox 2095 2612 3663 2689; baseline 0.005 -24"><span class='ocrx_word' id='word_1_458' title='bbox 2095 2612 2519 2686; x_wconf 90' lang='lat' dir='ltr'><strong>constituerant)</strong></span> <span class='ocrx_word' id='word_1_459' title='bbox 2543 2616 2782 2685; x_wconf 89' lang='lat' dir='ltr'><strong>seipsum</strong></span> <span class='ocrx_word' id='word_1_460' title='bbox 2810 2621 3033 2683; x_wconf 79' lang='lat' dir='ltr'><strong>excitat,</strong></span> <span class='ocrx_word' id='word_1_461' title='bbox 3058 2628 3222 2689; x_wconf 82' lang='lat' dir='ltr'><strong>atque</strong></span> <span class='ocrx_word' id='word_1_462' title='bbox 3251 2620 3359 2673; x_wconf 86' lang='lat' dir='ltr'><strong>illis</strong></span> <span class='ocrx_word' id='word_1_463' title='bbox 3388 2619 3663 2685; x_wconf 74' lang='lat' dir='ltr'><strong>rescribit,</strong></span> 
     </span>
    </p>
   </div>
   <div class='ocr_carea' id='block_1_70' title="bbox 2093 2704 3663 2781">
    <p class='ocr_par' dir='ltr' id='par_1_70' title="bbox 2093 2704 3663 2781">
     <span class='ocr_line' id='line_1_70' title="bbox 2093 2704 3663 2781; baseline 0.006 -25"><span class='ocrx_word' id='word_1_464' title='bbox 2093 2704 2327 2760; x_wconf 75' lang='lat' dir='ltr'><strong>Arianos</strong></span> <span class='ocrx_word' id='word_1_465' title='bbox 2383 2720 2442 2761; x_wconf 87' lang='lat' dir='ltr'><strong>se</strong></span> <span class='ocrx_word' id='word_1_466' title='bbox 2499 2709 2565 2760; x_wconf 87' lang='lat' dir='ltr'><strong>ad</strong></span> <span class='ocrx_word' id='word_1_467' title='bbox 2619 2711 3066 2766; x_wconf 86' lang='lat' dir='ltr'><strong>communionem</strong></span> <span class='ocrx_word' id='word_1_468' title='bbox 3118 2727 3228 2766; x_wconf 91' lang='lat' dir='ltr'><strong>non</strong></span> <span class='ocrx_word' id='word_1_469' title='bbox 3288 2723 3663 2781; x_wconf 86' lang='lat' dir='ltr'><strong>recepturum.</strong></span> 
     </span>
    </p>
   </div>
   <div class='ocr_carea' id='block_1_71' title="bbox 2095 2796 3666 2860">
    <p class='ocr_par' dir='ltr' id='par_1_71' title="bbox 2095 2796 3666 2860">
     <span class='ocr_line' id='line_1_71' title="bbox 2095 2796 3666 2860; baseline 0.006 -10"><span class='ocrx_word' id='word_1_470' title='bbox 2095 2796 2403 2851; x_wconf 85' lang='lat' dir='ltr'><strong>Admodum</strong></span> <span class='ocrx_word' id='word_1_471' title='bbox 2445 2808 2628 2854; x_wconf 88' lang='lat' dir='ltr'><strong>autem</strong></span> <span class='ocrx_word' id='word_1_472' title='bbox 2663 2799 2862 2858; x_wconf 82' lang='lat' dir='ltr'><strong>litteris</strong></span> <span class='ocrx_word' id='word_1_473' title='bbox 2898 2804 3013 2859; x_wconf 90' lang='lat' dir='ltr'><strong>suis</strong></span> <span class='ocrx_word' id='word_1_474' title='bbox 3046 2803 3523 2860; x_wconf 85' lang='lat' dir='ltr'><strong>Nicomediensem</strong></span> <span class='ocrx_word' id='word_1_475' title='bbox 3556 2805 3666 2860; x_wconf 81' lang='lat' dir='ltr'><strong>Eu-</strong></span> 
     </span>
    </p>
   </div>
   <div class='ocr_carea' id='block_1_72' title="bbox 2095 2879 3170 2961">
    <p class='ocr_par' dir='ltr' id='par_1_72' title="bbox 2095 2879 3170 2961">
     <span class='ocr_line' id='line_1_72' title="bbox 2095 2879 3170 2961; baseline 0.007 -20"><span class='ocrx_word' id='word_1_476' title='bbox 2095 2885 2309 2941; x_wconf 76' lang='lat' dir='ltr'><strong>sebium</strong></span> <span class='ocrx_word' id='word_1_477' title='bbox 2341 2889 2652 2957; x_wconf 84' lang='lat' dir='ltr'><strong>pertrinxit,</strong></span> <span class='ocrx_word' id='word_1_478' title='bbox 2688 2879 2808 2961; x_wconf 60' lang='grc' dir='ltr'>αὖτε</span> <span class='ocrx_word' id='word_1_479' title='bbox 2837 2895 2916 2948; x_wconf 85' lang='lat' dir='ltr'><strong>sic</strong></span> <span class='ocrx_word' id='word_1_480' title='bbox 2946 2895 3170 2950; x_wconf 86' lang='lat' dir='ltr'><strong>habent.</strong></span> 
     </span>
    </p>
   </div>
   <div class='ocr_carea' id='block_1_73' title="bbox 2684 3004 3081 3063">
    <p class='ocr_par' dir='ltr' id='par_1_73' title="bbox 2684 3004 3081 3063">
     <span class='ocr_line' id='line_1_73' title="bbox 2684 3004 3081 3063; baseline 0.005 -2"><span class='ocrx_word' id='word_1_481' title='bbox 2684 3004 2905 3062; x_wconf 84' lang='lat' dir='ltr'><strong>CAPUT</strong></span> <span class='ocrx_word' id='word_1_482' title='bbox 2948 3008 3081 3063; x_wconf 74' lang='lat' dir='ltr'><strong>VIII.</strong></span> 
     </span>
    </p>
   </div>
   <div class='ocr_carea' id='block_1_74' title="bbox 2094 3089 3663 3176">
    <p class='ocr_par' dir='ltr' id='par_1_74' title="bbox 2094 3089 3663 3176">
     <span class='ocr_line' id='line_1_74' title="bbox 2094 3089 3663 3176; baseline 0.01 -29"><span class='ocrx_word' id='word_1_483' title='bbox 2094 3089 2214 3147; x_wconf 78' lang='lat' dir='ltr'><strong>Alia</strong></span> <span class='ocrx_word' id='word_1_484' title='bbox 2242 3094 2473 3176; x_wconf 57' lang='lat' dir='ltr'><strong>eiusdem</strong></span> <span class='ocrx_word' id='word_1_485' title='bbox 2524 3099 2745 3168; x_wconf 76' lang='lat' dir='ltr'><strong>epistola</strong></span> <span class='ocrx_word' id='word_1_486' title='bbox 2789 3099 2991 3176; x_wconf 70' lang='lat' dir='ltr'><strong>publice</strong></span> <span class='ocrx_word' id='word_1_487' title='bbox 3023 3105 3282 3176; x_wconf 74' lang='lat' dir='ltr'><strong>universis</strong></span> <span class='ocrx_word' id='word_1_488' title='bbox 3325 3109 3545 3176; x_wconf 76' lang='lat' dir='ltr'><strong>scripta,</strong></span> <span class='ocrx_word' id='word_1_489' title='bbox 3606 3110 3663 3163; x_wconf 75' lang='lat' dir='ltr'><strong>in</strong></span> 
     </span>
    </p>
   </div>
   <div class='ocr_carea' id='block_1_75' title="bbox 2200 3166 3662 3241">
    <p class='ocr_par' dir='ltr' id='par_1_75' title="bbox 2200 3166 3662 3241">
     <span class='ocr_line' id='line_1_75' title="bbox 2200 3166 3662 3241; baseline 0.011 -25"><span class='ocrx_word' id='word_1_490' title='bbox 2200 3180 2270 3241; x_wconf 58' lang='lat' dir='ltr'><strong>ita</strong></span> <span class='ocrx_word' id='word_1_491' title='bbox 2301 3166 2454 3241; x_wconf 63' lang='lat' dir='ltr'><strong>Arius</strong></span> <span class='ocrx_word' id='word_1_492' title='bbox 2480 3166 3069 3226; x_wconf 55' lang='lat' dir='ltr'><strong>extommunicaturﬁa</strong></span> <span class='ocrx_word' id='word_1_493' title='bbox 3089 3191 3192 3241; x_wconf 74' lang='lat' dir='ltr'><strong>qua</strong></span> <span class='ocrx_word' id='word_1_494' title='bbox 3224 3179 3379 3230; x_wconf 80' lang='lat' dir='ltr'><strong>ctiam</strong></span> <span class='ocrx_word' id='word_1_495' title='bbox 3411 3166 3662 3232; x_wconf 59' lang='lat' dir='ltr'><strong>Eusebius</strong></span> 
     </span>
    </p>
   </div>
   <div class='ocr_carea' id='block_1_76' title="bbox 2218 3236 3207 3312">
    <p class='ocr_par' dir='ltr' id='par_1_76' title="bbox 2218 3236 3207 3312">
     <span class='ocr_line' id='line_1_76' title="bbox 2218 3236 3207 3312; baseline 0.01 -25"><span class='ocrx_word' id='word_1_496' title='bbox 2218 3236 2482 3290; x_wconf 73' lang='lat' dir='ltr'><strong>icomedt&#39;tc</strong></span> <span class='ocrx_word' id='word_1_497' title='bbox 2516 3241 2783 3310; x_wconf 74' lang='lat' dir='ltr'><strong>episcopus</strong></span> <span class='ocrx_word' id='word_1_498' title='bbox 2813 3236 3207 3312; x_wconf 71' lang='lat' dir='ltr'><strong>perstringitur.</strong></span> 
     </span>
    </p>
   </div>
   <div class='ocr_carea' id='block_1_77' title="bbox 2175 3348 3664 3431">
    <p class='ocr_par' dir='ltr' id='par_1_77' title="bbox 2175 3348 3664 3431">
     <span class='ocr_line' id='line_1_77' title="bbox 2175 3348 3664 3431; baseline 0.011 -31"><span class='ocrx_word' id='word_1_499' title='bbox 2175 3367 2193 3399; x_wconf 81' lang='grc' dir='ltr'><strong>ι</strong></span> <span class='ocrx_word' id='word_1_500' title='bbox 2232 3348 2585 3406; x_wconf 83' lang='lat' dir='ltr'><strong>Charissimis</strong></span> <span class='ocrx_word' id='word_1_501' title='bbox 2609 3352 2685 3423; x_wconf 82' lang='lat' dir='ltr'><strong>(l)</strong></span> <span class='ocrx_word' id='word_1_502' title='bbox 2710 3363 2763 3408; x_wconf 87' lang='lat' dir='ltr'><strong>et</strong></span> <span class='ocrx_word' id='word_1_503' title='bbox 2795 3355 3294 3419; x_wconf 82' lang='lat' dir='ltr'><strong>reverendissimis,</strong></span> <span class='ocrx_word' id='word_1_504' title='bbox 3327 3348 3664 3431; x_wconf 44' lang='lat' dir='ltr'><strong>qui‘uhique</strong></span> 
     </span>
    </p>
   </div>
   <div class='ocr_carea' id='block_1_78' title="bbox 2093 3443 3665 3521">
    <p class='ocr_par' dir='ltr' id='par_1_78' title="bbox 2093 3443 3665 3521">
     <span class='ocr_line' id='line_1_78' title="bbox 2093 3443 3665 3521; baseline 0.008 -26"><span class='ocrx_word' id='word_1_505' title='bbox 2093 3453 2244 3504; x_wconf 85' lang='lat' dir='ltr'><strong>sunt,</strong></span> <span class='ocrx_word' id='word_1_506' title='bbox 2268 3457 2369 3512; x_wconf 88' lang='lat' dir='ltr'><strong>per</strong></span> <span class='ocrx_word' id='word_1_507' title='bbox 2394 3443 2719 3499; x_wconf 79' lang='lat' dir='ltr'><strong>catholicam</strong></span> <span class='ocrx_word' id='word_1_508' title='bbox 2745 3447 3066 3513; x_wconf 87' lang='lat' dir='ltr'><strong>Ecclesiam,</strong></span> <span class='ocrx_word' id='word_1_509' title='bbox 3087 3451 3331 3521; x_wconf 79' lang='lat' dir='ltr'><strong>collegis,</strong></span> <span class='ocrx_word' id='word_1_510' title='bbox 3357 3454 3665 3509; x_wconf 79' lang='lat' dir='ltr'><strong>Alexander</strong></span> 
     </span>
    </p>
   </div>
   <div class='ocr_carea' id='block_1_79' title="bbox 2094 3534 3660 3615">
    <p class='ocr_par' dir='ltr' id='par_1_79' title="bbox 2094 3534 3660 3615">
     <span class='ocr_line' id='line_1_79' title="bbox 2094 3534 3660 3615; baseline 0.008 -28"><span class='ocrx_word' id='word_1_511' title='bbox 2094 3534 2147 3588; x_wconf 90' lang='lat' dir='ltr'><strong>in</strong></span> <span class='ocrx_word' id='word_1_512' title='bbox 2188 3534 2421 3590; x_wconf 89' lang='lat' dir='ltr'><strong>Domino</strong></span> <span class='ocrx_word' id='word_1_513' title='bbox 2467 3537 2721 3591; x_wconf 83' lang='lat' dir='ltr'><strong>salutem.</strong></span> <span class='ocrx_word' id='word_1_514' title='bbox 2769 3537 2906 3593; x_wconf 87' lang='lat' dir='ltr'><strong>Cum</strong></span> <span class='ocrx_word' id='word_1_515' title='bbox 2952 3554 3155 3610; x_wconf 89' lang='lat' dir='ltr'><strong>corpus</strong></span> <span class='ocrx_word' id='word_1_516' title='bbox 3212 3560 3381 3597; x_wconf 88' lang='lat' dir='ltr'><strong>unum</strong></span> <span class='ocrx_word' id='word_1_517' title='bbox 3428 3546 3500 3599; x_wconf 88' lang='lat' dir='ltr'><strong>sit</strong></span> <span class='ocrx_word' id='word_1_518' title='bbox 3545 3548 3660 3615; x_wconf 89' lang='lat' dir='ltr'><strong>ipsa</strong></span> 
     </span>
    </p>
   </div>
   <div class='ocr_carea' id='block_1_80' title="bbox 2092 3625 3664 3701">
    <p class='ocr_par' dir='ltr' id='par_1_80' title="bbox 2092 3625 3664 3701">
     <span class='ocr_line' id='line_1_80' title="bbox 2092 3625 3664 3701; baseline 0.009 -20"><span class='ocrx_word' id='word_1_519' title='bbox 2092 3626 2360 3681; x_wconf 79' lang='lat' dir='ltr'><strong>catholica</strong></span> <span class='ocrx_word' id='word_1_520' title='bbox 2393 3625 2662 3691; x_wconf 83' lang='lat' dir='ltr'><strong>Ecclesia,</strong></span> <span class='ocrx_word' id='word_1_521' title='bbox 2689 3639 3132 3701; x_wconf 66' lang='lat' dir='ltr'><strong>praeceptumque</strong></span> <span class='ocrx_word' id='word_1_522' title='bbox 3163 3644 3342 3690; x_wconf 81' lang='lat' dir='ltr'><strong>exstet</strong></span> <span class='ocrx_word' id='word_1_523' title='bbox 3376 3635 3428 3690; x_wconf 89' lang='lat' dir='ltr'><strong>in</strong></span> <span class='ocrx_word' id='word_1_524' title='bbox 3461 3639 3664 3695; x_wconf 58' lang='lat' dir='ltr'><strong>divinis</strong></span> 
     </span>
    </p>
   </div>
   <div class='ocr_carea' id='block_1_81' title="bbox 2092 3716 3661 3797">
    <p class='ocr_par' dir='ltr' id='par_1_81' title="bbox 2092 3716 3661 3797">
     <span class='ocr_line' id='line_1_81' title="bbox 2092 3716 3661 3797; baseline 0.01 -27"><span class='ocrx_word' id='word_1_525' title='bbox 2092 3716 2313 3780; x_wconf 83' lang='lat' dir='ltr'><strong>litteris.</strong></span> <span class='ocrx_word' id='word_1_526' title='bbox 2351 3730 2409 3772; x_wconf 89' lang='lat' dir='ltr'><strong>ut</strong></span> <span class='ocrx_word' id='word_1_527' title='bbox 2457 3720 2738 3775; x_wconf 79' lang='lat' dir='ltr'><strong>vinculum</strong></span> <span class='ocrx_word' id='word_1_528' title='bbox 2789 3724 3101 3779; x_wconf 64' lang='lat' dir='ltr'><strong>concordia:</strong></span> <span class='ocrx_word' id='word_1_529' title='bbox 3145 3736 3200 3780; x_wconf 91' lang='lat' dir='ltr'><strong>et</strong></span> <span class='ocrx_word' id='word_1_530' title='bbox 3246 3729 3394 3797; x_wconf 81' lang='lat' dir='ltr'><strong>pacis</strong></span> <span class='ocrx_word' id='word_1_531' title='bbox 3426 3733 3661 3785; x_wconf 81' lang='lat' dir='ltr'><strong>retinea-</strong></span> 
     </span>
    </p>
   </div>
   <div class='ocr_carea' id='block_1_82' title="bbox 2092 3815 3658 3893">
    <p class='ocr_par' dir='ltr' id='par_1_82' title="bbox 2092 3815 3658 3893">
     <span class='ocr_line' id='line_1_82' title="bbox 2092 3815 3658 3893; baseline 0.011 -32"><span class='ocrx_word' id='word_1_532' title='bbox 2092 3825 2234 3867; x_wconf 87' lang='lat' dir='ltr'><strong>mus.</strong></span> <span class='ocrx_word' id='word_1_533' title='bbox 2269 3826 2584 3881; x_wconf 56' lang='lat' dir='ltr'><strong>pera&#39;quum</strong></span> <span class='ocrx_word' id='word_1_534' title='bbox 2610 3822 2691 3867; x_wconf 86' lang='lat' dir='ltr'><strong>est</strong></span> <span class='ocrx_word' id='word_1_535' title='bbox 2721 3825 2782 3869; x_wconf 89' lang='lat' dir='ltr'><strong>ut</strong></span> <span class='ocrx_word' id='word_1_536' title='bbox 2807 3815 2929 3871; x_wconf 89' lang='lat' dir='ltr'><strong>aliis</strong></span> <span class='ocrx_word' id='word_1_537' title='bbox 2960 3819 3052 3872; x_wconf 82' lang='lat' dir='ltr'><strong>alii</strong></span> <span class='ocrx_word' id='word_1_538' title='bbox 3081 3819 3337 3886; x_wconf 85' lang='lat' dir='ltr'><strong>invicem,</strong></span> <span class='ocrx_word' id='word_1_539' title='bbox 3362 3838 3483 3892; x_wconf 66' lang='grc' dir='ltr'>(ιιιιε</span> <span class='ocrx_word' id='word_1_540' title='bbox 3511 3825 3658 3893; x_wconf 88' lang='lat' dir='ltr'><strong>apud</strong></span> 
     </span>
    </p>
   </div>
   <div class='ocr_carea' id='block_1_83' title="bbox 2091 3902 3661 3976">
    <p class='ocr_par' dir='ltr' id='par_1_83' title="bbox 2091 3902 3661 3976">
     <span class='ocr_line' id='line_1_83' title="bbox 2091 3902 3661 3976; baseline 0.013 -24"><span class='ocrx_word' id='word_1_541' title='bbox 2091 3916 2339 3970; x_wconf 86' lang='lat' dir='ltr'><strong>quosque</strong></span> <span class='ocrx_word' id='word_1_542' title='bbox 2385 3902 2664 3970; x_wconf 87' lang='lat' dir='ltr'><strong>accidunt,</strong></span> <span class='ocrx_word' id='word_1_543' title='bbox 2719 3908 3147 3976; x_wconf 85' lang='lat' dir='ltr'><strong>perscribamus,</strong></span> <span class='ocrx_word' id='word_1_544' title='bbox 3202 3922 3261 3967; x_wconf 90' lang='lat' dir='ltr'><strong>ut</strong></span> <span class='ocrx_word' id='word_1_545' title='bbox 3304 3917 3419 3969; x_wconf 78' lang='lat' dir='ltr'><strong>sive</strong></span> <span class='ocrx_word' id='word_1_546' title='bbox 3479 3915 3661 3972; x_wconf 86' lang='lat' dir='ltr'><strong>doleat</strong></span> 
     </span>
    </p>
   </div>
   <div class='ocr_carea' id='block_1_84' title="bbox 2090 3990 3660 4071">
    <p class='ocr_par' dir='ltr' id='par_1_84' title="bbox 2090 3990 3660 4071">
     <span class='ocr_line' id='line_1_84' title="bbox 2090 3990 3660 4071; baseline 0.013 -27"><span class='ocrx_word' id='word_1_547' title='bbox 2090 4006 2186 4044; x_wconf 74' lang='lat' dir='ltr'><strong>seu</strong></span> <span class='ocrx_word' id='word_1_548' title='bbox 2223 3990 2439 4045; x_wconf 65' lang='lat' dir='ltr'><strong>Itetetur</strong></span> <span class='ocrx_word' id='word_1_549' title='bbox 2488 3996 2793 4050; x_wconf 85' lang='lat' dir='ltr'><strong>membrum</strong></span> <span class='ocrx_word' id='word_1_550' title='bbox 2839 4014 3032 4063; x_wconf 84' lang='lat' dir='ltr'><strong>unum.</strong></span> <span class='ocrx_word' id='word_1_551' title='bbox 3090 4002 3191 4071; x_wconf 85' lang='lat' dir='ltr'><strong>ipsi</strong></span> <span class='ocrx_word' id='word_1_552' title='bbox 3245 4005 3390 4059; x_wconf 87' lang='lat' dir='ltr'><strong>inter</strong></span> <span class='ocrx_word' id='word_1_553' title='bbox 3436 4023 3535 4063; x_wconf 90' lang='lat' dir='ltr'><strong>nos</strong></span> <span class='ocrx_word' id='word_1_554' title='bbox 3570 4010 3660 4065; x_wconf 82' lang='lat' dir='ltr'><strong>vel</strong></span> 
     </span>
    </p>
   </div>
   <div class='ocr_carea' id='block_1_85' title="bbox 2090 4079 3659 4158">
    <p class='ocr_par' dir='ltr' id='par_1_85' title="bbox 2090 4079 3659 4158">
     <span class='ocr_line' id='line_1_85' title="bbox 2090 4079 3659 4158; baseline 0.016 -26"><span class='ocrx_word' id='word_1_555' title='bbox 2090 4082 2484 4139; x_wconf 80' lang='lat' dir='ltr'><strong>condoleatnus</strong></span> <span class='ocrx_word' id='word_1_556' title='bbox 2514 4087 2598 4140; x_wconf 83' lang='lat' dir='ltr'><strong>vel</strong></span> <span class='ocrx_word' id='word_1_557' title='bbox 2635 4093 3106 4158; x_wconf 82' lang='lat' dir='ltr'><strong>congratuletnur.</strong></span> <span class='ocrx_word' id='word_1_558' title='bbox 3156 4096 3212 4149; x_wconf 89' lang='lat' dir='ltr'><strong>ln</strong></span> <span class='ocrx_word' id='word_1_559' title='bbox 3252 4097 3493 4153; x_wconf 58' lang='lat' dir='ltr'><strong>Ecclesia</strong></span> <span class='ocrx_word' id='word_1_560' title='bbox 3521 4079 3659 4158; x_wconf 79' lang='lat' dir='ltr'><strong>sane</strong></span> 
     </span>
    </p>
   </div>
   <div class='ocr_carea' id='block_1_86' title="bbox 2091 4183 3654 4258">
    <p class='ocr_par' dir='ltr' id='par_1_86' title="bbox 2091 4183 3654 4258">
     <span class='ocr_line' id='line_1_86' title="bbox 2091 4183 3654 4258; baseline 0.014 -32"><span class='ocrx_word' id='word_1_561' title='bbox 2091 4183 2277 4229; x_wconf 87' lang='lat' dir='ltr'><strong>nostra</strong></span> <span class='ocrx_word' id='word_1_562' title='bbox 2327 4190 2760 4233; x_wconf 78' lang='lat' dir='ltr'><strong>exsurrexernnt</strong></span> <span class='ocrx_word' id='word_1_563' title='bbox 2793 4198 2939 4236; x_wconf 88' lang='lat' dir='ltr'><strong>nunc</strong></span> <span class='ocrx_word' id='word_1_564' title='bbox 2975 4185 3075 4237; x_wconf 68' lang='lat' dir='ltr'><strong>viri</strong></span> <span class='ocrx_word' id='word_1_565' title='bbox 3133 4188 3307 4258; x_wconf 85' lang='lat' dir='ltr'><strong>iniqui</strong></span> <span class='ocrx_word' id='word_1_566' title='bbox 3356 4201 3410 4244; x_wconf 90' lang='lat' dir='ltr'><strong>et</strong></span> <span class='ocrx_word' id='word_1_567' title='bbox 3445 4191 3654 4249; x_wconf 85' lang='lat' dir='ltr'><strong>Christi</strong></span> 
     </span>
    </p>
   </div>
   <div class='ocr_carea' id='block_1_87' title="bbox 2092 4267 3657 4350">
    <p class='ocr_par' dir='ltr' id='par_1_87' title="bbox 2092 4267 3657 4350">
     <span class='ocr_line' id='line_1_87' title="bbox 2092 4267 3657 4350; baseline 0.013 -30"><span class='ocrx_word' id='word_1_568' title='bbox 2092 4267 2322 4331; x_wconf 79' lang='lat' dir='ltr'><strong>inimici,</strong></span> <span class='ocrx_word' id='word_1_569' title='bbox 2352 4267 2715 4324; x_wconf 77' lang='lat' dir='ltr'><strong>deiectionem</strong></span> <span class='ocrx_word' id='word_1_570' title='bbox 2759 4273 3039 4336; x_wconf 81' lang='lat' dir='ltr'><strong>docentes,</strong></span> <span class='ocrx_word' id='word_1_571' title='bbox 3078 4276 3238 4348; x_wconf 66' lang='grc'><strong>547</strong></span> <span class='ocrx_word' id='word_1_572' title='bbox 3292 4296 3455 4350; x_wconf 81' lang='lat' dir='ltr'><strong>quam</strong></span> <span class='ocrx_word' id='word_1_573' title='bbox 3508 4296 3657 4341; x_wconf 88' lang='lat' dir='ltr'><strong>recte</strong></span> 
     </span>
    </p>
   </div>
   <div class='ocr_carea' id='block_1_88' title="bbox 2089 4354 3655 4431">
    <p class='ocr_par' dir='ltr' id='par_1_88' title="bbox 2089 4354 3655 4431">
     <span class='ocr_line' id='line_1_88' title="bbox 2089 4354 3655 4431; baseline 0.015 -22"><span class='ocrx_word' id='word_1_574' title='bbox 2089 4360 2267 4428; x_wconf 75' lang='lat' dir='ltr'><strong>quivis</strong></span> <span class='ocrx_word' id='word_1_575' title='bbox 2319 4354 2712 4431; x_wconf 63' lang='lat' dir='ltr'><strong>praecursorem</strong></span> <span class='ocrx_word' id='word_1_576' title='bbox 2757 4367 3082 4422; x_wconf 77' lang='lat' dir='ltr'><strong>Antichristi</strong></span> <span class='ocrx_word' id='word_1_577' title='bbox 3139 4373 3540 4430; x_wconf 72' lang='lat' dir='ltr'><strong>existimaverit</strong></span> <span class='ocrx_word' id='word_1_578' title='bbox 3568 4388 3655 4431; x_wconf 88' lang='lat' dir='ltr'><strong>at-</strong></span> 
     </span>
    </p>
   </div>
   <div class='ocr_carea' id='block_1_89' title="bbox 2088 4455 3655 4531">
    <p class='ocr_par' dir='ltr' id='par_1_89' title="bbox 2088 4455 3655 4531">
     <span class='ocr_line' id='line_1_89' title="bbox 2088 4455 3655 4531; baseline 0.012 -24"><span class='ocrx_word' id='word_1_579' title='bbox 2088 4470 2195 4524; x_wconf 84' lang='lat' dir='ltr'><strong>que</strong></span> <span class='ocrx_word' id='word_1_580' title='bbox 2224 4455 2441 4510; x_wconf 81' lang='lat' dir='ltr'><strong>dixerit.</strong></span> <span class='ocrx_word' id='word_1_581' title='bbox 2476 4458 2877 4513; x_wconf 71' lang='lat' dir='ltr'><strong>Constitueram</strong></span> <span class='ocrx_word' id='word_1_582' title='bbox 2901 4464 3153 4531; x_wconf 85' lang='lat' dir='ltr'><strong>equidem</strong></span> <span class='ocrx_word' id='word_1_583' title='bbox 3182 4466 3234 4518; x_wconf 85' lang='lat' dir='ltr'><strong>id</strong></span> <span class='ocrx_word' id='word_1_584' title='bbox 3260 4468 3482 4525; x_wconf 80' lang='lat' dir='ltr'><strong>silentio</strong></span> <span class='ocrx_word' id='word_1_585' title='bbox 3501 4486 3620 4526; x_wconf 81' lang='lat' dir='ltr'><strong>Cotti</strong></span> <span class='ocrx_word' id='word_1_586' title='bbox 3640 4502 3655 4512; x_wconf 93' lang='lat'><strong><em>-</em></strong></span> 
     </span>
    </p>
   </div>
   <div class='ocr_carea' id='block_1_90' title="bbox 418 4519 1991 4618">
    <p class='ocr_par' dir='ltr' id='par_1_90' title="bbox 418 4519 1988 4610">
     <span class='ocr_line' id='line_1_90' title="bbox 418 4519 1988 4610; baseline -0.001 -15"><span class='ocrx_word' id='word_1_587' title='bbox 418 4541 689 4606; x_wconf 78' lang='grc' dir='ltr'>τοιοῦτον,</span> <span class='ocrx_word' id='word_1_588' title='bbox 711 4541 780 4594; x_wconf 78' lang='grc' dir='ltr'><strong>ἶν’</strong></span> <span class='ocrx_word' id='word_1_589' title='bbox 808 4519 941 4604; x_wconf 78' lang='grc' dir='ltr'>ἴσως</span> <span class='ocrx_word' id='word_1_590' title='bbox 965 4519 1171 4604; x_wconf 75' lang='grc' dir='ltr'>ἐντοῖς</span> <span class='ocrx_word' id='word_1_591' title='bbox 1223 4542 1563 4604; x_wconf 76' lang='grc' dir='ltr'>ἀποστάταις</span> <span class='ocrx_word' id='word_1_592' title='bbox 1617 4541 1802 4610; x_wconf 80' lang='grc' dir='ltr'>μόνοις</span> <span class='ocrx_word' id='word_1_593' title='bbox 1856 4540 1988 4595; x_wconf 79' lang='grc' dir='ltr'>ἁνα-</span> 
     </span>
    </p>
   </div>
   <div class='ocr_carea' id='block_1_91' title="bbox 2093 4519 3660 4618">
    <p class='ocr_par' dir='ltr' id='par_1_91' title="bbox 2093 4545 3660 4618">
     <span class='ocr_line' id='line_1_91' title="bbox 2093 4545 3660 4618; baseline 0.013 -21"><span class='ocrx_word' id='word_1_594' title='bbox 2093 4545 2327 4609; x_wconf 87' lang='lat' dir='ltr'><strong>mittere,</strong></span> <span class='ocrx_word' id='word_1_595' title='bbox 2364 4554 2420 4600; x_wconf 94' lang='lat' dir='ltr'><strong>ut</strong></span> <span class='ocrx_word' id='word_1_596' title='bbox 2455 4545 2595 4601; x_wconf 82' lang='lat' dir='ltr'><strong>forte</strong></span> <span class='ocrx_word' id='word_1_597' title='bbox 2634 4551 2779 4604; x_wconf 88' lang='lat' dir='ltr'><strong>inter</strong></span> <span class='ocrx_word' id='word_1_598' title='bbox 2803 4551 2949 4606; x_wconf 89' lang='lat' dir='ltr'><strong>solos</strong></span> <span class='ocrx_word' id='word_1_599' title='bbox 2978 4553 3294 4612; x_wconf 85' lang='lat' dir='ltr'><strong>desertores</strong></span> <span class='ocrx_word' id='word_1_600' title='bbox 3321 4562 3520 4614; x_wconf 86' lang='lat' dir='ltr'><strong>malum</strong></span> <span class='ocrx_word' id='word_1_601' title='bbox 3552 4562 3660 4618; x_wconf 83' lang='lat' dir='ltr'><strong>hoc</strong></span> 
     </span>
    </p>
   </div>
   <div class='ocr_carea' id='block_1_92' title="bbox 418 4633 1983 4707">
    <p class='ocr_par' dir='ltr' id='par_1_92' title="bbox 418 4633 1983 4707">
     <span class='ocr_line' id='line_1_92' title="bbox 418 4633 1983 4707; baseline -0.001 -21"><span class='ocrx_word' id='word_1_602' title='bbox 418 4635 565 4706; x_wconf 74' lang='grc' dir='ltr'>λωθῇ</span> <span class='ocrx_word' id='word_1_603' title='bbox 597 4635 659 4688; x_wconf 84' lang='grc' dir='ltr'>τὸ</span> <span class='ocrx_word' id='word_1_604' title='bbox 705 4636 900 4702; x_wconf 81' lang='grc' dir='ltr'>κακδν,</span> <span class='ocrx_word' id='word_1_605' title='bbox 929 4637 1031 4688; x_wconf 76' lang='grc' dir='ltr'>καὶ</span> <span class='ocrx_word' id='word_1_606' title='bbox 1064 4636 1140 4707; x_wconf 77' lang='grc' dir='ltr'>μὴ</span> <span class='ocrx_word' id='word_1_607' title='bbox 1162 4637 1242 4699; x_wconf 87' lang='grc' dir='ltr'><strong>είς</strong></span> <span class='ocrx_word' id='word_1_608' title='bbox 1283 4634 1510 4706; x_wconf 72' lang='grc' dir='ltr'>ἑτέρους</span> <span class='ocrx_word' id='word_1_609' title='bbox 1543 4634 1745 4697; x_wconf 85' lang='grc' dir='ltr'>τόπους</span> <span class='ocrx_word' id='word_1_610' title='bbox 1771 4633 1983 4699; x_wconf 74' lang='grc' dir='ltr'>διαῦὰν,</span> 
     </span>
    </p>
   </div>
   <div class='ocr_carea' id='block_1_93' title="bbox 420 4726 1989 4803">
    <p class='ocr_par' dir='ltr' id='par_1_93' title="bbox 420 4726 1989 4803">
     <span class='ocr_line' id='line_1_93' title="bbox 420 4726 1989 4803; baseline -0.003 -19"><span class='ocrx_word' id='word_1_611' title='bbox 420 4732 653 4803; x_wconf 75' lang='grc' dir='ltr'>ῥυπώσῃ</span> <span class='ocrx_word' id='word_1_612' title='bbox 678 4732 841 4785; x_wconf 88' lang='grc' dir='ltr'>τινῶν</span> <span class='ocrx_word' id='word_1_613' title='bbox 876 4730 1155 4802; x_wconf 79' lang='grc' dir='ltr'>ἀκεραίων</span> <span class='ocrx_word' id='word_1_614' title='bbox 1178 4731 1278 4790; x_wconf 72' lang='grc' dir='ltr'>τὰς</span> <span class='ocrx_word' id='word_1_615' title='bbox 1316 4730 1487 4792; x_wconf 76' lang='grc' dir='ltr'>ἀκοάς</span> <span class='ocrx_word' id='word_1_616' title='bbox 1513 4746 1532 4762; x_wconf 84' lang='grc'><strong>·</strong></span> <span class='ocrx_word' id='word_1_617' title='bbox 1561 4728 1751 4798; x_wconf 72' lang='grc' dir='ltr'>ἐπειδὴ</span> <span class='ocrx_word' id='word_1_618' title='bbox 1780 4728 1838 4781; x_wconf 78' lang='grc' dir='ltr'>δὲ</span> <span class='ocrx_word' id='word_1_619' title='bbox 1883 4726 1989 4780; x_wconf 76' lang='grc' dir='ltr'><strong>Εὑ-</strong></span> 
     </span>
    </p>
   </div>
   <div class='ocr_carea' id='block_1_94' title="bbox 418 4819 1985 4895">
    <p class='ocr_par' dir='ltr' id='par_1_94' title="bbox 418 4819 1985 4895">
     <span class='ocr_line' id='line_1_94' title="bbox 418 4819 1985 4895; baseline -0.001 -21"><span class='ocrx_word' id='word_1_620' title='bbox 418 4824 601 4887; x_wconf 75' lang='grc' dir='ltr'>σέσιος</span> <span class='ocrx_word' id='word_1_621' title='bbox 626 4826 655 4876; x_wconf 86' lang='grc' dir='ltr'><strong>ό</strong></span> <span class='ocrx_word' id='word_1_622' title='bbox 703 4822 800 4877; x_wconf 83' lang='grc' dir='ltr'>νῦν</span> <span class='ocrx_word' id='word_1_623' title='bbox 832 4825 891 4876; x_wconf 75' lang='grc' dir='ltr'>ἐν</span> <span class='ocrx_word' id='word_1_624' title='bbox 918 4825 987 4892; x_wconf 75' lang='grc' dir='ltr'>τῇ</span> <span class='ocrx_word' id='word_1_625' title='bbox 1016 4822 1380 4895; x_wconf 78' lang='grc' dir='ltr'>Νικομηδείᾳ,</span> <span class='ocrx_word' id='word_1_626' title='bbox 1413 4821 1648 4891; x_wconf 84' lang='grc' dir='ltr'>νομίσας</span> <span class='ocrx_word' id='word_1_627' title='bbox 1703 4820 1790 4873; x_wconf 79' lang='grc' dir='ltr'><strong>ἐπ’</strong></span> <span class='ocrx_word' id='word_1_628' title='bbox 1822 4819 1985 4873; x_wconf 79' lang='grc' dir='ltr'>αὐτοῦ</span> 
     </span>
    </p>
   </div>
   <div class='ocr_carea' id='block_1_95' title="bbox 417 4909 1986 4981">
    <p class='ocr_par' dir='ltr' id='par_1_95' title="bbox 417 4909 1986 4981">
     <span class='ocr_line' id='line_1_95' title="bbox 417 4909 1986 4981; baseline -0.003 -15"><span class='ocrx_word' id='word_1_629' title='bbox 417 4912 635 4966; x_wconf 76' lang='grc' dir='ltr'>κεῖσθαι</span> <span class='ocrx_word' id='word_1_630' title='bbox 684 4912 754 4965; x_wconf 79' lang='grc' dir='ltr'>τὰ</span> <span class='ocrx_word' id='word_1_631' title='bbox 793 4911 894 4981; x_wconf 85' lang='grc' dir='ltr'>τῆς</span> <span class='ocrx_word' id='word_1_632' title='bbox 962 4911 1317 4980; x_wconf 77' lang='grc' dir='ltr'>Ἑκκλησίας,</span> <span class='ocrx_word' id='word_1_633' title='bbox 1370 4910 1455 4963; x_wconf 78' lang='grc' dir='ltr'>ὅτι</span> <span class='ocrx_word' id='word_1_634' title='bbox 1508 4909 1840 4979; x_wconf 75' lang='grc' dir='ltr'>καταλείψας</span> <span class='ocrx_word' id='word_1_635' title='bbox 1889 4910 1986 4980; x_wconf 72' lang='grc' dir='ltr'>τὴν</span> 
     </span>
    </p>
   </div>
   <div class='ocr_carea' id='block_1_96' title="bbox 417 5001 1986 5074">
    <p class='ocr_par' dir='ltr' id='par_1_96' title="bbox 417 5001 1986 5074">
     <span class='ocr_line' id='line_1_96' title="bbox 417 5001 1986 5074; baseline -0.003 -17"><span class='ocrx_word' id='word_1_636' title='bbox 417 5002 685 5074; x_wconf 76' lang='grc' dir='ltr'>Βηρυτὸν,</span> <span class='ocrx_word' id='word_1_637' title='bbox 713 5005 807 5056; x_wconf 68' lang='grc' dir='ltr'>καὶ</span> <span class='ocrx_word' id='word_1_638' title='bbox 831 5003 1252 5071; x_wconf 65' lang='grc' dir='ltr'>ὲποφθαλμίσας</span> <span class='ocrx_word' id='word_1_639' title='bbox 1297 5004 1369 5073; x_wconf 67' lang='grc' dir='ltr'>τῇ</span> <span class='ocrx_word' id='word_1_640' title='bbox 1392 5001 1697 5073; x_wconf 71' lang='grc' dir='ltr'>Ἐκκλησία</span> <span class='ocrx_word' id='word_1_641' title='bbox 1735 5002 1986 5072; x_wconf 77' lang='grc' dir='ltr'>Νικομη-</span> 
     </span>
    </p>
   </div>
   <div class='ocr_carea' id='block_1_97' title="bbox 414 5093 1986 5163">
    <p class='ocr_par' dir='ltr' id='par_1_97' title="bbox 414 5093 1986 5163">
     <span class='ocr_line' id='line_1_97' title="bbox 414 5093 1986 5163; baseline -0.004 -11"><span class='ocrx_word' id='word_1_642' title='bbox 414 5097 570 5161; x_wconf 74' lang='grc' dir='ltr'>δέων,</span> <span class='ocrx_word' id='word_1_643' title='bbox 600 5096 703 5149; x_wconf 81' lang='grc' dir='ltr'>οὐκ</span> <span class='ocrx_word' id='word_1_644' title='bbox 734 5095 1083 5163; x_wconf 74' lang='grc' dir='ltr'>ἐκδεδίκηται</span> <span class='ocrx_word' id='word_1_645' title='bbox 1126 5094 1196 5146; x_wconf 82' lang='grc' dir='ltr'>τὰ</span> <span class='ocrx_word' id='word_1_646' title='bbox 1255 5095 1380 5146; x_wconf 76' lang='grc' dir='ltr'>κατ’</span> <span class='ocrx_word' id='word_1_647' title='bbox 1417 5093 1602 5160; x_wconf 78' lang='grc' dir='ltr'>αὑτὸν,</span> <span class='ocrx_word' id='word_1_648' title='bbox 1655 5094 1986 5163; x_wconf 74' lang='grc' dir='ltr'>πρεῖσταται</span> 
     </span>
    </p>
   </div>
   <div class='ocr_carea' id='block_1_98' title="bbox 415 5182 1984 5254">
    <p class='ocr_par' dir='ltr' id='par_1_98' title="bbox 415 5182 1984 5254">
     <span class='ocr_line' id='line_1_98' title="bbox 415 5182 1984 5254; baseline 0 -18"><span class='ocrx_word' id='word_1_649' title='bbox 415 5186 513 5237; x_wconf 81' lang='grc' dir='ltr'><strong>καί</strong></span> <span class='ocrx_word' id='word_1_650' title='bbox 538 5184 747 5235; x_wconf 85' lang='grc' dir='ltr'>τούτων</span> <span class='ocrx_word' id='word_1_651' title='bbox 775 5182 886 5235; x_wconf 88' lang='grc' dir='ltr'><strong>τῶν</strong></span> <span class='ocrx_word' id='word_1_652' title='bbox 912 5182 1261 5248; x_wconf 76' lang='grc' dir='ltr'>ἀποστατῶν,</span> <span class='ocrx_word' id='word_1_653' title='bbox 1282 5184 1375 5236; x_wconf 65' lang='lat' dir='ltr'><strong>atati</strong></span> <span class='ocrx_word' id='word_1_654' title='bbox 1400 5184 1637 5252; x_wconf 78' lang='grc' dir='ltr'>γράφειν</span> <span class='ocrx_word' id='word_1_655' title='bbox 1660 5187 1984 5254; x_wconf 69' lang='grc' dir='ltr'>ἐπεχείρησε</span> 
     </span>
    </p>
   </div>
   <div class='ocr_carea' id='block_1_99' title="bbox 419 5274 1983 5347">
    <p class='ocr_par' dir='ltr' id='par_1_99' title="bbox 419 5274 1983 5347">
     <span class='ocr_line' id='line_1_99' title="bbox 419 5274 1983 5347; baseline -0.001 -19"><span class='ocrx_word' id='word_1_656' title='bbox 419 5274 721 5345; x_wconf 74' lang='grc' dir='ltr'>πανταχοῦ,</span> <span class='ocrx_word' id='word_1_657' title='bbox 755 5274 1023 5328; x_wconf 83' lang='grc' dir='ltr'>συνιστῶν</span> <span class='ocrx_word' id='word_1_658' title='bbox 1049 5275 1270 5338; x_wconf 70' lang='grc' dir='ltr'>αὐτοὺς,</span> <span class='ocrx_word' id='word_1_659' title='bbox 1321 5274 1411 5329; x_wconf 83' lang='grc' dir='ltr'><strong>ἴνα</strong></span> <span class='ocrx_word' id='word_1_660' title='bbox 1463 5276 1539 5345; x_wconf 81' lang='grc' dir='ltr'>μὴ</span> <span class='ocrx_word' id='word_1_661' title='bbox 1572 5276 1704 5338; x_wconf 73' lang='grc' dir='ltr'>ἴσως</span> <span class='ocrx_word' id='word_1_662' title='bbox 1735 5275 1983 5347; x_wconf 73' lang='grc' dir='ltr'>ύποσύρῃ</span> 
     </span>
    </p>
   </div>
   <div class='ocr_carea' id='block_1_100' title="bbox 414 5367 1985 5439">
    <p class='ocr_par' dir='ltr' id='par_1_100' title="bbox 414 5367 1985 5439">
     <span class='ocr_line' id='line_1_100' title="bbox 414 5367 1985 5439; baseline 0 -19"><span class='ocrx_word' id='word_1_663' title='bbox 414 5368 569 5432; x_wconf 78' lang='grc' dir='ltr'>τινας</span> <span class='ocrx_word' id='word_1_664' title='bbox 600 5367 938 5434; x_wconf 77' lang='grc' dir='ltr'>ἀγνοοῦντας</span> <span class='ocrx_word' id='word_1_665' title='bbox 971 5371 1048 5427; x_wconf 80' lang='grc' dir='ltr'><strong>εἰς</strong></span> <span class='ocrx_word' id='word_1_666' title='bbox 1076 5367 1174 5433; x_wconf 76' lang='grc' dir='ltr'>τὴν</span> <span class='ocrx_word' id='word_1_667' title='bbox 1213 5367 1449 5438; x_wconf 63' lang='grc' dir='ltr'>ἐσχάτην</span> <span class='ocrx_word' id='word_1_668' title='bbox 1473 5367 1567 5420; x_wconf 74' lang='grc' dir='ltr'>καὶ</span> <span class='ocrx_word' id='word_1_669' title='bbox 1597 5369 1985 5439; x_wconf 71' lang='grc' dir='ltr'>Χριστομὰχον</span> 
     </span>
    </p>
   </div>
   <div class='ocr_carea' id='block_1_101' title="bbox 417 5458 1987 5531">
    <p class='ocr_par' dir='ltr' id='par_1_101' title="bbox 417 5458 1987 5531">
     <span class='ocr_line' id='line_1_101' title="bbox 417 5458 1987 5531; baseline 0.001 -20"><span class='ocrx_word' id='word_1_670' title='bbox 417 5459 661 5528; x_wconf 78' lang='grc' dir='ltr'>αἵρεσιν,</span> <span class='ocrx_word' id='word_1_671' title='bbox 685 5460 934 5528; x_wconf 72' lang='grc' dir='ltr'>ἀνάγκην</span> <span class='ocrx_word' id='word_1_672' title='bbox 978 5458 1161 5530; x_wconf 78' lang='grc' dir='ltr'>ἔσχον,</span> <span class='ocrx_word' id='word_1_673' title='bbox 1190 5458 1346 5521; x_wconf 84' lang='grc' dir='ltr'>εἰδὼς</span> <span class='ocrx_word' id='word_1_674' title='bbox 1378 5460 1438 5511; x_wconf 84' lang='grc' dir='ltr'>τὸ</span> <span class='ocrx_word' id='word_1_675' title='bbox 1482 5462 1540 5512; x_wconf 78' lang='grc' dir='ltr'>ὲν</span> <span class='ocrx_word' id='word_1_676' title='bbox 1573 5460 1651 5529; x_wconf 81' lang='grc' dir='ltr'>τῷ</span> <span class='ocrx_word' id='word_1_677' title='bbox 1705 5460 1857 5531; x_wconf 80' lang='grc' dir='ltr'>νόμῳ</span> <span class='ocrx_word' id='word_1_678' title='bbox 1896 5478 1987 5528; x_wconf 77' lang='grc' dir='ltr'>γε-</span> 
     </span>
    </p>
   </div>
   <div class='ocr_carea' id='block_1_102' title="bbox 422 5551 1985 5622">
    <p class='ocr_par' dir='ltr' id='par_1_102' title="bbox 422 5551 1985 5622">
     <span class='ocr_line' id='line_1_102' title="bbox 422 5551 1985 5622; baseline 0.002 -19"><span class='ocrx_word' id='word_1_679' title='bbox 422 5551 1022 5622; x_wconf 72' lang='grc' dir='ltr'>τραμμένον,ξμηκέτι</span> <span class='ocrx_word' id='word_1_680' title='bbox 1084 5552 1184 5620; x_wconf 73' lang='grc' dir='ltr'>μὲν</span> <span class='ocrx_word' id='word_1_681' title='bbox 1230 5552 1531 5621; x_wconf 79' lang='grc' dir='ltr'>σιωπῆσαι,</span> <span class='ocrx_word' id='word_1_682' title='bbox 1576 5553 1896 5621; x_wconf 63' lang='grc' dir='ltr'>ἀναγγεῖλαι</span> <span class='ocrx_word' id='word_1_683' title='bbox 1929 5556 1985 5607; x_wconf 75' lang='grc' dir='ltr'>δὲ</span> 
     </span>
    </p>
   </div>
   <div class='ocr_carea' id='block_1_103' title="bbox 423 5646 1979 5718">
    <p class='ocr_par' dir='ltr' id='par_1_103' title="bbox 423 5646 1979 5718">
     <span class='ocr_line' id='line_1_103' title="bbox 423 5646 1979 5718; baseline 0 -17"><span class='ocrx_word' id='word_1_684' title='bbox 423 5648 592 5701; x_wconf 74' lang='grc' dir='ltr'>πᾶσιν</span> <span class='ocrx_word' id='word_1_685' title='bbox 622 5648 777 5718; x_wconf 84' lang='grc' dir='ltr'>ὑμῖν,</span> <span class='ocrx_word' id='word_1_686' title='bbox 799 5649 888 5701; x_wconf 80' lang='grc' dir='ltr'>ἵνα</span> <span class='ocrx_word' id='word_1_687' title='bbox 919 5646 1230 5718; x_wconf 66' lang='grc' dir='ltr'>γινώσκητε</span> <span class='ocrx_word' id='word_1_688' title='bbox 1268 5646 1398 5711; x_wconf 88' lang='grc' dir='ltr'>τούς</span> <span class='ocrx_word' id='word_1_689' title='bbox 1431 5664 1490 5700; x_wconf 86' lang='grc' dir='ltr'><strong>τε</strong></span> <span class='ocrx_word' id='word_1_690' title='bbox 1544 5649 1853 5712; x_wconf 61' lang='grc' dir='ltr'>ἀποστάτας</span> <span class='ocrx_word' id='word_1_691' title='bbox 1890 5667 1979 5717; x_wconf 72' lang='grc' dir='ltr'><strong>γε·</strong></span> 
     </span>
    </p>
   </div>
   <div class='ocr_carea' id='block_1_104' title="bbox 495 5810 1770 5881">
    <p class='ocr_par' dir='ltr' id='par_1_104' title="bbox 495 5810 1770 5881">
     <span class='ocr_line' id='line_1_104' title="bbox 495 5810 1770 5881; baseline 0.003 -18"><span class='ocrx_word' id='word_1_692' title='bbox 495 5812 566 5879; x_wconf 69' lang='grc' dir='ltr'><strong>υ)</strong></span> <span class='ocrx_word' id='word_1_693' title='bbox 596 5810 875 5868; x_wconf 72' lang='lat' dir='ltr'><strong>Sorrates.</strong></span> <span class='ocrx_word' id='word_1_694' title='bbox 914 5811 1110 5866; x_wconf 68' lang='grc' dir='ltr'>[ἔτ-τίεις.</span> <span class='ocrx_word' id='word_1_695' title='bbox 1148 5811 1331 5864; x_wconf 76' lang='lat' dir='ltr'><strong>histor.</strong></span> <span class='ocrx_word' id='word_1_696' title='bbox 1366 5810 1463 5865; x_wconf 87' lang='lat' dir='ltr'><strong>lib.</strong></span> <span class='ocrx_word' id='word_1_697' title='bbox 1503 5826 1538 5877; x_wconf 78' lang='grc' dir='ltr'><strong>ι,</strong></span> <span class='ocrx_word' id='word_1_698' title='bbox 1570 5827 1687 5881; x_wconf 78' lang='lat' dir='ltr'><strong>cap.</strong></span> <span class='ocrx_word' id='word_1_699' title='bbox 1717 5812 1770 5867; x_wconf 74' lang='grc'>6.</span> 
     </span>
    </p>
   </div>
   <div class='ocr_carea' id='block_1_105' title="bbox 2089 4643 3661 4718">
    <p class='ocr_par' dir='ltr' id='par_1_105' title="bbox 2089 4643 3661 4718">
     <span class='ocr_line' id='line_1_105' title="bbox 2089 4643 3661 4718; baseline 0.013 -28"><span class='ocrx_word' id='word_1_700' title='bbox 2089 4650 2527 4705; x_wconf 83' lang='lat' dir='ltr'><strong>consumeretur,</strong></span> <span class='ocrx_word' id='word_1_701' title='bbox 2557 4656 2735 4710; x_wconf 85' lang='lat' dir='ltr'><strong>neque</strong></span> <span class='ocrx_word' id='word_1_702' title='bbox 2762 4643 2813 4695; x_wconf 87' lang='lat' dir='ltr'><strong>in</strong></span> <span class='ocrx_word' id='word_1_703' title='bbox 2843 4643 2958 4699; x_wconf 84' lang='lat' dir='ltr'><strong>loca</strong></span> <span class='ocrx_word' id='word_1_704' title='bbox 2994 4646 3095 4701; x_wconf 86' lang='lat' dir='ltr'><strong>alia</strong></span> <span class='ocrx_word' id='word_1_705' title='bbox 3128 4664 3498 4718; x_wconf 82' lang='lat' dir='ltr'><strong>progressum,</strong></span> <span class='ocrx_word' id='word_1_706' title='bbox 3527 4672 3553 4708; x_wconf 91' lang='lat' dir='ltr'><strong>s</strong></span> <span class='ocrx_word' id='word_1_707' title='bbox 3578 4673 3661 4710; x_wconf 84' lang='lat' dir='ltr'><strong>m-</strong></span> 
     </span>
    </p>
   </div>
   <div class='ocr_carea' id='block_1_106' title="bbox 2088 4730 3656 4808">
    <p class='ocr_par' dir='ltr' id='par_1_106' title="bbox 2088 4730 3656 4808">
     <span class='ocr_line' id='line_1_106' title="bbox 2088 4730 3656 4808; baseline 0.011 -26"><span class='ocrx_word' id='word_1_708' title='bbox 2088 4730 2314 4799; x_wconf 90' lang='lat' dir='ltr'><strong>plicium</strong></span> <span class='ocrx_word' id='word_1_709' title='bbox 2346 4734 2708 4801; x_wconf 87' lang='lat' dir='ltr'><strong>quorumdam</strong></span> <span class='ocrx_word' id='word_1_710' title='bbox 2749 4751 2911 4790; x_wconf 88' lang='lat' dir='ltr'><strong>aures</strong></span> <span class='ocrx_word' id='word_1_711' title='bbox 2940 4744 3363 4798; x_wconf 78' lang='lat' dir='ltr'><strong>contaminaret.</strong></span> <span class='ocrx_word' id='word_1_712' title='bbox 3394 4746 3656 4808; x_wconf 85' lang='lat' dir='ltr'><strong>Quando-</strong></span> 
     </span>
    </p>
   </div>
   <div class='ocr_carea' id='block_1_107' title="bbox 2089 4822 3658 4903">
    <p class='ocr_par' dir='ltr' id='par_1_107' title="bbox 2089 4822 3658 4903">
     <span class='ocr_line' id='line_1_107' title="bbox 2089 4822 3658 4903; baseline 0.011 -28"><span class='ocrx_word' id='word_1_713' title='bbox 2089 4822 2311 4892; x_wconf 73' lang='lat' dir='ltr'><strong>quidem</strong></span> <span class='ocrx_word' id='word_1_714' title='bbox 2350 4838 2481 4879; x_wconf 90' lang='lat' dir='ltr'><strong>vero</strong></span> <span class='ocrx_word' id='word_1_715' title='bbox 2532 4825 2822 4887; x_wconf 65' lang='lat' dir='ltr'><strong>Eumenius.</strong></span> <span class='ocrx_word' id='word_1_716' title='bbox 2861 4831 2953 4898; x_wconf 90' lang='lat' dir='ltr'><strong>qui</strong></span> <span class='ocrx_word' id='word_1_717' title='bbox 3008 4848 3154 4887; x_wconf 86' lang='lat' dir='ltr'><strong>nunc</strong></span> <span class='ocrx_word' id='word_1_718' title='bbox 3185 4834 3517 4891; x_wconf 70' lang='lat' dir='ltr'><strong>Nicomediae</strong></span> <span class='ocrx_word' id='word_1_719' title='bbox 3548 4849 3658 4903; x_wconf 88' lang='lat' dir='ltr'><strong>est,</strong></span> 
     </span>
    </p>
   </div>
   <div class='ocr_carea' id='block_1_108' title="bbox 2089 4915 3656 4998">
    <p class='ocr_par' dir='ltr' id='par_1_108' title="bbox 2089 4915 3656 4998">
     <span class='ocr_line' id='line_1_108' title="bbox 2089 4915 3656 4998; baseline 0.011 -31"><span class='ocrx_word' id='word_1_720' title='bbox 2089 4915 2143 4968; x_wconf 91' lang='lat' dir='ltr'><strong>in</strong></span> <span class='ocrx_word' id='word_1_721' title='bbox 2179 4930 2238 4968; x_wconf 82' lang='lat' dir='ltr'><strong>se</strong></span> <span class='ocrx_word' id='word_1_722' title='bbox 2266 4916 2523 4971; x_wconf 75' lang='lat' dir='ltr'><strong>Ecclesia:</strong></span> <span class='ocrx_word' id='word_1_723' title='bbox 2572 4934 2660 4973; x_wconf 85' lang='lat' dir='ltr'><strong>res</strong></span> <span class='ocrx_word' id='word_1_724' title='bbox 2689 4922 2824 4974; x_wconf 79' lang='lat' dir='ltr'><strong>sitas</strong></span> <span class='ocrx_word' id='word_1_725' title='bbox 2855 4938 2976 4978; x_wconf 88' lang='lat' dir='ltr'><strong>esse</strong></span> <span class='ocrx_word' id='word_1_726' title='bbox 3010 4927 3335 4981; x_wconf 81' lang='lat' dir='ltr'><strong>existimans</strong></span> <span class='ocrx_word' id='word_1_727' title='bbox 3370 4932 3656 4998; x_wconf 80' lang='lat' dir='ltr'><strong>(quoniam</strong></span> 
     </span>
    </p>
   </div>
   <div class='ocr_carea' id='block_1_109' title="bbox 2091 5008 3657 5090">
    <p class='ocr_par' dir='ltr' id='par_1_109' title="bbox 2091 5008 3657 5090">
     <span class='ocr_line' id='line_1_109' title="bbox 2091 5008 3657 5090; baseline 0.013 -30"><span class='ocrx_word' id='word_1_728' title='bbox 2091 5008 2147 5061; x_wconf 88' lang='lat' dir='ltr'><strong>in</strong></span> <span class='ocrx_word' id='word_1_729' title='bbox 2175 5024 2328 5071; x_wconf 79' lang='lat' dir='ltr'><strong>eum,</strong></span> <span class='ocrx_word' id='word_1_730' title='bbox 2360 5018 2508 5080; x_wconf 87' lang='lat' dir='ltr'><strong>quod</strong></span> <span class='ocrx_word' id='word_1_731' title='bbox 2553 5013 2751 5085; x_wconf 60' lang='grc' dir='ltr'><strong>Βενειο</strong></span> <span class='ocrx_word' id='word_1_732' title='bbox 2783 5016 2992 5081; x_wconf 86' lang='lat' dir='ltr'><strong>relicta,</strong></span> <span class='ocrx_word' id='word_1_733' title='bbox 3029 5020 3207 5075; x_wconf 88' lang='lat' dir='ltr'><strong>oculis</strong></span> <span class='ocrx_word' id='word_1_734' title='bbox 3239 5021 3559 5090; x_wconf 71' lang='lat' dir='ltr'><strong>cupid:tatls</strong></span> <span class='ocrx_word' id='word_1_735' title='bbox 3597 5024 3657 5080; x_wconf 87' lang='lat' dir='ltr'><strong>ir.</strong></span> 
     </span>
    </p>
   </div>
   <div class='ocr_carea' id='block_1_110' title="bbox 2087 5103 3662 5184">
    <p class='ocr_par' dir='ltr' id='par_1_110' title="bbox 2087 5103 3662 5184">
     <span class='ocr_line' id='line_1_110' title="bbox 2087 5103 3662 5184; baseline 0.011 -27"><span class='ocrx_word' id='word_1_736' title='bbox 2087 5103 2881 5176; x_wconf 40' lang='lat' dir='ltr'><strong>NicomedienscmiEcclcsiam</strong></span> <span class='ocrx_word' id='word_1_737' title='bbox 2915 5113 3163 5184; x_wconf 74' lang='lat' dir='ltr'><strong>adjectis,</strong></span> <span class='ocrx_word' id='word_1_738' title='bbox 3193 5130 3311 5168; x_wconf 90' lang='lat' dir='ltr'><strong>eam</strong></span> <span class='ocrx_word' id='word_1_739' title='bbox 3348 5127 3662 5175; x_wconf 79' lang='lat' dir='ltr'><strong>assectatus</strong></span> 
     </span>
    </p>
   </div>
   <div class='ocr_carea' id='block_1_111' title="bbox 2088 5195 3660 5275">
    <p class='ocr_par' dir='ltr' id='par_1_111' title="bbox 2088 5195 3660 5275">
     <span class='ocr_line' id='line_1_111' title="bbox 2088 5195 3660 5275; baseline 0.012 -28"><span class='ocrx_word' id='word_1_740' title='bbox 2088 5204 2193 5259; x_wconf 88' lang='lat' dir='ltr'><strong>cst,</strong></span> <span class='ocrx_word' id='word_1_741' title='bbox 2238 5195 2482 5265; x_wconf 74' lang='lat' dir='ltr'><strong>legitime</strong></span> <span class='ocrx_word' id='word_1_742' title='bbox 2526 5200 2863 5255; x_wconf 79' lang='lat' dir='ltr'><strong>vindicatum</strong></span> <span class='ocrx_word' id='word_1_743' title='bbox 2896 5218 3004 5256; x_wconf 84' lang='lat' dir='ltr'><strong>non</strong></span> <span class='ocrx_word' id='word_1_744' title='bbox 3037 5209 3165 5272; x_wconf 81' lang='lat' dir='ltr'><strong>cst),</strong></span> <span class='ocrx_word' id='word_1_745' title='bbox 3200 5208 3533 5275; x_wconf 79' lang='lat' dir='ltr'><strong>patrocinari</strong></span> <span class='ocrx_word' id='word_1_746' title='bbox 3563 5211 3660 5266; x_wconf 80' lang='lat' dir='ltr'><strong>de-</strong></span> 
     </span>
    </p>
   </div>
   <div class='ocr_carea' id='block_1_112' title="bbox 2086 5288 3660 5363">
    <p class='ocr_par' dir='ltr' id='par_1_112' title="bbox 2086 5288 3660 5363">
     <span class='ocr_line' id='line_1_112' title="bbox 2086 5288 3660 5363; baseline 0.011 -22"><span class='ocrx_word' id='word_1_747' title='bbox 2086 5288 2392 5342; x_wconf 84' lang='lat' dir='ltr'><strong>sertorihus</strong></span> <span class='ocrx_word' id='word_1_748' title='bbox 2438 5291 2579 5357; x_wconf 86' lang='lat' dir='ltr'><strong>istis,</strong></span> <span class='ocrx_word' id='word_1_749' title='bbox 2629 5301 2683 5346; x_wconf 88' lang='lat' dir='ltr'><strong>et</strong></span> <span class='ocrx_word' id='word_1_750' title='bbox 2722 5294 2788 5345; x_wconf 88' lang='lat' dir='ltr'><strong>ad</strong></span> <span class='ocrx_word' id='word_1_751' title='bbox 2834 5294 2948 5348; x_wconf 82' lang='lat' dir='ltr'><strong>loca</strong></span> <span class='ocrx_word' id='word_1_752' title='bbox 2990 5297 3196 5363; x_wconf 72' lang='lat' dir='ltr'><strong>qumvis</strong></span> <span class='ocrx_word' id='word_1_753' title='bbox 3248 5302 3512 5362; x_wconf 87' lang='lat' dir='ltr'><strong>scribere.</strong></span> <span class='ocrx_word' id='word_1_754' title='bbox 3558 5320 3660 5359; x_wconf 84' lang='lat' dir='ltr'><strong>eos</strong></span> 
     </span>
    </p>
   </div>
   <div class='ocr_carea' id='block_1_113' title="bbox 2090 5384 3657 5466">
    <p class='ocr_par' dir='ltr' id='par_1_113' title="bbox 2090 5384 3657 5466">
     <span class='ocr_line' id='line_1_113' title="bbox 2090 5384 3657 5466; baseline 0.012 -33"><span class='ocrx_word' id='word_1_755' title='bbox 2090 5384 2505 5451; x_wconf 82' lang='lat' dir='ltr'><strong>commendans,</strong></span> <span class='ocrx_word' id='word_1_756' title='bbox 2553 5386 2742 5454; x_wconf 67' lang='lat' dir='ltr'><strong>coepit,</strong></span> <span class='ocrx_word' id='word_1_757' title='bbox 2787 5402 2856 5440; x_wconf 90' lang='lat' dir='ltr'><strong>ne</strong></span> <span class='ocrx_word' id='word_1_758' title='bbox 2911 5388 3052 5442; x_wconf 78' lang='lat' dir='ltr'><strong>forte</strong></span> <span class='ocrx_word' id='word_1_759' title='bbox 3096 5391 3411 5459; x_wconf 73' lang='lat' dir='ltr'><strong>ignorantes</strong></span> <span class='ocrx_word' id='word_1_760' title='bbox 3441 5397 3657 5466; x_wconf 73' lang='lat' dir='ltr'><strong>aliquos</strong></span> 
     </span>
    </p>
   </div>
   <div class='ocr_carea' id='block_1_114' title="bbox 2090 5471 3647 5556">
    <p class='ocr_par' dir='ltr' id='par_1_114' title="bbox 2090 5471 3647 5556">
     <span class='ocr_line' id='line_1_114' title="bbox 2090 5471 3647 5556; baseline 0.012 -32"><span class='ocrx_word' id='word_1_761' title='bbox 2090 5471 2146 5524; x_wconf 85' lang='lat' dir='ltr'><strong>in</strong></span> <span class='ocrx_word' id='word_1_762' title='bbox 2186 5484 2484 5528; x_wconf 85' lang='lat' dir='ltr'><strong>extremam</strong></span> <span class='ocrx_word' id='word_1_763' title='bbox 2533 5484 2588 5529; x_wconf 89' lang='lat' dir='ltr'><strong>ct</strong></span> <span class='ocrx_word' id='word_1_764' title='bbox 2630 5478 2833 5532; x_wconf 79' lang='lat' dir='ltr'><strong>Christi</strong></span> <span class='ocrx_word' id='word_1_765' title='bbox 2893 5479 3171 5535; x_wconf 76' lang='lat' dir='ltr'><strong>inimicam</strong></span> <span class='ocrx_word' id='word_1_766' title='bbox 3221 5484 3468 5540; x_wconf 73' lang='lat' dir='ltr'><strong>hmresim</strong></span> <span class='ocrx_word' id='word_1_767' title='bbox 3521 5505 3647 5556; x_wconf 76' lang='lat' dir='ltr'><strong>pcr-</strong></span> 
     </span>
    </p>
   </div>
   <div class='ocr_carea' id='block_1_115' title="bbox 2092 5565 3657 5655">
    <p class='ocr_par' dir='ltr' id='par_1_115' title="bbox 2092 5565 3657 5655">
     <span class='ocr_line' id='line_1_115' title="bbox 2092 5565 3657 5655; baseline 0.012 -40"><span class='ocrx_word' id='word_1_768' title='bbox 2092 5565 2291 5627; x_wconf 73' lang='lat' dir='ltr'><strong>traltat,</strong></span> <span class='ocrx_word' id='word_1_769' title='bbox 2326 5581 2552 5619; x_wconf 84' lang='lat' dir='ltr'><strong>necesse</strong></span> <span class='ocrx_word' id='word_1_770' title='bbox 2602 5565 2801 5634; x_wconf 87' lang='lat' dir='ltr'><strong>habeo,</strong></span> <span class='ocrx_word' id='word_1_771' title='bbox 2837 5571 2887 5623; x_wconf 90' lang='lat' dir='ltr'><strong>id</strong></span> <span class='ocrx_word' id='word_1_772' title='bbox 2930 5573 3075 5655; x_wconf 76' lang='lat' dir='ltr'><strong>quod</strong></span> <span class='ocrx_word' id='word_1_773' title='bbox 3119 5574 3172 5627; x_wconf 90' lang='lat' dir='ltr'><strong>in</strong></span> <span class='ocrx_word' id='word_1_774' title='bbox 3222 5576 3341 5645; x_wconf 78' lang='lat' dir='ltr'><strong>lege</strong></span> <span class='ocrx_word' id='word_1_775' title='bbox 3384 5581 3657 5647; x_wconf 79' lang='lat' dir='ltr'><strong>scriptum</strong></span> 
     </span>
    </p>
   </div>
   <div class='ocr_carea' id='block_1_116' title="bbox 2090 5657 3662 5734">
    <p class='ocr_par' dir='ltr' id='par_1_116' title="bbox 2090 5657 3662 5734">
     <span class='ocr_line' id='line_1_116' title="bbox 2090 5657 3662 5734; baseline 0.011 -24"><span class='ocrx_word' id='word_1_776' title='bbox 2090 5667 2169 5710; x_wconf 80' lang='lat' dir='ltr'><strong>est</strong></span> <span class='ocrx_word' id='word_1_777' title='bbox 2202 5657 2462 5713; x_wconf 83' lang='lat' dir='ltr'><strong>memoria</strong></span> <span class='ocrx_word' id='word_1_778' title='bbox 2499 5668 2712 5727; x_wconf 75' lang='lat' dir='ltr'><strong>tenens,</strong></span> <span class='ocrx_word' id='word_1_779' title='bbox 2750 5666 2983 5734; x_wconf 80' lang='lat' dir='ltr'><strong>amplius</strong></span> <span class='ocrx_word' id='word_1_780' title='bbox 3013 5683 3120 5721; x_wconf 90' lang='lat' dir='ltr'><strong>non</strong></span> <span class='ocrx_word' id='word_1_781' title='bbox 3152 5668 3337 5734; x_wconf 79' lang='lat' dir='ltr'><strong>siIcrc,</strong></span> <span class='ocrx_word' id='word_1_782' title='bbox 3368 5674 3460 5725; x_wconf 68' lang='lat' dir='ltr'><strong>sed</strong></span> <span class='ocrx_word' id='word_1_783' title='bbox 3497 5683 3662 5727; x_wconf 65' lang='lat' dir='ltr'><strong>vobis</strong></span> 
     </span>
    </p>
   </div>
  </div>
