  <div class='ocr_page' id='page_1' title='image "/cluster/home/n/w/nwhite01/storage/ocr_20150623/146/hvd.32044019208347/027.png"; bbox 0 0 4062 6550; ppageno 0'>
   <div class='ocr_carea' id='block_1_1' title="bbox 418 410 3675 505">
    <p class='ocr_par' dir='ltr' id='par_1_1' title="bbox 418 410 3675 505">
     <span class='ocr_line' id='line_1_1' title="bbox 418 410 3675 505; baseline -0.009 0"><span class='ocrx_word' id='word_1_1' title='bbox 418 442 491 505; x_wconf 75' lang='lat'><strong>3‘3</strong></span> <span class='ocrx_word' id='word_1_2' title='bbox 1592 426 2025 491; x_wconf 72' lang='lat' dir='ltr'><strong>NlCEPIlOBI</strong></span> <span class='ocrx_word' id='word_1_3' title='bbox 2061 418 2414 487; x_wconf 80' lang='lat' dir='ltr'><strong>CALLISTI</strong></span> <span class='ocrx_word' id='word_1_4' title='bbox 3604 410 3675 476; x_wconf 80' lang='grc' dir='ltr'>ιο</span> 
     </span>
    </p>
   </div>
   <div class='ocr_carea' id='block_1_2' title="bbox 412 529 2026 612">
    <p class='ocr_par' dir='ltr' id='par_1_2' title="bbox 412 541 2026 612">
     <span class='ocr_line' id='line_1_2' title="bbox 412 541 2026 612; baseline -0.011 -1"><span class='ocrx_word' id='word_1_5' title='bbox 412 573 525 611; x_wconf 88' lang='lat' dir='ltr'><strong>rem</strong></span> <span class='ocrx_word' id='word_1_6' title='bbox 583 566 706 609; x_wconf 89' lang='lat' dir='ltr'><strong>eam</strong></span> <span class='ocrx_word' id='word_1_7' title='bbox 766 550 1028 606; x_wconf 88' lang='lat' dir='ltr'><strong>omnibus</strong></span> <span class='ocrx_word' id='word_1_8' title='bbox 1074 544 1430 612; x_wconf 82' lang='lat' dir='ltr'><strong>annuntiare,</strong></span> <span class='ocrx_word' id='word_1_9' title='bbox 1482 551 1543 599; x_wconf 93' lang='lat' dir='ltr'><strong>ut</strong></span> <span class='ocrx_word' id='word_1_10' title='bbox 1586 542 1642 599; x_wconf 86' lang='lat' dir='ltr'><strong>et</strong></span> <span class='ocrx_word' id='word_1_11' title='bbox 1687 541 2026 601; x_wconf 67' lang='lat' dir='ltr'><strong>defectores.</strong></span> 
     </span>
    </p>
   </div>
   <div class='ocr_carea' id='block_1_3' title="bbox 2131 529 3678 612">
    <p class='ocr_par' dir='ltr' id='par_1_3' title="bbox 2131 529 3678 611">
     <span class='ocr_line' id='line_1_3' title="bbox 2131 529 3678 611; baseline -0.009 -17"><span class='ocrx_word' id='word_1_12' title='bbox 2131 541 2365 611; x_wconf 85' lang='grc' dir='ltr'>ομένους</span> <span class='ocrx_word' id='word_1_13' title='bbox 2389 537 2482 592; x_wconf 77' lang='grc' dir='ltr'><strong>καὶ</strong></span> <span class='ocrx_word' id='word_1_14' title='bbox 2514 536 2580 590; x_wconf 85' lang='grc' dir='ltr'><strong>τά</strong></span> <span class='ocrx_word' id='word_1_15' title='bbox 2601 536 2700 606; x_wconf 79' lang='grc' dir='ltr'>τῆς</span> <span class='ocrx_word' id='word_1_16' title='bbox 2733 535 2999 608; x_wconf 76' lang='grc' dir='ltr'>αἱρέσεως</span> <span class='ocrx_word' id='word_1_17' title='bbox 3050 532 3232 586; x_wconf 67' lang='grc' dir='ltr'>αὐτῶν</span> <span class='ocrx_word' id='word_1_18' title='bbox 3295 531 3533 600; x_wconf 72' lang='grc' dir='ltr'>δύστηνα</span> <span class='ocrx_word' id='word_1_19' title='bbox 3582 529 3678 598; x_wconf 75' lang='grc' dir='ltr'><strong>ῥή-</strong></span> 
     </span>
    </p>
   </div>
   <div class='ocr_carea' id='block_1_4' title="bbox 414 635 1992 718">
    <p class='ocr_par' dir='ltr' id='par_1_4' title="bbox 414 635 1992 718">
     <span class='ocr_line' id='line_1_4' title="bbox 414 635 1992 718; baseline -0.008 -16"><span class='ocrx_word' id='word_1_20' title='bbox 414 650 565 718; x_wconf 89' lang='lat' dir='ltr'><strong>ipsos</strong></span> <span class='ocrx_word' id='word_1_21' title='bbox 596 655 764 715; x_wconf 85' lang='lat' dir='ltr'><strong>alque</strong></span> <span class='ocrx_word' id='word_1_22' title='bbox 806 642 1153 711; x_wconf 86' lang='lat' dir='ltr'><strong>inauspicata</strong></span> <span class='ocrx_word' id='word_1_23' title='bbox 1195 654 1387 695; x_wconf 90' lang='lat' dir='ltr'><strong>eorum</strong></span> <span class='ocrx_word' id='word_1_24' title='bbox 1418 638 1584 694; x_wconf 80' lang='lat' dir='ltr'><strong>verba</strong></span> <span class='ocrx_word' id='word_1_25' title='bbox 1611 635 1992 707; x_wconf 70' lang='lat' dir='ltr'><strong>cognoscatis:</strong></span> 
     </span>
    </p>
   </div>
   <div class='ocr_carea' id='block_1_5' title="bbox 410 728 1995 805">
    <p class='ocr_par' dir='ltr' id='par_1_5' title="bbox 410 728 1995 805">
     <span class='ocr_line' id='line_1_5' title="bbox 410 728 1995 805; baseline -0.009 -9"><span class='ocrx_word' id='word_1_26' title='bbox 410 751 467 796; x_wconf 90' lang='lat' dir='ltr'><strong>et</strong></span> <span class='ocrx_word' id='word_1_27' title='bbox 512 755 637 796; x_wconf 92' lang='lat' dir='ltr'><strong>cum</strong></span> <span class='ocrx_word' id='word_1_28' title='bbox 693 737 968 793; x_wconf 80' lang='lat' dir='ltr'><strong>Eusebius</strong></span> <span class='ocrx_word' id='word_1_29' title='bbox 1018 732 1330 805; x_wconf 70' lang='lat' dir='ltr'><strong>scripserit,</strong></span> <span class='ocrx_word' id='word_1_30' title='bbox 1370 731 1619 786; x_wconf 88' lang='lat' dir='ltr'><strong>animum</strong></span> <span class='ocrx_word' id='word_1_31' title='bbox 1676 728 1741 784; x_wconf 87' lang='lat' dir='ltr'><strong>ad</strong></span> <span class='ocrx_word' id='word_1_32' title='bbox 1777 728 1995 782; x_wconf 75' lang='lat' dir='ltr'><strong>litteras</strong></span> 
     </span>
    </p>
   </div>
   <div class='ocr_carea' id='block_1_6' title="bbox 411 816 1991 903">
    <p class='ocr_par' dir='ltr' id='par_1_6' title="bbox 411 816 1991 903">
     <span class='ocr_line' id='line_1_6' title="bbox 411 816 1991 903; baseline -0.011 -17"><span class='ocrx_word' id='word_1_33' title='bbox 411 833 529 903; x_wconf 86' lang='lat' dir='ltr'><strong>ejus</strong></span> <span class='ocrx_word' id='word_1_34' title='bbox 557 846 666 884; x_wconf 93' lang='lat' dir='ltr'><strong>non</strong></span> <span class='ocrx_word' id='word_1_35' title='bbox 694 826 1013 883; x_wconf 89' lang='lat' dir='ltr'><strong>attendatis.</strong></span> <span class='ocrx_word' id='word_1_36' title='bbox 1041 824 1259 877; x_wconf 84' lang='lat' dir='ltr'><strong>Dudum</strong></span> <span class='ocrx_word' id='word_1_37' title='bbox 1283 835 1519 889; x_wconf 79' lang='lat' dir='ltr'><strong>namque</strong></span> <span class='ocrx_word' id='word_1_38' title='bbox 1549 816 1991 873; x_wconf 71' lang='lat' dir='ltr'><strong>malevolentiam</strong></span> 
     </span>
    </p>
   </div>
   <div class='ocr_carea' id='block_1_7' title="bbox 416 908 1998 990">
    <p class='ocr_par' dir='ltr' id='par_1_7' title="bbox 416 908 1998 990">
     <span class='ocr_line' id='line_1_7' title="bbox 416 908 1998 990; baseline -0.011 -12"><span class='ocrx_word' id='word_1_39' title='bbox 416 939 577 979; x_wconf 90' lang='lat' dir='ltr'><strong>suam</strong></span> <span class='ocrx_word' id='word_1_40' title='bbox 615 932 866 990; x_wconf 89' lang='lat' dir='ltr'><strong>tempore</strong></span> <span class='ocrx_word' id='word_1_41' title='bbox 907 917 1263 981; x_wconf 83' lang='lat' dir='ltr'><strong>occultatam,</strong></span> <span class='ocrx_word' id='word_1_42' title='bbox 1312 929 1460 969; x_wconf 90' lang='lat' dir='ltr'><strong>nunc</strong></span> <span class='ocrx_word' id='word_1_43' title='bbox 1499 910 1722 967; x_wconf 88' lang='lat' dir='ltr'><strong>tandem</strong></span> <span class='ocrx_word' id='word_1_44' title='bbox 1758 924 1858 978; x_wconf 86' lang='lat' dir='ltr'><strong>per</strong></span> <span class='ocrx_word' id='word_1_45' title='bbox 1894 908 1998 961; x_wconf 84' lang='lat' dir='ltr'><strong>bos</strong></span> 
     </span>
    </p>
   </div>
   <div class='ocr_carea' id='block_1_8' title="bbox 413 1003 1996 1080">
    <p class='ocr_par' dir='ltr' id='par_1_8' title="bbox 413 1003 1996 1080">
     <span class='ocr_line' id='line_1_8' title="bbox 413 1003 1996 1080; baseline -0.013 -9"><span class='ocrx_word' id='word_1_46' title='bbox 413 1031 687 1071; x_wconf 77' lang='lat' dir='ltr'><strong>renovare</strong></span> <span class='ocrx_word' id='word_1_47' title='bbox 720 1011 939 1076; x_wconf 86' lang='lat' dir='ltr'><strong>volens,</strong></span> <span class='ocrx_word' id='word_1_48' title='bbox 974 1025 1085 1080; x_wconf 75' lang='lat' dir='ltr'><strong>prae</strong></span> <span class='ocrx_word' id='word_1_49' title='bbox 1114 1023 1173 1062; x_wconf 84' lang='lat' dir='ltr'><strong>se</strong></span> <span class='ocrx_word' id='word_1_50' title='bbox 1217 1007 1324 1062; x_wconf 94' lang='lat' dir='ltr'><strong>fert</strong></span> <span class='ocrx_word' id='word_1_51' title='bbox 1356 1006 1448 1061; x_wconf 88' lang='lat' dir='ltr'><strong>ille</strong></span> <span class='ocrx_word' id='word_1_52' title='bbox 1477 1003 1698 1074; x_wconf 88' lang='lat' dir='ltr'><strong>quidem</strong></span> <span class='ocrx_word' id='word_1_53' title='bbox 1737 1010 1996 1069; x_wconf 86' lang='lat' dir='ltr'><strong>tanquam</strong></span> 
     </span>
    </p>
   </div>
   <div class='ocr_carea' id='block_1_9' title="bbox 415 1090 2000 1179">
    <p class='ocr_par' dir='ltr' id='par_1_9' title="bbox 415 1090 2000 1179">
     <span class='ocr_line' id='line_1_9' title="bbox 415 1090 2000 1179; baseline -0.013 -17"><span class='ocrx_word' id='word_1_54' title='bbox 415 1123 520 1179; x_wconf 87' lang='lat' dir='ltr'><strong>pro</strong></span> <span class='ocrx_word' id='word_1_55' title='bbox 568 1107 657 1160; x_wconf 85' lang='lat' dir='ltr'><strong>bis</strong></span> <span class='ocrx_word' id='word_1_56' title='bbox 703 1104 935 1170; x_wconf 81' lang='lat' dir='ltr'><strong>scribat,</strong></span> <span class='ocrx_word' id='word_1_57' title='bbox 983 1117 1179 1157; x_wconf 85' lang='lat' dir='ltr'><strong>revera</strong></span> <span class='ocrx_word' id='word_1_58' title='bbox 1235 1109 1421 1155; x_wconf 88' lang='lat' dir='ltr'><strong>autem</strong></span> <span class='ocrx_word' id='word_1_59' title='bbox 1463 1111 1563 1166; x_wconf 88' lang='lat' dir='ltr'><strong>pro</strong></span> <span class='ocrx_word' id='word_1_60' title='bbox 1610 1094 1794 1165; x_wconf 85' lang='lat' dir='ltr'><strong>seipso</strong></span> <span class='ocrx_word' id='word_1_61' title='bbox 1842 1090 1897 1145; x_wconf 94' lang='lat' dir='ltr'><strong>id</strong></span> <span class='ocrx_word' id='word_1_62' title='bbox 1942 1103 2000 1142; x_wconf 88' lang='lat' dir='ltr'><strong>se</strong></span> 
     </span>
    </p>
   </div>
   <div class='ocr_carea' id='block_1_10' title="bbox 418 1178 2000 1254">
    <p class='ocr_par' dir='ltr' id='par_1_10' title="bbox 418 1178 2000 1254">
     <span class='ocr_line' id='line_1_10' title="bbox 418 1178 2000 1254; baseline -0.017 0"><span class='ocrx_word' id='word_1_63' title='bbox 418 1178 672 1254; x_wconf 74' lang='lat' dir='ltr'><strong>studiose</strong></span> <span class='ocrx_word' id='word_1_64' title='bbox 725 1196 911 1249; x_wconf 84' lang='lat' dir='ltr'><strong>facere</strong></span> <span class='ocrx_word' id='word_1_65' title='bbox 964 1192 1237 1246; x_wconf 81' lang='lat' dir='ltr'><strong>declarat.</strong></span> <span class='ocrx_word' id='word_1_66' title='bbox 1290 1188 1354 1243; x_wconf 86' lang='lat' dir='ltr'><strong>Et</strong></span> <span class='ocrx_word' id='word_1_67' title='bbox 1404 1186 1718 1241; x_wconf 85' lang='lat' dir='ltr'><strong>desertores</strong></span> <span class='ocrx_word' id='word_1_68' title='bbox 1777 1178 2000 1250; x_wconf 84' lang='lat' dir='ltr'><strong>quidem</strong></span> 
     </span>
    </p>
   </div>
   <div class='ocr_carea' id='block_1_11' title="bbox 417 1272 2003 1354">
    <p class='ocr_par' dir='ltr' id='par_1_11' title="bbox 417 1272 2003 1354">
     <span class='ocr_line' id='line_1_11' title="bbox 417 1272 2003 1354; baseline -0.015 -7"><span class='ocrx_word' id='word_1_69' title='bbox 417 1301 569 1352; x_wconf 89' lang='lat' dir='ltr'><strong>sunt,</strong></span> <span class='ocrx_word' id='word_1_70' title='bbox 622 1290 812 1354; x_wconf 84' lang='lat' dir='ltr'><strong>Arius,</strong></span> <span class='ocrx_word' id='word_1_71' title='bbox 853 1284 1119 1349; x_wconf 75' lang='lat' dir='ltr'><strong>Achillas,</strong></span> <span class='ocrx_word' id='word_1_72' title='bbox 1172 1280 1442 1343; x_wconf 81' lang='lat' dir='ltr'><strong>Aithalcs,</strong></span> <span class='ocrx_word' id='word_1_73' title='bbox 1493 1277 1802 1345; x_wconf 86' lang='lat' dir='ltr'><strong>Carpones,</strong></span> <span class='ocrx_word' id='word_1_74' title='bbox 1861 1272 2003 1323; x_wconf 83' lang='lat' dir='ltr'><strong>alter</strong></span> 
     </span>
    </p>
   </div>
   <div class='ocr_carea' id='block_1_12' title="bbox 417 1364 2001 1446">
    <p class='ocr_par' dir='ltr' id='par_1_12' title="bbox 417 1364 2001 1446">
     <span class='ocr_line' id='line_1_12' title="bbox 417 1364 2001 1446; baseline -0.016 -9"><span class='ocrx_word' id='word_1_75' title='bbox 417 1383 609 1446; x_wconf 81' lang='lat' dir='ltr'><strong>Arius,</strong></span> <span class='ocrx_word' id='word_1_76' title='bbox 633 1379 935 1445; x_wconf 85' lang='lat' dir='ltr'><strong>Sarmatcs,</strong></span> <span class='ocrx_word' id='word_1_77' title='bbox 959 1377 1222 1439; x_wconf 85' lang='lat' dir='ltr'><strong>Euzoius,</strong></span> <span class='ocrx_word' id='word_1_78' title='bbox 1246 1371 1474 1435; x_wconf 86' lang='lat' dir='ltr'><strong>Lucius,</strong></span> <span class='ocrx_word' id='word_1_79' title='bbox 1499 1369 1769 1427; x_wconf 86' lang='lat' dir='ltr'><strong>Julianus,</strong></span> <span class='ocrx_word' id='word_1_80' title='bbox 1795 1364 2001 1425; x_wconf 60' lang='lat' dir='ltr'><strong>Menas,</strong></span> 
     </span>
    </p>
   </div>
   <div class='ocr_carea' id='block_1_13' title="bbox 420 1457 2003 1540">
    <p class='ocr_par' dir='ltr' id='par_1_13' title="bbox 420 1457 2003 1540">
     <span class='ocr_line' id='line_1_13' title="bbox 420 1457 2003 1540; baseline -0.016 -9"><span class='ocrx_word' id='word_1_81' title='bbox 420 1476 725 1540; x_wconf 79' lang='lat' dir='ltr'><strong>Belladius,</strong></span> <span class='ocrx_word' id='word_1_82' title='bbox 754 1472 943 1536; x_wconf 87' lang='lat' dir='ltr'><strong>Caius,</strong></span> <span class='ocrx_word' id='word_1_83' title='bbox 973 1481 1027 1527; x_wconf 90' lang='lat' dir='ltr'><strong>et</strong></span> <span class='ocrx_word' id='word_1_84' title='bbox 1055 1484 1181 1525; x_wconf 88' lang='lat' dir='ltr'><strong>cum</strong></span> <span class='ocrx_word' id='word_1_85' title='bbox 1212 1468 1294 1521; x_wconf 89' lang='lat' dir='ltr'><strong>eis</strong></span> <span class='ocrx_word' id='word_1_86' title='bbox 1327 1462 1618 1518; x_wconf 87' lang='lat' dir='ltr'><strong>Secundus</strong></span> <span class='ocrx_word' id='word_1_87' title='bbox 1639 1469 1695 1514; x_wconf 84' lang='lat' dir='ltr'><strong>et</strong></span> <span class='ocrx_word' id='word_1_88' title='bbox 1723 1457 2003 1516; x_wconf 82' lang='lat' dir='ltr'><strong>Theonas,</strong></span> 
     </span>
    </p>
   </div>
   <div class='ocr_carea' id='block_1_14' title="bbox 421 1549 2007 1637">
    <p class='ocr_par' dir='ltr' id='par_1_14' title="bbox 421 1549 2007 1637">
     <span class='ocr_line' id='line_1_14' title="bbox 421 1549 2007 1637; baseline -0.014 -15"><span class='ocrx_word' id='word_1_89' title='bbox 421 1565 723 1637; x_wconf 81' lang='lat' dir='ltr'><strong>aliquando</strong></span> <span class='ocrx_word' id='word_1_90' title='bbox 745 1562 995 1634; x_wconf 86' lang='lat' dir='ltr'><strong>episcopi</strong></span> <span class='ocrx_word' id='word_1_91' title='bbox 1024 1560 1182 1615; x_wconf 87' lang='lat' dir='ltr'><strong>dicti.</strong></span> <span class='ocrx_word' id='word_1_92' title='bbox 1210 1558 1343 1624; x_wconf 68' lang='lat' dir='ltr'><strong>Quae</strong></span> <span class='ocrx_word' id='word_1_93' title='bbox 1372 1569 1504 1610; x_wconf 84' lang='lat' dir='ltr'><strong>vero</strong></span> <span class='ocrx_word' id='word_1_94' title='bbox 1534 1561 1727 1607; x_wconf 88' lang='lat' dir='ltr'><strong>contra</strong></span> <span class='ocrx_word' id='word_1_95' title='bbox 1754 1549 2007 1618; x_wconf 85' lang='lat' dir='ltr'><strong>Scriptu-</strong></span> 
     </span>
    </p>
   </div>
   <div class='ocr_carea' id='block_1_15' title="bbox 422 1644 2008 1719">
    <p class='ocr_par' dir='ltr' id='par_1_15' title="bbox 422 1644 2008 1719">
     <span class='ocr_line' id='line_1_15' title="bbox 422 1644 2008 1719; baseline -0.013 -7"><span class='ocrx_word' id='word_1_96' title='bbox 422 1673 511 1714; x_wconf 85' lang='lat' dir='ltr'><strong>ras</strong></span> <span class='ocrx_word' id='word_1_97' title='bbox 566 1658 862 1712; x_wconf 86' lang='lat' dir='ltr'><strong>adinventa</strong></span> <span class='ocrx_word' id='word_1_98' title='bbox 921 1654 1147 1719; x_wconf 84' lang='lat' dir='ltr'><strong>docent,</strong></span> <span class='ocrx_word' id='word_1_99' title='bbox 1202 1651 1318 1704; x_wconf 77' lang='lat' dir='ltr'><strong>ha-c</strong></span> <span class='ocrx_word' id='word_1_100' title='bbox 1370 1656 1498 1703; x_wconf 90' lang='lat' dir='ltr'><strong>sunt</strong></span> <span class='ocrx_word' id='word_1_101' title='bbox 1551 1662 1566 1701; x_wconf 89' lang='lat'><strong>:</strong></span> <span class='ocrx_word' id='word_1_102' title='bbox 1616 1644 1739 1699; x_wconf 79' lang='lat' dir='ltr'><strong>Non</strong></span> <span class='ocrx_word' id='word_1_103' title='bbox 1789 1655 2008 1712; x_wconf 84' lang='lat' dir='ltr'><strong>semper</strong></span> 
     </span>
    </p>
   </div>
   <div class='ocr_carea' id='block_1_16' title="bbox 423 1738 2006 1821">
    <p class='ocr_par' dir='ltr' id='par_1_16' title="bbox 423 1738 2006 1821">
     <span class='ocr_line' id='line_1_16' title="bbox 423 1738 2006 1821; baseline -0.013 -16"><span class='ocrx_word' id='word_1_104' title='bbox 423 1753 567 1805; x_wconf 88' lang='lat' dir='ltr'><strong>Deus</strong></span> <span class='ocrx_word' id='word_1_105' title='bbox 614 1758 771 1821; x_wconf 87' lang='lat' dir='ltr'><strong>pater</strong></span> <span class='ocrx_word' id='word_1_106' title='bbox 819 1757 975 1812; x_wconf 89' lang='lat' dir='ltr'><strong>erat,</strong></span> <span class='ocrx_word' id='word_1_107' title='bbox 1024 1745 1122 1800; x_wconf 87' lang='lat' dir='ltr'><strong>sed</strong></span> <span class='ocrx_word' id='word_1_108' title='bbox 1171 1754 1292 1797; x_wconf 86' lang='lat' dir='ltr'><strong>erat</strong></span> <span class='ocrx_word' id='word_1_109' title='bbox 1340 1756 1464 1794; x_wconf 89' lang='lat' dir='ltr'><strong>cum</strong></span> <span class='ocrx_word' id='word_1_110' title='bbox 1516 1738 1658 1791; x_wconf 87' lang='lat' dir='ltr'><strong>Deus</strong></span> <span class='ocrx_word' id='word_1_111' title='bbox 1696 1744 1851 1805; x_wconf 87' lang='lat' dir='ltr'><strong>pater</strong></span> <span class='ocrx_word' id='word_1_112' title='bbox 1899 1749 2006 1786; x_wconf 86' lang='lat' dir='ltr'><strong>non</strong></span> 
     </span>
    </p>
   </div>
   <div class='ocr_carea' id='block_1_17' title="bbox 423 1827 2008 1908">
    <p class='ocr_par' dir='ltr' id='par_1_17' title="bbox 423 1827 2008 1908">
     <span class='ocr_line' id='line_1_17' title="bbox 423 1827 2008 1908; baseline -0.011 -12"><span class='ocrx_word' id='word_1_113' title='bbox 423 1850 544 1897; x_wconf 89' lang='lat' dir='ltr'><strong>erat</strong></span> <span class='ocrx_word' id='word_1_114' title='bbox 581 1861 595 1896; x_wconf 87' lang='lat'><strong>:</strong></span> <span class='ocrx_word' id='word_1_115' title='bbox 629 1856 739 1895; x_wconf 92' lang='lat' dir='ltr'><strong>non</strong></span> <span class='ocrx_word' id='word_1_116' title='bbox 780 1854 997 1908; x_wconf 86' lang='lat' dir='ltr'><strong>semper</strong></span> <span class='ocrx_word' id='word_1_117' title='bbox 1022 1837 1189 1906; x_wconf 73' lang='lat' dir='ltr'><strong>igitur</strong></span> <span class='ocrx_word' id='word_1_118' title='bbox 1226 1835 1321 1888; x_wconf 77' lang='lat' dir='ltr'><strong>Dei</strong></span> <span class='ocrx_word' id='word_1_119' title='bbox 1354 1832 1596 1885; x_wconf 77' lang='lat' dir='ltr'><strong>Verbum</strong></span> <span class='ocrx_word' id='word_1_120' title='bbox 1627 1839 1767 1893; x_wconf 88' lang='lat' dir='ltr'><strong>erat,</strong></span> <span class='ocrx_word' id='word_1_121' title='bbox 1813 1827 1909 1881; x_wconf 87' lang='lat' dir='ltr'><strong>sed</strong></span> <span class='ocrx_word' id='word_1_122' title='bbox 1940 1841 2008 1880; x_wconf 78' lang='lat' dir='ltr'><strong>ex</strong></span> 
     </span>
    </p>
   </div>
   <div class='ocr_carea' id='block_1_18' title="bbox 2103 620 3680 704">
    <p class='ocr_par' dir='ltr' id='par_1_18' title="bbox 2103 620 3680 704">
     <span class='ocr_line' id='line_1_18' title="bbox 2103 620 3680 704; baseline -0.01 -19"><span class='ocrx_word' id='word_1_123' title='bbox 2103 633 2288 704; x_wconf 74' lang='grc' dir='ltr'>ματαξ⁸</span> <span class='ocrx_word' id='word_1_124' title='bbox 2315 632 2411 686; x_wconf 70' lang='grc' dir='ltr'><strong>καὶ</strong></span> <span class='ocrx_word' id='word_1_125' title='bbox 2446 630 2541 684; x_wconf 73' lang='grc' dir='ltr'><strong>ἐὰν</strong></span> <span class='ocrx_word' id='word_1_126' title='bbox 2572 628 2761 701; x_wconf 58' lang='grc' dir='ltr'>γράφῃ</span> <span class='ocrx_word' id='word_1_127' title='bbox 2798 626 3081 689; x_wconf 78' lang='grc' dir='ltr'>Εὐσέϐιος,</span> <span class='ocrx_word' id='word_1_128' title='bbox 3118 624 3195 693; x_wconf 85' lang='grc' dir='ltr'><strong>μὴ</strong></span> <span class='ocrx_word' id='word_1_129' title='bbox 3230 623 3534 694; x_wconf 85' lang='grc' dir='ltr'>πρόσχητε.</span> <span class='ocrx_word' id='word_1_130' title='bbox 3565 620 3680 686; x_wconf 79' lang='grc' dir='ltr'>Τὴν</span> 
     </span>
    </p>
   </div>
   <div class='ocr_carea' id='block_1_19' title="bbox 2100 708 3677 793">
    <p class='ocr_par' dir='ltr' id='par_1_19' title="bbox 2100 708 3677 793">
     <span class='ocr_line' id='line_1_19' title="bbox 2100 708 3677 793; baseline -0.011 -17"><span class='ocrx_word' id='word_1_131' title='bbox 2100 724 2272 779; x_wconf 82' lang='grc' dir='ltr'>πάλαι</span> <span class='ocrx_word' id='word_1_132' title='bbox 2292 723 2404 793; x_wconf 84' lang='grc' dir='ltr'>γὰρ</span> <span class='ocrx_word' id='word_1_133' title='bbox 2436 719 2601 774; x_wconf 72' lang='grc' dir='ltr'>αὑτοῦ</span> <span class='ocrx_word' id='word_1_134' title='bbox 2633 720 2928 772; x_wconf 70' lang='grc' dir='ltr'>κακόνοιαν</span> <span class='ocrx_word' id='word_1_135' title='bbox 2953 718 3052 786; x_wconf 77' lang='grc' dir='ltr'>τὴν</span> <span class='ocrx_word' id='word_1_136' title='bbox 3096 714 3274 785; x_wconf 78' lang='grc' dir='ltr'>χρόνῳ</span> <span class='ocrx_word' id='word_1_137' title='bbox 3300 708 3677 778; x_wconf 83' lang='grc' dir='ltr'>σιωπηθεῐσαν</span> 
     </span>
    </p>
   </div>
   <div class='ocr_carea' id='block_1_20' title="bbox 2099 800 3678 886">
    <p class='ocr_par' dir='ltr' id='par_1_20' title="bbox 2099 800 3678 886">
     <span class='ocr_line' id='line_1_20' title="bbox 2099 800 3678 886; baseline -0.01 -18"><span class='ocrx_word' id='word_1_138' title='bbox 2099 816 2198 871; x_wconf 90' lang='grc' dir='ltr'><strong>νῦν</strong></span> <span class='ocrx_word' id='word_1_139' title='bbox 2220 816 2317 886; x_wconf 80' lang='grc' dir='ltr'><strong>διὰ</strong></span> <span class='ocrx_word' id='word_1_140' title='bbox 2337 813 2547 869; x_wconf 84' lang='grc' dir='ltr'>τούτων</span> <span class='ocrx_word' id='word_1_141' title='bbox 2566 811 2876 865; x_wconf 82' lang='grc' dir='ltr'>ἁνανεῶσαι</span> <span class='ocrx_word' id='word_1_142' title='bbox 2903 807 3249 879; x_wconf 66' lang='grc' dir='ltr'>βουλόμενος,</span> <span class='ocrx_word' id='word_1_143' title='bbox 3279 800 3678 874; x_wconf 78' lang='grc' dir='ltr'>σχηματίζεται</span> 
     </span>
    </p>
   </div>
   <div class='ocr_carea' id='block_1_21' title="bbox 2104 893 3682 978">
    <p class='ocr_par' dir='ltr' id='par_1_21' title="bbox 2104 893 3682 978">
     <span class='ocr_line' id='line_1_21' title="bbox 2104 893 3682 978; baseline -0.012 -17"><span class='ocrx_word' id='word_1_144' title='bbox 2104 907 2205 978; x_wconf 77' lang='grc' dir='ltr'>μὲν</span> <span class='ocrx_word' id='word_1_145' title='bbox 2236 909 2311 970; x_wconf 83' lang='grc' dir='ltr'>ὡς</span> <span class='ocrx_word' id='word_1_146' title='bbox 2346 905 2488 974; x_wconf 74' lang='grc' dir='ltr'>ὑπὲρ</span> <span class='ocrx_word' id='word_1_147' title='bbox 2535 903 2742 957; x_wconf 86' lang='grc' dir='ltr'>τούτων</span> <span class='ocrx_word' id='word_1_148' title='bbox 2793 902 3027 970; x_wconf 75' lang='grc' dir='ltr'>γράφων</span> <span class='ocrx_word' id='word_1_149' title='bbox 3049 939 3062 961; x_wconf 83' lang='grc'><strong>,</strong></span> <span class='ocrx_word' id='word_1_150' title='bbox 3097 898 3244 968; x_wconf 78' lang='grc' dir='ltr'><strong>ἔργῳ</strong></span> <span class='ocrx_word' id='word_1_151' title='bbox 3293 894 3350 948; x_wconf 80' lang='grc' dir='ltr'>δὲ</span> <span class='ocrx_word' id='word_1_152' title='bbox 3384 893 3682 953; x_wconf 68' lang='grc' dir='ltr'>δείκνυσιν,</span> 
     </span>
    </p>
   </div>
   <div class='ocr_carea' id='block_1_22' title="bbox 2101 981 3683 1066">
    <p class='ocr_par' dir='ltr' id='par_1_22' title="bbox 2101 981 3683 1066">
     <span class='ocr_line' id='line_1_22' title="bbox 2101 981 3683 1066; baseline -0.013 -14"><span class='ocrx_word' id='word_1_153' title='bbox 2101 999 2178 1062; x_wconf 83' lang='grc' dir='ltr'>ὡς</span> <span class='ocrx_word' id='word_1_154' title='bbox 2212 999 2296 1051; x_wconf 79' lang='grc' dir='ltr'><strong>ὅτι</strong></span> <span class='ocrx_word' id='word_1_155' title='bbox 2327 996 2470 1066; x_wconf 71' lang='grc' dir='ltr'>ὑπὲρ</span> <span class='ocrx_word' id='word_1_156' title='bbox 2507 994 2703 1047; x_wconf 75' lang='grc' dir='ltr'>ἑαυτοῦ</span> <span class='ocrx_word' id='word_1_157' title='bbox 2736 991 3053 1055; x_wconf 80' lang='grc' dir='ltr'><strong>σπουδάζων</strong></span> <span class='ocrx_word' id='word_1_158' title='bbox 3084 988 3243 1041; x_wconf 83' lang='grc' dir='ltr'>τοῦτο</span> <span class='ocrx_word' id='word_1_159' title='bbox 3294 986 3463 1038; x_wconf 76' lang='grc' dir='ltr'>ποιεῖ.</span> <span class='ocrx_word' id='word_1_160' title='bbox 3491 983 3553 1035; x_wconf 80' lang='grc' dir='ltr'><strong>Οἱ</strong></span> <span class='ocrx_word' id='word_1_161' title='bbox 3586 981 3683 1048; x_wconf 72' lang='grc' dir='ltr'>μὲν</span> 
     </span>
    </p>
   </div>
   <div class='ocr_carea' id='block_1_23' title="bbox 2101 1071 3684 1153">
    <p class='ocr_par' dir='ltr' id='par_1_23' title="bbox 2101 1071 3684 1153">
     <span class='ocr_line' id='line_1_23' title="bbox 2101 1071 3684 1153; baseline -0.013 -10"><span class='ocrx_word' id='word_1_162' title='bbox 2101 1090 2197 1144; x_wconf 80' lang='grc' dir='ltr'><strong>οῦν</strong></span> <span class='ocrx_word' id='word_1_163' title='bbox 2228 1092 2537 1143; x_wconf 70' lang='grc' dir='ltr'><strong>ἀποστάται</strong></span> <span class='ocrx_word' id='word_1_164' title='bbox 2585 1087 2731 1139; x_wconf 70' lang='grc' dir='ltr'>εἰσὶν</span> <span class='ocrx_word' id='word_1_165' title='bbox 2764 1086 3011 1153; x_wconf 76' lang='grc' dir='ltr'>’Λρειος,</span> <span class='ocrx_word' id='word_1_166' title='bbox 3057 1078 3333 1151; x_wconf 77' lang='grc' dir='ltr'>Ἀχιλλᾶς,</span> <span class='ocrx_word' id='word_1_167' title='bbox 3368 1071 3684 1141; x_wconf 76' lang='grc' dir='ltr'>’Λειθαλὴ;,</span> 
     </span>
    </p>
   </div>
   <div class='ocr_carea' id='block_1_24' title="bbox 2104 1164 3687 1249">
    <p class='ocr_par' dir='ltr' id='par_1_24' title="bbox 2104 1164 3687 1249">
     <span class='ocr_line' id='line_1_24' title="bbox 2104 1164 3687 1249; baseline -0.013 -13"><span class='ocrx_word' id='word_1_168' title='bbox 2104 1184 2199 1237; x_wconf 73' lang='grc' dir='ltr'><strong>καὶ</strong></span> <span class='ocrx_word' id='word_1_169' title='bbox 2228 1181 2568 1249; x_wconf 78' lang='grc' dir='ltr'>Καρπὼνης,</span> <span class='ocrx_word' id='word_1_170' title='bbox 2605 1177 2699 1229; x_wconf 71' lang='grc' dir='ltr'><strong>καὶ</strong></span> <span class='ocrx_word' id='word_1_171' title='bbox 2726 1176 2913 1246; x_wconf 74' lang='grc' dir='ltr'>ἕτερος</span> <span class='ocrx_word' id='word_1_172' title='bbox 2941 1173 3181 1244; x_wconf 74' lang='grc' dir='ltr'>Ἄρειος,</span> <span class='ocrx_word' id='word_1_173' title='bbox 3223 1170 3327 1222; x_wconf 67' lang='grc' dir='ltr'>καὶ</span> <span class='ocrx_word' id='word_1_174' title='bbox 3362 1164 3687 1236; x_wconf 81' lang='grc' dir='ltr'>Σαρμὰτης,</span> 
     </span>
    </p>
   </div>
   <div class='ocr_carea' id='block_1_25' title="bbox 2104 1262 3688 1343">
    <p class='ocr_par' dir='ltr' id='par_1_25' title="bbox 2104 1262 3688 1343">
     <span class='ocr_line' id='line_1_25' title="bbox 2104 1262 3688 1343; baseline -0.013 -10"><span class='ocrx_word' id='word_1_175' title='bbox 2104 1282 2199 1333; x_wconf 70' lang='grc' dir='ltr'><strong>καὶ</strong></span> <span class='ocrx_word' id='word_1_176' title='bbox 2224 1277 2486 1343; x_wconf 78' lang='grc' dir='ltr'>Εύζὼῖος,</span> <span class='ocrx_word' id='word_1_177' title='bbox 2528 1275 2627 1329; x_wconf 73' lang='grc' dir='ltr'><strong>καὶ</strong></span> <span class='ocrx_word' id='word_1_178' title='bbox 2658 1273 2911 1337; x_wconf 78' lang='grc' dir='ltr'><strong>Λούκιος,</strong></span> <span class='ocrx_word' id='word_1_179' title='bbox 2970 1272 3067 1325; x_wconf 73' lang='grc' dir='ltr'>καὶ</span> <span class='ocrx_word' id='word_1_180' title='bbox 3096 1266 3407 1330; x_wconf 74' lang='grc' dir='ltr'>Ἰουλιανὸς,</span> <span class='ocrx_word' id='word_1_181' title='bbox 3437 1262 3533 1316; x_wconf 74' lang='grc' dir='ltr'>καὶ</span> <span class='ocrx_word' id='word_1_182' title='bbox 3566 1263 3688 1328; x_wconf 70' lang='grc' dir='ltr'><strong>Μη-</strong></span> 
     </span>
    </p>
   </div>
   <div class='ocr_carea' id='block_1_26' title="bbox 2106 1356 3690 1439">
    <p class='ocr_par' dir='ltr' id='par_1_26' title="bbox 2106 1356 3690 1439">
     <span class='ocr_line' id='line_1_26' title="bbox 2106 1356 3690 1439; baseline -0.013 -13"><span class='ocrx_word' id='word_1_183' title='bbox 2106 1376 2229 1439; x_wconf 71' lang='grc' dir='ltr'>νὶς,</span> <span class='ocrx_word' id='word_1_184' title='bbox 2267 1373 2365 1425; x_wconf 68' lang='grc' dir='ltr'>καὶ</span> <span class='ocrx_word' id='word_1_185' title='bbox 2400 1370 2703 1433; x_wconf 79' lang='grc' dir='ltr'>Ἐλλάδιος,</span> <span class='ocrx_word' id='word_1_186' title='bbox 2742 1365 3051 1429; x_wconf 61' lang='lat' dir='ltr'><strong>xui-F650;,</strong></span> <span class='ocrx_word' id='word_1_187' title='bbox 3085 1363 3177 1417; x_wconf 60' lang='grc' dir='ltr'><strong>καὶ</strong></span> <span class='ocrx_word' id='word_1_188' title='bbox 3223 1361 3321 1414; x_wconf 75' lang='grc' dir='ltr'><strong>σὺν</strong></span> <span class='ocrx_word' id='word_1_189' title='bbox 3358 1359 3556 1418; x_wconf 83' lang='grc' dir='ltr'>αὐτοῖς</span> <span class='ocrx_word' id='word_1_190' title='bbox 3588 1356 3690 1407; x_wconf 85' lang='grc' dir='ltr'><strong>Σε-</strong></span> 
     </span>
    </p>
   </div>
   <div class='ocr_carea' id='block_1_27' title="bbox 2108 1454 3689 1529">
    <p class='ocr_par' dir='ltr' id='par_1_27' title="bbox 2108 1454 3689 1529">
     <span class='ocr_line' id='line_1_27' title="bbox 2108 1454 3689 1529; baseline -0.011 -8"><span class='ocrx_word' id='word_1_191' title='bbox 2108 1467 2338 1529; x_wconf 79' lang='grc' dir='ltr'>κοῦνδος</span> <span class='ocrx_word' id='word_1_192' title='bbox 2367 1469 2464 1518; x_wconf 74' lang='grc' dir='ltr'><strong>καὶ</strong></span> <span class='ocrx_word' id='word_1_193' title='bbox 2488 1464 2714 1527; x_wconf 85' lang='grc' dir='ltr'>Θεωνᾶς</span> <span class='ocrx_word' id='word_1_194' title='bbox 2746 1463 2796 1515; x_wconf 75' lang='grc' dir='ltr'><strong>οἱ</strong></span> <span class='ocrx_word' id='word_1_195' title='bbox 2826 1459 2959 1513; x_wconf 76' lang='grc' dir='ltr'>ποτὶ</span> <span class='ocrx_word' id='word_1_196' title='bbox 3021 1457 3310 1529; x_wconf 73' lang='grc' dir='ltr'><strong>λεχθέντες</strong></span> <span class='ocrx_word' id='word_1_197' title='bbox 3368 1454 3689 1507; x_wconf 76' lang='grc' dir='ltr'>ἐπίσκοποι.</span> 
     </span>
    </p>
   </div>
   <div class='ocr_carea' id='block_1_28' title="bbox 2111 1542 3688 1628">
    <p class='ocr_par' dir='ltr' id='par_1_28' title="bbox 2111 1542 3688 1628">
     <span class='ocr_line' id='line_1_28' title="bbox 2111 1542 3688 1628; baseline -0.016 -15"><span class='ocrx_word' id='word_1_198' title='bbox 2111 1560 2248 1614; x_wconf 81' lang='grc' dir='ltr'>Ποῖα</span> <span class='ocrx_word' id='word_1_199' title='bbox 2293 1557 2352 1611; x_wconf 78' lang='grc' dir='ltr'>δὲ</span> <span class='ocrx_word' id='word_1_200' title='bbox 2398 1556 2553 1628; x_wconf 81' lang='grc' dir='ltr'>παρὰ</span> <span class='ocrx_word' id='word_1_201' title='bbox 2581 1555 2679 1618; x_wconf 83' lang='grc' dir='ltr'>τὰς</span> <span class='ocrx_word' id='word_1_202' title='bbox 2730 1554 2955 1622; x_wconf 73' lang='grc' dir='ltr'>Γραφὰς</span> <span class='ocrx_word' id='word_1_203' title='bbox 3016 1548 3347 1620; x_wconf 69' lang='grc' dir='ltr'><strong>ἐφευρόντες</strong></span> <span class='ocrx_word' id='word_1_204' title='bbox 3400 1542 3688 1603; x_wconf 72' lang='grc' dir='ltr'><strong>λαλοῦσιν,</strong></span> 
     </span>
    </p>
   </div>
   <div class='ocr_carea' id='block_1_29' title="bbox 2110 1629 3691 1713">
    <p class='ocr_par' dir='ltr' id='par_1_29' title="bbox 2110 1629 3691 1713">
     <span class='ocr_line' id='line_1_29' title="bbox 2110 1629 3691 1713; baseline -0.015 -8"><span class='ocrx_word' id='word_1_205' title='bbox 2110 1652 2231 1705; x_wconf 75' lang='grc' dir='ltr'>ἔστι</span> <span class='ocrx_word' id='word_1_206' title='bbox 2263 1649 2461 1704; x_wconf 84' lang='grc' dir='ltr'>ταῦτα.</span> <span class='ocrx_word' id='word_1_207' title='bbox 2495 1648 2610 1702; x_wconf 79' lang='grc' dir='ltr'><strong>Οὔκ</strong></span> <span class='ocrx_word' id='word_1_208' title='bbox 2645 1648 2735 1699; x_wconf 77' lang='grc' dir='ltr'><strong>ἀεὶ</strong></span> <span class='ocrx_word' id='word_1_209' title='bbox 2764 1648 2791 1700; x_wconf 99' lang='lat'><strong>6</strong></span> <span class='ocrx_word' id='word_1_210' title='bbox 2823 1646 2954 1708; x_wconf 76' lang='grc' dir='ltr'>Θεὸς</span> <span class='ocrx_word' id='word_1_211' title='bbox 2992 1643 3170 1713; x_wconf 78' lang='grc' dir='ltr'>πατὴρ</span> <span class='ocrx_word' id='word_1_212' title='bbox 3228 1635 3319 1711; x_wconf 73' lang='grc' dir='ltr'>ἦν,</span> <span class='ocrx_word' id='word_1_213' title='bbox 3356 1636 3467 1690; x_wconf 85' lang='grc' dir='ltr'>ἁλλ’</span> <span class='ocrx_word' id='word_1_214' title='bbox 3505 1629 3574 1704; x_wconf 73' lang='grc' dir='ltr'><strong>ἦν</strong></span> <span class='ocrx_word' id='word_1_215' title='bbox 3601 1633 3691 1684; x_wconf 78' lang='grc' dir='ltr'><strong>ὅτε</strong></span> 
     </span>
    </p>
   </div>
   <div class='ocr_carea' id='block_1_30' title="bbox 2108 1717 3693 1805">
    <p class='ocr_par' dir='ltr' id='par_1_30' title="bbox 2108 1717 3693 1805">
     <span class='ocr_line' id='line_1_30' title="bbox 2108 1717 3693 1805; baseline -0.015 -12"><span class='ocrx_word' id='word_1_216' title='bbox 2108 1743 2136 1793; x_wconf 91' lang='lat'><strong>6</strong></span> <span class='ocrx_word' id='word_1_217' title='bbox 2167 1737 2299 1801; x_wconf 74' lang='grc' dir='ltr'>Θεὸς</span> <span class='ocrx_word' id='word_1_218' title='bbox 2336 1736 2518 1805; x_wconf 80' lang='grc' dir='ltr'>πατὴρ</span> <span class='ocrx_word' id='word_1_219' title='bbox 2554 1736 2656 1788; x_wconf 70' lang='grc' dir='ltr'>οὐκ</span> <span class='ocrx_word' id='word_1_220' title='bbox 2680 1731 2782 1805; x_wconf 78' lang='grc' dir='ltr'><strong>ἦν’</strong></span> <span class='ocrx_word' id='word_1_221' title='bbox 2817 1732 2918 1786; x_wconf 80' lang='grc' dir='ltr'><strong>οῦκ</strong></span> <span class='ocrx_word' id='word_1_222' title='bbox 2968 1732 3056 1783; x_wconf 75' lang='grc' dir='ltr'>ἀεὶ</span> <span class='ocrx_word' id='word_1_223' title='bbox 3108 1729 3201 1782; x_wconf 75' lang='grc' dir='ltr'>οὖν</span> <span class='ocrx_word' id='word_1_224' title='bbox 3249 1721 3317 1798; x_wconf 74' lang='grc' dir='ltr'>ἦν</span> <span class='ocrx_word' id='word_1_225' title='bbox 3369 1727 3397 1778; x_wconf 87' lang='grc' dir='ltr'><strong>ό</strong></span> <span class='ocrx_word' id='word_1_226' title='bbox 3429 1722 3524 1776; x_wconf 85' lang='grc' dir='ltr'><strong>τοῦ</strong></span> <span class='ocrx_word' id='word_1_227' title='bbox 3555 1717 3693 1772; x_wconf 82' lang='grc' dir='ltr'>Θεοῦ</span> 
     </span>
    </p>
   </div>
   <div class='ocr_carea' id='block_1_31' title="bbox 2115 1809 3696 1897">
    <p class='ocr_par' dir='ltr' id='par_1_31' title="bbox 2115 1809 3696 1897">
     <span class='ocr_line' id='line_1_31' title="bbox 2115 1809 3696 1897; baseline -0.009 -14"><span class='ocrx_word' id='word_1_228' title='bbox 2115 1833 2312 1897; x_wconf 79' lang='grc' dir='ltr'>Λόγος,</span> <span class='ocrx_word' id='word_1_229' title='bbox 2346 1828 2462 1883; x_wconf 70' lang='grc' dir='ltr'>ἀλλ’</span> <span class='ocrx_word' id='word_1_230' title='bbox 2499 1830 2557 1895; x_wconf 70' lang='grc' dir='ltr'><strong>ἐξ</strong></span> <span class='ocrx_word' id='word_1_231' title='bbox 2594 1829 2697 1879; x_wconf 78' lang='grc' dir='ltr'>ούκ</span> <span class='ocrx_word' id='word_1_232' title='bbox 2720 1826 2891 1880; x_wconf 73' lang='grc' dir='ltr'>ὄντων</span> <span class='ocrx_word' id='word_1_233' title='bbox 2920 1826 3166 1892; x_wconf 84' lang='grc' dir='ltr'>γέγονεν.</span> <span class='ocrx_word' id='word_1_234' title='bbox 3213 1816 3273 1873; x_wconf 73' lang='grc'><strong>⁸0</strong></span> <span class='ocrx_word' id='word_1_235' title='bbox 3308 1818 3417 1888; x_wconf 82' lang='grc' dir='ltr'><strong>γάρ</strong></span> <span class='ocrx_word' id='word_1_236' title='bbox 3453 1813 3530 1867; x_wconf 83' lang='grc' dir='ltr'><strong>ὣν</strong></span> <span class='ocrx_word' id='word_1_237' title='bbox 3560 1809 3696 1869; x_wconf 69' lang='grc' dir='ltr'>θεὸς</span> 
     </span>
    </p>
   </div>
   <div class='ocr_carea' id='block_1_32' title="bbox 424 1899 2026 1993">
    <p class='ocr_par' dir='ltr' id='par_1_32' title="bbox 424 1921 2017 1993">
     <span class='ocr_line' id='line_1_32' title="bbox 424 1921 2017 1993; baseline -0.013 -1"><span class='ocrx_word' id='word_1_238' title='bbox 424 1951 535 1992; x_wconf 88' lang='lat' dir='ltr'><strong>non</strong></span> <span class='ocrx_word' id='word_1_239' title='bbox 570 1924 970 1990; x_wconf 57' lang='lat' dir='ltr'><strong>exsiitentibus</strong></span> <span class='ocrx_word' id='word_1_240' title='bbox 1005 1931 1210 1984; x_wconf 81' lang='lat' dir='ltr'><strong>factum</strong></span> <span class='ocrx_word' id='word_1_241' title='bbox 1245 1935 1353 1982; x_wconf 88' lang='lat' dir='ltr'><strong>est.</strong></span> <span class='ocrx_word' id='word_1_242' title='bbox 1378 1925 1481 1993; x_wconf 86' lang='lat' dir='ltr'><strong>Qui</strong></span> <span class='ocrx_word' id='word_1_243' title='bbox 1518 1923 1667 1977; x_wconf 90' lang='lat' dir='ltr'><strong>enim</strong></span> <span class='ocrx_word' id='word_1_244' title='bbox 1699 1931 1815 1976; x_wconf 89' lang='lat' dir='ltr'><strong>erat</strong></span> <span class='ocrx_word' id='word_1_245' title='bbox 1852 1921 2017 1985; x_wconf 79' lang='lat' dir='ltr'><strong>Deus,</strong></span> 
     </span>
    </p>
   </div>
   <div class='ocr_carea' id='block_1_33' title="bbox 2131 1899 3697 1993">
    <p class='ocr_par' dir='ltr' id='par_1_33' title="bbox 2131 1899 3697 1992">
     <span class='ocr_line' id='line_1_33' title="bbox 2131 1899 3697 1992; baseline -0.015 -16"><span class='ocrx_word' id='word_1_246' title='bbox 2131 1923 2191 1975; x_wconf 78' lang='grc' dir='ltr'>τὰ</span> <span class='ocrx_word' id='word_1_247' title='bbox 2218 1921 2294 1992; x_wconf 79' lang='grc' dir='ltr'>μὴ</span> <span class='ocrx_word' id='word_1_248' title='bbox 2322 1921 2453 1975; x_wconf 74' lang='grc' dir='ltr'>ὅντα</span> <span class='ocrx_word' id='word_1_249' title='bbox 2483 1921 2546 1973; x_wconf 81' lang='grc' dir='ltr'><strong>ὲκ</strong></span> <span class='ocrx_word' id='word_1_250' title='bbox 2578 1918 2669 1972; x_wconf 88' lang='grc' dir='ltr'><strong>τοῦ</strong></span> <span class='ocrx_word' id='word_1_251' title='bbox 2730 1917 2805 1988; x_wconf 78' lang='grc' dir='ltr'>μὴ</span> <span class='ocrx_word' id='word_1_252' title='bbox 2834 1916 2988 1976; x_wconf 65' lang='grc' dir='ltr'>ὄντος</span> <span class='ocrx_word' id='word_1_253' title='bbox 3025 1911 3323 1980; x_wconf 79' lang='grc' dir='ltr'>πεποίηκε.</span> <span class='ocrx_word' id='word_1_254' title='bbox 3378 1906 3469 1960; x_wconf 78' lang='grc' dir='ltr'><strong>Διὸ</strong></span> <span class='ocrx_word' id='word_1_255' title='bbox 3499 1906 3591 1957; x_wconf 76' lang='grc' dir='ltr'><strong>καὶ</strong></span> <span class='ocrx_word' id='word_1_256' title='bbox 3627 1899 3697 1973; x_wconf 74' lang='grc' dir='ltr'><strong>ἦν</strong></span> 
     </span>
    </p>
   </div>
   <div class='ocr_carea' id='block_1_34' title="bbox 429 2013 2014 2098">
    <p class='ocr_par' dir='ltr' id='par_1_34' title="bbox 429 2013 2014 2098">
     <span class='ocr_line' id='line_1_34' title="bbox 429 2013 2014 2098; baseline -0.011 -12"><span class='ocrx_word' id='word_1_257' title='bbox 429 2045 558 2086; x_wconf 91' lang='lat' dir='ltr'><strong>eum</strong></span> <span class='ocrx_word' id='word_1_258' title='bbox 590 2027 686 2098; x_wconf 88' lang='lat' dir='ltr'><strong>qui</strong></span> <span class='ocrx_word' id='word_1_259' title='bbox 738 2042 849 2080; x_wconf 87' lang='lat' dir='ltr'><strong>non</strong></span> <span class='ocrx_word' id='word_1_260' title='bbox 885 2032 1027 2090; x_wconf 90' lang='lat' dir='ltr'><strong>erat,</strong></span> <span class='ocrx_word' id='word_1_261' title='bbox 1060 2039 1126 2078; x_wconf 73' lang='lat' dir='ltr'><strong>ex</strong></span> <span class='ocrx_word' id='word_1_262' title='bbox 1160 2024 1267 2076; x_wconf 72' lang='lat' dir='ltr'><strong>nan</strong></span> <span class='ocrx_word' id='word_1_263' title='bbox 1298 2022 1602 2074; x_wconf 73' lang='lat' dir='ltr'><strong>exsistente</strong></span> <span class='ocrx_word' id='word_1_264' title='bbox 1643 2016 1791 2071; x_wconf 86' lang='lat' dir='ltr'><strong>fecit.</strong></span> <span class='ocrx_word' id='word_1_265' title='bbox 1828 2013 2014 2084; x_wconf 87' lang='lat' dir='ltr'><strong>Itaque</strong></span> 
     </span>
    </p>
   </div>
   <div class='ocr_carea' id='block_1_35' title="bbox 427 2106 2014 2191">
    <p class='ocr_par' dir='ltr' id='par_1_35' title="bbox 427 2106 2014 2191">
     <span class='ocr_line' id='line_1_35' title="bbox 427 2106 2014 2191; baseline -0.011 -15"><span class='ocrx_word' id='word_1_266' title='bbox 427 2119 733 2191; x_wconf 79' lang='lat' dir='ltr'><strong>aliquando</strong></span> <span class='ocrx_word' id='word_1_267' title='bbox 778 2127 897 2173; x_wconf 87' lang='lat' dir='ltr'><strong>erat</strong></span> <span class='ocrx_word' id='word_1_268' title='bbox 946 2127 1188 2186; x_wconf 83' lang='lat' dir='ltr'><strong>tempus,</strong></span> <span class='ocrx_word' id='word_1_269' title='bbox 1239 2127 1365 2167; x_wconf 88' lang='lat' dir='ltr'><strong>cum</strong></span> <span class='ocrx_word' id='word_1_270' title='bbox 1403 2125 1514 2164; x_wconf 90' lang='lat' dir='ltr'><strong>non</strong></span> <span class='ocrx_word' id='word_1_271' title='bbox 1557 2117 1701 2175; x_wconf 89' lang='lat' dir='ltr'><strong>erat,</strong></span> <span class='ocrx_word' id='word_1_272' title='bbox 1736 2106 2014 2176; x_wconf 89' lang='lat' dir='ltr'><strong>siquidem</strong></span> 
     </span>
    </p>
   </div>
   <div class='ocr_carea' id='block_1_36' title="bbox 426 2196 2019 2270">
    <p class='ocr_par' dir='ltr' id='par_1_36' title="bbox 426 2196 2019 2270">
     <span class='ocr_line' id='line_1_36' title="bbox 426 2196 2019 2270; baseline -0.012 -1"><span class='ocrx_word' id='word_1_273' title='bbox 426 2225 683 2269; x_wconf 89' lang='lat' dir='ltr'><strong>creatura</strong></span> <span class='ocrx_word' id='word_1_274' title='bbox 716 2219 770 2263; x_wconf 87' lang='lat' dir='ltr'><strong>et</strong></span> <span class='ocrx_word' id='word_1_275' title='bbox 814 2209 1026 2263; x_wconf 86' lang='lat' dir='ltr'><strong>factura</strong></span> <span class='ocrx_word' id='word_1_276' title='bbox 1071 2212 1157 2259; x_wconf 88' lang='lat' dir='ltr'><strong>est</strong></span> <span class='ocrx_word' id='word_1_277' title='bbox 1190 2203 1383 2259; x_wconf 77' lang='lat' dir='ltr'><strong>Filius.</strong></span> <span class='ocrx_word' id='word_1_278' title='bbox 1429 2201 1620 2270; x_wconf 84' lang='lat' dir='ltr'><strong>Neque</strong></span> <span class='ocrx_word' id='word_1_279' title='bbox 1654 2215 1784 2253; x_wconf 89' lang='lat' dir='ltr'><strong>vero</strong></span> <span class='ocrx_word' id='word_1_280' title='bbox 1818 2196 2019 2253; x_wconf 83' lang='lat' dir='ltr'><strong>similis</strong></span> 
     </span>
    </p>
   </div>
   <div class='ocr_carea' id='block_1_37' title="bbox 429 2291 2023 2369">
    <p class='ocr_par' dir='ltr' id='par_1_37' title="bbox 429 2291 2023 2369">
     <span class='ocr_line' id='line_1_37' title="bbox 429 2291 2023 2369; baseline -0.009 -9"><span class='ocrx_word' id='word_1_281' title='bbox 429 2304 746 2361; x_wconf 82' lang='lat' dir='ltr'><strong>substantia</strong></span> <span class='ocrx_word' id='word_1_282' title='bbox 773 2313 859 2357; x_wconf 89' lang='lat' dir='ltr'><strong>est</strong></span> <span class='ocrx_word' id='word_1_283' title='bbox 891 2299 1059 2363; x_wconf 78' lang='lat' dir='ltr'><strong>Patri,</strong></span> <span class='ocrx_word' id='word_1_284' title='bbox 1088 2312 1268 2369; x_wconf 86' lang='lat' dir='ltr'><strong>neque</strong></span> <span class='ocrx_word' id='word_1_285' title='bbox 1292 2312 1483 2349; x_wconf 78' lang='lat' dir='ltr'><strong>Verum</strong></span> <span class='ocrx_word' id='word_1_286' title='bbox 1516 2304 1571 2350; x_wconf 92' lang='lat' dir='ltr'><strong>et</strong></span> <span class='ocrx_word' id='word_1_287' title='bbox 1601 2294 1850 2349; x_wconf 84' lang='lat' dir='ltr'><strong>naturale</strong></span> <span class='ocrx_word' id='word_1_288' title='bbox 1890 2291 2023 2348; x_wconf 81' lang='lat' dir='ltr'><strong>Ver-</strong></span> 
     </span>
    </p>
   </div>
   <div class='ocr_carea' id='block_1_38' title="bbox 440 2386 2018 2462">
    <p class='ocr_par' dir='ltr' id='par_1_38' title="bbox 440 2386 2018 2462">
     <span class='ocr_line' id='line_1_38' title="bbox 440 2386 2018 2462; baseline -0.01 -8"><span class='ocrx_word' id='word_1_289' title='bbox 440 2400 576 2454; x_wconf 86' lang='lat' dir='ltr'><strong>bum</strong></span> <span class='ocrx_word' id='word_1_290' title='bbox 609 2396 786 2451; x_wconf 80' lang='lat' dir='ltr'><strong>Patris</strong></span> <span class='ocrx_word' id='word_1_291' title='bbox 825 2402 932 2457; x_wconf 90' lang='lat' dir='ltr'><strong>est,</strong></span> <span class='ocrx_word' id='word_1_292' title='bbox 961 2405 1142 2462; x_wconf 86' lang='lat' dir='ltr'><strong>neque</strong></span> <span class='ocrx_word' id='word_1_293' title='bbox 1174 2390 1339 2444; x_wconf 88' lang='lat' dir='ltr'><strong>etiam</strong></span> <span class='ocrx_word' id='word_1_294' title='bbox 1379 2403 1505 2441; x_wconf 84' lang='lat' dir='ltr'><strong>vera</strong></span> <span class='ocrx_word' id='word_1_295' title='bbox 1552 2386 1822 2457; x_wconf 84' lang='lat' dir='ltr'><strong>sapientia</strong></span> <span class='ocrx_word' id='word_1_296' title='bbox 1855 2387 1973 2457; x_wconf 77' lang='lat' dir='ltr'><strong>ejus</strong></span> <span class='ocrx_word' id='word_1_297' title='bbox 2004 2404 2018 2439; x_wconf 88' lang='lat'><strong>:</strong></span> 
     </span>
    </p>
   </div>
   <div class='ocr_carea' id='block_1_39' title="bbox 441 2477 2024 2557">
    <p class='ocr_par' dir='ltr' id='par_1_39' title="bbox 441 2477 2024 2557">
     <span class='ocr_line' id='line_1_39' title="bbox 441 2477 2024 2557; baseline -0.009 -10"><span class='ocrx_word' id='word_1_298' title='bbox 441 2491 539 2547; x_wconf 90' lang='lat' dir='ltr'><strong>sed</strong></span> <span class='ocrx_word' id='word_1_299' title='bbox 583 2503 728 2544; x_wconf 89' lang='lat' dir='ltr'><strong>unus</strong></span> <span class='ocrx_word' id='word_1_300' title='bbox 761 2486 986 2557; x_wconf 82' lang='lat' dir='ltr'><strong>quidem</strong></span> <span class='ocrx_word' id='word_1_301' title='bbox 1022 2501 1088 2539; x_wconf 78' lang='lat' dir='ltr'><strong>ex</strong></span> <span class='ocrx_word' id='word_1_302' title='bbox 1121 2483 1328 2537; x_wconf 87' lang='lat' dir='ltr'><strong>creatis</strong></span> <span class='ocrx_word' id='word_1_303' title='bbox 1368 2490 1423 2534; x_wconf 88' lang='lat' dir='ltr'><strong>et</strong></span> <span class='ocrx_word' id='word_1_304' title='bbox 1465 2479 1625 2535; x_wconf 86' lang='lat' dir='ltr'><strong>factis</strong></span> <span class='ocrx_word' id='word_1_305' title='bbox 1650 2488 1756 2544; x_wconf 88' lang='lat' dir='ltr'><strong>est,</strong></span> <span class='ocrx_word' id='word_1_306' title='bbox 1796 2477 2024 2532; x_wconf 77' lang='lat' dir='ltr'><strong>abusive</strong></span> 
     </span>
    </p>
   </div>
   <div class='ocr_carea' id='block_1_40' title="bbox 431 2570 2025 2644">
    <p class='ocr_par' dir='ltr' id='par_1_40' title="bbox 431 2570 2025 2644">
     <span class='ocr_line' id='line_1_40' title="bbox 431 2570 2025 2644; baseline -0.013 -4"><span class='ocrx_word' id='word_1_307' title='bbox 431 2593 621 2640; x_wconf 89' lang='lat' dir='ltr'><strong>autem</strong></span> <span class='ocrx_word' id='word_1_308' title='bbox 651 2580 897 2638; x_wconf 75' lang='lat' dir='ltr'><strong>Verbum</strong></span> <span class='ocrx_word' id='word_1_309' title='bbox 927 2587 983 2633; x_wconf 91' lang='lat' dir='ltr'><strong>et</strong></span> <span class='ocrx_word' id='word_1_310' title='bbox 1017 2574 1300 2644; x_wconf 86' lang='lat' dir='ltr'><strong>Sapientia</strong></span> <span class='ocrx_word' id='word_1_311' title='bbox 1336 2576 1535 2627; x_wconf 87' lang='lat' dir='ltr'><strong>factus.</strong></span> <span class='ocrx_word' id='word_1_312' title='bbox 1571 2572 1638 2625; x_wconf 79' lang='lat' dir='ltr'><strong>Et</strong></span> <span class='ocrx_word' id='word_1_313' title='bbox 1666 2572 1781 2640; x_wconf 90' lang='lat' dir='ltr'><strong>ipse</strong></span> <span class='ocrx_word' id='word_1_314' title='bbox 1812 2570 1865 2623; x_wconf 94' lang='lat' dir='ltr'><strong>in</strong></span> <span class='ocrx_word' id='word_1_315' title='bbox 1895 2584 2025 2639; x_wconf 80' lang='lat' dir='ltr'><strong>pro-</strong></span> 
     </span>
    </p>
   </div>
   <div class='ocr_carea' id='block_1_41' title="bbox 433 2663 2023 2746">
    <p class='ocr_par' dir='ltr' id='par_1_41' title="bbox 433 2663 2023 2746">
     <span class='ocr_line' id='line_1_41' title="bbox 433 2663 2023 2746; baseline -0.01 -15"><span class='ocrx_word' id='word_1_316' title='bbox 433 2678 562 2746; x_wconf 87' lang='lat' dir='ltr'><strong>prio</strong></span> <span class='ocrx_word' id='word_1_317' title='bbox 589 2690 686 2730; x_wconf 88' lang='lat' dir='ltr'><strong>seu</strong></span> <span class='ocrx_word' id='word_1_318' title='bbox 710 2673 898 2727; x_wconf 90' lang='lat' dir='ltr'><strong>nativo</strong></span> <span class='ocrx_word' id='word_1_319' title='bbox 929 2670 1026 2725; x_wconf 87' lang='lat' dir='ltr'><strong>Dei</strong></span> <span class='ocrx_word' id='word_1_320' title='bbox 1052 2669 1262 2736; x_wconf 79' lang='lat' dir='ltr'><strong>Verbo,</strong></span> <span class='ocrx_word' id='word_1_321' title='bbox 1291 2676 1347 2719; x_wconf 73' lang='lat' dir='ltr'><strong>et</strong></span> <span class='ocrx_word' id='word_1_322' title='bbox 1380 2668 1435 2720; x_wconf 88' lang='lat' dir='ltr'><strong>in</strong></span> <span class='ocrx_word' id='word_1_323' title='bbox 1471 2665 1568 2719; x_wconf 88' lang='lat' dir='ltr'><strong>Dei</strong></span> <span class='ocrx_word' id='word_1_324' title='bbox 1606 2663 1889 2734; x_wconf 84' lang='lat' dir='ltr'><strong>Sapientia</strong></span> <span class='ocrx_word' id='word_1_325' title='bbox 1916 2673 2023 2726; x_wconf 89' lang='lat' dir='ltr'><strong>est,</strong></span> 
     </span>
    </p>
   </div>
   <div class='ocr_carea' id='block_1_42' title="bbox 436 2752 2030 2834">
    <p class='ocr_par' dir='ltr' id='par_1_42' title="bbox 436 2752 2030 2834">
     <span class='ocr_line' id='line_1_42' title="bbox 436 2752 2030 2834; baseline -0.009 -14"><span class='ocrx_word' id='word_1_326' title='bbox 436 2766 494 2820; x_wconf 89' lang='lat' dir='ltr'><strong>in</strong></span> <span class='ocrx_word' id='word_1_327' title='bbox 518 2779 627 2834; x_wconf 86' lang='lat' dir='ltr'><strong>qua</strong></span> <span class='ocrx_word' id='word_1_328' title='bbox 670 2771 727 2817; x_wconf 90' lang='lat' dir='ltr'><strong>et</strong></span> <span class='ocrx_word' id='word_1_329' title='bbox 751 2761 938 2816; x_wconf 89' lang='lat' dir='ltr'><strong>omnia</strong></span> <span class='ocrx_word' id='word_1_330' title='bbox 970 2769 1026 2815; x_wconf 89' lang='lat' dir='ltr'><strong>et</strong></span> <span class='ocrx_word' id='word_1_331' title='bbox 1057 2759 1234 2828; x_wconf 89' lang='lat' dir='ltr'><strong>ipsum</strong></span> <span class='ocrx_word' id='word_1_332' title='bbox 1273 2771 1494 2827; x_wconf 85' lang='lat' dir='ltr'><strong>quoque</strong></span> <span class='ocrx_word' id='word_1_333' title='bbox 1524 2754 1657 2810; x_wconf 85' lang='lat' dir='ltr'><strong>fecit</strong></span> <span class='ocrx_word' id='word_1_334' title='bbox 1687 2754 1853 2809; x_wconf 88' lang='lat' dir='ltr'><strong>Deus.</strong></span> <span class='ocrx_word' id='word_1_335' title='bbox 1894 2752 2030 2807; x_wconf 88' lang='lat' dir='ltr'><strong>Pro-</strong></span> 
     </span>
    </p>
   </div>
   <div class='ocr_carea' id='block_1_43' title="bbox 436 2846 2026 2928">
    <p class='ocr_par' dir='ltr' id='par_1_43' title="bbox 436 2846 2026 2928">
     <span class='ocr_line' id='line_1_43' title="bbox 436 2846 2026 2928; baseline -0.006 -17"><span class='ocrx_word' id='word_1_336' title='bbox 436 2866 627 2928; x_wconf 87' lang='lat' dir='ltr'><strong>pterea</strong></span> <span class='ocrx_word' id='word_1_337' title='bbox 652 2855 821 2910; x_wconf 83' lang='lat' dir='ltr'><strong>etiam</strong></span> <span class='ocrx_word' id='word_1_338' title='bbox 859 2849 1161 2908; x_wconf 87' lang='lat' dir='ltr'><strong>mutationi</strong></span> <span class='ocrx_word' id='word_1_339' title='bbox 1189 2859 1244 2905; x_wconf 91' lang='lat' dir='ltr'><strong>et</strong></span> <span class='ocrx_word' id='word_1_340' title='bbox 1276 2848 1592 2905; x_wconf 89' lang='lat' dir='ltr'><strong>alterationi</strong></span> <span class='ocrx_word' id='word_1_341' title='bbox 1626 2857 1825 2902; x_wconf 86' lang='lat' dir='ltr'><strong>natura</strong></span> <span class='ocrx_word' id='word_1_342' title='bbox 1851 2846 2026 2901; x_wconf 88' lang='lat' dir='ltr'><strong>obno-</strong></span> 
     </span>
    </p>
   </div>
   <div class='ocr_carea' id='block_1_44' title="bbox 437 2939 2030 3014">
    <p class='ocr_par' dir='ltr' id='par_1_44' title="bbox 437 2939 2030 3014">
     <span class='ocr_line' id='line_1_44' title="bbox 437 2939 2030 3014; baseline -0.008 -10"><span class='ocrx_word' id='word_1_343' title='bbox 437 2951 563 3005; x_wconf 83' lang='lat' dir='ltr'><strong>xius</strong></span> <span class='ocrx_word' id='word_1_344' title='bbox 606 2956 713 3010; x_wconf 88' lang='lat' dir='ltr'><strong>est,</strong></span> <span class='ocrx_word' id='word_1_345' title='bbox 755 2947 919 3001; x_wconf 89' lang='lat' dir='ltr'><strong>sicuti</strong></span> <span class='ocrx_word' id='word_1_346' title='bbox 950 2943 1139 2999; x_wconf 89' lang='lat' dir='ltr'><strong>omnia</strong></span> <span class='ocrx_word' id='word_1_347' title='bbox 1169 2958 1392 3014; x_wconf 84' lang='lat' dir='ltr'><strong>quoque</strong></span> <span class='ocrx_word' id='word_1_348' title='bbox 1434 2942 1751 2997; x_wconf 76' lang='lat' dir='ltr'><strong>rationalia.</strong></span> <span class='ocrx_word' id='word_1_349' title='bbox 1781 2939 2030 3010; x_wconf 64' lang='lat' dir='ltr'><strong>Peregri.</strong></span> 
     </span>
    </p>
   </div>
   <div class='ocr_carea' id='block_1_45' title="bbox 439 3033 2032 3112">
    <p class='ocr_par' dir='ltr' id='par_1_45' title="bbox 439 3033 2032 3112">
     <span class='ocr_line' id='line_1_45' title="bbox 439 3033 2032 3112; baseline -0.007 -14"><span class='ocrx_word' id='word_1_350' title='bbox 439 3058 573 3099; x_wconf 88' lang='lat' dir='ltr'><strong>num</strong></span> <span class='ocrx_word' id='word_1_351' title='bbox 621 3056 844 3112; x_wconf 87' lang='lat' dir='ltr'><strong>quoque</strong></span> <span class='ocrx_word' id='word_1_352' title='bbox 881 3048 938 3094; x_wconf 89' lang='lat' dir='ltr'><strong>et</strong></span> <span class='ocrx_word' id='word_1_353' title='bbox 979 3038 1219 3093; x_wconf 89' lang='lat' dir='ltr'><strong>alienum</strong></span> <span class='ocrx_word' id='word_1_354' title='bbox 1265 3044 1728 3106; x_wconf 70' lang='lat' dir='ltr'><strong>segregatumque</strong></span> <span class='ocrx_word' id='word_1_355' title='bbox 1761 3042 1847 3089; x_wconf 84' lang='lat' dir='ltr'><strong>est</strong></span> <span class='ocrx_word' id='word_1_356' title='bbox 1895 3033 2032 3087; x_wconf 80' lang='lat' dir='ltr'><strong>Ver-</strong></span> 
     </span>
    </p>
   </div>
   <div class='ocr_carea' id='block_1_46' title="bbox 439 3123 2030 3188">
    <p class='ocr_par' dir='ltr' id='par_1_46' title="bbox 439 3123 2030 3188">
     <span class='ocr_line' id='line_1_46' title="bbox 439 3123 2030 3188; baseline -0.006 0"><span class='ocrx_word' id='word_1_357' title='bbox 439 3134 573 3188; x_wconf 90' lang='lat' dir='ltr'><strong>bum</strong></span> <span class='ocrx_word' id='word_1_358' title='bbox 616 3148 647 3187; x_wconf 91' lang='lat' dir='ltr'><strong>a</strong></span> <span class='ocrx_word' id='word_1_359' title='bbox 682 3131 992 3187; x_wconf 88' lang='lat' dir='ltr'><strong>substantia</strong></span> <span class='ocrx_word' id='word_1_360' title='bbox 1037 3129 1154 3185; x_wconf 89' lang='lat' dir='ltr'><strong>Dei.</strong></span> <span class='ocrx_word' id='word_1_361' title='bbox 1187 3129 1256 3183; x_wconf 88' lang='lat' dir='ltr'><strong>Et</strong></span> <span class='ocrx_word' id='word_1_362' title='bbox 1307 3126 1704 3182; x_wconf 84' lang='lat' dir='ltr'><strong>inenarrabilis</strong></span> <span class='ocrx_word' id='word_1_363' title='bbox 1737 3132 1822 3179; x_wconf 89' lang='lat' dir='ltr'><strong>est</strong></span> <span class='ocrx_word' id='word_1_364' title='bbox 1862 3123 2030 3179; x_wconf 85' lang='lat' dir='ltr'><strong>Pater</strong></span> 
     </span>
    </p>
   </div>
   <div class='ocr_carea' id='block_1_47' title="bbox 441 3218 2030 3295">
    <p class='ocr_par' dir='ltr' id='par_1_47' title="bbox 441 3218 2030 3295">
     <span class='ocr_line' id='line_1_47' title="bbox 441 3218 2030 3295; baseline -0.006 -14"><span class='ocrx_word' id='word_1_365' title='bbox 441 3225 584 3281; x_wconf 87' lang='lat' dir='ltr'><strong>Filio</strong></span> <span class='ocrx_word' id='word_1_366' title='bbox 621 3242 636 3278; x_wconf 92' lang='lat'><strong>:</strong></span> <span class='ocrx_word' id='word_1_367' title='bbox 664 3239 847 3295; x_wconf 86' lang='lat' dir='ltr'><strong>neque</strong></span> <span class='ocrx_word' id='word_1_368' title='bbox 870 3224 1018 3277; x_wconf 88' lang='lat' dir='ltr'><strong>enim</strong></span> <span class='ocrx_word' id='word_1_369' title='bbox 1044 3221 1290 3292; x_wconf 79' lang='lat' dir='ltr'><strong>perfecte</strong></span> <span class='ocrx_word' id='word_1_370' title='bbox 1318 3235 1547 3276; x_wconf 87' lang='lat' dir='ltr'><strong>cernere</strong></span> <span class='ocrx_word' id='word_1_371' title='bbox 1576 3227 1760 3287; x_wconf 84' lang='lat' dir='ltr'><strong>potest</strong></span> <span class='ocrx_word' id='word_1_372' title='bbox 1792 3218 2030 3273; x_wconf 67' lang='lat' dir='ltr'><strong>Verbum</strong></span> 
     </span>
    </p>
   </div>
   <div class='ocr_carea' id='block_1_48' title="bbox 442 3316 2030 3387">
    <p class='ocr_par' dir='ltr' id='par_1_48' title="bbox 442 3316 2030 3387">
     <span class='ocr_line' id='line_1_48' title="bbox 442 3316 2030 3387; baseline -0.004 -14"><span class='ocrx_word' id='word_1_373' title='bbox 442 3318 686 3383; x_wconf 80' lang='lat' dir='ltr'><strong>Patrem,</strong></span> <span class='ocrx_word' id='word_1_374' title='bbox 723 3331 903 3387; x_wconf 87' lang='lat' dir='ltr'><strong>neque</strong></span> <span class='ocrx_word' id='word_1_375' title='bbox 936 3316 1191 3387; x_wconf 81' lang='lat' dir='ltr'><strong>perfecte</strong></span> <span class='ocrx_word' id='word_1_376' title='bbox 1236 3326 1289 3371; x_wconf 87' lang='lat' dir='ltr'><strong>et</strong></span> <span class='ocrx_word' id='word_1_377' title='bbox 1320 3325 1473 3369; x_wconf 88' lang='lat' dir='ltr'><strong>certo</strong></span> <span class='ocrx_word' id='word_1_378' title='bbox 1509 3328 1635 3367; x_wconf 89' lang='lat' dir='ltr'><strong>eum</strong></span> <span class='ocrx_word' id='word_1_379' title='bbox 1670 3327 2030 3382; x_wconf 73' lang='lat' dir='ltr'><strong>cognoscere.</strong></span> 
     </span>
    </p>
   </div>
   <div class='ocr_carea' id='block_1_49' title="bbox 443 3404 2028 3482">
    <p class='ocr_par' dir='ltr' id='par_1_49' title="bbox 443 3404 2028 3482">
     <span class='ocr_line' id='line_1_49' title="bbox 443 3404 2028 3482; baseline -0.004 -17"><span class='ocrx_word' id='word_1_380' title='bbox 443 3408 611 3482; x_wconf 65' lang='grc'><strong>548</strong></span> <span class='ocrx_word' id='word_1_381' title='bbox 648 3409 868 3464; x_wconf 85' lang='lat' dir='ltr'><strong>Etenim</strong></span> <span class='ocrx_word' id='word_1_382' title='bbox 922 3424 1080 3463; x_wconf 84' lang='lat' dir='ltr'><strong>suam</strong></span> <span class='ocrx_word' id='word_1_383' title='bbox 1142 3409 1314 3477; x_wconf 82' lang='lat' dir='ltr'><strong>ipsius</strong></span> <span class='ocrx_word' id='word_1_384' title='bbox 1364 3421 1584 3476; x_wconf 87' lang='lat' dir='ltr'><strong>quoque</strong></span> <span class='ocrx_word' id='word_1_385' title='bbox 1640 3404 2028 3471; x_wconf 88' lang='lat' dir='ltr'><strong>substantiam,</strong></span> 
     </span>
    </p>
   </div>
   <div class='ocr_carea' id='block_1_50' title="bbox 444 3499 2026 3568">
    <p class='ocr_par' dir='ltr' id='par_1_50' title="bbox 444 3499 2026 3568">
     <span class='ocr_line' id='line_1_50' title="bbox 444 3499 2026 3568; baseline -0.003 -12"><span class='ocrx_word' id='word_1_386' title='bbox 444 3504 524 3556; x_wconf 91' lang='lat' dir='ltr'><strong>uti</strong></span> <span class='ocrx_word' id='word_1_387' title='bbox 579 3511 686 3567; x_wconf 89' lang='lat' dir='ltr'><strong>est,</strong></span> <span class='ocrx_word' id='word_1_388' title='bbox 723 3500 893 3556; x_wconf 85' lang='lat' dir='ltr'><strong>Filius</strong></span> <span class='ocrx_word' id='word_1_389' title='bbox 931 3516 1039 3555; x_wconf 91' lang='lat' dir='ltr'><strong>non</strong></span> <span class='ocrx_word' id='word_1_390' title='bbox 1088 3499 1243 3554; x_wconf 89' lang='lat' dir='ltr'><strong>uovit</strong></span> <span class='ocrx_word' id='word_1_391' title='bbox 1293 3515 1308 3553; x_wconf 88' lang='lat'><strong>:</strong></span> <span class='ocrx_word' id='word_1_392' title='bbox 1363 3506 1593 3568; x_wconf 85' lang='lat' dir='ltr'><strong>prOpter</strong></span> <span class='ocrx_word' id='word_1_393' title='bbox 1641 3511 1744 3552; x_wconf 89' lang='lat' dir='ltr'><strong>nos</strong></span> <span class='ocrx_word' id='word_1_394' title='bbox 1780 3510 2026 3567; x_wconf 81' lang='lat' dir='ltr'><strong>namque</strong></span> 
     </span>
    </p>
   </div>
   <div class='ocr_carea' id='block_1_51' title="bbox 444 3590 2030 3665">
    <p class='ocr_par' dir='ltr' id='par_1_51' title="bbox 444 3590 2030 3665">
     <span class='ocr_line' id='line_1_51' title="bbox 444 3590 2030 3665; baseline -0.003 -15"><span class='ocrx_word' id='word_1_395' title='bbox 444 3596 625 3650; x_wconf 83' lang='lat' dir='ltr'><strong>factus</strong></span> <span class='ocrx_word' id='word_1_396' title='bbox 659 3604 766 3662; x_wconf 90' lang='lat' dir='ltr'><strong>est,</strong></span> <span class='ocrx_word' id='word_1_397' title='bbox 801 3604 858 3648; x_wconf 89' lang='lat' dir='ltr'><strong>nt</strong></span> <span class='ocrx_word' id='word_1_398' title='bbox 887 3609 988 3649; x_wconf 90' lang='lat' dir='ltr'><strong>nos</strong></span> <span class='ocrx_word' id='word_1_399' title='bbox 1032 3609 1131 3665; x_wconf 90' lang='lat' dir='ltr'><strong>per</strong></span> <span class='ocrx_word' id='word_1_400' title='bbox 1171 3608 1324 3659; x_wconf 88' lang='lat' dir='ltr'><strong>eum,</strong></span> <span class='ocrx_word' id='word_1_401' title='bbox 1362 3590 1534 3647; x_wconf 84' lang='lat' dir='ltr'><strong>veluti</strong></span> <span class='ocrx_word' id='word_1_402' title='bbox 1570 3591 2030 3658; x_wconf 88' lang='lat' dir='ltr'><strong>instrumentum,</strong></span> 
     </span>
    </p>
   </div>
   <div class='ocr_carea' id='block_1_52' title="bbox 445 3682 2035 3756">
    <p class='ocr_par' dir='ltr' id='par_1_52' title="bbox 445 3682 2035 3756">
     <span class='ocr_line' id='line_1_52' title="bbox 445 3682 2035 3756; baseline -0.003 -14"><span class='ocrx_word' id='word_1_403' title='bbox 445 3696 665 3742; x_wconf 64' lang='lat' dir='ltr'><strong>crearet</strong></span> <span class='ocrx_word' id='word_1_404' title='bbox 697 3687 841 3742; x_wconf 87' lang='lat' dir='ltr'><strong>Deus</strong></span> <span class='ocrx_word' id='word_1_405' title='bbox 873 3705 887 3741; x_wconf 86' lang='lat'><strong>:</strong></span> <span class='ocrx_word' id='word_1_406' title='bbox 925 3701 1105 3756; x_wconf 87' lang='lat' dir='ltr'><strong>neque</strong></span> <span class='ocrx_word' id='word_1_407' title='bbox 1141 3685 1189 3740; x_wconf 89' lang='lat' dir='ltr'><strong>is</strong></span> <span class='ocrx_word' id='word_1_408' title='bbox 1223 3684 1587 3752; x_wconf 82' lang='lat' dir='ltr'><strong>substitisset,</strong></span> <span class='ocrx_word' id='word_1_409' title='bbox 1609 3682 1718 3738; x_wconf 90' lang='lat' dir='ltr'><strong>uisi</strong></span> <span class='ocrx_word' id='word_1_410' title='bbox 1754 3697 1855 3739; x_wconf 82' lang='lat' dir='ltr'><strong>nos</strong></span> <span class='ocrx_word' id='word_1_411' title='bbox 1890 3682 2035 3738; x_wconf 84' lang='lat' dir='ltr'><strong>Deus</strong></span> 
     </span>
    </p>
   </div>
   <div class='ocr_carea' id='block_1_53' title="bbox 448 3774 2038 3849">
    <p class='ocr_par' dir='ltr' id='par_1_53' title="bbox 448 3774 2038 3849">
     <span class='ocr_line' id='line_1_53' title="bbox 448 3774 2038 3849; baseline -0.005 -13"><span class='ocrx_word' id='word_1_412' title='bbox 448 3795 644 3836; x_wconf 87' lang='lat' dir='ltr'><strong>creare</strong></span> <span class='ocrx_word' id='word_1_413' title='bbox 684 3780 980 3835; x_wconf 86' lang='lat' dir='ltr'><strong>voluisset.</strong></span> <span class='ocrx_word' id='word_1_414' title='bbox 1019 3779 1253 3848; x_wconf 73' lang='lat' dir='ltr'><strong>Rogavit</strong></span> <span class='ocrx_word' id='word_1_415' title='bbox 1294 3777 1462 3849; x_wconf 77' lang='lat' dir='ltr'><strong>igitur</strong></span> <span class='ocrx_word' id='word_1_416' title='bbox 1490 3791 1588 3833; x_wconf 88' lang='lat' dir='ltr'><strong>eos</strong></span> <span class='ocrx_word' id='word_1_417' title='bbox 1623 3775 1871 3847; x_wconf 90' lang='lat' dir='ltr'><strong>quidam.</strong></span> <span class='ocrx_word' id='word_1_418' title='bbox 1906 3774 2038 3829; x_wconf 88' lang='lat' dir='ltr'><strong>Pos-</strong></span> 
     </span>
    </p>
   </div>
   <div class='ocr_carea' id='block_1_54' title="bbox 451 3870 2035 3936">
    <p class='ocr_par' dir='ltr' id='par_1_54' title="bbox 451 3870 2035 3936">
     <span class='ocr_line' id='line_1_54' title="bbox 451 3870 2035 3936; baseline -0.003 -7"><span class='ocrx_word' id='word_1_419' title='bbox 451 3884 609 3929; x_wconf 88' lang='lat' dir='ltr'><strong>setne</strong></span> <span class='ocrx_word' id='word_1_420' title='bbox 638 3873 882 3930; x_wconf 86' lang='lat' dir='ltr'><strong>Verbum</strong></span> <span class='ocrx_word' id='word_1_421' title='bbox 911 3873 1008 3928; x_wconf 89' lang='lat' dir='ltr'><strong>Dei</strong></span> <span class='ocrx_word' id='word_1_422' title='bbox 1040 3872 1268 3936; x_wconf 80' lang='lat' dir='ltr'><strong>mutari,</strong></span> <span class='ocrx_word' id='word_1_423' title='bbox 1308 3872 1473 3928; x_wconf 88' lang='lat' dir='ltr'><strong>sicuti</strong></span> <span class='ocrx_word' id='word_1_424' title='bbox 1506 3870 1761 3925; x_wconf 88' lang='lat' dir='ltr'><strong>diabolus</strong></span> <span class='ocrx_word' id='word_1_425' title='bbox 1792 3877 2035 3925; x_wconf 87' lang='lat' dir='ltr'><strong>mutatus</strong></span> 
     </span>
    </p>
   </div>
   <div class='ocr_carea' id='block_1_55' title="bbox 450 3961 2033 4036">
    <p class='ocr_par' dir='ltr' id='par_1_55' title="bbox 450 3961 2033 4036">
     <span class='ocr_line' id='line_1_55' title="bbox 450 3961 2033 4036; baseline -0.004 -14"><span class='ocrx_word' id='word_1_426' title='bbox 450 3967 578 4022; x_wconf 76' lang='lat' dir='ltr'><strong>est?</strong></span> <span class='ocrx_word' id='word_1_427' title='bbox 631 3975 795 4036; x_wconf 90' lang='lat' dir='ltr'><strong>atque</strong></span> <span class='ocrx_word' id='word_1_428' title='bbox 850 3965 929 4019; x_wconf 85' lang='lat' dir='ltr'><strong>illi</strong></span> <span class='ocrx_word' id='word_1_429' title='bbox 994 3964 1332 4035; x_wconf 87' lang='lat' dir='ltr'><strong>respondere</strong></span> <span class='ocrx_word' id='word_1_430' title='bbox 1386 3978 1500 4018; x_wconf 91' lang='lat' dir='ltr'><strong>non</strong></span> <span class='ocrx_word' id='word_1_431' title='bbox 1569 3961 2033 4027; x_wconf 84' lang='lat' dir='ltr'><strong>reformidarunt,</strong></span> 
     </span>
    </p>
   </div>
   <div class='ocr_carea' id='block_1_56' title="bbox 451 4055 2041 4127">
    <p class='ocr_par' dir='ltr' id='par_1_56' title="bbox 451 4055 2041 4127">
     <span class='ocr_line' id='line_1_56' title="bbox 451 4055 2041 4127; baseline -0.003 -12"><span class='ocrx_word' id='word_1_432' title='bbox 451 4058 626 4115; x_wconf 89' lang='lat' dir='ltr'><strong>Posse</strong></span> <span class='ocrx_word' id='word_1_433' title='bbox 665 4077 680 4115; x_wconf 86' lang='lat'><strong>:</strong></span> <span class='ocrx_word' id='word_1_434' title='bbox 712 4058 999 4115; x_wconf 83' lang='lat' dir='ltr'><strong>mutabilis</strong></span> <span class='ocrx_word' id='word_1_435' title='bbox 1021 4058 1170 4113; x_wconf 90' lang='lat' dir='ltr'><strong>enim</strong></span> <span class='ocrx_word' id='word_1_436' title='bbox 1200 4067 1411 4113; x_wconf 58' lang='lat' dir='ltr'><strong>natura;</strong></span> <span class='ocrx_word' id='word_1_437' title='bbox 1443 4071 1587 4120; x_wconf 84' lang='lat' dir='ltr'><strong>esse,</strong></span> <span class='ocrx_word' id='word_1_438' title='bbox 1613 4055 1956 4127; x_wconf 75' lang='lat' dir='ltr'><strong>generationi</strong></span> <span class='ocrx_word' id='word_1_439' title='bbox 1983 4064 2041 4111; x_wconf 93' lang='lat' dir='ltr'><strong>et</strong></span> 
     </span>
    </p>
   </div>
   <div class='ocr_carea' id='block_1_57' title="bbox 453 4144 2041 4219">
    <p class='ocr_par' dir='ltr' id='par_1_57' title="bbox 453 4144 2041 4219">
     <span class='ocr_line' id='line_1_57' title="bbox 453 4144 2041 4219; baseline -0.002 -13"><span class='ocrx_word' id='word_1_440' title='bbox 453 4153 751 4207; x_wconf 87' lang='lat' dir='ltr'><strong>mutationi</strong></span> <span class='ocrx_word' id='word_1_441' title='bbox 784 4152 1115 4207; x_wconf 81' lang='lat' dir='ltr'><strong>obnoxium.</strong></span> <span class='ocrx_word' id='word_1_442' title='bbox 1147 4150 1276 4207; x_wconf 76' lang='lat' dir='ltr'><strong>Haec</strong></span> <span class='ocrx_word' id='word_1_443' title='bbox 1302 4150 1578 4213; x_wconf 88' lang='lat' dir='ltr'><strong>dicentes,</strong></span> <span class='ocrx_word' id='word_1_444' title='bbox 1621 4144 1788 4219; x_wconf 84' lang='lat' dir='ltr'><strong>atque</strong></span> <span class='ocrx_word' id='word_1_445' title='bbox 1821 4148 1910 4205; x_wconf 84' lang='lat' dir='ltr'><strong>bis</strong></span> <span class='ocrx_word' id='word_1_446' title='bbox 1935 4149 2041 4203; x_wconf 82' lang='lat' dir='ltr'><strong>im-</strong></span> 
     </span>
    </p>
   </div>
   <div class='ocr_carea' id='block_1_58' title="bbox 454 4242 2043 4315">
    <p class='ocr_par' dir='ltr' id='par_1_58' title="bbox 454 4242 2043 4315">
     <span class='ocr_line' id='line_1_58' title="bbox 454 4242 2043 4315; baseline -0.001 -17"><span class='ocrx_word' id='word_1_447' title='bbox 454 4250 730 4315; x_wconf 76' lang='lat' dir='ltr'><strong>pudenter</strong></span> <span class='ocrx_word' id='word_1_448' title='bbox 773 4259 898 4301; x_wconf 91' lang='lat' dir='ltr'><strong>sese</strong></span> <span class='ocrx_word' id='word_1_449' title='bbox 929 4244 1283 4301; x_wconf 85' lang='lat' dir='ltr'><strong>venditantes</strong></span> <span class='ocrx_word' id='word_1_450' title='bbox 1315 4242 1574 4307; x_wconf 78' lang='lat' dir='ltr'><strong>Arianos,</strong></span> <span class='ocrx_word' id='word_1_451' title='bbox 1616 4249 2043 4311; x_wconf 86' lang='lat' dir='ltr'><strong>sectatoresque</strong></span> 
     </span>
    </p>
   </div>
   <div class='ocr_carea' id='block_1_59' title="bbox 457 4332 2043 4408">
    <p class='ocr_par' dir='ltr' id='par_1_59' title="bbox 457 4332 2043 4408">
     <span class='ocr_line' id='line_1_59' title="bbox 457 4332 2043 4408; baseline -0.003 -15"><span class='ocrx_word' id='word_1_452' title='bbox 457 4355 674 4406; x_wconf 85' lang='lat' dir='ltr'><strong>eorum,</strong></span> <span class='ocrx_word' id='word_1_453' title='bbox 718 4354 820 4394; x_wconf 88' lang='lat' dir='ltr'><strong>nos</strong></span> <span class='ocrx_word' id='word_1_454' title='bbox 866 4340 1088 4407; x_wconf 87' lang='lat' dir='ltr'><strong>quidem</strong></span> <span class='ocrx_word' id='word_1_455' title='bbox 1123 4354 1248 4393; x_wconf 91' lang='lat' dir='ltr'><strong>cum</strong></span> <span class='ocrx_word' id='word_1_456' title='bbox 1297 4336 1572 4408; x_wconf 66' lang='lat' dir='ltr'><strong>Egyptiis</strong></span> <span class='ocrx_word' id='word_1_457' title='bbox 1615 4347 1671 4390; x_wconf 88' lang='lat' dir='ltr'><strong>et</strong></span> <span class='ocrx_word' id='word_1_458' title='bbox 1721 4334 1919 4390; x_wconf 80' lang='lat' dir='ltr'><strong>vicinis</strong></span> <span class='ocrx_word' id='word_1_459' title='bbox 1953 4332 2043 4388; x_wconf 90' lang='lat' dir='ltr'><strong>Li-</strong></span> 
     </span>
    </p>
   </div>
   <div class='ocr_carea' id='block_1_60' title="bbox 461 4427 2041 4502">
    <p class='ocr_par' dir='ltr' id='par_1_60' title="bbox 461 4427 2041 4502">
     <span class='ocr_line' id='line_1_60' title="bbox 461 4427 2041 4502; baseline -0.004 -17"><span class='ocrx_word' id='word_1_460' title='bbox 461 4431 615 4502; x_wconf 79' lang='lat' dir='ltr'><strong>bycis</strong></span> <span class='ocrx_word' id='word_1_461' title='bbox 659 4430 777 4484; x_wconf 83' lang='lat' dir='ltr'><strong>fere</strong></span> <span class='ocrx_word' id='word_1_462' title='bbox 825 4441 1046 4485; x_wconf 87' lang='lat' dir='ltr'><strong>centum</strong></span> <span class='ocrx_word' id='word_1_463' title='bbox 1103 4445 1335 4484; x_wconf 88' lang='lat' dir='ltr'><strong>numero</strong></span> <span class='ocrx_word' id='word_1_464' title='bbox 1400 4427 1712 4498; x_wconf 79' lang='lat' dir='ltr'><strong>episcopis,</strong></span> <span class='ocrx_word' id='word_1_465' title='bbox 1764 4434 2041 4481; x_wconf 80' lang='lat' dir='ltr'><strong>conventu</strong></span> 
     </span>
    </p>
   </div>
   <div class='ocr_carea' id='block_1_61' title="bbox 461 4517 2046 4592">
    <p class='ocr_par' dir='ltr' id='par_1_61' title="bbox 461 4517 2046 4592">
     <span class='ocr_line' id='line_1_61' title="bbox 461 4517 2046 4592; baseline -0.002 -18"><span class='ocrx_word' id='word_1_466' title='bbox 461 4533 630 4586; x_wconf 89' lang='lat' dir='ltr'><strong>aeto,</strong></span> <span class='ocrx_word' id='word_1_467' title='bbox 684 4522 1035 4576; x_wconf 80' lang='lat' dir='ltr'><strong>anathemate</strong></span> <span class='ocrx_word' id='word_1_468' title='bbox 1097 4520 1495 4592; x_wconf 77' lang='lat' dir='ltr'><strong>jugulavimus.</strong></span> <span class='ocrx_word' id='word_1_469' title='bbox 1568 4517 1843 4573; x_wconf 80' lang='lat' dir='ltr'><strong>Eusebius</strong></span> <span class='ocrx_word' id='word_1_470' title='bbox 1912 4533 2046 4571; x_wconf 83' lang='lat' dir='ltr'><strong>vero</strong></span> 
     </span>
    </p>
   </div>
   <div class='ocr_carea' id='block_1_62' title="bbox 2120 1997 3698 2084">
    <p class='ocr_par' dir='ltr' id='par_1_62' title="bbox 2120 1997 3698 2084">
     <span class='ocr_line' id='line_1_62' title="bbox 2120 1997 3698 2084; baseline -0.013 -16"><span class='ocrx_word' id='word_1_471' title='bbox 2120 2016 2249 2068; x_wconf 79' lang='grc' dir='ltr'>ποτὲ</span> <span class='ocrx_word' id='word_1_472' title='bbox 2280 2018 2370 2068; x_wconf 79' lang='grc' dir='ltr'><strong>ὅτε</strong></span> <span class='ocrx_word' id='word_1_473' title='bbox 2409 2014 2509 2067; x_wconf 76' lang='grc' dir='ltr'><strong>οὐκ</strong></span> <span class='ocrx_word' id='word_1_474' title='bbox 2537 2008 2626 2084; x_wconf 81' lang='grc' dir='ltr'><strong>ἦν.</strong></span> <span class='ocrx_word' id='word_1_475' title='bbox 2666 2011 2888 2081; x_wconf 81' lang='grc' dir='ltr'>Κτίσμα</span> <span class='ocrx_word' id='word_1_476' title='bbox 2918 2009 3028 2079; x_wconf 86' lang='grc' dir='ltr'><strong>γάρ</strong></span> <span class='ocrx_word' id='word_1_477' title='bbox 3081 2006 3198 2060; x_wconf 73' lang='grc' dir='ltr'>ἐστι</span> <span class='ocrx_word' id='word_1_478' title='bbox 3261 2004 3358 2058; x_wconf 77' lang='grc' dir='ltr'>καὶ</span> <span class='ocrx_word' id='word_1_479' title='bbox 3391 1998 3605 2071; x_wconf 77' lang='grc' dir='ltr'>ποίημα</span> <span class='ocrx_word' id='word_1_480' title='bbox 3669 1997 3698 2048; x_wconf 88' lang='lat'><strong>6</strong></span> 
     </span>
    </p>
   </div>
   <div class='ocr_carea' id='block_1_63' title="bbox 2127 2094 3698 2175">
    <p class='ocr_par' dir='ltr' id='par_1_63' title="bbox 2127 2094 3698 2175">
     <span class='ocr_line' id='line_1_63' title="bbox 2127 2094 3698 2175; baseline -0.013 -14"><span class='ocrx_word' id='word_1_481' title='bbox 2127 2109 2274 2169; x_wconf 77' lang='grc' dir='ltr'>Υἱός.</span> <span class='ocrx_word' id='word_1_482' title='bbox 2312 2106 2453 2161; x_wconf 75' lang='grc' dir='ltr'>Οὔτε</span> <span class='ocrx_word' id='word_1_483' title='bbox 2487 2107 2543 2159; x_wconf 77' lang='grc' dir='ltr'>δὲ</span> <span class='ocrx_word' id='word_1_484' title='bbox 2577 2107 2765 2175; x_wconf 79' lang='grc' dir='ltr'>ὅμοιος</span> <span class='ocrx_word' id='word_1_485' title='bbox 2810 2103 2935 2157; x_wconf 82' lang='grc' dir='ltr'>κατ’</span> <span class='ocrx_word' id='word_1_486' title='bbox 2970 2101 3159 2154; x_wconf 66' lang='grc' dir='ltr'>οὐσίαν</span> <span class='ocrx_word' id='word_1_487' title='bbox 3189 2098 3267 2168; x_wconf 83' lang='grc' dir='ltr'>τῷ</span> <span class='ocrx_word' id='word_1_488' title='bbox 3295 2094 3469 2165; x_wconf 86' lang='grc' dir='ltr'>Πατρί</span> <span class='ocrx_word' id='word_1_489' title='bbox 3524 2094 3698 2155; x_wconf 68' lang='grc' dir='ltr'>ἐστιν,</span> 
     </span>
    </p>
   </div>
   <div class='ocr_carea' id='block_1_64' title="bbox 2123 2184 3696 2267">
    <p class='ocr_par' dir='ltr' id='par_1_64' title="bbox 2123 2184 3696 2267">
     <span class='ocr_line' id='line_1_64' title="bbox 2123 2184 3696 2267; baseline -0.012 -14"><span class='ocrx_word' id='word_1_490' title='bbox 2123 2201 2246 2254; x_wconf 75' lang='grc' dir='ltr'>οὕτε</span> <span class='ocrx_word' id='word_1_491' title='bbox 2280 2198 2557 2267; x_wconf 74' lang='grc' dir='ltr'>ἀληθινὸς,</span> <span class='ocrx_word' id='word_1_492' title='bbox 2587 2199 2681 2251; x_wconf 74' lang='grc' dir='ltr'>καὶ</span> <span class='ocrx_word' id='word_1_493' title='bbox 2734 2196 2896 2266; x_wconf 75' lang='grc' dir='ltr'>φύσει</span> <span class='ocrx_word' id='word_1_494' title='bbox 2923 2199 3019 2247; x_wconf 83' lang='grc' dir='ltr'><strong>τοῦ</strong></span> <span class='ocrx_word' id='word_1_495' title='bbox 3052 2191 3265 2261; x_wconf 66' lang='grc' dir='ltr'>Πατρός</span> <span class='ocrx_word' id='word_1_496' title='bbox 3299 2188 3474 2255; x_wconf 82' lang='grc' dir='ltr'>Λόγος</span> <span class='ocrx_word' id='word_1_497' title='bbox 3506 2184 3657 2238; x_wconf 72' lang='grc' dir='ltr'>ἐστίν</span> <span class='ocrx_word' id='word_1_498' title='bbox 3678 2196 3696 2214; x_wconf 84' lang='grc'>⁶</span> 
     </span>
    </p>
   </div>
   <div class='ocr_carea' id='block_1_65' title="bbox 2122 2279 3700 2364">
    <p class='ocr_par' dir='ltr' id='par_1_65' title="bbox 2122 2279 3700 2364">
     <span class='ocr_line' id='line_1_65' title="bbox 2122 2279 3700 2364; baseline -0.012 -17"><span class='ocrx_word' id='word_1_499' title='bbox 2122 2294 2247 2347; x_wconf 77' lang='grc' dir='ltr'>οὔτε</span> <span class='ocrx_word' id='word_1_500' title='bbox 2271 2291 2502 2364; x_wconf 76' lang='grc' dir='ltr'>ἀληθινὴ</span> <span class='ocrx_word' id='word_1_501' title='bbox 2530 2291 2694 2360; x_wconf 73' lang='grc' dir='ltr'>σοφία</span> <span class='ocrx_word' id='word_1_502' title='bbox 2721 2290 2888 2345; x_wconf 74' lang='grc' dir='ltr'>αὐτοῦ</span> <span class='ocrx_word' id='word_1_503' title='bbox 2932 2289 3080 2341; x_wconf 83' lang='grc' dir='ltr'>ἐστίν</span> <span class='ocrx_word' id='word_1_504' title='bbox 3106 2302 3121 2319; x_wconf 75' lang='grc'><strong><em>⁸</em></strong></span> <span class='ocrx_word' id='word_1_505' title='bbox 3154 2283 3271 2340; x_wconf 76' lang='grc' dir='ltr'>ἀλλ’</span> <span class='ocrx_word' id='word_1_506' title='bbox 3307 2279 3385 2346; x_wconf 73' lang='grc' dir='ltr'>εἷς</span> <span class='ocrx_word' id='word_1_507' title='bbox 3432 2282 3532 2350; x_wconf 69' lang='grc' dir='ltr'>μὲν</span> <span class='ocrx_word' id='word_1_508' title='bbox 3586 2279 3700 2329; x_wconf 83' lang='grc' dir='ltr'>τῶν</span> 
     </span>
    </p>
   </div>
   <div class='ocr_carea' id='block_1_66' title="bbox 2127 2366 3702 2454">
    <p class='ocr_par' dir='ltr' id='par_1_66' title="bbox 2127 2366 3702 2454">
     <span class='ocr_line' id='line_1_66' title="bbox 2127 2366 3702 2454; baseline -0.011 -16"><span class='ocrx_word' id='word_1_509' title='bbox 2127 2386 2456 2454; x_wconf 78' lang='grc' dir='ltr'><strong>ποιημάτων</strong></span> <span class='ocrx_word' id='word_1_510' title='bbox 2492 2386 2588 2436; x_wconf 75' lang='grc' dir='ltr'>καὶ</span> <span class='ocrx_word' id='word_1_511' title='bbox 2608 2380 2889 2452; x_wconf 82' lang='grc' dir='ltr'><strong>γεννητῶν</strong></span> <span class='ocrx_word' id='word_1_512' title='bbox 2917 2381 3033 2432; x_wconf 77' lang='grc' dir='ltr'>ἑστι</span> <span class='ocrx_word' id='word_1_513' title='bbox 3061 2392 3077 2408; x_wconf 86' lang='grc'>⁶</span> <span class='ocrx_word' id='word_1_514' title='bbox 3133 2371 3594 2446; x_wconf 74' lang='grc' dir='ltr'><strong>καταχρηστικῶς</strong></span> <span class='ocrx_word' id='word_1_515' title='bbox 3643 2366 3702 2421; x_wconf 70' lang='grc' dir='ltr'>δὲ</span> 
     </span>
    </p>
   </div>
   <div class='ocr_carea' id='block_1_67' title="bbox 2124 2462 3703 2547">
    <p class='ocr_par' dir='ltr' id='par_1_67' title="bbox 2124 2462 3703 2547">
     <span class='ocr_line' id='line_1_67' title="bbox 2124 2462 3703 2547; baseline -0.009 -15"><span class='ocrx_word' id='word_1_516' title='bbox 2124 2479 2299 2547; x_wconf 83' lang='grc' dir='ltr'><strong>Λόγος</strong></span> <span class='ocrx_word' id='word_1_517' title='bbox 2331 2479 2422 2531; x_wconf 71' lang='grc' dir='ltr'>καὶ</span> <span class='ocrx_word' id='word_1_518' title='bbox 2456 2478 2621 2546; x_wconf 79' lang='grc' dir='ltr'>σοφία</span> <span class='ocrx_word' id='word_1_519' title='bbox 2650 2479 2966 2545; x_wconf 76' lang='grc' dir='ltr'>γενόμενος.</span> <span class='ocrx_word' id='word_1_520' title='bbox 3015 2473 3125 2527; x_wconf 66' lang='grc' dir='ltr'><strong>Καὶ</strong></span> <span class='ocrx_word' id='word_1_521' title='bbox 3176 2469 3337 2547; x_wconf 65' lang='grc' dir='ltr'>αὐτὸς</span> <span class='ocrx_word' id='word_1_522' title='bbox 3398 2466 3478 2531; x_wconf 61' lang='grc' dir='ltr'><strong>δι,</strong></span> <span class='ocrx_word' id='word_1_523' title='bbox 3534 2468 3592 2520; x_wconf 80' lang='grc' dir='ltr'>ὲν</span> <span class='ocrx_word' id='word_1_524' title='bbox 3623 2462 3703 2531; x_wconf 81' lang='grc' dir='ltr'>τῷ</span> 
     </span>
    </p>
   </div>
   <div class='ocr_carea' id='block_1_68' title="bbox 2130 2546 3699 2641">
    <p class='ocr_par' dir='ltr' id='par_1_68' title="bbox 2130 2546 3699 2641">
     <span class='ocr_line' id='line_1_68' title="bbox 2130 2546 3699 2641; baseline -0.011 -19"><span class='ocrx_word' id='word_1_525' title='bbox 2130 2546 2246 2641; x_wconf 73' lang='grc' dir='ltr'>ἰδίω</span> <span class='ocrx_word' id='word_1_526' title='bbox 2272 2569 2365 2624; x_wconf 82' lang='grc' dir='ltr'><strong>τοῦ</strong></span> <span class='ocrx_word' id='word_1_527' title='bbox 2400 2569 2536 2621; x_wconf 83' lang='grc' dir='ltr'>Θεοῦ</span> <span class='ocrx_word' id='word_1_528' title='bbox 2573 2569 2733 2637; x_wconf 82' lang='grc' dir='ltr'>Λόγῳ</span> <span class='ocrx_word' id='word_1_529' title='bbox 2764 2568 2856 2619; x_wconf 69' lang='grc' dir='ltr'><strong>καὶ</strong></span> <span class='ocrx_word' id='word_1_530' title='bbox 2878 2566 2945 2637; x_wconf 78' lang='grc' dir='ltr'>τῇ</span> <span class='ocrx_word' id='word_1_531' title='bbox 2981 2566 3038 2618; x_wconf 81' lang='grc' dir='ltr'><strong>ὲν</strong></span> <span class='ocrx_word' id='word_1_532' title='bbox 3064 2561 3142 2633; x_wconf 83' lang='grc' dir='ltr'><strong>τῷ</strong></span> <span class='ocrx_word' id='word_1_533' title='bbox 3171 2560 3290 2631; x_wconf 81' lang='grc' dir='ltr'><strong>Θεῷ</strong></span> <span class='ocrx_word' id='word_1_534' title='bbox 3310 2546 3485 2629; x_wconf 69' lang='grc' dir='ltr'>’σοφίᾳ</span> <span class='ocrx_word' id='word_1_535' title='bbox 3520 2553 3699 2608; x_wconf 75' lang='grc' dir='ltr'>ἐστίν’</span> 
     </span>
    </p>
   </div>
   <div class='ocr_carea' id='block_1_69' title="bbox 2128 2645 3703 2738">
    <p class='ocr_par' dir='ltr' id='par_1_69' title="bbox 2128 2645 3703 2738">
     <span class='ocr_line' id='line_1_69' title="bbox 2128 2645 3703 2738; baseline -0.01 -21"><span class='ocrx_word' id='word_1_536' title='bbox 2128 2667 2186 2717; x_wconf 81' lang='grc' dir='ltr'><strong>ὲν</strong></span> <span class='ocrx_word' id='word_1_537' title='bbox 2284 2663 2379 2716; x_wconf 74' lang='grc' dir='ltr'>καὶ</span> <span class='ocrx_word' id='word_1_538' title='bbox 2423 2664 2492 2716; x_wconf 79' lang='grc' dir='ltr'>τὰ</span> <span class='ocrx_word' id='word_1_539' title='bbox 2532 2662 2714 2716; x_wconf 86' lang='grc' dir='ltr'>πάντα</span> <span class='ocrx_word' id='word_1_540' title='bbox 2760 2660 2853 2713; x_wconf 83' lang='grc' dir='ltr'>καί</span> <span class='ocrx_word' id='word_1_541' title='bbox 2907 2659 3068 2711; x_wconf 78' lang='grc' dir='ltr'>αὑτὸν</span> <span class='ocrx_word' id='word_1_542' title='bbox 3133 2653 3435 2720; x_wconf 79' lang='grc' dir='ltr'>πεποίηκεν</span> <span class='ocrx_word' id='word_1_543' title='bbox 3491 2650 3519 2702; x_wconf 87' lang='grc' dir='ltr'><strong>ὁ</strong></span> <span class='ocrx_word' id='word_1_544' title='bbox 3548 2645 3703 2738; x_wconf 75' lang='grc' dir='ltr'>Θεός.</span> 
     </span>
    </p>
   </div>
   <div class='ocr_carea' id='block_1_70' title="bbox 2130 2734 3706 2827">
    <p class='ocr_par' dir='ltr' id='par_1_70' title="bbox 2130 2734 3706 2827">
     <span class='ocr_line' id='line_1_70' title="bbox 2130 2734 3706 2827; baseline -0.01 -16"><span class='ocrx_word' id='word_1_545' title='bbox 2130 2734 2346 2811; x_wconf 37' lang='grc' dir='ltr'>Διδνκαὶ</span> <span class='ocrx_word' id='word_1_546' title='bbox 2374 2755 2608 2827; x_wconf 79' lang='grc' dir='ltr'>τρεπτός</span> <span class='ocrx_word' id='word_1_547' title='bbox 2636 2756 2751 2807; x_wconf 73' lang='grc' dir='ltr'><strong>ἐστι</strong></span> <span class='ocrx_word' id='word_1_548' title='bbox 2780 2753 2876 2805; x_wconf 77' lang='grc' dir='ltr'><strong>καὶ</strong></span> <span class='ocrx_word' id='word_1_549' title='bbox 2919 2750 3214 2811; x_wconf 71' lang='grc' dir='ltr'>ἀλλοιωτδς</span> <span class='ocrx_word' id='word_1_550' title='bbox 3272 2747 3372 2816; x_wconf 81' lang='grc' dir='ltr'><strong>τὴν</strong></span> <span class='ocrx_word' id='word_1_551' title='bbox 3406 2742 3591 2814; x_wconf 81' lang='grc' dir='ltr'>φύσιν,</span> <span class='ocrx_word' id='word_1_552' title='bbox 3628 2734 3706 2806; x_wconf 82' lang='grc' dir='ltr'><strong>ὡς</strong></span> 
     </span>
    </p>
   </div>
   <div class='ocr_carea' id='block_1_71' title="bbox 2133 2836 3707 2916">
    <p class='ocr_par' dir='ltr' id='par_1_71' title="bbox 2133 2836 3707 2916">
     <span class='ocr_line' id='line_1_71' title="bbox 2133 2836 3707 2916; baseline -0.012 -11"><span class='ocrx_word' id='word_1_553' title='bbox 2133 2852 2228 2905; x_wconf 73' lang='grc' dir='ltr'><strong>καὶ</strong></span> <span class='ocrx_word' id='word_1_554' title='bbox 2261 2851 2438 2906; x_wconf 85' lang='grc' dir='ltr'>πάντα</span> <span class='ocrx_word' id='word_1_555' title='bbox 2473 2851 2542 2902; x_wconf 75' lang='grc' dir='ltr'><strong>τά</strong></span> <span class='ocrx_word' id='word_1_556' title='bbox 2577 2848 2796 2916; x_wconf 83' lang='grc' dir='ltr'>λογικά.</span> <span class='ocrx_word' id='word_1_557' title='bbox 2845 2845 3010 2908; x_wconf 86' lang='grc' dir='ltr'>Ξένος</span> <span class='ocrx_word' id='word_1_558' title='bbox 3043 2860 3103 2896; x_wconf 85' lang='grc' dir='ltr'><strong>τε</strong></span> <span class='ocrx_word' id='word_1_559' title='bbox 3143 2842 3239 2897; x_wconf 71' lang='grc' dir='ltr'>καὶ</span> <span class='ocrx_word' id='word_1_560' title='bbox 3287 2839 3571 2909; x_wconf 80' lang='grc' dir='ltr'>ἀλλότριος</span> <span class='ocrx_word' id='word_1_561' title='bbox 3611 2836 3707 2888; x_wconf 72' lang='grc' dir='ltr'><strong>καὶ</strong></span> 
     </span>
    </p>
   </div>
   <div class='ocr_carea' id='block_1_72' title="bbox 2133 2937 3705 3018">
    <p class='ocr_par' dir='ltr' id='par_1_72' title="bbox 2133 2937 3705 3018">
     <span class='ocr_line' id='line_1_72' title="bbox 2133 2937 3705 3018; baseline -0.01 -17"><span class='ocrx_word' id='word_1_562' title='bbox 2133 2946 2621 3018; x_wconf 80' lang='grc' dir='ltr'><strong>ἀπεσχοινισμένος</strong></span> <span class='ocrx_word' id='word_1_563' title='bbox 2654 2947 2806 2998; x_wconf 70' lang='grc' dir='ltr'>ἐστὶν</span> <span class='ocrx_word' id='word_1_564' title='bbox 2832 2946 2859 2997; x_wconf 91' lang='lat'><strong>6</strong></span> <span class='ocrx_word' id='word_1_565' title='bbox 2882 2944 3055 3010; x_wconf 90' lang='grc' dir='ltr'>Λόγος</span> <span class='ocrx_word' id='word_1_566' title='bbox 3079 2944 3180 3011; x_wconf 79' lang='grc' dir='ltr'><strong>τῆς</strong></span> <span class='ocrx_word' id='word_1_567' title='bbox 3200 2938 3296 2993; x_wconf 86' lang='grc' dir='ltr'><strong>τοῦ</strong></span> <span class='ocrx_word' id='word_1_568' title='bbox 3328 2937 3463 2991; x_wconf 88' lang='grc' dir='ltr'>Θεοῦ</span> <span class='ocrx_word' id='word_1_569' title='bbox 3494 2937 3705 2996; x_wconf 80' lang='grc' dir='ltr'>οὐσίας’</span> 
     </span>
    </p>
   </div>
   <div class='ocr_carea' id='block_1_73' title="bbox 2134 3028 3711 3114">
    <p class='ocr_par' dir='ltr' id='par_1_73' title="bbox 2134 3028 3711 3114">
     <span class='ocr_line' id='line_1_73' title="bbox 2134 3028 3711 3114; baseline -0.011 -18"><span class='ocrx_word' id='word_1_570' title='bbox 2134 3044 2231 3096; x_wconf 68' lang='grc' dir='ltr'>καὶ</span> <span class='ocrx_word' id='word_1_571' title='bbox 2259 3041 2499 3114; x_wconf 70' lang='grc' dir='ltr'>ἄρρητός</span> <span class='ocrx_word' id='word_1_572' title='bbox 2534 3042 2683 3095; x_wconf 69' lang='grc' dir='ltr'>ἔστιν</span> <span class='ocrx_word' id='word_1_573' title='bbox 2713 3038 2741 3091; x_wconf 90' lang='lat'><strong>6</strong></span> <span class='ocrx_word' id='word_1_574' title='bbox 2799 3038 2992 3106; x_wconf 76' lang='grc' dir='ltr'>Πατὴρ</span> <span class='ocrx_word' id='word_1_575' title='bbox 3034 3035 3111 3105; x_wconf 78' lang='grc' dir='ltr'>τῷ</span> <span class='ocrx_word' id='word_1_576' title='bbox 3143 3032 3289 3104; x_wconf 82' lang='grc' dir='ltr'><strong>Υἱῷ·</strong></span> <span class='ocrx_word' id='word_1_577' title='bbox 3324 3030 3444 3085; x_wconf 65' lang='lat' dir='ltr'><strong>abte</strong></span> <span class='ocrx_word' id='word_1_578' title='bbox 3484 3028 3593 3098; x_wconf 87' lang='grc' dir='ltr'>γὰρ</span> <span class='ocrx_word' id='word_1_579' title='bbox 3623 3044 3711 3079; x_wconf 63' lang='lat' dir='ltr'><strong>rso</strong></span> 
     </span>
    </p>
   </div>
   <div class='ocr_carea' id='block_1_74' title="bbox 2134 3118 3712 3205">
    <p class='ocr_par' dir='ltr' id='par_1_74' title="bbox 2134 3118 3712 3205">
     <span class='ocr_line' id='line_1_74' title="bbox 2134 3118 3712 3205; baseline -0.006 -19"><span class='ocrx_word' id='word_1_580' title='bbox 2134 3135 2293 3198; x_wconf 86' lang='grc' dir='ltr'>λείως</span> <span class='ocrx_word' id='word_1_581' title='bbox 2329 3136 2461 3205; x_wconf 81' lang='grc' dir='ltr'>όρᾷν</span> <span class='ocrx_word' id='word_1_582' title='bbox 2492 3133 2720 3186; x_wconf 88' lang='grc' dir='ltr'>δύναται</span> <span class='ocrx_word' id='word_1_583' title='bbox 2754 3132 2845 3185; x_wconf 74' lang='grc' dir='ltr'>τὸν</span> <span class='ocrx_word' id='word_1_584' title='bbox 2889 3129 3108 3199; x_wconf 81' lang='grc' dir='ltr'>Πατέρα</span> <span class='ocrx_word' id='word_1_585' title='bbox 3140 3131 3167 3182; x_wconf 89' lang='lat'><strong>6</strong></span> <span class='ocrx_word' id='word_1_586' title='bbox 3222 3128 3419 3195; x_wconf 85' lang='grc' dir='ltr'>Λόγος,</span> <span class='ocrx_word' id='word_1_587' title='bbox 3459 3118 3583 3178; x_wconf 72' lang='grc' dir='ltr'>οὔτε</span> <span class='ocrx_word' id='word_1_588' title='bbox 3623 3140 3712 3177; x_wconf 58' lang='grc' dir='ltr'>τεά</span> 
     </span>
    </p>
   </div>
   <div class='ocr_carea' id='block_1_75' title="bbox 2136 3215 3710 3297">
    <p class='ocr_par' dir='ltr' id='par_1_75' title="bbox 2136 3215 3710 3297">
     <span class='ocr_line' id='line_1_75' title="bbox 2136 3215 3710 3297; baseline -0.008 -15"><span class='ocrx_word' id='word_1_589' title='bbox 2136 3230 2299 3291; x_wconf 81' lang='grc' dir='ltr'>λείως</span> <span class='ocrx_word' id='word_1_590' title='bbox 2323 3229 2418 3281; x_wconf 77' lang='grc' dir='ltr'><strong>καὶ</strong></span> <span class='ocrx_word' id='word_1_591' title='bbox 2447 3226 2693 3297; x_wconf 75' lang='grc' dir='ltr'><strong>ἀκριϐῶς</strong></span> <span class='ocrx_word' id='word_1_592' title='bbox 2724 3223 2987 3293; x_wconf 81' lang='grc' dir='ltr'><strong>γινώσκει</strong></span> <span class='ocrx_word' id='word_1_593' title='bbox 3015 3223 3200 3276; x_wconf 73' lang='grc' dir='ltr'>αὐτόν.</span> <span class='ocrx_word' id='word_1_594' title='bbox 3240 3222 3348 3273; x_wconf 68' lang='grc' dir='ltr'><strong>Καὶ</strong></span> <span class='ocrx_word' id='word_1_595' title='bbox 3377 3220 3486 3288; x_wconf 83' lang='grc' dir='ltr'><strong>γάρ</strong></span> <span class='ocrx_word' id='word_1_596' title='bbox 3514 3215 3710 3271; x_wconf 79' lang='grc' dir='ltr'>ἑαυτοῦ</span> 
     </span>
    </p>
   </div>
   <div class='ocr_carea' id='block_1_76' title="bbox 2135 3310 3711 3390">
    <p class='ocr_par' dir='ltr' id='par_1_76' title="bbox 2135 3310 3711 3390">
     <span class='ocr_line' id='line_1_76' title="bbox 2135 3310 3711 3390; baseline -0.008 -14"><span class='ocrx_word' id='word_1_597' title='bbox 2135 3325 2235 3390; x_wconf 85' lang='grc' dir='ltr'>τὴν</span> <span class='ocrx_word' id='word_1_598' title='bbox 2265 3319 2454 3374; x_wconf 85' lang='grc' dir='ltr'>οὐσίαν</span> <span class='ocrx_word' id='word_1_599' title='bbox 2489 3318 2589 3372; x_wconf 80' lang='grc' dir='ltr'><strong>οὐκ</strong></span> <span class='ocrx_word' id='word_1_600' title='bbox 2610 3316 2751 3373; x_wconf 80' lang='grc' dir='ltr'>οῐὸεν</span> <span class='ocrx_word' id='word_1_601' title='bbox 2780 3320 2806 3371; x_wconf 97' lang='lat'><strong>6</strong></span> <span class='ocrx_word' id='word_1_602' title='bbox 2848 3317 2974 3378; x_wconf 72' lang='grc' dir='ltr'>Υἱὸς</span> <span class='ocrx_word' id='word_1_603' title='bbox 3004 3315 3077 3378; x_wconf 85' lang='grc' dir='ltr'>ὼς</span> <span class='ocrx_word' id='word_1_604' title='bbox 3113 3314 3251 3369; x_wconf 73' lang='grc' dir='ltr'>ἔστι.</span> <span class='ocrx_word' id='word_1_605' title='bbox 3291 3313 3369 3366; x_wconf 79' lang='grc' dir='ltr'><strong>Δι’</strong></span> <span class='ocrx_word' id='word_1_606' title='bbox 3419 3313 3564 3383; x_wconf 70' lang='grc' dir='ltr'>ἡμᾶς</span> <span class='ocrx_word' id='word_1_607' title='bbox 3605 3310 3711 3383; x_wconf 83' lang='grc' dir='ltr'><strong>γὰρ</strong></span> 
     </span>
    </p>
   </div>
   <div class='ocr_carea' id='block_1_77' title="bbox 2133 3404 3710 3485">
    <p class='ocr_par' dir='ltr' id='par_1_77' title="bbox 2133 3404 3710 3485">
     <span class='ocr_line' id='line_1_77' title="bbox 2133 3404 3710 3485; baseline -0.011 -13"><span class='ocrx_word' id='word_1_608' title='bbox 2133 3415 2459 3485; x_wconf 81' lang='grc' dir='ltr'>πεποίηται,</span> <span class='ocrx_word' id='word_1_609' title='bbox 2491 3414 2579 3466; x_wconf 75' lang='grc' dir='ltr'><strong>ἵνα</strong></span> <span class='ocrx_word' id='word_1_610' title='bbox 2601 3413 2747 3481; x_wconf 75' lang='grc' dir='ltr'>ἡμᾶς</span> <span class='ocrx_word' id='word_1_611' title='bbox 2774 3410 2841 3464; x_wconf 87' lang='grc' dir='ltr'><strong>δι’</strong></span> <span class='ocrx_word' id='word_1_612' title='bbox 2865 3409 3028 3463; x_wconf 83' lang='grc' dir='ltr'>αὐτοῦ</span> <span class='ocrx_word' id='word_1_613' title='bbox 3067 3408 3142 3471; x_wconf 82' lang='grc' dir='ltr'>ὡς</span> <span class='ocrx_word' id='word_1_614' title='bbox 3176 3406 3244 3461; x_wconf 81' lang='grc' dir='ltr'>δι’</span> <span class='ocrx_word' id='word_1_615' title='bbox 3286 3405 3521 3476; x_wconf 76' lang='grc' dir='ltr'><strong>ὀργάνου</strong></span> <span class='ocrx_word' id='word_1_616' title='bbox 3548 3404 3710 3473; x_wconf 77' lang='grc' dir='ltr'>κτίσῃ</span> 
     </span>
    </p>
   </div>
   <div class='ocr_carea' id='block_1_78' title="bbox 2133 3496 3714 3574">
    <p class='ocr_par' dir='ltr' id='par_1_78' title="bbox 2133 3496 3714 3574">
     <span class='ocr_line' id='line_1_78' title="bbox 2133 3496 3714 3574; baseline -0.01 -10"><span class='ocrx_word' id='word_1_617' title='bbox 2133 3512 2162 3564; x_wconf 86' lang='lat'><strong>6</strong></span> <span class='ocrx_word' id='word_1_618' title='bbox 2191 3508 2348 3573; x_wconf 83' lang='grc' dir='ltr'>Θεός.</span> <span class='ocrx_word' id='word_1_619' title='bbox 2410 3506 2523 3563; x_wconf 74' lang='grc' dir='ltr'><strong>Καὶ</strong></span> <span class='ocrx_word' id='word_1_620' title='bbox 2556 3505 2659 3559; x_wconf 78' lang='grc' dir='ltr'>οὐκ</span> <span class='ocrx_word' id='word_1_621' title='bbox 2690 3503 2755 3558; x_wconf 81' lang='grc' dir='ltr'><strong>ἂν</strong></span> <span class='ocrx_word' id='word_1_622' title='bbox 2802 3503 3037 3574; x_wconf 82' lang='grc' dir='ltr'><strong>ὑπέστη,</strong></span> <span class='ocrx_word' id='word_1_623' title='bbox 3095 3503 3142 3554; x_wconf 79' lang='grc' dir='ltr'><strong>ει</strong></span> <span class='ocrx_word' id='word_1_624' title='bbox 3183 3500 3258 3570; x_wconf 81' lang='grc' dir='ltr'>μὴ</span> <span class='ocrx_word' id='word_1_625' title='bbox 3331 3499 3481 3569; x_wconf 77' lang='grc' dir='ltr'>ἡμᾶς</span> <span class='ocrx_word' id='word_1_626' title='bbox 3515 3499 3542 3551; x_wconf 92' lang='lat'><strong>6</strong></span> <span class='ocrx_word' id='word_1_627' title='bbox 3579 3496 3714 3559; x_wconf 76' lang='grc' dir='ltr'>Θεὸς</span> 
     </span>
    </p>
   </div>
   <div class='ocr_carea' id='block_1_79' title="bbox 2135 3589 3716 3676">
    <p class='ocr_par' dir='ltr' id='par_1_79' title="bbox 2135 3589 3716 3676">
     <span class='ocr_line' id='line_1_79' title="bbox 2135 3589 3716 3676; baseline -0.009 -18"><span class='ocrx_word' id='word_1_628' title='bbox 2135 3604 2371 3676; x_wconf 73' lang='grc' dir='ltr'>ἠθέλησε</span> <span class='ocrx_word' id='word_1_629' title='bbox 2428 3600 2681 3670; x_wconf 81' lang='grc' dir='ltr'>ποιῆσαι.</span> <span class='ocrx_word' id='word_1_630' title='bbox 2739 3596 3028 3668; x_wconf 81' lang='grc' dir='ltr'>Ἦρώτησε</span> <span class='ocrx_word' id='word_1_631' title='bbox 3087 3594 3219 3663; x_wconf 86' lang='grc' dir='ltr'>γοῦν</span> <span class='ocrx_word' id='word_1_632' title='bbox 3260 3610 3346 3657; x_wconf 86' lang='grc' dir='ltr'><strong>τις</strong></span> <span class='ocrx_word' id='word_1_633' title='bbox 3377 3591 3602 3655; x_wconf 79' lang='grc' dir='ltr'>αὐτοὺς,</span> <span class='ocrx_word' id='word_1_634' title='bbox 3663 3589 3716 3644; x_wconf 83' lang='grc' dir='ltr'><strong>εί</strong></span> 
     </span>
    </p>
   </div>
   <div class='ocr_carea' id='block_1_80' title="bbox 2135 3681 3714 3758">
    <p class='ocr_par' dir='ltr' id='par_1_80' title="bbox 2135 3681 3714 3758">
     <span class='ocr_line' id='line_1_80' title="bbox 2135 3681 3714 3758; baseline -0.011 -7"><span class='ocrx_word' id='word_1_635' title='bbox 2135 3697 2366 3751; x_wconf 74' lang='grc' dir='ltr'>δύναται</span> <span class='ocrx_word' id='word_1_636' title='bbox 2388 3697 2415 3748; x_wconf 90' lang='lat'><strong>6</strong></span> <span class='ocrx_word' id='word_1_637' title='bbox 2442 3693 2536 3747; x_wconf 89' lang='grc' dir='ltr'><strong>τοῦ</strong></span> <span class='ocrx_word' id='word_1_638' title='bbox 2569 3691 2705 3746; x_wconf 83' lang='grc' dir='ltr'>Θεοῦ</span> <span class='ocrx_word' id='word_1_639' title='bbox 2730 3690 2903 3758; x_wconf 80' lang='grc' dir='ltr'>Λόγος</span> <span class='ocrx_word' id='word_1_640' title='bbox 2934 3685 3235 3757; x_wconf 79' lang='grc' dir='ltr'>τραπῆναι,</span> <span class='ocrx_word' id='word_1_641' title='bbox 3271 3685 3345 3745; x_wconf 74' lang='grc' dir='ltr'>ὡς</span> <span class='ocrx_word' id='word_1_642' title='bbox 3377 3686 3403 3737; x_wconf 86' lang='lat'><strong>6</strong></span> <span class='ocrx_word' id='word_1_643' title='bbox 3462 3681 3714 3743; x_wconf 73' lang='grc' dir='ltr'>διάϐολος</span> 
     </span>
    </p>
   </div>
   <div class='ocr_carea' id='block_1_81' title="bbox 2136 3777 3713 3857">
    <p class='ocr_par' dir='ltr' id='par_1_81' title="bbox 2136 3777 3713 3857">
     <span class='ocr_line' id='line_1_81' title="bbox 2136 3777 3713 3857; baseline -0.008 -15"><span class='ocrx_word' id='word_1_644' title='bbox 2136 3790 2355 3857; x_wconf 71' lang='grc' dir='ltr'>ἐτράπη</span> <span class='ocrx_word' id='word_1_645' title='bbox 2377 3803 2391 3817; x_wconf 84' lang='grc'><strong>·</strong></span> <span class='ocrx_word' id='word_1_646' title='bbox 2424 3787 2518 3838; x_wconf 76' lang='grc' dir='ltr'><strong>καὶ</strong></span> <span class='ocrx_word' id='word_1_647' title='bbox 2543 3785 2644 3838; x_wconf 80' lang='grc' dir='ltr'><strong>οὐκ</strong></span> <span class='ocrx_word' id='word_1_648' title='bbox 2668 3782 3025 3853; x_wconf 74' lang='grc' dir='ltr'>εφοϐήθησαν</span> <span class='ocrx_word' id='word_1_649' title='bbox 3056 3781 3257 3846; x_wconf 80' lang='grc' dir='ltr'>εἰπεῖν,</span> <span class='ocrx_word' id='word_1_650' title='bbox 3291 3778 3401 3831; x_wconf 69' lang='grc' dir='ltr'><strong>Ναὶ</strong></span> <span class='ocrx_word' id='word_1_651' title='bbox 3450 3777 3680 3830; x_wconf 87' lang='grc' dir='ltr'>δύναται</span> <span class='ocrx_word' id='word_1_652' title='bbox 3700 3792 3713 3805; x_wconf 93' lang='grc'><strong>·</strong></span> 
     </span>
    </p>
   </div>
   <div class='ocr_carea' id='block_1_82' title="bbox 2137 3871 3718 3951">
    <p class='ocr_par' dir='ltr' id='par_1_82' title="bbox 2137 3871 3718 3951">
     <span class='ocr_line' id='line_1_82' title="bbox 2137 3871 3718 3951; baseline -0.008 -17"><span class='ocrx_word' id='word_1_653' title='bbox 2137 3880 2383 3951; x_wconf 82' lang='grc' dir='ltr'>τρεπτῆς</span> <span class='ocrx_word' id='word_1_654' title='bbox 2415 3879 2526 3948; x_wconf 80' lang='grc' dir='ltr'>γὰρ</span> <span class='ocrx_word' id='word_1_655' title='bbox 2577 3876 2797 3946; x_wconf 81' lang='grc' dir='ltr'>φύσεώς</span> <span class='ocrx_word' id='word_1_656' title='bbox 2843 3878 2982 3940; x_wconf 69' lang='grc' dir='ltr'>ἐστι,</span> <span class='ocrx_word' id='word_1_657' title='bbox 3034 3872 3295 3944; x_wconf 75' lang='grc' dir='ltr'>γεννητὸς</span> <span class='ocrx_word' id='word_1_658' title='bbox 3352 3872 3447 3925; x_wconf 70' lang='grc' dir='ltr'>καὶ</span> <span class='ocrx_word' id='word_1_659' title='bbox 3482 3871 3718 3940; x_wconf 74' lang='grc' dir='ltr'>τρεπτδς</span> 
     </span>
    </p>
   </div>
   <div class='ocr_carea' id='block_1_83' title="bbox 2137 3963 3719 4041">
    <p class='ocr_par' dir='ltr' id='par_1_83' title="bbox 2137 3963 3719 4041">
     <span class='ocr_line' id='line_1_83' title="bbox 2137 3963 3719 4041; baseline -0.006 -16"><span class='ocrx_word' id='word_1_660' title='bbox 2137 3971 2422 4041; x_wconf 79' lang='grc' dir='ltr'>ὑπάρχων.</span> <span class='ocrx_word' id='word_1_661' title='bbox 2470 3967 2659 4022; x_wconf 81' lang='grc' dir='ltr'>Ταῦτα</span> <span class='ocrx_word' id='word_1_662' title='bbox 2706 3967 2965 4035; x_wconf 83' lang='grc' dir='ltr'>λέγοντας</span> <span class='ocrx_word' id='word_1_663' title='bbox 3012 3965 3142 4027; x_wconf 75' lang='grc' dir='ltr'>τοὺς</span> <span class='ocrx_word' id='word_1_664' title='bbox 3192 3963 3325 4032; x_wconf 75' lang='grc' dir='ltr'>περὶ</span> <span class='ocrx_word' id='word_1_665' title='bbox 3375 3964 3594 4033; x_wconf 82' lang='grc' dir='ltr'>Ἀρειον</span> <span class='ocrx_word' id='word_1_666' title='bbox 3624 3965 3719 4015; x_wconf 84' lang='grc' dir='ltr'><strong>καί</strong></span> 
     </span>
    </p>
   </div>
   <div class='ocr_carea' id='block_1_84' title="bbox 2138 4057 3720 4130">
    <p class='ocr_par' dir='ltr' id='par_1_84' title="bbox 2138 4057 3720 4130">
     <span class='ocr_line' id='line_1_84' title="bbox 2138 4057 3720 4130; baseline -0.007 -12"><span class='ocrx_word' id='word_1_667' title='bbox 2138 4065 2234 4118; x_wconf 73' lang='grc' dir='ltr'><strong>ἐπὶ</strong></span> <span class='ocrx_word' id='word_1_668' title='bbox 2264 4059 2482 4124; x_wconf 81' lang='grc' dir='ltr'><strong>τούτοις</strong></span> <span class='ocrx_word' id='word_1_669' title='bbox 2550 4058 3071 4130; x_wconf 81' lang='grc' dir='ltr'>ἀναισχυντοῦντας,</span> <span class='ocrx_word' id='word_1_670' title='bbox 3108 4057 3306 4120; x_wconf 81' lang='grc' dir='ltr'>αὐτούς</span> <span class='ocrx_word' id='word_1_671' title='bbox 3363 4073 3421 4110; x_wconf 81' lang='grc' dir='ltr'><strong>τε</strong></span> <span class='ocrx_word' id='word_1_672' title='bbox 3461 4057 3556 4109; x_wconf 78' lang='grc' dir='ltr'>καὶ</span> <span class='ocrx_word' id='word_1_673' title='bbox 3589 4057 3720 4117; x_wconf 71' lang='grc' dir='ltr'>τοὺς</span> 
     </span>
    </p>
   </div>
   <div class='ocr_carea' id='block_1_85' title="bbox 2134 4150 3720 4229">
    <p class='ocr_par' dir='ltr' id='par_1_85' title="bbox 2134 4150 3720 4229">
     <span class='ocr_line' id='line_1_85' title="bbox 2134 4150 3720 4229; baseline -0.007 -16"><span class='ocrx_word' id='word_1_674' title='bbox 2134 4156 2732 4229; x_wconf 73' lang='grc' dir='ltr'><strong>συνακολουθήσαντας</strong></span> <span class='ocrx_word' id='word_1_675' title='bbox 2784 4156 2996 4220; x_wconf 77' lang='grc' dir='ltr'>αὐτοῖς,</span> <span class='ocrx_word' id='word_1_676' title='bbox 3029 4156 3193 4225; x_wconf 79' lang='grc' dir='ltr'>ἡμεῖς</span> <span class='ocrx_word' id='word_1_677' title='bbox 3248 4153 3349 4225; x_wconf 75' lang='grc' dir='ltr'>μὲν</span> <span class='ocrx_word' id='word_1_678' title='bbox 3413 4152 3555 4222; x_wconf 79' lang='grc' dir='ltr'>μετὰ.</span> <span class='ocrx_word' id='word_1_679' title='bbox 3609 4150 3720 4203; x_wconf 80' lang='grc' dir='ltr'>τῶν</span> 
     </span>
    </p>
   </div>
   <div class='ocr_carea' id='block_1_86' title="bbox 2142 4244 3722 4320">
    <p class='ocr_par' dir='ltr' id='par_1_86' title="bbox 2142 4244 3722 4320">
     <span class='ocr_line' id='line_1_86' title="bbox 2142 4244 3722 4320; baseline -0.006 -13"><span class='ocrx_word' id='word_1_680' title='bbox 2142 4253 2265 4307; x_wconf 82' lang='grc' dir='ltr'>κατ’</span> <span class='ocrx_word' id='word_1_681' title='bbox 2289 4252 2567 4320; x_wconf 71' lang='grc' dir='ltr'>Αἴγυπτον</span> <span class='ocrx_word' id='word_1_682' title='bbox 2624 4249 2945 4304; x_wconf 68' lang='grc' dir='ltr'>ἐπισκόπων</span> <span class='ocrx_word' id='word_1_683' title='bbox 2980 4248 3075 4302; x_wconf 71' lang='grc' dir='ltr'><strong>καὶ</strong></span> <span class='ocrx_word' id='word_1_684' title='bbox 3140 4249 3239 4317; x_wconf 84' lang='grc' dir='ltr'>τῆς</span> <span class='ocrx_word' id='word_1_685' title='bbox 3294 4247 3502 4317; x_wconf 72' lang='grc' dir='ltr'>Λιϐύης</span> <span class='ocrx_word' id='word_1_686' title='bbox 3555 4244 3722 4311; x_wconf 74' lang='grc' dir='ltr'>ἐγγὺς</span> 
     </span>
    </p>
   </div>
   <div class='ocr_carea' id='block_1_87' title="bbox 2144 4336 3723 4408">
    <p class='ocr_par' dir='ltr' id='par_1_87' title="bbox 2144 4336 3723 4408">
     <span class='ocr_line' id='line_1_87' title="bbox 2144 4336 3723 4408; baseline -0.008 -9"><span class='ocrx_word' id='word_1_687' title='bbox 2144 4344 2344 4399; x_wconf 72' lang='grc' dir='ltr'>ἑκατὸν</span> <span class='ocrx_word' id='word_1_688' title='bbox 2375 4343 2544 4397; x_wconf 72' lang='grc' dir='ltr'>ὄντων</span> <span class='ocrx_word' id='word_1_689' title='bbox 2603 4342 2955 4402; x_wconf 76' lang='grc' dir='ltr'>συνελθόντες</span> <span class='ocrx_word' id='word_1_690' title='bbox 3015 4338 3514 4408; x_wconf 58' lang='grc' dir='ltr'>ἀνεθεματίσαμεν</span> <span class='ocrx_word' id='word_1_691' title='bbox 3569 4339 3619 4388; x_wconf 84' lang='grc' dir='ltr'>οί</span> <span class='ocrx_word' id='word_1_692' title='bbox 3665 4336 3723 4387; x_wconf 77' lang='grc' dir='ltr'>δὲ</span> 
     </span>
    </p>
   </div>
   <div class='ocr_carea' id='block_1_88' title="bbox 2146 4432 3723 4508">
    <p class='ocr_par' dir='ltr' id='par_1_88' title="bbox 2146 4432 3723 4508">
     <span class='ocr_line' id='line_1_88' title="bbox 2146 4432 3723 4508; baseline -0.005 -18"><span class='ocrx_word' id='word_1_693' title='bbox 2146 4441 2279 4508; x_wconf 81' lang='grc' dir='ltr'>περὶ</span> <span class='ocrx_word' id='word_1_694' title='bbox 2311 4436 2574 4490; x_wconf 74' lang='grc' dir='ltr'><strong>Εὑσέϐιον</strong></span> <span class='ocrx_word' id='word_1_695' title='bbox 2617 4434 3018 4504; x_wconf 75' lang='grc' dir='ltr'>προσεδέξαντο</span> <span class='ocrx_word' id='word_1_696' title='bbox 3075 4432 3470 4494; x_wconf 74' lang='grc' dir='ltr'>σπουδάζοντες</span> <span class='ocrx_word' id='word_1_697' title='bbox 3523 4445 3723 4496; x_wconf 85' lang='grc' dir='ltr'>συγκα-</span> 
     </span>
    </p>
   </div>
   <div class='ocr_carea' id='block_1_89' title="bbox 2147 4522 3725 4600">
    <p class='ocr_par' dir='ltr' id='par_1_89' title="bbox 2147 4522 3725 4600">
     <span class='ocr_line' id='line_1_89' title="bbox 2147 4522 3725 4600; baseline -0.007 -17"><span class='ocrx_word' id='word_1_698' title='bbox 2147 4530 2379 4600; x_wconf 83' lang='grc' dir='ltr'>ταμίξαι</span> <span class='ocrx_word' id='word_1_699' title='bbox 2405 4529 2467 4582; x_wconf 80' lang='grc' dir='ltr'><strong>τὸ</strong></span> <span class='ocrx_word' id='word_1_700' title='bbox 2516 4529 2712 4599; x_wconf 79' lang='grc' dir='ltr'>ψεῦδος</span> <span class='ocrx_word' id='word_1_701' title='bbox 2742 4531 2810 4597; x_wconf 82' lang='grc' dir='ltr'>τῇ</span> <span class='ocrx_word' id='word_1_702' title='bbox 2843 4525 3097 4597; x_wconf 77' lang='grc' dir='ltr'>ἀληθείᾳ.</span> <span class='ocrx_word' id='word_1_703' title='bbox 3132 4527 3229 4580; x_wconf 76' lang='grc' dir='ltr'><strong>καὶ</strong></span> <span class='ocrx_word' id='word_1_704' title='bbox 3260 4527 3327 4594; x_wconf 80' lang='grc' dir='ltr'>τῇ</span> <span class='ocrx_word' id='word_1_705' title='bbox 3354 4522 3607 4591; x_wconf 69' lang='grc' dir='ltr'>εὐσεϐείᾳ</span> <span class='ocrx_word' id='word_1_706' title='bbox 3626 4522 3725 4589; x_wconf 76' lang='grc' dir='ltr'><strong>τὴν</strong></span> 
     </span>
    </p>
   </div>
   <div class='ocr_carea' id='block_1_90' title="bbox 462 4609 2026 4689">
    <p class='ocr_par' dir='ltr' id='par_1_90' title="bbox 462 4609 2026 4685">
     <span class='ocr_line' id='line_1_90' title="bbox 462 4609 2026 4685; baseline -0.003 -17"><span class='ocrx_word' id='word_1_707' title='bbox 462 4625 720 4685; x_wconf 84' lang='lat' dir='ltr'><strong>receptos</strong></span> <span class='ocrx_word' id='word_1_708' title='bbox 757 4614 1081 4683; x_wconf 80' lang='lat' dir='ltr'><strong>complexus</strong></span> <span class='ocrx_word' id='word_1_709' title='bbox 1122 4622 1233 4675; x_wconf 84' lang='lat' dir='ltr'><strong>est,</strong></span> <span class='ocrx_word' id='word_1_710' title='bbox 1282 4613 1374 4681; x_wconf 88' lang='lat' dir='ltr'><strong>qui</strong></span> <span class='ocrx_word' id='word_1_711' title='bbox 1426 4611 1774 4665; x_wconf 77' lang='lat' dir='ltr'><strong>mendacium</strong></span> <span class='ocrx_word' id='word_1_712' title='bbox 1826 4609 2026 4663; x_wconf 68' lang='lat' dir='ltr'><strong>veritati</strong></span> 
     </span>
    </p>
   </div>
   <div class='ocr_carea' id='block_1_91' title="bbox 2131 4609 3726 4689">
    <p class='ocr_par' dir='ltr' id='par_1_91' title="bbox 2147 4613 3726 4689">
     <span class='ocr_line' id='line_1_91' title="bbox 2147 4613 3726 4689; baseline -0.007 -13"><span class='ocrx_word' id='word_1_713' title='bbox 2147 4623 2422 4677; x_wconf 78' lang='grc' dir='ltr'>ἀσέϐειαν.</span> <span class='ocrx_word' id='word_1_714' title='bbox 2481 4621 2623 4674; x_wconf 81' lang='grc' dir='ltr'>Ἀλλ’</span> <span class='ocrx_word' id='word_1_715' title='bbox 2659 4622 2759 4673; x_wconf 69' lang='grc' dir='ltr'>οὐκ</span> <span class='ocrx_word' id='word_1_716' title='bbox 2794 4621 3109 4689; x_wconf 73' lang='grc' dir='ltr'><strong>ἰσχύσουσι⁹</strong></span> <span class='ocrx_word' id='word_1_717' title='bbox 3164 4617 3292 4687; x_wconf 81' lang='grc' dir='ltr'><strong>νικᾷ</strong></span> <span class='ocrx_word' id='word_1_718' title='bbox 3343 4617 3449 4685; x_wconf 75' lang='grc' dir='ltr'><strong>γάρ</strong></span> <span class='ocrx_word' id='word_1_719' title='bbox 3507 4617 3540 4684; x_wconf 73' lang='grc' dir='ltr'>ἡ</span> <span class='ocrx_word' id='word_1_720' title='bbox 3593 4613 3726 4683; x_wconf 76' lang='grc' dir='ltr'><strong>ἀλή-</strong></span> 
     </span>
    </p>
   </div>
   <div class='ocr_carea' id='block_1_92' title="bbox 357 4704 2039 4778">
    <p class='ocr_par' dir='ltr' id='par_1_92' title="bbox 357 4704 2039 4778">
     <span class='ocr_line' id='line_1_92' title="bbox 357 4704 2039 4778; baseline -0.003 -16"><span class='ocrx_word' id='word_1_721' title='bbox 357 4724 363 4730; x_wconf 74' lang='grc'><strong>’</strong></span> <span class='ocrx_word' id='word_1_722' title='bbox 461 4720 517 4762; x_wconf 90' lang='lat' dir='ltr'><strong>et</strong></span> <span class='ocrx_word' id='word_1_723' title='bbox 542 4711 881 4777; x_wconf 84' lang='lat' dir='ltr'><strong>impietatem</strong></span> <span class='ocrx_word' id='word_1_724' title='bbox 915 4708 1108 4778; x_wconf 86' lang='lat' dir='ltr'><strong>pietati</strong></span> <span class='ocrx_word' id='word_1_725' title='bbox 1143 4707 1513 4762; x_wconf 87' lang='lat' dir='ltr'><strong>commiscere</strong></span> <span class='ocrx_word' id='word_1_726' title='bbox 1544 4705 1749 4761; x_wconf 87' lang='lat' dir='ltr'><strong>studet.</strong></span> <span class='ocrx_word' id='word_1_727' title='bbox 1789 4704 1894 4759; x_wconf 87' lang='lat' dir='ltr'><strong>Sed</strong></span> <span class='ocrx_word' id='word_1_728' title='bbox 1929 4719 2039 4758; x_wconf 91' lang='lat' dir='ltr'><strong>non</strong></span> 
     </span>
    </p>
   </div>
   <div class='ocr_carea' id='block_1_93' title="bbox 463 4798 2043 4872">
    <p class='ocr_par' dir='ltr' id='par_1_93' title="bbox 463 4798 2043 4872">
     <span class='ocr_line' id='line_1_93' title="bbox 463 4798 2043 4872; baseline -0.003 -18"><span class='ocrx_word' id='word_1_729' title='bbox 463 4801 788 4872; x_wconf 53' lang='lat' dir='ltr'><strong>praevalebit</strong></span> <span class='ocrx_word' id='word_1_730' title='bbox 823 4816 839 4854; x_wconf 86' lang='lat'><strong>:</strong></span> <span class='ocrx_word' id='word_1_731' title='bbox 876 4800 1050 4855; x_wconf 89' lang='lat' dir='ltr'><strong>vincit</strong></span> <span class='ocrx_word' id='word_1_732' title='bbox 1095 4800 1244 4854; x_wconf 89' lang='lat' dir='ltr'><strong>enim</strong></span> <span class='ocrx_word' id='word_1_733' title='bbox 1295 4800 1516 4853; x_wconf 67' lang='lat' dir='ltr'><strong>veritas.</strong></span> <span class='ocrx_word' id='word_1_734' title='bbox 1558 4799 1721 4853; x_wconf 78' lang='lat' dir='ltr'><strong>Nulla</strong></span> <span class='ocrx_word' id='word_1_735' title='bbox 1761 4798 1907 4852; x_wconf 88' lang='lat' dir='ltr'><strong>enim</strong></span> <span class='ocrx_word' id='word_1_736' title='bbox 1958 4806 2043 4851; x_wconf 88' lang='lat' dir='ltr'><strong>est</strong></span> 
     </span>
    </p>
   </div>
   <div class='ocr_carea' id='block_1_94' title="bbox 465 4890 2045 4956">
    <p class='ocr_par' dir='ltr' id='par_1_94' title="bbox 465 4890 2045 4956">
     <span class='ocr_line' id='line_1_94' title="bbox 465 4890 2045 4956; baseline -0.001 -11"><span class='ocrx_word' id='word_1_737' title='bbox 465 4894 781 4947; x_wconf 80' lang='lat' dir='ltr'><strong>emuntunio</strong></span> <span class='ocrx_word' id='word_1_738' title='bbox 806 4892 915 4946; x_wconf 89' lang='lat' dir='ltr'><strong>luci</strong></span> <span class='ocrx_word' id='word_1_739' title='bbox 943 4907 1067 4946; x_wconf 91' lang='lat' dir='ltr'><strong>cum</strong></span> <span class='ocrx_word' id='word_1_740' title='bbox 1098 4891 1363 4956; x_wconf 87' lang='lat' dir='ltr'><strong>tenebris,</strong></span> <span class='ocrx_word' id='word_1_741' title='bbox 1392 4892 1541 4946; x_wconf 84' lang='lat' dir='ltr'><strong>nulla</strong></span> <span class='ocrx_word' id='word_1_742' title='bbox 1564 4890 1856 4945; x_wconf 85' lang='lat' dir='ltr'><strong>concordia</strong></span> <span class='ocrx_word' id='word_1_743' title='bbox 1884 4890 2045 4945; x_wconf 84' lang='lat' dir='ltr'><strong>Chri-</strong></span> 
     </span>
    </p>
   </div>
   <div class='ocr_carea' id='block_1_95' title="bbox 466 4984 2045 5055">
    <p class='ocr_par' dir='ltr' id='par_1_95' title="bbox 466 4984 2045 5055">
     <span class='ocr_line' id='line_1_95' title="bbox 466 4984 2045 5055; baseline -0.001 -15"><span class='ocrx_word' id='word_1_744' title='bbox 466 4997 553 5040; x_wconf 88' lang='lat' dir='ltr'><strong>sto</strong></span> <span class='ocrx_word' id='word_1_745' title='bbox 583 5002 708 5040; x_wconf 88' lang='lat' dir='ltr'><strong>eum</strong></span> <span class='ocrx_word' id='word_1_746' title='bbox 752 4985 945 5040; x_wconf 81' lang='lat' dir='ltr'><strong>Belial.</strong></span> <span class='ocrx_word' id='word_1_747' title='bbox 978 4984 1112 5051; x_wconf 87' lang='lat' dir='ltr'><strong>Quis</strong></span> <span class='ocrx_word' id='word_1_748' title='bbox 1147 4985 1295 5039; x_wconf 85' lang='lat' dir='ltr'><strong>enim</strong></span> <span class='ocrx_word' id='word_1_749' title='bbox 1341 5001 1580 5055; x_wconf 87' lang='lat' dir='ltr'><strong>unquam</strong></span> <span class='ocrx_word' id='word_1_750' title='bbox 1624 4985 1836 5041; x_wconf 85' lang='lat' dir='ltr'><strong>audivit</strong></span> <span class='ocrx_word' id='word_1_751' title='bbox 1877 4984 2045 5040; x_wconf 83' lang='lat' dir='ltr'><strong>talia?</strong></span> 
     </span>
    </p>
   </div>
   <div class='ocr_carea' id='block_1_96' title="bbox 467 5078 2044 5148">
    <p class='ocr_par' dir='ltr' id='par_1_96' title="bbox 467 5078 2044 5148">
     <span class='ocr_line' id='line_1_96' title="bbox 467 5078 2044 5148; baseline -0.001 -16"><span class='ocrx_word' id='word_1_752' title='bbox 467 5080 594 5148; x_wconf 89' lang='lat' dir='ltr'><strong>quis</strong></span> <span class='ocrx_word' id='word_1_753' title='bbox 620 5078 685 5131; x_wconf 90' lang='lat' dir='ltr'><strong>ad</strong></span> <span class='ocrx_word' id='word_1_754' title='bbox 737 5082 853 5132; x_wconf 75' lang='lat' dir='ltr'><strong>rcm‘</strong></span> <span class='ocrx_word' id='word_1_755' title='bbox 905 5087 1013 5131; x_wconf 89' lang='lat' dir='ltr'><strong>tam</strong></span> <span class='ocrx_word' id='word_1_756' title='bbox 1057 5079 1405 5148; x_wconf 78' lang='lat' dir='ltr'><strong>peregrinam</strong></span> <span class='ocrx_word' id='word_1_757' title='bbox 1437 5088 1491 5133; x_wconf 89' lang='lat' dir='ltr'><strong>et</strong></span> <span class='ocrx_word' id='word_1_758' title='bbox 1536 5080 1887 5143; x_wconf 79' lang='lat' dir='ltr'><strong>insolentem,</strong></span> <span class='ocrx_word' id='word_1_759' title='bbox 1921 5091 2044 5132; x_wconf 85' lang='lat' dir='ltr'><strong>eam</strong></span> 
     </span>
    </p>
   </div>
   <div class='ocr_carea' id='block_1_97' title="bbox 469 5167 2045 5242">
    <p class='ocr_par' dir='ltr' id='par_1_97' title="bbox 469 5167 2045 5242">
     <span class='ocr_line' id='line_1_97' title="bbox 469 5167 2045 5242; baseline 0 -19"><span class='ocrx_word' id='word_1_760' title='bbox 469 5169 744 5233; x_wconf 83' lang='lat' dir='ltr'><strong>audiens,</strong></span> <span class='ocrx_word' id='word_1_761' title='bbox 800 5185 910 5223; x_wconf 87' lang='lat' dir='ltr'><strong>non</strong></span> <span class='ocrx_word' id='word_1_762' title='bbox 968 5167 1312 5242; x_wconf 82' lang='lat' dir='ltr'><strong>obstupescit</strong></span> <span class='ocrx_word' id='word_1_763' title='bbox 1355 5185 1630 5241; x_wconf 85' lang='lat' dir='ltr'><strong>auresque</strong></span> <span class='ocrx_word' id='word_1_764' title='bbox 1679 5172 1937 5234; x_wconf 89' lang='lat' dir='ltr'><strong>obturat,</strong></span> <span class='ocrx_word' id='word_1_765' title='bbox 1975 5185 2045 5223; x_wconf 84' lang='lat' dir='ltr'><strong>ne</strong></span> 
     </span>
    </p>
   </div>
   <div class='ocr_carea' id='block_1_98' title="bbox 470 5258 2047 5330">
    <p class='ocr_par' dir='ltr' id='par_1_98' title="bbox 470 5258 2047 5330">
     <span class='ocr_line' id='line_1_98' title="bbox 470 5258 2047 5330; baseline 0 -18"><span class='ocrx_word' id='word_1_766' title='bbox 470 5262 769 5314; x_wconf 64' lang='lat' dir='ltr'><strong>verborum</strong></span> <span class='ocrx_word' id='word_1_767' title='bbox 834 5260 1068 5314; x_wconf 86' lang='lat' dir='ltr'><strong>istorum</strong></span> <span class='ocrx_word' id='word_1_768' title='bbox 1130 5260 1323 5316; x_wconf 89' lang='lat' dir='ltr'><strong>sordes</strong></span> <span class='ocrx_word' id='word_1_769' title='bbox 1373 5261 1622 5315; x_wconf 88' lang='lat' dir='ltr'><strong>auditum</strong></span> <span class='ocrx_word' id='word_1_770' title='bbox 1687 5258 2047 5330; x_wconf 78' lang='lat' dir='ltr'><strong>pertingant?</strong></span> 
     </span>
    </p>
   </div>
   <div class='ocr_carea' id='block_1_99' title="bbox 470 5354 2045 5425">
    <p class='ocr_par' dir='ltr' id='par_1_99' title="bbox 470 5354 2045 5425">
     <span class='ocr_line' id='line_1_99' title="bbox 470 5354 2045 5425; baseline -0.001 -17"><span class='ocrx_word' id='word_1_771' title='bbox 470 5354 608 5420; x_wconf 80' lang='lat' dir='ltr'><strong>Quis</strong></span> <span class='ocrx_word' id='word_1_772' title='bbox 634 5355 901 5409; x_wconf 76' lang='lat' dir='ltr'><strong>Joannem</strong></span> <span class='ocrx_word' id='word_1_773' title='bbox 939 5356 1168 5409; x_wconf 85' lang='lat' dir='ltr'><strong>audiens</strong></span> <span class='ocrx_word' id='word_1_774' title='bbox 1202 5355 1499 5422; x_wconf 88' lang='lat' dir='ltr'><strong>dicentem,</strong></span> <span class='ocrx_word' id='word_1_775' title='bbox 1540 5356 1603 5409; x_wconf 79' lang='lat' dir='ltr'><strong>In</strong></span> <span class='ocrx_word' id='word_1_776' title='bbox 1638 5356 1901 5425; x_wconf 73' lang='lat' dir='ltr'><strong>principio</strong></span> <span class='ocrx_word' id='word_1_777' title='bbox 1930 5364 2045 5407; x_wconf 83' lang='lat' dir='ltr'><strong>erat</strong></span> 
     </span>
    </p>
   </div>
   <div class='ocr_carea' id='block_1_100' title="bbox 484 5446 2050 5513">
    <p class='ocr_par' dir='ltr' id='par_1_100' title="bbox 484 5446 2050 5513">
     <span class='ocr_line' id='line_1_100' title="bbox 484 5446 2050 5513; baseline 0.001 -15"><span class='ocrx_word' id='word_1_778' title='bbox 484 5446 728 5507; x_wconf 79' lang='lat' dir='ltr'><strong>Verbum,</strong></span> <span class='ocrx_word' id='word_1_779' title='bbox 780 5462 890 5499; x_wconf 89' lang='lat' dir='ltr'><strong>non</strong></span> <span class='ocrx_word' id='word_1_780' title='bbox 928 5448 1154 5501; x_wconf 86' lang='lat' dir='ltr'><strong>damnat</strong></span> <span class='ocrx_word' id='word_1_781' title='bbox 1196 5447 1365 5502; x_wconf 80' lang='lat' dir='ltr'><strong>liosee</strong></span> <span class='ocrx_word' id='word_1_782' title='bbox 1405 5460 1746 5513; x_wconf 83' lang='lat' dir='ltr'><strong>asserentes,</strong></span> <span class='ocrx_word' id='word_1_783' title='bbox 1783 5446 1912 5499; x_wconf 84' lang='lat' dir='ltr'><strong>Erat</strong></span> <span class='ocrx_word' id='word_1_784' title='bbox 1948 5446 2050 5500; x_wconf 81' lang='lat' dir='ltr'><strong>ali-</strong></span> 
     </span>
    </p>
   </div>
   <div class='ocr_carea' id='block_1_101' title="bbox 469 5540 2046 5609">
    <p class='ocr_par' dir='ltr' id='par_1_101' title="bbox 469 5540 2046 5609">
     <span class='ocr_line' id='line_1_101' title="bbox 469 5540 2046 5609; baseline 0 -17"><span class='ocrx_word' id='word_1_785' title='bbox 469 5540 693 5609; x_wconf 70' lang='lat' dir='ltr'><strong>quando</strong></span> <span class='ocrx_word' id='word_1_786' title='bbox 721 5550 937 5609; x_wconf 83' lang='lat' dir='ltr'><strong>tempus</strong></span> <span class='ocrx_word' id='word_1_787' title='bbox 969 5555 1090 5594; x_wconf 87' lang='lat' dir='ltr'><strong>cum</strong></span> <span class='ocrx_word' id='word_1_788' title='bbox 1116 5556 1225 5594; x_wconf 87' lang='lat' dir='ltr'><strong>non</strong></span> <span class='ocrx_word' id='word_1_789' title='bbox 1253 5540 1420 5596; x_wconf 85' lang='lat' dir='ltr'><strong>erat?</strong></span> <span class='ocrx_word' id='word_1_790' title='bbox 1456 5542 1560 5593; x_wconf 81' lang='lat' dir='ltr'><strong>Aut</strong></span> <span class='ocrx_word' id='word_1_791' title='bbox 1597 5542 1722 5608; x_wconf 86' lang='lat' dir='ltr'><strong>quis</strong></span> <span class='ocrx_word' id='word_1_792' title='bbox 1742 5540 1969 5594; x_wconf 85' lang='lat' dir='ltr'><strong>audiens</strong></span> <span class='ocrx_word' id='word_1_793' title='bbox 1992 5540 2046 5593; x_wconf 89' lang='lat' dir='ltr'><strong>in</strong></span> 
     </span>
    </p>
   </div>
   <div class='ocr_carea' id='block_1_102' title="bbox 472 5631 2047 5703">
    <p class='ocr_par' dir='ltr' id='par_1_102' title="bbox 472 5631 2047 5703">
     <span class='ocr_line' id='line_1_102' title="bbox 472 5631 2047 5703; baseline 0 -19"><span class='ocrx_word' id='word_1_794' title='bbox 472 5631 807 5702; x_wconf 76' lang='lat' dir='ltr'><strong>Evangelio,</strong></span> <span class='ocrx_word' id='word_1_795' title='bbox 844 5631 1153 5703; x_wconf 79' lang='lat' dir='ltr'><strong>Unigenitus</strong></span> <span class='ocrx_word' id='word_1_796' title='bbox 1197 5631 1395 5697; x_wconf 79' lang='lat' dir='ltr'><strong>Filius,</strong></span> <span class='ocrx_word' id='word_1_797' title='bbox 1438 5645 1516 5693; x_wconf 86' lang='lat' dir='ltr'><strong>et,</strong></span> <span class='ocrx_word' id='word_1_798' title='bbox 1562 5631 1666 5685; x_wconf 82' lang='lat' dir='ltr'><strong>Per</strong></span> <span class='ocrx_word' id='word_1_799' title='bbox 1702 5635 1871 5701; x_wconf 78' lang='lat' dir='ltr'><strong>ipsum</strong></span> <span class='ocrx_word' id='word_1_800' title='bbox 1906 5633 2047 5701; x_wconf 76' lang='lat' dir='ltr'><strong>facta</strong></span> 
     </span>
    </p>
   </div>
   <div class='ocr_carea' id='block_1_103' title="bbox 473 5728 2051 5791">
    <p class='ocr_par' dir='ltr' id='par_1_103' title="bbox 473 5728 2051 5791">
     <span class='ocr_line' id='line_1_103' title="bbox 473 5728 2051 5791; baseline -0.001 -12"><span class='ocrx_word' id='word_1_801' title='bbox 473 5737 595 5779; x_wconf 81' lang='lat' dir='ltr'><strong>sunt</strong></span> <span class='ocrx_word' id='word_1_802' title='bbox 624 5728 824 5791; x_wconf 84' lang='lat' dir='ltr'><strong>omnia,</strong></span> <span class='ocrx_word' id='word_1_803' title='bbox 864 5741 975 5780; x_wconf 89' lang='lat' dir='ltr'><strong>non</strong></span> <span class='ocrx_word' id='word_1_804' title='bbox 1017 5728 1366 5782; x_wconf 82' lang='lat' dir='ltr'><strong>aversabitur</strong></span> <span class='ocrx_word' id='word_1_805' title='bbox 1408 5737 1687 5791; x_wconf 82' lang='lat' dir='ltr'><strong>sonantes,</strong></span> <span class='ocrx_word' id='word_1_806' title='bbox 1735 5740 1898 5779; x_wconf 88' lang='lat' dir='ltr'><strong>unum</strong></span> <span class='ocrx_word' id='word_1_807' title='bbox 1930 5740 2051 5779; x_wconf 89' lang='lat' dir='ltr'><strong>esse</strong></span> 
     </span>
    </p>
   </div>
   <div class='ocr_carea' id='block_1_104' title="bbox 479 5816 2054 5884">
    <p class='ocr_par' dir='ltr' id='par_1_104' title="bbox 479 5816 2054 5884">
     <span class='ocr_line' id='line_1_104' title="bbox 479 5816 2054 5884; baseline -0.001 -13"><span class='ocrx_word' id='word_1_808' title='bbox 479 5828 857 5872; x_wconf 80' lang='lat' dir='ltr'><strong>creaturarum</strong></span> <span class='ocrx_word' id='word_1_809' title='bbox 905 5818 1145 5874; x_wconf 85' lang='lat' dir='ltr'><strong>Filium?</strong></span> <span class='ocrx_word' id='word_1_810' title='bbox 1180 5816 1467 5884; x_wconf 80' lang='lat' dir='ltr'><strong>Quomodo</strong></span> <span class='ocrx_word' id='word_1_811' title='bbox 1497 5832 1625 5869; x_wconf 76' lang='lat' dir='ltr'><strong>vero</strong></span> <span class='ocrx_word' id='word_1_812' title='bbox 1674 5831 1769 5882; x_wconf 83' lang='lat' dir='ltr'><strong>par</strong></span> <span class='ocrx_word' id='word_1_813' title='bbox 1811 5830 1934 5868; x_wconf 86' lang='lat' dir='ltr'><strong>esse</strong></span> <span class='ocrx_word' id='word_1_814' title='bbox 1972 5818 2054 5870; x_wconf 88' lang='lat' dir='ltr'><strong>eis</strong></span> 
     </span>
    </p>
   </div>
   <div class='ocr_carea' id='block_1_105' title="bbox 475 5907 2052 5981">
    <p class='ocr_par' dir='ltr' id='par_1_105' title="bbox 475 5907 2052 5981">
     <span class='ocr_line' id='line_1_105' title="bbox 475 5907 2052 5981; baseline 0.003 -22"><span class='ocrx_word' id='word_1_815' title='bbox 475 5923 671 5978; x_wconf 61' lang='grc' dir='ltr'><strong>ιιωιιει,</strong></span> <span class='ocrx_word' id='word_1_816' title='bbox 712 5927 829 5981; x_wconf 62' lang='lat' dir='ltr'><strong>qur</strong></span> <span class='ocrx_word' id='word_1_817' title='bbox 873 5929 970 5981; x_wconf 77' lang='lat' dir='ltr'><strong>per</strong></span> <span class='ocrx_word' id='word_1_818' title='bbox 1018 5914 1196 5981; x_wconf 79' lang='lat' dir='ltr'><strong>ipsum</strong></span> <span class='ocrx_word' id='word_1_819' title='bbox 1245 5914 1383 5964; x_wconf 58' lang='lat' dir='ltr'><strong>facta</strong></span> <span class='ocrx_word' id='word_1_820' title='bbox 1430 5908 1604 5962; x_wconf 88' lang='lat' dir='ltr'><strong>sunt?</strong></span> <span class='ocrx_word' id='word_1_821' title='bbox 1651 5918 1743 5960; x_wconf 84' lang='lat' dir='ltr'><strong>aut</strong></span> <span class='ocrx_word' id='word_1_822' title='bbox 1779 5907 2052 5977; x_wconf 85' lang='lat' dir='ltr'><strong>quomodo</strong></span> 
     </span>
    </p>
   </div>
   <div class='ocr_carea' id='block_1_106' title="bbox 2153 4708 3724 4785">
    <p class='ocr_par' dir='ltr' id='par_1_106' title="bbox 2153 4708 3724 4785">
     <span class='ocr_line' id='line_1_106' title="bbox 2153 4708 3724 4785; baseline -0.007 -16"><span class='ocrx_word' id='word_1_823' title='bbox 2153 4716 2293 4771; x_wconf 80' lang='grc' dir='ltr'>θεια.</span> <span class='ocrx_word' id='word_1_824' title='bbox 2329 4715 2437 4768; x_wconf 72' lang='grc' dir='ltr'><strong>Καὶ</strong></span> <span class='ocrx_word' id='word_1_825' title='bbox 2480 4716 2708 4785; x_wconf 76' lang='grc' dir='ltr'>οὐδεμία</span> <span class='ocrx_word' id='word_1_826' title='bbox 2728 4712 2846 4766; x_wconf 75' lang='grc' dir='ltr'>ἔστι</span> <span class='ocrx_word' id='word_1_827' title='bbox 2882 4712 3145 4765; x_wconf 75' lang='grc' dir='ltr'>κοινωνία</span> <span class='ocrx_word' id='word_1_828' title='bbox 3165 4710 3306 4777; x_wconf 77' lang='grc' dir='ltr'>φωτὶ</span> <span class='ocrx_word' id='word_1_829' title='bbox 3343 4708 3477 4778; x_wconf 68' lang='grc' dir='ltr'>πρὸς</span> <span class='ocrx_word' id='word_1_830' title='bbox 3510 4708 3724 4770; x_wconf 78' lang='grc' dir='ltr'>σκότος,</span> 
     </span>
    </p>
   </div>
   <div class='ocr_carea' id='block_1_107' title="bbox 2147 4796 3725 4874">
    <p class='ocr_par' dir='ltr' id='par_1_107' title="bbox 2147 4796 3725 4874">
     <span class='ocr_line' id='line_1_107' title="bbox 2147 4796 3725 4874; baseline -0.008 -16"><span class='ocrx_word' id='word_1_831' title='bbox 2147 4804 2267 4859; x_wconf 74' lang='grc' dir='ltr'>οὐδὲ</span> <span class='ocrx_word' id='word_1_832' title='bbox 2287 4801 2640 4874; x_wconf 79' lang='grc' dir='ltr'>συμφώνησις</span> <span class='ocrx_word' id='word_1_833' title='bbox 2661 4801 2881 4871; x_wconf 87' lang='grc' dir='ltr'>Χριστῷ</span> <span class='ocrx_word' id='word_1_834' title='bbox 2898 4800 3033 4869; x_wconf 81' lang='grc' dir='ltr'>πρὸς</span> <span class='ocrx_word' id='word_1_835' title='bbox 3049 4798 3266 4865; x_wconf 84' lang='grc' dir='ltr'>Βελίαρ.</span> <span class='ocrx_word' id='word_1_836' title='bbox 3286 4797 3381 4858; x_wconf 83' lang='grc' dir='ltr'>Τίς</span> <span class='ocrx_word' id='word_1_837' title='bbox 3402 4799 3470 4864; x_wconf 74' lang='grc' dir='ltr'><strong>γά</strong></span> <span class='ocrx_word' id='word_1_838' title='bbox 3478 4816 3507 4865; x_wconf 89' lang='grc' dir='ltr'>ρ</span> <span class='ocrx_word' id='word_1_839' title='bbox 3527 4796 3725 4865; x_wconf 70' lang='grc' dir='ltr'>ἤκουσε</span> 
     </span>
    </p>
   </div>
   <div class='ocr_carea' id='block_1_108' title="bbox 2150 4889 3723 4964">
    <p class='ocr_par' dir='ltr' id='par_1_108' title="bbox 2150 4889 3723 4964">
     <span class='ocr_line' id='line_1_108' title="bbox 2150 4889 3723 4964; baseline -0.008 -14"><span class='ocrx_word' id='word_1_840' title='bbox 2150 4900 2372 4950; x_wconf 81' lang='grc' dir='ltr'>πώποτε</span> <span class='ocrx_word' id='word_1_841' title='bbox 2430 4894 2700 4958; x_wconf 81' lang='grc' dir='ltr'>τοιαῦτα;</span> <span class='ocrx_word' id='word_1_842' title='bbox 2747 4895 2779 4964; x_wconf 85' lang='grc' dir='ltr'>ἦ</span> <span class='ocrx_word' id='word_1_843' title='bbox 2810 4894 2894 4956; x_wconf 88' lang='grc' dir='ltr'><strong>τίς</strong></span> <span class='ocrx_word' id='word_1_844' title='bbox 2934 4893 3031 4944; x_wconf 89' lang='grc' dir='ltr'>νῦν</span> <span class='ocrx_word' id='word_1_845' title='bbox 3085 4890 3300 4944; x_wconf 83' lang='grc' dir='ltr'>ἁκούων</span> <span class='ocrx_word' id='word_1_846' title='bbox 3331 4891 3390 4942; x_wconf 78' lang='grc' dir='ltr'>οὐ</span> <span class='ocrx_word' id='word_1_847' title='bbox 3425 4889 3723 4953; x_wconf 73' lang='grc' dir='ltr'>ξενίζεται,</span> 
     </span>
    </p>
   </div>
   <div class='ocr_carea' id='block_1_109' title="bbox 2150 4980 3727 5056">
    <p class='ocr_par' dir='ltr' id='par_1_109' title="bbox 2150 4980 3727 5056">
     <span class='ocr_line' id='line_1_109' title="bbox 2150 4980 3727 5056; baseline -0.007 -13"><span class='ocrx_word' id='word_1_848' title='bbox 2150 4990 2363 5052; x_wconf 73' lang='grc' dir='ltr'>καὶτὰς</span> <span class='ocrx_word' id='word_1_849' title='bbox 2392 4988 2562 5049; x_wconf 78' lang='grc' dir='ltr'>ἀκοὰς</span> <span class='ocrx_word' id='word_1_850' title='bbox 2597 4986 2735 5056; x_wconf 81' lang='grc' dir='ltr'>βύει,</span> <span class='ocrx_word' id='word_1_851' title='bbox 2770 4986 2909 5055; x_wconf 69' lang='grc' dir='ltr'>ὑπὲρ</span> <span class='ocrx_word' id='word_1_852' title='bbox 2942 4983 3040 5039; x_wconf 88' lang='grc' dir='ltr'><strong>τοῦ</strong></span> <span class='ocrx_word' id='word_1_853' title='bbox 3080 4986 3154 5055; x_wconf 84' lang='grc' dir='ltr'>μὴ</span> <span class='ocrx_word' id='word_1_854' title='bbox 3176 4985 3264 5036; x_wconf 83' lang='grc' dir='ltr'><strong>τὸν</strong></span> <span class='ocrx_word' id='word_1_855' title='bbox 3295 4982 3362 5053; x_wconf 70' lang='grc' dir='ltr'><strong>ρο</strong></span> <span class='ocrx_word' id='word_1_856' title='bbox 3379 5000 3472 5034; x_wconf 74' lang='grc' dir='ltr'><strong>πον</strong></span> <span class='ocrx_word' id='word_1_857' title='bbox 3515 4980 3727 5034; x_wconf 87' lang='grc' dir='ltr'>τούτων</span> 
     </span>
    </p>
   </div>
   <div class='ocr_carea' id='block_1_110' title="bbox 2152 5074 3729 5151">
    <p class='ocr_par' dir='ltr' id='par_1_110' title="bbox 2152 5074 3729 5151">
     <span class='ocr_line' id='line_1_110' title="bbox 2152 5074 3729 5151; baseline -0.006 -17"><span class='ocrx_word' id='word_1_858' title='bbox 2152 5082 2262 5135; x_wconf 87' lang='grc' dir='ltr'><strong>τῶν</strong></span> <span class='ocrx_word' id='word_1_859' title='bbox 2318 5082 2584 5151; x_wconf 68' lang='grc' dir='ltr'>ῥημάτων</span> <span class='ocrx_word' id='word_1_860' title='bbox 2632 5081 2838 5150; x_wconf 58' lang='grc' dir='ltr'>ψαῦσαι</span> <span class='ocrx_word' id='word_1_861' title='bbox 2883 5080 2979 5149; x_wconf 78' lang='grc' dir='ltr'><strong>τῆς</strong></span> <span class='ocrx_word' id='word_1_862' title='bbox 3051 5079 3255 5145; x_wconf 80' lang='grc' dir='ltr'>ἀκοῆς;</span> <span class='ocrx_word' id='word_1_863' title='bbox 3339 5076 3433 5139; x_wconf 85' lang='grc' dir='ltr'><strong>Τίς</strong></span> <span class='ocrx_word' id='word_1_864' title='bbox 3514 5074 3729 5129; x_wconf 78' lang='grc' dir='ltr'>ἁκούων</span> 
     </span>
    </p>
   </div>
   <div class='ocr_carea' id='block_1_111' title="bbox 2165 5166 3727 5240">
    <p class='ocr_par' dir='ltr' id='par_1_111' title="bbox 2165 5166 3727 5240">
     <span class='ocr_line' id='line_1_111' title="bbox 2165 5166 3727 5240; baseline 0.003 -15"><span class='ocrx_word' id='word_1_865' title='bbox 2165 5173 2420 5225; x_wconf 80' lang='grc' dir='ltr'>Ἰωάννου</span> <span class='ocrx_word' id='word_1_866' title='bbox 2461 5174 2736 5239; x_wconf 80' lang='grc' dir='ltr'>λέγοντος,</span> <span class='ocrx_word' id='word_1_867' title='bbox 2782 5173 2884 5225; x_wconf 80' lang='grc' dir='ltr'><em>Ἔν</em></span> <span class='ocrx_word' id='word_1_868' title='bbox 2917 5169 3073 5238; x_wconf 76' lang='grc' dir='ltr'><strong>ἀρχῇ</strong></span> <span class='ocrx_word' id='word_1_869' title='bbox 3113 5166 3192 5240; x_wconf 75' lang='grc' dir='ltr'><strong>ἦν</strong></span> <span class='ocrx_word' id='word_1_870' title='bbox 3222 5172 3255 5223; x_wconf 78' lang='grc' dir='ltr'><em>δ</em></span> <span class='ocrx_word' id='word_1_871' title='bbox 3280 5170 3493 5235; x_wconf 78' lang='grc' dir='ltr'>Λόγος.</span> <span class='ocrx_word' id='word_1_872' title='bbox 3525 5168 3586 5219; x_wconf 64' lang='grc' dir='ltr'><strong>οὐ</strong></span> <span class='ocrx_word' id='word_1_873' title='bbox 3634 5183 3727 5220; x_wconf 67' lang='grc' dir='ltr'><strong>κα·</strong></span> 
     </span>
    </p>
   </div>
   <div class='ocr_carea' id='block_1_112' title="bbox 2150 5257 3723 5334">
    <p class='ocr_par' dir='ltr' id='par_1_112' title="bbox 2150 5257 3723 5334">
     <span class='ocr_line' id='line_1_112' title="bbox 2150 5257 3723 5334; baseline -0.005 -15"><span class='ocrx_word' id='word_1_874' title='bbox 2150 5267 2480 5334; x_wconf 82' lang='grc' dir='ltr'>ταγινὼσκει</span> <span class='ocrx_word' id='word_1_875' title='bbox 2511 5264 2718 5316; x_wconf 75' lang='grc' dir='ltr'>τούτων</span> <span class='ocrx_word' id='word_1_876' title='bbox 2743 5264 3035 5331; x_wconf 80' lang='grc' dir='ltr'>λεγόντων,</span> <span class='ocrx_word' id='word_1_877' title='bbox 3063 5259 3170 5316; x_wconf 81' lang='grc' dir='ltr'>Ἤν</span> <span class='ocrx_word' id='word_1_878' title='bbox 3209 5262 3339 5316; x_wconf 76' lang='grc' dir='ltr'>ποτὲ</span> <span class='ocrx_word' id='word_1_879' title='bbox 3373 5265 3462 5316; x_wconf 79' lang='grc' dir='ltr'>ὅτε</span> <span class='ocrx_word' id='word_1_880' title='bbox 3493 5262 3593 5314; x_wconf 82' lang='grc' dir='ltr'>οὐκ</span> <span class='ocrx_word' id='word_1_881' title='bbox 3614 5257 3682 5327; x_wconf 85' lang='grc' dir='ltr'><strong>ἦν</strong></span> <span class='ocrx_word' id='word_1_882' title='bbox 3707 5277 3723 5327; x_wconf 84' lang='grc'><strong>;</strong></span> 
     </span>
    </p>
   </div>
   <div class='ocr_carea' id='block_1_113' title="bbox 2154 5354 3726 5426">
    <p class='ocr_par' dir='ltr' id='par_1_113' title="bbox 2154 5354 3726 5426">
     <span class='ocr_line' id='line_1_113' title="bbox 2154 5354 3726 5426; baseline -0.002 -15"><span class='ocrx_word' id='word_1_883' title='bbox 2154 5360 2224 5411; x_wconf 81' lang='grc' dir='ltr'>Ἤ</span> <span class='ocrx_word' id='word_1_884' title='bbox 2256 5358 2339 5420; x_wconf 87' lang='grc' dir='ltr'><strong>τίς</strong></span> <span class='ocrx_word' id='word_1_885' title='bbox 2394 5358 2612 5410; x_wconf 80' lang='grc' dir='ltr'>ἀκούων</span> <span class='ocrx_word' id='word_1_886' title='bbox 2643 5359 2703 5409; x_wconf 82' lang='grc' dir='ltr'><strong>ὲν</strong></span> <span class='ocrx_word' id='word_1_887' title='bbox 2731 5357 2807 5426; x_wconf 80' lang='grc' dir='ltr'>τῷ</span> <span class='ocrx_word' id='word_1_888' title='bbox 2871 5356 3213 5425; x_wconf 82' lang='grc' dir='ltr'>Εύαγγελίῳ,</span> <span class='ocrx_word' id='word_1_889' title='bbox 3276 5354 3339 5408; x_wconf 86' lang='lat'><strong>&#39;0</strong></span> <span class='ocrx_word' id='word_1_890' title='bbox 3382 5354 3726 5425; x_wconf 71' lang='grc' dir='ltr'>μονογενὴς</span> 
     </span>
    </p>
   </div>
   <div class='ocr_carea' id='block_1_114' title="bbox 2160 5448 3728 5519">
    <p class='ocr_par' dir='ltr' id='par_1_114' title="bbox 2160 5448 3728 5519">
     <span class='ocr_line' id='line_1_114' title="bbox 2160 5448 3728 5519; baseline -0.001 -17"><span class='ocrx_word' id='word_1_891' title='bbox 2160 5449 2313 5513; x_wconf 81' lang='grc' dir='ltr'>ΥΙὸς,</span> <span class='ocrx_word' id='word_1_892' title='bbox 2348 5449 2466 5514; x_wconf 74' lang='grc' dir='ltr'>καὶ,</span> <span class='ocrx_word' id='word_1_893' title='bbox 2496 5448 2575 5501; x_wconf 81' lang='grc' dir='ltr'><strong>Δι’</strong></span> <span class='ocrx_word' id='word_1_894' title='bbox 2599 5450 2786 5503; x_wconf 76' lang='grc' dir='ltr'>αὑτοῦ</span> <span class='ocrx_word' id='word_1_895' title='bbox 2810 5451 3050 5518; x_wconf 72' lang='grc' dir='ltr'>ἐγένετο</span> <span class='ocrx_word' id='word_1_896' title='bbox 3066 5450 3138 5502; x_wconf 80' lang='grc' dir='ltr'>τὰ</span> <span class='ocrx_word' id='word_1_897' title='bbox 3170 5448 3278 5502; x_wconf 69' lang='grc' dir='ltr'><strong>πάι</strong></span> <span class='ocrx_word' id='word_1_898' title='bbox 3296 5466 3388 5512; x_wconf 80' lang='grc' dir='ltr'><strong>τα,</strong></span> <span class='ocrx_word' id='word_1_899' title='bbox 3413 5451 3472 5501; x_wconf 90' lang='grc' dir='ltr'>οὐ</span> <span class='ocrx_word' id='word_1_900' title='bbox 3508 5450 3728 5519; x_wconf 82' lang='grc' dir='ltr'>μισήσει</span> 
     </span>
    </p>
   </div>
   <div class='ocr_carea' id='block_1_115' title="bbox 2153 5540 3728 5610">
    <p class='ocr_par' dir='ltr' id='par_1_115' title="bbox 2153 5540 3728 5610">
     <span class='ocr_line' id='line_1_115' title="bbox 2153 5540 3728 5610; baseline -0.001 -17"><span class='ocrx_word' id='word_1_901' title='bbox 2153 5542 2375 5604; x_wconf 82' lang='grc' dir='ltr'>τούτους</span> <span class='ocrx_word' id='word_1_902' title='bbox 2409 5542 2844 5609; x_wconf 64' lang='grc' dir='ltr'>φθεγγομένους,</span> <span class='ocrx_word' id='word_1_903' title='bbox 2898 5543 2979 5593; x_wconf 77' lang='grc' dir='ltr'><strong>ὅτι</strong></span> <span class='ocrx_word' id='word_1_904' title='bbox 3016 5540 3096 5603; x_wconf 79' lang='grc' dir='ltr'><strong>εἷς</strong></span> <span class='ocrx_word' id='word_1_905' title='bbox 3131 5544 3243 5595; x_wconf 66' lang='grc' dir='ltr'>ἐστι</span> <span class='ocrx_word' id='word_1_906' title='bbox 3271 5542 3380 5592; x_wconf 83' lang='grc' dir='ltr'><strong>τῶν</strong></span> <span class='ocrx_word' id='word_1_907' title='bbox 3404 5544 3728 5610; x_wconf 78' lang='grc' dir='ltr'>ποιημάτων</span> 
     </span>
    </p>
   </div>
   <div class='ocr_carea' id='block_1_116' title="bbox 2155 5632 3729 5697">
    <p class='ocr_par' dir='ltr' id='par_1_116' title="bbox 2155 5632 3729 5697">
     <span class='ocr_line' id='line_1_116' title="bbox 2155 5632 3729 5697; baseline -0.001 -11"><span class='ocrx_word' id='word_1_908' title='bbox 2155 5635 2182 5686; x_wconf 88' lang='lat'><strong>6</strong></span> <span class='ocrx_word' id='word_1_909' title='bbox 2214 5632 2381 5697; x_wconf 72' lang='grc' dir='ltr'>Υἱόςς</span> <span class='ocrx_word' id='word_1_910' title='bbox 2414 5633 2537 5696; x_wconf 83' lang='grc' dir='ltr'><strong>Πῶς</strong></span> <span class='ocrx_word' id='word_1_911' title='bbox 2593 5634 2649 5686; x_wconf 84' lang='grc' dir='ltr'>δὲ</span> <span class='ocrx_word' id='word_1_912' title='bbox 2699 5634 2925 5687; x_wconf 76' lang='grc' dir='ltr'>δύναται</span> <span class='ocrx_word' id='word_1_913' title='bbox 2969 5636 3083 5696; x_wconf 75' lang='grc' dir='ltr'>ἴσος</span> <span class='ocrx_word' id='word_1_914' title='bbox 3130 5632 3273 5687; x_wconf 72' lang='grc' dir='ltr'>εἶναι</span> <span class='ocrx_word' id='word_1_915' title='bbox 3307 5633 3416 5685; x_wconf 82' lang='grc' dir='ltr'>τῶν</span> <span class='ocrx_word' id='word_1_916' title='bbox 3448 5634 3514 5685; x_wconf 81' lang='grc' dir='ltr'>δι’</span> <span class='ocrx_word' id='word_1_917' title='bbox 3562 5632 3729 5685; x_wconf 81' lang='grc' dir='ltr'>αὐτοῦ</span> 
     </span>
    </p>
   </div>
   <div class='ocr_carea' id='block_1_117' title="bbox 2157 5724 3731 5795">
    <p class='ocr_par' dir='ltr' id='par_1_117' title="bbox 2157 5724 3731 5795">
     <span class='ocr_line' id='line_1_117' title="bbox 2157 5724 3731 5795; baseline -0.002 -17"><span class='ocrx_word' id='word_1_918' title='bbox 2157 5725 2467 5791; x_wconf 81' lang='grc' dir='ltr'>γενομένων</span> <span class='ocrx_word' id='word_1_919' title='bbox 2497 5740 2512 5791; x_wconf 87' lang='grc'>;</span> <span class='ocrx_word' id='word_1_920' title='bbox 2542 5724 2574 5795; x_wconf 81' lang='grc' dir='ltr'>ἦ</span> <span class='ocrx_word' id='word_1_921' title='bbox 2601 5726 2714 5785; x_wconf 79' lang='grc' dir='ltr'><strong>πῶς</strong></span> <span class='ocrx_word' id='word_1_922' title='bbox 2745 5725 3042 5795; x_wconf 74' lang='grc' dir='ltr'>μονογενὴς</span> <span class='ocrx_word' id='word_1_923' title='bbox 3074 5729 3113 5780; x_wconf 48' lang='grc' dir='ltr'><strong>όν</strong></span> <span class='ocrx_word' id='word_1_924' title='bbox 3133 5727 3249 5787; x_wconf 88' lang='grc' dir='ltr'>τοῖς</span> <span class='ocrx_word' id='word_1_925' title='bbox 3287 5726 3424 5776; x_wconf 71' lang='grc' dir='ltr'>πᾶσι</span> <span class='ocrx_word' id='word_1_926' title='bbox 3445 5724 3564 5775; x_wconf 85' lang='grc' dir='ltr'>κατ’</span> <span class='ocrx_word' id='word_1_927' title='bbox 3584 5725 3731 5776; x_wconf 82' lang='grc' dir='ltr'>ἐκεί-</span> 
     </span>
    </p>
   </div>
   <div class='ocr_carea' id='block_1_118' title="bbox 2158 5816 3730 5887">
    <p class='ocr_par' dir='ltr' id='par_1_118' title="bbox 2158 5816 3730 5887">
     <span class='ocr_line' id='line_1_118' title="bbox 2158 5816 3730 5887; baseline 0.001 -20"><span class='ocrx_word' id='word_1_928' title='bbox 2158 5833 2281 5879; x_wconf 89' lang='grc' dir='ltr'>νους</span> <span class='ocrx_word' id='word_1_929' title='bbox 2324 5817 2872 5887; x_wconf 66' lang='grc' dir='ltr'>συναριθμούμενοέ;</span> <span class='ocrx_word' id='word_1_930' title='bbox 2908 5818 3029 5881; x_wconf 80' lang='grc' dir='ltr'><strong>Πῶς</strong></span> <span class='ocrx_word' id='word_1_931' title='bbox 3088 5819 3143 5870; x_wconf 75' lang='grc' dir='ltr'>δὲ</span> <span class='ocrx_word' id='word_1_932' title='bbox 3195 5816 3253 5880; x_wconf 67' lang='grc' dir='ltr'><strong>ἐξ</strong></span> <span class='ocrx_word' id='word_1_933' title='bbox 3307 5816 3406 5868; x_wconf 78' lang='grc' dir='ltr'>οὐκ</span> <span class='ocrx_word' id='word_1_934' title='bbox 3453 5816 3622 5869; x_wconf 73' lang='grc' dir='ltr'>ὄντων</span> <span class='ocrx_word' id='word_1_935' title='bbox 3662 5820 3730 5870; x_wconf 78' lang='grc' dir='ltr'>ἂν</span> 
     </span>
    </p>
   </div>
   <div class='ocr_carea' id='block_1_119' title="bbox 2161 5910 3732 5984">
    <p class='ocr_par' dir='ltr' id='par_1_119' title="bbox 2161 5910 3732 5984">
     <span class='ocr_line' id='line_1_119' title="bbox 2161 5910 3732 5984; baseline 0.029 -23"><span class='ocrx_word' id='word_1_936' title='bbox 2161 5912 2250 5981; x_wconf 68' lang='grc' dir='ltr'><strong>εἴη</strong></span> <span class='ocrx_word' id='word_1_937' title='bbox 2282 5910 2375 5962; x_wconf 85' lang='grc' dir='ltr'><strong>τοῦ</strong></span> <span class='ocrx_word' id='word_1_938' title='bbox 2411 5912 2619 5984; x_wconf 68' lang='grc' dir='ltr'>[ἰατρὸς</span> <span class='ocrx_word' id='word_1_939' title='bbox 2679 5913 2950 5979; x_wconf 60' lang='grc' dir='ltr'>ὶέῖόιιτος,</span> <span class='ocrx_word' id='word_1_940' title='bbox 3014 5911 3413 5981; x_wconf 63' lang='grc' dir='ltr'><strong>Ὲξησιὲεὐξατο</strong></span> <span class='ocrx_word' id='word_1_941' title='bbox 3447 5911 3482 5977; x_wconf 63' lang='grc' dir='ltr'><em>ἡ</em></span> <span class='ocrx_word' id='word_1_942' title='bbox 3514 5914 3732 5979; x_wconf 40' lang='grc' dir='ltr'><strong>παιδία</strong></span> 
     </span>
    </p>
   </div>
  </div>
