4034 6558
460 393 581 454 ’Μ

1694 396 2120 457 Nif.EPIl0RI
2169 395 2517 456 CALLISTI
3681 393 3744 456 Η

513 505 602 558 lus
649 503 838 559 eadem
868 521 896 560 a
939 505 1230 564 Servatore
1264 509 1493 564 edoctus
1534 509 1750 580 scripsit
1789 512 1826 572 ι,
1859 511 2000 579 quod
2037 512 2074 563 ir

2194 511 2289 563 τοῦ
2345 504 2937 580 Σωτῆρος,’ἕγραῷεν,
2999 511 3078 563 ὅτι
3133 509 3190 565 ὲν
3231 508 3475 579 ὑστέροις
3536 505 3745 576 καιρπῖς

509 598 776 651 extremis
839 601 1181 670 temporibus
1214 600 1471 658 deflcient
1518 601 1742 670 quidam
1777 617 1804 654 a
1844 601 1948 655 fide
1997 617 2081 655 εστ

512 688 692 750 ιιίοιο.
719 688 1069 745 intendentes
1095 691 1382 762 spiritibus
1436 693 1662 755 erroris,
1693 701 1750 747 et
1814 692 2082 746 doctrinis

513 778 935 844 demortuorum,
964 783 1334 844 aversantium
1365 785 1676 839 veritatem.
1714 784 1900 853 Itaque
1954 800 2081 838 eum

512 880 569 926 et
605 872 863 926 Servator
884 859 1050 943 atque
1083 874 1346 930 Dominus
1369 885 1557 929 noster
1613 876 1774 930 Jesus
1826 875 2081 931 Christus

511 978 608 1031 per
638 978 696 1016 se
732 965 893 1018 nobis
922 967 1266 1035 praeceperit,
1301 977 1357 1022 et
1391 983 1486 1036 per
1516 968 1838 1037 Apostolum
1865 967 1933 1021 de
1961 967 2082 1022 istis

514 1054 931 1123 signiﬁcaverit,
962 1056 1123 1126 550
1157 1059 1262 1112 rite
1284 1073 1412 1112 sane
1441 1059 1636 1113 ordine
1675 1073 1797 1119 nos,
1827 1057 1917 1127 qni
1980 1072 2079 1110 au-

510 1147 670 1201 ribus
698 1149 804 1216 ipsi
845 1150 1046 1202 nostris
1105 1151 1442 1218 impietatem
1491 1151 1710 1205 illorum
1748 1150 2077 1214 audivimus.

508 1253 628 1299 eos.
665 1238 825 1293 sicuti
855 1251 1014 1295 antea
1047 1241 1304 1307 diximus,
1343 1243 1680 1298 anathemati
1717 1243 2078 1312 subiecimus,

507 1343 563 1384 et
621 1333 833 1387 alienos
885 1349 1108 1402 prorsus
1153 1335 1223 1388 ab
1258 1335 1503 1391 Ecclesia
1545 1346 1600 1390 et
1651 1337 1756 1392 fide
1811 1337 2079 1392 catholica

508 1422 929 1480 declaravimus.
963 1423 1129 1495 quue
1152 1439 1440 1498 propterea
1473 1429 1663 1498 pietati
1698 1437 1915 1492 vestrm,
1945 1430 2079 1484 cha.

508 1515 708 1570 tissimi
735 1525 899 1584 atque
917 1519 1357 1572 reverendissimi
1376 1520 1612 1588 collega,
1632 1521 2077 1590 significavimus,

512 1618 572 1660 ut
607 1623 784 1677 neque
811 1625 876 1664 ex
915 1609 997 1664 eis
1026 1625 1382 1684 quemquam,
1417 1612 1462 1665 si
1489 1628 1585 1682 per
1616 1614 1980 1667 temeritatem
2010 1613 2077 1667 ad

506 1714 606 1754 vos
627 1699 890 1755 accedere
916 1701 1033 1756 ausi
1069 1701 1291 1769 fuerint,
1323 1704 1635 1774 suscipiatis
1660 1720 1675 1758 :
1701 1720 1880 1774 neque
1908 1704 2076 1758 Euse-

508 1791 625 1857 bio,
667 1801 764 1847 aut
799 1793 892 1847 alii
947 1794 1183 1862 cuipiam
1235 1795 1304 1849 de
1359 1796 1444 1850 eis
1487 1795 1774 1859 scribenti,
1820 1795 2074 1850 credatis.

503 1886 776 1942 Convenit
818 1888 966 1943 enim
998 1888 1175 1952 vobis,
1233 1899 1295 1944 ut
1341 1888 1687 1953 Christianis,
1733 1903 1925 1944 omnes
1980 1889 2075 1958 qui

443 2041 460 2058 ἢ
505 1987 699 2032 contra
729 1979 1010 2034 Christum
1045 1979 1358 2046 veldicunt,
1383 1981 1467 2036 vel
1485 1981 1748 2047 sentiunt,
1788 1981 1958 2036 veluti
1979 1979 2074 2034 Dei

505 2070 715 2135 hostes,
734 2079 789 2126 et
813 2073 1116 2128 animarum
1142 2083 1347 2142 pestes,
1380 2073 1644 2139 aversari,
1674 2081 1732 2128 et
1762 2089 1831 2128 ne
1866 2072 2073 2127 saluta-

507 2165 658 2220 tione
686 2165 908 2235 quidem
941 2166 1184 2233 diguari.
1212 2180 1281 2221 ne
1303 2165 1523 2232 quando
1543 2165 1756 2221 scilicet
1778 2163 2076 2233 participes

506 2265 859 2326 peccatorum
884 2273 1072 2312 eorum
1127 2258 1360 2312 fiamus:
1395 2256 1556 2311 sicuti
1612 2256 1804 2310 beatus
1861 2270 2074 2310 annun-

507 2350 665 2405 tiavit
698 2349 959 2405 Joannes.
993 2349 1259 2417 Salutem,
1299 2349 1488 2411 dicite,
1518 2350 1610 2418 qui
1643 2349 1784 2418 apud
1814 2363 1912 2403 vos
1946 2356 2075 2402 sunt

503 2442 806 2511 fratribus;
837 2458 956 2510 vos,
988 2443 1083 2512 qui
1116 2458 1330 2498 mecum
1387 2451 1533 2507 sunt,
1559 2441 1768 2496 salvere
1797 2441 2018 2513 jubcut.
2050 2458 2068 2493 ι

580 2629 671 2681 ίΙιε
699 2627 894 2681 littera:
919 2625 986 2679 ad
1011 2627 1127 2700 loca
1146 2623 1326 2678 omnia
1351 2623 1592 2692 perlatm,
1623 2623 1882 2693 majorem
1907 2625 2071 2678 etiam

508 2721 918 2775 contentionem
953 2733 1237 2787 peperere,
1290 2715 1604 2783 malumque
1637 2726 1856 2784 propter
1907 2715 2070 2769 dissi-

507 2813 674 2870 dendi
708 2811 948 2866 studium
979 2809 1275 2863 adauxere.
1308 2809 1410 2874 Qui
1437 2810 1582 2862 enim
1613 2807 1923 2860 Alexandro
1944 2815 2073 2861 sunt

513 2903 828 2972 suﬂragati,
860 2901 942 2956 eis
975 2900 1392 2970 subscripsere;
1425 2899 1517 2953 alii
1543 2907 1722 2952 autem
1757 2906 1948 2950 contra
1980 2912 2074 2950 eas

507 3014 734 3064 venere,
770 2997 824 3052 in
860 2995 1055 3066 primis
1082 3011 1212 3051 vero
1242 2995 1518 3050 Eusebius
1544 2991 1984 3048 Nicomediensis
2016 2990 2069 3042 in

505 3095 840 3152 contrariam
865 3090 1192 3146 sententiam
1232 3100 1316 3143 cst
1349 3098 1559 3157 raptus,
1600 3087 1744 3156 quod
1777 3083 2071 3139 admodum

2189 601 2592 671 ἀποστήσονταί
2626 618 2772 664 τινες
2821 603 2916 672 τῆς
2959 601 3198 665 πίστεως
3229 599 3330 669 τῆς
3376 599 3730 666 ὑγιαινούσης

2188 696 2556 763 προσέχοντες
2621 693 2898 763 πνεύμασι
2948 695 3157 764 πλάνης
3218 694 3312 745 καὶ
3373 689 3746 751 διδασκαλίαις

2185 786 2484 855 δαιμονίων
2515 785 3012 854 ἀποστρεφομένων
3065 787 3162 854 τὴν
3189 782 3468 853 ἀλήθειαν.
3505 781 3609 833 Τοῦ
3633 781 3744 830 τοί-

2187 867 2281 928 νυν
2315 875 2570 945 Σωτῆρος
2610 876 2705 928 καὶ
2740 875 2948 946 Κυρίου
2975 873 3136 945 ἡμῶν
3168 873 3346 941 Ἰησοῦ
3378 869 3619 939 Χριστοῦ
3651 870 3738 920 ab-

2186 967 2284 1022 τοῦ
2315 967 2815 1036 παραγγέλλοντος,
2850 969 2943 1019 καὶ
2978 967 3065 1020 διά
3091 964 3184 1018 τοῦ
3205 963 3533 1016 Ἀποστόλου
3568 961 3741 1028 σημά-

2183 1078 2382 1124 ναντος
2417 1060 2546 1132 περ)⁹
2576 1059 2684 1112 τῶν
2722 1058 3008 1119 τοιούτων.
3043 1055 3354 1116 ἀκολούθως
3391 1055 3553 1123 ἡμεῖς
3589 1053 3744 1120 αὑτήν

2183 1171 2301 1207 κοοι
2327 1153 2426 1222 τῆς
2439 1153 2693 1216 ἀσεϐείας
2711 1151 2893 1207 αὐτῶν
2911 1152 3215 1219 γενόμενοι,
3244 1146 3746 1214 ἀνεθεματίσαμεν,

2185 1246 2327 1300 καθά
2383 1249 2742 1314 προείπομεν,
2802 1245 2930 1308 τοὺς
3000 1242 3298 1303 τοιούτους,
3364 1239 3746 1303 ἀποδείξαιτες

2183 1340 2378 1402 αὑτοὺς
2403 1339 2718 1407 ἀλλοτρίους
2747 1338 2844 1406 τῆς
2871 1335 3168 1402 καθολικῆς
3195 1331 3528 1401 Ἐκκλησίας
3569 1348 3626 1382 τε
3656 1333 3744 1381 καὶ

2182 1431 2442 1492 πίστεως.
2496 1429 2886 1499 Ἑδηλώσαμεν
2919 1429 2973 1481 δὲ
3017 1428 3112 1480 καὶ
3154 1429 3220 1498 τῇ
3281 1426 3520 1494 ὑμετέρα
3569 1423 3744 1474 θεοσεο

2183 1523 2328 1593 ϐείᾳ,
2358 1524 2634 1590 ἀγαπητοὶ
2681 1524 2775 1575 καὶ
2824 1520 3151 1590 τιμιώτατοι
3188 1517 3621 1584 συλλειτουργοὲ,
3661 1516 3744 1566 ἴνα

2185 1617 2324 1686 μήτε
2366 1616 2519 1676 τινας
2562 1612 2620 1678 ἐξ
2659 1613 2864 1676 αὑτῶν,
2908 1614 2958 1665 εί
2990 1609 3463 1682 προπετεὺσαιντο
3491 1608 3584 1660 καὶ
3612 1609 3744 1674 πρ>ς

2181 1707 2323 1776 ὑμᾶς
2349 1707 2548 1768 ὲλοείν,
2584 1705 2981 1778 προσδέξησθε,
3039 1706 3175 1775 μήτε
3232 1702 3540 1772 Εὑσεσίῳῆ
3575 1702 3745 1769 ἑτέρῳ
3797 1711 3814 1727 ⁸

2180 1801 2291 1853 τινὶ
2322 1800 2590 1871 γράφοντι
2635 1802 2766 1869 περὶ
2822 1798 3003 1853 αὑτῶν
3051 1798 3343 1866 πεισθῆτε·
3393 1797 3593 1865 πρέπει
3638 1795 3745 1864 γὰρ

2178 1892 2347 1958 ὑμᾶς.
2392 1891 2467 1953 ώς
2510 1890 2874 1958 Χριστιανοὺς
2919 1888 3106 1952 ὄντας,
3169 1887 3380 1949 πάντας
3427 1887 3553 1951 τοὺς
3604 1886 3746 1937 κατά

2175 1979 2416 2050 Χριστοῦ
2451 1981 2714 2047 λέγοντάς
2743 1996 2800 2032 τε
2827 1979 2920 2032 καὶ
2946 1977 3284 2050 φρονοῦντας
3331 1977 3407 2038 ὡς
3437 1977 3745 2046 θεομάχους

2176 2075 2271 2127 καὶ
2301 2074 2538 2143 φθορέας
2573 2072 2680 2124 τῶν
2712 2073 2904 2142 ψυχῶν
2951 2070 3417 2142 ἀποτρέψεσθαι,
3474 2071 3570 2122 καὶ
3607 2068 3744 2138 μηδὲ

2177 2167 2284 2220 κᾶν
2312 2166 2525 2236 χαίρειν
2555 2168 2665 2227 τοῖς
2691 2165 2958 2228 τοιούτοις
2983 2163 3186 2233 λέγειν,
3243 2165 3327 2217 ἵνα
3360 2164 3437 2232 μή
3482 2178 3610 2214 ποτε
3650 2162 3742 2212 καὶ

2175 2261 2298 2322 ταῖς
2327 2258 2628 2329 ἁμαρτίαις
2659 2258 2838 2311 αὑτῶν
2867 2257 3119 2312 κοινωνοὶ
3147 2256 3457 2326 γενώμεθα,
3487 2255 3562 2318 ώς
3605 2271 3744 2324 παρ-

2177 2351 2436 2420 ήγγειλεν
2473 2350 2501 2402 6
2549 2349 2821 2419 μακάριος
2887 2349 3166 2418 Ἰωάννης.
3216 2348 3552 2419 Προσείπατε
3613 2349 3741 2407 τοὶς

2178 2444 2310 2514 παρ’
2342 2445 2472 2510 ὑμῖν
2525 2442 2826 2512 ὁδελιρούςο
2861 2442 3007 2514 ὑμᾶς
3053 2445 3102 2497 oi
3155 2443 3256 2497 σὺν
3312 2442 3436 2512 ἐμοὶ
3471 2458 3742 2512 προσαγο-

2179 2538 2448 2610 ρεύουσιν.
2490 2556 2507 2588 ι

2247 2631 2433 2684 Ταῦτα
2483 2631 2548 2683 τὰ
2582 2632 2888 2700 γράμματα
2944 2628 3261 2699 ἁπανταχοῦ
3299 2627 3567 2698 φοιτῶντα
3617 2626 3738 2695 μεέ-

2177 2723 2308 2788 ζονα
2348 2722 2446 2793 τὴν
2465 2722 2581 2794 ἔριν
2609 2724 2849 2785 ἐποίουν,
2881 2723 2978 2775 καὶ
3003 2721 3066 2774 τὸ
3094 2721 3265 2774 κακὸν
3299 2722 3360 2774 ἐκ
3399 2721 3738 2790 φιλονεικίας

2175 2814 2645 2884 ἔπικρατέστερον
2674 2810 2762 2884 ἦν.
2795 2815 2858 2866 Οί
2893 2813 2995 2879 μὲν
3031 2813 3139 2882 γὰρ
3177 2811 3460 2880 σύμψηφοι
3508 2811 3741 2878 γενόμε-

2176 2922 2278 2968 νοι,
2321 2907 2784 2974 προσυπέγραφον
2809 2921 2824 2938 ο
2857 2907 2909 2958 οί
2938 2905 2994 2958 δὲ
3019 2907 3114 2958 καὶ
3142 2905 3433 2972 ἀντέλεγον
3457 2917 3472 2932 ³
3505 2902 3741 2972 μάλιστα

2175 2990 2218 3043 δ’
2259 2989 2517 3054 Εὐσέϐιος
2547 2994 2575 3044 6
2607 2991 3006 3062 Νικομηδείας,
3040 2992 3134 3044 καὶ
3180 2992 3315 3063 πρὸς
3375 2991 3740 3044 ἀντιπάθειαν

2177 3083 2371 3154 ὥρμα·
2411 3085 2602 3153 ὅτιπερ
2659 3087 2762 3137 κάν
2823 3087 2936 3146 τοῖς
2975 3083 3272 3153 γράμμασι
3318 3083 3526 3155 πολλὴν
3575 3083 3738 3136 αὑτοῦ

508 3202 568 3241 se
598 3187 653 3240 in
694 3187 773 3241 eis
809 3185 1160 3256 perstrictum
1220 3197 1340 3236 esse
1393 3179 1754 3234 intellexerat.
1807 3174 2067 3230 Permulti

2179 3169 2440 3244 εἶναιτὴν
2471 3176 2790 3245 καταφορὰν
2843 3175 3179 3228 ἐπυνθάνετο
3206 3191 3218 3205 ·
3260 3177 3446 3228 πολλοὶ
3499 3175 3546 3228 δ’
3592 3174 3739 3244 αὑτῴ

508 3286 694 3331 autem
731 3283 914 3346 partes
939 3275 1060 3343 ejus
1097 3271 1487 3341 sequebantur.
1544 3266 1805 3338 Atqueis
1848 3266 2070 3320 crebras

507 3371 574 3424 ad
606 3368 972 3425 Alexandrum
991 3366 1142 3419 dedit
1167 3365 1376 3418 litteras
1409 3372 1466 3416 ut
1495 3363 1748 3426 Arianos,
1769 3361 2071 3430 qumstione

509 3463 842 3533 posthabita,
880 3459 1193 3528 reciperet:
1232 3471 1397 3526 quem
1423 3455 1488 3509 ad
1527 3456 1628 3509 hoc
1662 3455 1894 3507 maxime
1926 3453 2074 3506 litte-

510 3557 587 3609 ris
609 3555 724 3608 suis
749 3551 997 3606 excitans
1029 3547 1244 3602 induxit
1278 3545 1459 3599 Arius.
1497 3544 1576 3598 Ex
1636 3543 1839 3612 quibus
1890 3542 2070 3611 aliqua

511 3646 755 3701 historia?
792 3643 1053 3705 inseram,
1085 3648 1146 3693 ut
1176 3638 1336 3692 simul
1370 3647 1423 3692 el
1459 3636 1756 3705 participes
1819 3636 1938 3705 ejus
1967 3637 2068 3686 im-

510 3739 730 3808 pietatis
761 3731 1034 3789 manifesti
1058 3732 1190 3786 fiant
1217 3740 1274 3785 et
1301 3728 1596 3784 Alexandri
1625 3726 1777 3784 tides.
1812 3725 1906 3793 qui
1937 3724 2069 3778 nihil

511 3845 798 3900 perperam
826 3835 1020 3882 contra
1059 3839 1155 3880 eos
1191 3811 1466 3885 statuerit,
1495 3819 1838 3896 ostendatur.
1868 3817 2074 3872 Scribit

510 3923 674 3994 igitur
703 3921 770 3975 ad
796 3919 1095 3974 Eusebium
1134 3915 1608 3972 Nicomedieusem
1641 3912 1806 3968 Arius
1839 3913 1895 3966 in
1957 3911 2073 3966 haec

511 4015 678 4071 verba
699 4030 713 4068 :

1100 4097 1325 4158 CAPUT
1383 4096 1474 4154 IX.

578 4199 773 4267 Quibus
794 4197 858 4250 de
887 4196 1036 4250 rebus
1075 4195 1231 4247 Arius
1271 4193 1342 4245 ad
1380 4190 1658 4267 Eusebium
1685 4188 2005 4244 Nicomedia

992 4267 1286 4337 episcopum
1303 4263 1592 4331 scripserit.

576 4360 1055 4420 Desideratissimo
1087 4358 1330 4420 domino,
1385 4354 1503 4407 viro
1527 4354 1645 4420 Dei,
1677 4352 1850 4415 fideli,
1891 4351 2073 4406 ortho-

506 4459 672 4522 doxo,
724 4453 982 4518 Eusebio,
1023 4449 1208 4511 Arius,
1249 4447 1344 4518 qui
1390 4445 1598 4515 injuste
1633 4445 2072 4514 persecutionem

2175 3268 2448 3329 συνιόντες
2480 3268 2776 3336 ὑπήκουον.
2819 3266 3160 3339 Ἀλεξάνδρῳ
3205 3267 3250 3320 δ’
3286 3268 3497 3331 ἐκεῖνος
3529 3267 3740 3337 συχνῶς

2174 3361 2522 3426 ἐπέστελλεν,
2553 3361 2639 3414 ἵνα
2669 3361 2797 3424 τοὺς
2823 3362 2953 3431 περὶ
2999 3362 3221 3432 Ἀρειον
3250 3363 3469 3432 δέξηται
3519 3363 3577 3416 τὺ
3639 3361 3737 3430 ζή·

2173 3471 2323 3522 τημα
2349 3453 2757 3523 παρωσαμένῳ.
2799 3453 2990 3522 Ἐνῆγε
3018 3454 3074 3507 δὲ
3126 3454 3287 3507 αὑτὸν
3322 3457 3537 3525 Ἀρειος
3585 3455 3742 3525 μάλι-

2177 3562 2278 3596 στα
2312 3546 2652 3614 παραθήγων
2676 3548 2788 3608 τοῖς
2819 3547 3145 3615 γράμμασιν
3172 3563 3188 3581 ο
3225 3540 3300 3601 ὧν
3347 3565 3466 3601 τινα
3519 3551 3614 3602 καὶ
3672 3554 3737 3619 τῇ

2177 3637 2386 3706 ἱστορία
2446 3639 2673 3702 meam,
2713 3637 2785 3698 ώς
2836 3637 2904 3691 ἂν
2949 3639 3043 3691 καὶ
3091 3640 3142 3691 oi
3186 3642 3575 3705 κοινωνοῦντες
3640 3645 3740 3711 τῆς

2174 3729 2428 3790 ἀσεϐείας
2468 3729 2767 3798 κατάδηλοι
2790 3729 3081 3796 γένωνται,
3121 3732 3314 3793 πιστὸς
3370 3731 3425 3783 δὲ
3453 3733 3548 3784 καὶ
3578 3731 3738 3786 Ἀλέ-

2176 3821 2399 3891 ξανδρος
2425 3822 2587 3886 δόξαι.
2624 3822 2700 3890 μὴ
2723 3820 2894 3890 ψευδῆ
2929 3823 3051 3874 κατ’
3080 3823 3263 3875 αὑτῶν
3297 3825 3736 3894 συστησάμενος.

2175 3911 2382 3980 Γράφει
2416 3907 2508 3964 οὑν
2541 3909 2761 3980 ’Ἄρειος
2792 3911 2870 3982 τῷ
2895 3911 3264 3982 Νικομηδείας
3291 3912 3542 3985 Εὑσεσίῳ
3604 3915 3743 3985 πρὸς

2173 4003 2320 4065 λέξιν
2349 4003 2492 4057 οὑτω
2508 4019 2521 4034 ⁶

2759 4097 3013 4152 ΚΕΦΑΔ.
3043 4100 3121 4152 6’.

2175 4188 2312 4257 Περὶ
2348 4183 2436 4244 ὧν
2460 4191 2691 4260 Ἀρείοι-
2718 4189 2800 4256 τῷ
2833 4191 3231 4314 Νὲἶομηὸείας
3256 4190 3524 4262 ἔγραψεν
3551 4195 3745 4248 Εὐσε-

2939 4277 3007 4314 ω.

2939 4277 3007 4323 ῳ.

2249 4353 2439 4423 Κυρίῳ
2471 4351 2840 4422 ποθεινοτάτῳ
2873 4353 3150 4424 ἀνθρώπῳ
3201 4355 3362 4422 Θεοῦ,
3406 4357 3603 4427 πιστῷ,
3651 4361 3746 4426 6p-

2180 4441 2402 4509 θοδόξῳ,
2445 4443 2708 4513 Εὑσεϐἰῳ.
2738 4444 2954 4512 ’Δρειος
2996 4447 3024 4498 6
3057 4445 3393 4518 διωκόμενος
3453 4450 3559 4503 ὑπὸ
3597 4450 3749 4504 Ἀλε-

505 4549 573 4601 ab
606 4543 914 4599 Alexandro
940 4554 1100 4610 papa,
1134 4544 1360 4605 pr0pter
1389 4534 1572 4587 omnia
1623 4536 1932 4586 vincentem
1989 4547 2074 4586 ve-

2183 4532 2407 4602 ξάνδρου
2443 4533 2536 4586 τοῦ
2570 4537 2771 4586 πάππα
2804 4535 3008 4598 ἀδίκως
3041 4536 3131 4589 διὰ
3158 4538 3258 4606 τὴν
3287 4537 3467 4591 πάντα
3502 4539 3746 4592 νικῶσαν

507 4641 928 4705 ritatem,quam
955 4640 1012 4686 et
1042 4638 1098 4685 tu
1123 4642 1456 4699 pr0pugnas,
1493 4626 1719 4694 patitur,
1751 4623 1804 4676 in
1841 4621 2072 4676 Domino

505 4727 758 4780 salutem.
827 4719 1216 4775 l’roficiscente
1284 4714 1656 4771 Nicomediam
1733 4723 1885 4781 patre
1947 4726 2070 4765 meo

507 4813 819 4877 Ammonio,
853 4822 1001 4866 recte
1035 4825 1119 4862 tne
1152 4808 1428 4862 facturum
1464 4820 1584 4858 esse
1619 4805 1827 4869 putavi,
1892 4803 1934 4856 si
1975 4817 2072 4870 per

507 4909 685 4974 ipsum
712 4901 1208 4971 tecompellarem,
1237 4895 1393 4966 551
1422 4895 1696 4964 simulque
1727 4893 1947 4946 insitam
1973 4891 2069 4944 tibi

507 4999 853 5059 charitatetn,
890 5005 942 5048 et
977 5006 1140 5062 quam
1172 5005 1300 5058 erga
1328 4988 1526 5042 fratres
1551 4994 1778 5056 propter
1812 4985 1982 5038 Deum
2018 4991 2072 5037 et

505 5089 778 5142 Clusium
802 5085 924 5154 ejus
953 5082 1096 5154 geris
1123 5080 1492 5139 atiectionem,
1525 5075 1906 5140 admonerem,
1959 5089 2072 5126 ma-

506 5195 744 5250 gnopere
793 5174 1046 5247 persequi
1111 5189 1196 5226 me
1246 5177 1302 5225 et
1342 5182 1682 5239 oppugnare,
1739 5180 2070 5233 omnemque

508 5275 797 5326 adversum
827 5284 926 5321 nos
953 5269 1136 5320 funem
1170 5275 1391 5316 movere
1447 5262 1792 5329 episc0pum,
1856 5268 1916 5311 ut
1977 5272 2076 5310 nos

511 5362 734 5432 perinde
772 5370 932 5427 atque
961 5358 1078 5412 sine
1110 5355 1221 5409 Deo
1247 5351 1500 5408 homines
1529 5351 1661 5406 urbe
1708 5350 1913 5419 ejiciat,
1947 5364 2074 5418 pro-

511 5467 698 5523 pterea
722 5452 866 5520 quod
900 5465 1005 5502 non
1053 5446 1476 5517 comprobamus
1505 5459 1664 5498 voces
1715 5443 1855 5512 ejus,
1893 5442 2076 5512 publi-

507 5547 648 5598 citus
677 5541 944 5597 dicentis:
971 5541 1196 5607 Semper
1217 5539 1382 5606 Deus,
1416 5551 1632 5606 semper
1663 5535 1869 5588 Filius:
1906 5534 2071 5588 simul

511 5637 686 5699 Pnlttl',
705 5634 866 5689 simul
886 5631 1052 5687 Filius
1075 5629 1389 5686 :coexsistit
1407 5628 1652 5699 ingenito
1675 5628 1762 5681 Dei
1787 5627 1954 5681 Filius
1975 5628 2075 5697 (ι),

615 5730 629 5758 ¹
667 5728 708 5782 ll
736 5727 877 5781 Tim.
915 5741 990 5778 iv.

581 5851 653 5907 tl;
692 5847 932 5913 lngeutto
966 5843 1134 5897 Filius
1167 5841 1298 5894 Deo.

2180 4625 2460 4695 ἀλήθειαν,
2495 4621 2560 4698 ἦς
2591 4632 2684 4678 καί
2727 4630 2790 4679 σὺ
2825 4629 3201 4702 ὑπερασπῐζῃ,
3253 4631 3308 4682 ὲν
3366 4631 3561 4700 Κυρίῳ
3617 4632 3744 4702 χαί·

2183 4734 2315 4784 ρειν.
2378 4717 2482 4770 Τοῦ
2520 4719 2735 4786 Πατρός
2791 4735 2892 4786 μου
2943 4719 3258 4790 Ἀμμωνίου
3310 4721 3611 4792 ἐρχομένου
3665 4725 3745 4786 εἰς

2177 4809 2276 4877 τὴν
2339 4809 2732 4879 Νικομήδειαν,
2771 4812 2993 4878 εὔλογον
3049 4811 3404 4881 ὀφειλόμενον
3465 4829 3746 4882 προσαγο-

2180 4901 2370 4970 ρεῦσαί
2400 4917 2458 4954 σε
2487 4903 2661 4970 ὲφὰνη
2686 4903 2756 4954 δι’
2782 4903 2946 4954 αὑτοῦ
2971 4919 2982 4932 ·
3012 4903 3148 4972 ὁμοῦ
3175 4919 3234 4954 τε
3300 4907 3394 4957 καὶ
3430 4907 3745 4976 ὑπομνῆσαι

2177 4992 2274 5061 τὴν
2337 4992 2574 5060 ἔμφυτόν
2625 5011 2716 5045 σου
2767 4995 2990 5063 ἀγάπην
3029 4996 3123 5048 καὶ
3173 4996 3437 5062 διάθεσιν,
3486 5000 3554 5067 ἣν
3604 5001 3749 5068 ἔχεις

2179 5085 2315 5151 πρὸς
2346 5088 2471 5146 τοὺς
2511 5083 2776 5150 ἀδελφοὺς
2811 5084 2898 5136 διὰ
2930 5083 3197 5151 τὸνλΘεὸν
3234 5085 3328 5138 καὶ
3369 5087 3460 5140 τὸν
3510 5085 3750 5157 Χριστὸν

2179 5171 2384 5224 αὑτοῦ·
2425 5174 2505 5226 ὅτι
2539 5175 2791 5242 μεγάλως
2833 5175 2984 5243 ἡμᾶς
3025 5174 3281 5243 ἐκπορθεί
3328 5177 3420 5228 καὶ
3471 5178 3747 5241 ἐκδιώκει,

2181 5268 2274 5318 καὶ
2336 5266 2512 5319 πάντα
2575 5268 2754 5328 κᾴλων
2818 5270 2960 5318 κινεί
2994 5267 3298 5336 καθ’ήμῶν
3362 5270 3745 5329 ὁὲπίσκοπος·

2180 5358 2319 5410 ὥστε
2359 5357 2612 5422 ἐκδιῶξαι
2642 5361 2787 5428 ἡμᾶς
2825 5361 2886 5410 ὲκ
2919 5361 3015 5428 τῆς
3049 5359 3255 5410 πόλεως
3289 5359 3362 5419 ὡς
3419 5358 3750 5429 ἀνθρώπους

2181 5451 2407 5510 ἀθέους·
2446 5451 2633 5521 ἐπειδὴ
2658 5453 2716 5502 οὑ
2754 5451 3155 5520 συμφωνοῦμεν
3205 5450 3352 5519 αὑτῷ
3390 5451 3629 5524 δημοσίᾳ
3661 5453 3752 5502 λέ.

2181 5555 2354 5605 γοντι,
2406 5538 2522 5592 Ἀεὶ
2577 5541 2730 5603 Θεὸς,
2785 5541 2876 5592 ἀεὶ
2936 5541 3094 5602 Υἱὸς⁶
3166 5540 3284 5607 ἅμα
3353 5542 3564 5612 Πατὴρ,
3632 5541 3755 5612 ἅμα

2184 5631 2333 5694 Υἱός.
2367 5632 2717 5702 Συνυττάρχει
2745 5634 3061 5703 ἀγεννήτως
3097 5637 3126 5688 6
3176 5636 3300 5698 Υἱὸς
3333 5637 3409 5706 τῷ
3432 5637 3571 5706 Θεῷ.
3610 5637 3757 5690 ’Δει-
