4062 6616
440 396 507 457 4³1
1649 398 2006 458 NiCEPHOl

2113 399 2461 459 CALlJSTI
3614 402 3686 463 43

439 528 601 567 mur:
632 511 695 565 tle
735 519 784 564 te.
815 519 995 575 autem
1023 511 1292 575 dolemus,
1333 511 1467 566 tanti
1498 511 1599 565 viri
1635 512 1853 566 silentio
1881 527 2005 564 eau-

2115 528 2267 579 μενοι
2305 512 2404 583 τὴν
2436 512 2647 582 σιωπὴν
2677 512 2868 582 ἀνδρὸς
2901 515 3155 566 τοτοὺτου
3191 510 3359 587 ἧτταν
3416 512 3569 580 ἡμῶν
3607 508 3686 564 εἶ-

437 620 552 658 t-am
612 611 852 656 nostram
906 603 1152 656 datunari
1205 602 1605 656 existimantes.
1656 602 2001 672 Quapropter

438 706 512 754 te,
538 694 629 764 qui
664 694 805 749 nosti
837 695 1089 764 prudenti
1121 694 1234 746 viro
1268 692 1493 747 minime
1526 694 1770 748 omnium
1801 708 2003 747 conve-

437 788 576 848 nire,
630 797 687 840 ut
732 787 913 842 aliena
959 795 1013 861 et
1067 785 1301 839 absurda
1362 786 1563 839 sentiat
1609 786 2004 854 veritatemque

436 879 698 943 obticeat,
738 878 951 940 hortor,
990 886 1048 930 ut
1082 876 1280 946 spiritu
1320 884 1559 932 mentem
1592 885 1738 932 tuam
1774 877 1841 931 ad
1870 878 2005 932 scri-

437 971 677 1025 bendum
720 970 1153 1040 realintegrante,
1195 971 1435 1024 scribere
1472 969 1691 1025 tandem
1738 970 1807 1025 de
1842 972 2006 1026 rebus

436 1061 504 1115 iis
536 1059 767 1129 incipias
808 1075 928 1127 quae
960 1073 1013 1111 et
1050 1058 1145 1112 tibi
1178 1069 1232 1111 et
1267 1057 1614 1112 auditoribus
1649 1058 1847 1114 futura:
1878 1068 2005 1114 sunt

434 1152 633 1206 utiles:
688 1150 996 1220 prmeipue,
1034 1150 1075 1205 si
1127 1158 1495 1204 consentanea
1541 1150 1875 1219 Scriptum,
1916 1167 2005 1205 ve-

433 1244 610 1313 stigiis
653 1244 948 1296 verborum
1002 1252 1058 1295 et
1105 1242 1502 1295 sententiarum
1554 1242 1674 1312 ejus
1722 1240 2002 1306 insistens,

433 1337 677 1389 scribere
712 1336 954 1388 animum
993 1332 1300 1387 induxeris.
1344 1333 1532 1404 Neque
1574 1333 1722 1389 enim
1768 1333 1877 1387 duo
1921 1335 2005 1387 in-

431 1427 614 1495 genita
664 1425 1007 1485 audivimus,
1061 1438 1239 1493 neque
1283 1440 1456 1477 unum
1499 1423 1555 1476 in
1602 1425 1710 1477 duo
1740 1424 1998 1488 divisum,

431 1520 526 1575 sed
572 1534 747 1586 neque
779 1531 1104 1585 corporeum
1151 1515 1281 1584 quid
1329 1515 1668 1586 perpessioni
1704 1515 2001 1571 obnoxium

432 1610 728 1665 didicimus
760 1618 855 1663 aut
890 1607 1231 1662 credidimus
1256 1647 1270 1671 ,
1301 1606 1566 1662 domine:
1600 1622 1789 1662 verum
1831 1624 2000 1662 unum

429 1705 652 1775 quidem
690 1703 993 1773 ingenitum
1024 1717 1037 1753 :
1072 1715 1241 1754 unum
1276 1715 1407 1754 vero
1438 1700 1507 1754 ab
1541 1699 1662 1769 ipso
1693 1716 1855 1763 vere,
1892 1717 2001 1755 non

431 1807 615 1851 autem
649 1810 715 1849 ex
759 1792 1067 1849 substantia
1097 1794 1215 1862 ejus
1264 1792 1465 1845 factum
1487 1834 1503 1855 ,
1538 1807 1765 1862 prorsus
1796 1801 2003 1847 natura:

2108 620 2218 657 ναι.
2252 603 2343 657 Διὸ
2396 604 2703 673 παρακαλῶ
2757 622 2841 671 σε,
2893 606 3072 657 εἰδότα
3125 604 3199 667 ὡς
3233 604 3485 675 ἀπρεπὲς
3526 604 3684 672 ἀνδρὶ

2110 697 2363 768 φρονίμῳ
2387 698 2579 751 ἀλλοῖα
2618 703 2858 769 φρονεῖν,
2912 701 3008 754 καὶ
3043 703 3257 772 σιωπᾷν
3289 701 3519 770 τάληθῆ,
3553 703 3687 754 ἀνα-

2110 788 2444 842 σκευάσαντι
2494 788 2571 859 τῷ
2614 788 2888 856 πνεύματι
2948 790 3037 841 τὸν
3105 790 3391 860 λογισμὸν,
3452 793 3584 862 περὶ
3622 791 3687 842 τὸ

2106 879 2342 950 γράφειν
2406 881 2576 952 ἄρχου
2632 882 3041 946 λυσιτελοῦντος
3115 884 3210 935 καὶ
3274 885 3356 935 σοὶ
3421 884 3513 936 καὶ
3569 884 3689 945 τοῖς

2108 973 2371 1025 ἀκούουσι
2404 990 2497 1027 σου
2528 990 2542 1004 ·
2595 974 2815 1045 μάλισθ’
2854 976 2984 1028 ὅταν
3042 977 3162 1028 κατ’
3207 976 3537 1030 ἀκολουθίαν
3587 978 3691 1042 τῆς

2107 1062 2332 1129 Γραφῆς
2372 1063 2466 1113 καὶ
2497 1063 2615 1123 τοῖς
2646 1063 2821 1132 ἰχνεσι
2859 1064 2967 1115 τῶν
3005 1062 3182 1129 λόγων
3228 1064 3397 1132 αὐτῆς
3448 1065 3544 1116 καὶ
3573 1061 3688 1115 τῶν

2108 1150 2474 1221 βουλημάτων
2504 1152 2714 1215 ἐθέλοις
2744 1154 3007 1223 γράφειν.
3040 1153 3175 1206 Οὐτε
3224 1154 3331 1224 γὰρ
3383 1153 3477 1207 δύο
3521 1154 3691 1220 ἀγέν-

2108 1260 2242 1311 νητα
2274 1242 2619 1312 ἀκηκόαμεν,
2665 1243 2789 1297 οὐτε
2832 1243 2890 1296 ἒν
2925 1247 3000 1308 εἰς
3032 1245 3125 1299 δύο
3170 1246 3525 1316 διῃρημένον,
3563 1245 3689 1298 οὐδὲ

2110 1334 2425 1403 σωματικό)
2466 1351 2517 1386 τι
2547 1335 2818 1397 πεπονθὸς
2867 1336 2946 1405 (1)
3001 1337 3473 1407 μεμαθήκαμενῆ
3519 1353 3693 1389 πεπι-

2109 1428 2446 1495 στεύκαμεν,
2476 1428 2710 1481 δέσποτα
2736 1444 2749 1458 ·
2788 1429 2900 1481 ἀλλ’
2937 1429 2994 1483 ἓν
3028 1431 3124 1498 μὲν
3152 1433 3210 1484 τὸ
3246 1432 3581 1499 ἀγέννητονο
3626 1430 3691 1481 ἓν

2106 1513 2163 1566 δὲ
2190 1516 2248 1566 τὸ
2274 1514 2364 1568 ὐπ’
2396 1515 2561 1569 αὐτοῦ
2594 1517 2810 1585 ἀληθῶς
2836 1520 2927 1570 καὶ
2954 1520 3027 1570 ἐκ
3048 1518 3145 1587 τῆς
3184 1520 3370 1582 οὐσίας
3400 1518 3566 1572 αὐτοῦ
3599 1535 3693 1586 γε-

2107 1607 2284 1673 γονὸς,
2319 1606 2553 1659 καθόλου
2586 1609 2685 1677 τῆς
2717 1608 2932 1677 φύσεως
2971 1612 3066 1678 τῆς
3100 1609 3400 1682 ἁγεννῆτου
3431 1612 3688 1682 μετέχον,

2105 1698 2181 1760 ὡς
2210 1700 2309 1751 οὐκ
2344 1700 2410 1752 ἂν
2444 1700 2509 1753 ἐκ
2541 1701 2637 1767 τῆς
2680 1701 2871 1764 οὐσίας
2917 1703 3110 1770 αὐτοῦ,
3141 1703 3281 1757 ἀλλὰ
3314 1705 3537 1772 γεγονὸς
3567 1705 3693 1756 dlo-

2111 1791 2346 1862 σχερῶς,
2378 1793 2571 1862 ἕτερον
2598 1795 2663 1863 τῇ
2691 1792 2853 1861 φύσει
2880 1797 2971 1847 καὶ
2992 1795 3241 1873 ⁶δυνάμει
3292 1798 3428 1866 πρὸς
3472 1796 3691 1850 τελείαν

433 1889 660 1958 ingeniti
698 1902 804 1941 non
841 1885 1118 1955 particeps
1151 1901 1163 1940 :
1205 1898 1381 1953 neque
1415 1884 1561 1953 quod
1595 1899 1661 1937 ex
1697 1884 2002 1939 substantia

2112 1883 2408 1955 ὁμοιότητα
2440 1884 2739 1946 διαθέσεώς
2766 1903 2826 1938 τε
2866 1888 2959 1938 καὶ
3004 1885 3284 1955 δυνάμεως
3319 1888 3417 1941 τοῦ
3454 1905 3692 1955 πεποιηο

431 1983 550 2053 ejus
595 1981 701 2047 sit,
737 1980 830 2035 sed
864 1980 1068 2032 factum
1100 1977 1262 2047 plane
1298 1977 1392 2040 sit,
1430 1976 1578 2043 aliud
1610 1984 1805 2030 natura
1839 1985 2006 2045 atque

426 2074 669 2134 virtute,
713 2072 778 2125 ad
814 2072 1113 2141 perfectam
1149 2067 1571 2123 similitudinem
1607 2068 1918 2122 aﬂ'ectiOnis
1949 2076 2006 2121 et

428 2152 651 2220 virtutis
696 2162 925 2218 factoris
969 2161 1143 2231 ipsius
1186 2161 1415 2213 factum.
1451 2158 1623 2228 Cujus
1671 2159 2003 2228 principium

432 2273 545 2312 non
582 2256 748 2310 verbo
784 2262 996 2307 tantum
1026 2251 1424 2315 inenarrabile,
1458 2250 1552 2305 sed
1583 2265 1763 2320 neque
1798 2258 2004 2314 mente,

428 2367 538 2407 non
581 2351 705 2405 dico
748 2348 1065 2410 hominum,
1099 2343 1194 2399 sed
1238 2358 1466 2407 eorum,
1508 2358 1629 2412 quae
1680 2356 1848 2410 supra
1902 2342 2006 2396 ho-

429 2443 607 2497 mines
638 2450 801 2503 sunt,
836 2438 1107 2500 omnimn,
1140 2434 1635 2505 comprehensibile
1669 2446 1793 2487 esse
1824 2432 2007 2486 credi-

429 2551 570 2593 mus.
618 2532 965 2601 Proindeque
1015 2546 1125 2584 non
1158 2529 1364 2583 nostris
1414 2528 1663 2597 ipsorum
1697 2525 2007 2580 rationibus

426 2628 586 2692 freti,
626 2626 721 2681 sed
750 2638 920 2680 sacrae
971 2620 1276 2690 Scriptura:
1333 2615 1760 2672 auctoritatibus
1799 2614 2003 2677 edocti,

430 2720 695 2782 dicimus,
741 2714 1024 2771 conditum
1074 2726 1196 2766 esse
1240 2719 1296 2765 et
1337 2709 1622 2763 fundatum
1664 2716 1719 2761 et
1759 2707 2002 2777 genitura

429 2809 758 2871 substantia,
798 2805 957 2877 553
990 2814 1044 2859 et
1086 2801 1413 2857 immutabili
1445 2809 1610 2869 atque
1647 2798 2003 2853 inenarrabili

430 2912 622 2956 natura
667 2908 723 2953 et
765 2893 1127 2953 similitudine
1172 2893 1240 2947 ad
1285 2891 1549 2949 factorem
1587 2892 1803 2960 ipsum,
1838 2881 2034 2945 sicuti'

431 2996 548 3063 ipse
591 2992 725 3045 dicit
758 2989 1057 3043 Dominus:
1097 2984 1232 3038 Deus
1264 2985 1458 3037 creavit
1492 2997 1570 3036 me
1610 2982 1663 3034 in
1703 2981 1854 3034 initio
1889 2981 2004 3034 via-

430 3102 548 3139 rum
581 3085 713 3154 ejus,
752 3090 875 3135 ante
902 3094 1079 3133 omnes
1105 3075 1263 3130 colles
1299 3076 1466 3145 gignit
1496 3089 1577 3127 me
1683 3072 1739 3126 Si
1773 3088 1905 3126 vero
1936 3087 2003 3126 ex

430 3181 569 3247 ipso,
602 3176 704 3229 hoc
739 3183 852 3237 est,
896 3172 964 3225 ab
997 3173 1116 3241 ipso
1147 3179 1294 3232 erat,
1332 3183 1430 3220 ceu
1469 3180 1597 3235 pars
1632 3166 1774 3236 ejus,
1807 3174 1902 3218 aut
1935 3180 2000 3218 ex

2108 1976 2268 2039 κότος
2299 1976 2618 2045 γενόμενον.
2652 1971 2726 2030 Οῧ
2749 1977 2846 2047 τὴν
2879 1977 3053 2049 ἀρχὴν
3079 1980 3140 2031 οὐ
3168 1981 3313 2050 λόγῳ
3346 1980 3508 2049 μόνον
3533 1980 3695 2049 ἀδιή-

2107 2083 2297 2135 γητον,
2332 2067 2468 2118 ἀλλά
2501 2068 2596 2119 καὶ
2637 2068 2838 2138 ἐννοίᾳ,
2882 2068 2984 2120 οὐκ
3029 2069 3298 2138 ἀνθρώπῳ
3324 2070 3507 2138 μόνον,
3550 2070 3692 2121 ἀλλὰ

2108 2158 2344 2213 καὶτῶν
2377 2158 2520 2229 ὑπὲρ
2566 2157 2911 2228 ἀνθρώπους,
2959 2160 3178 2213 πάντων
3226 2156 3364 2213 εἶναι
3405 2158 3693 2231 ἀκατάλη-

2109 2268 2243 2305 πτον
2297 2251 2753 2321 πεπιστεύκαμεν
2780 2267 2794 2282 ο
2828 2253 2919 2304 καὶ
2964 2252 3173 2317 ταῦτα,
3217 2255 3338 2323 οὐχὶ
3388 2254 3694 2323 λογισμοὺς

2106 2343 2326 2396 ἑαυτῶν
2361 2342 2767 2412 ὑποτιθέμενοι,
2814 2344 2931 2398 ἀλλ’
2971 2345 3075 2397 ἀπὸ
3108 2348 3205 2415 τῆς
3244 2345 3404 2411 ἁγίας
3459 2344 3692 2414 Γραφῆς

2114 2432 2519 2503 μεμαθηκότες,
2549 2433 2786 2503 λέγομεν
2828 2436 3046 2487 κτιστὸν
3090 2429 3251 2497 εἶναι,
3302 2435 3395 2487 καὶ
3426 2434 3697 2497 θεμελιώ-

2108 2519 2222 2583 τὸν,
2258 2520 2351 2573 καὶ
2373 2520 2637 2591 γεννητὸν
2664 2524 2730 2592 τῇ
2766 2522 2949 2592 οὐσίᾳ,
2980 2524 3071 2574 καὶ
3104 2526 3171 2591 τῇ
3218 2523 3569 2590 ἀναλλοιώτῳ
3593 2526 3695 2576 καὶ

2106 2613 2335 2683 ἀρρήτῳ
2374 2616 2533 2678 φύσει
2576 2613 2674 2666 κα)⁸
2723 2616 2790 2684 τῇ
2821 2615 3108 2684 ὁμοιότητι
3144 2614 3280 2685 πρὸς
3327 2615 3417 2667 τὸν
3456 2632 3696 2686 πεποιη-

2108 2706 2241 2758 κότα
2292 2706 2721 2776 μεμαθήκαμεν,
2778 2709 2853 2769 ὡς
2906 2708 3063 2770 αὐτὸς
3122 2711 3147 2760 ό
3205 2709 3408 2777 Κύριός
3463 2725 3632 2778 φησιν
3674 2726 3689 2739 θ

2117 2798 2179 2851 Ὀ
2226 2798 2371 2863 Θεὸς
2404 2798 2613 2852 ἕκτισέ
2641 2816 2716 2868 με
2752 2799 2948 2869 ἀρχὴν
2990 2800 3145 2854 ὁδῶν
3174 2802 3363 2856 αὐτοῦ
3392 2818 3404 2832 ·
3450 2803 3566 2871 πρὸ
3620 2804 3695 2856 δὲ

2104 2886 2349 2941 πάντων
2371 2887 2619 2951 βουνῶν
2651 2890 2835 2957 γεννᾷ
2863 2908 2962 2960 με.
3024 2893 3086 2945 Εἰ
3140 2891 3193 2945 δὲ
3224 2894 3281 2958 ἐξ
3314 2895 3506 2957 αὐτοῦ,
3536 2895 3687 2948 τοῦτ’

2104 2978 2274 3046 ἐστιν,
2306 2981 2402 3032 ἀπ’
2437 2980 2604 3032 αὐτοῦ
2638 2975 2727 3051 ἦν,
2760 2982 2834 3044 ὡς
2866 2983 2932 3035 ἂν
2966 2984 3127 3053 μέρος
3169 2984 3333 3038 αὐτοῦ
3363 2985 3396 3057 ἢ
3429 2984 3488 3049 ἐξ
3516 2988 3693 3056 ἀπορ-

2106 3071 2259 3141 ροίας
2290 3072 2389 3137 τῆς
2421 3070 2634 3135 οὐσίας,
2667 3071 2766 3123 οὐκ
2789 3072 2854 3123 ἂν
2886 3072 2967 3124 ἔτι
3005 3072 3239 3137 κτιστδν,
3265 3073 3385 3124 οὐδὲ
3420 3072 3691 3142 θεμελίω-

2108 3165 2200 3217 τὸν
2239 3159 2379 3216 εἶναι
2410 3163 2653 3232 ἐλέγετο⁶
2688 3164 2810 3216 οὐδὲ
2851 3165 3013 3228 αὐτὸς
3054 3166 3289 3233 ἀγνοεῖς,
3326 3165 3509 3235 κύριε,
3544 3165 3688 3236 ἀλη-
3746 3210 3757 3213 _

430 3237 651 3324 deﬂuxu
683 3264 1026 3327 substantiae,
1065 3278 1172 3315 non
1200 3261 1310 3330 jam
1346 3268 1568 3313 creatus
1598 3272 1780 3326 neque
1809 3256 2005 3310 funda-

2112 3255 2240 3318 0‹ἶ›;ο
2266 3257 2322 3307 τὸ
2356 3255 2465 3323 γὰρ
2494 3257 2558 3307 ὲκ
2590 3254 2687 3307 τοῦ
2722 3256 3025 3324 ἀγεννήτον
3071 3258 3316 3328 ὑπάρχον
3350 3260 3573 3311 κτιστὸν
3604 3262 3688 3311 ἔτι

433 3374 521 3417 tus
549 3373 671 3415 esse
707 3350 1024 3411 decoretur:
1064 3352 1117 3406 id
1151 3350 1294 3420 quod
1326 3351 1440 3418 ipse
1466 3364 1716 3419 quoque,
1761 3346 2002 3411 domine,

433 3452 679 3523 proiecto
754 3464 863 3502 non
923 3446 1162 3517 ignoras.
1233 3442 1387 3509 Quod
1443 3441 1587 3495 enim
1638 3457 1709 3495 ex
1764 3441 2007 3510 ingenito

432 3544 687 3603 exsistat,
730 3539 1013 3593 conditum
1042 3536 1152 3606 jam
1192 3534 1259 3587 ab
1299 3532 1426 3595 alio,
1458 3531 1543 3585 vel
1580 3547 1608 3586 a
1640 3532 1849 3600 seipso,
1883 3530 2006 3584 fun-

433 3636 692 3690 ὐιιιυιιινε
729 3647 835 3684 non
869 3629 959 3690 sit,
994 3636 1182 3695 utpote
1218 3624 1285 3678 ab
1328 3623 1488 3677 initio
1526 3622 1830 3691 ingenitum
1866 3620 2009 3676 exsi-

434 3738 604 3784 stens.
659 3726 713 3781 Si
745 3739 875 3777 vero
919 3721 1160 3792 genitum
1191 3717 1243 3772 id
1291 3732 1411 3770 esse
1441 3716 1692 3777 dicatur,
1745 3713 2007 3769 indicium

437 3806 711 3892 quoddam
758 3816 827 3871 de
872 3831 930 3870 se
975 3815 1235 3884 pra:beat,
1275 3808 1439 3863 veluti
1484 3823 1549 3861 ex
1603 3817 1830 3877 paterna
1880 3805 2010 3859 sub-

431 3909 959 3980 stantiavgenitmn,
1008 3915 1062 3960 et
1109 3903 1254 3974 quod
1299 3900 1548 3956 eamdem
1602 3899 1800 3952 habeat
1828 3912 1895 3951 ex
1941 3911 2009 3951 eo

433 4016 689 4060 naturam
715 4042 728 4067 ,
762 4001 968 4055 scimus
1004 3996 1151 4067 quod
1202 4010 1314 4048 non
1365 3992 1442 4067 de
1483 4006 1549 4045 eo
1602 3990 1719 4044 solo
1760 3990 2007 4059 genitum

432 4114 576 4160 esse,
632 4095 954 4165 Scriptura,
1006 4105 1196 4143 verum
1247 4086 1413 4141 etiam
1460 4084 1527 4138 de
1578 4082 1735 4142 aliis.
1791 4080 1867 4135 illi
1911 4095 2011 4149 per

432 4196 617 4247 omn‘a
660 4195 857 4242 natura
902 4180 1304 4244 dissimilibus,
1358 4176 1625 4246 loquitur.
1670 4172 1805 4227 Nam
1854 4181 1911 4225 et
1941 4169 2009 4225 de

433 4280 757 4338 hominibus
805 4277 940 4331 dicit
969 4276 1025 4329 ἰ
1073 4271 1237 4326 Filios
1288 4272 1446 4341 genui
1502 4278 1547 4321 et
1594 4264 1858 4329 excitavi,
1910 4263 2011 4331 ipsi

433 4385 612 4430 autem
636 4379 943 4440 spreverunt
971 4383 1073 4421 me.
1110 4366 1197 4429 Et,
1228 4363 1397 4416 Deum
1425 4362 1513 4432 qui
1543 4360 1719 4430 genuit
1758 4366 1826 4420 te,
1855 4357 2011 4427 idere-

434 4468 636 4538 liquisti
664 4466 703 4519 ⁸.
741 4465 805 4517 Et
851 4462 906 4514 in
940 4460 1063 4514 aliis
1094 4456 1230 4526 quid
1260 4454 1434 4508 dicit?
1472 4452 1573 4515 Qui
1622 4450 1802 4519 genuit
1834 4455 2009 4518 guttas

431 4563 571 4615 roris
596 4563 651 4611 δι
683 4573 792 4610 non
828 4560 1080 4607 naturam
1108 4564 1174 4602 ex
1201 4555 1398 4600 natura
1423 4585 1435 4603 ,
1486 4542 1580 4596 sed
1609 4540 1905 4611 cujuslibet
1934 4540 2009 4592 rei

430 4667 555 4725 qua:
598 4656 932 4721 generatur,
962 4658 1031 4697 ex
1074 4639 1359 4724 voluntate
1403 4637 1559 4705 ejus,
1600 4633 2006 4703 generationem

430 4745 734 4800 deducens.
758 4736 909 4792 Nihil
938 4735 1084 4788 enim
1110 4739 1194 4784 est
1216 4745 1281 4781 ex
1308 4727 1615 4781 substantia
1646 4725 1790 4794 ejus,
1816 4738 2007 4777 verum

432 4837 619 4895 omnia
643 4833 931 4886 voluntate
957 4827 1099 4897 ejus.
1126 4840 1176 4893 pi
1194 4838 1226 4877 0
1250 4837 1308 4875 se
1336 4820 1616 4887 quodque,
1647 4816 1828 4885 genita
1855 4826 2008 4878 sunt,

430 4924 593 4982 sicuti
628 4919 811 4992 genita
857 4923 1009 4972 sunt.
1046 4916 1224 4981 Atque
1276 4911 1366 4964 ille
1402 4907 1626 4978 quidem
1666 4907 1845 4969 Deus,
1890 4905 2008 4959 hace

430 5032 562 5073 vero
609 5014 677 5070 ad
724 5008 1147 5067 similitudinem
1205 5005 1329 5075 ejus
1378 5000 1594 5055 ratione
1651 5014 1749 5053 sua
1806 4996 2006 5053 similia

430 5111 638 5169 futura,
666 5113 724 5157 et
753 5112 937 5157 tamen
972 5097 1157 5153 omnia
1193 5110 1258 5149 ex
1286 5097 1422 5149 Deo.
1458 5090 1590 5156 Qua:
1620 5100 1675 5144 tu
1707 5098 1933 5158 accepta
1960 5096 2016 5142 et

431 5202 708 5256 elaborata
734 5236 748 5258 ,
792 5206 994 5263 proca
1025 5204 1147 5259 qua:
1181 5186 1278 5239 tibi
1329 5184 1598 5237 divinitus
1636 5180 1789 5234 adest
1821 5179 2013 5250 gratia,

378 5317 386 5320 έ
433 5294 501 5346 ad
546 5290 834 5345 dominum
888 5297 1070 5334 meum
1119 5274 1490 5331 Alexandrum
1545 5272 1850 5339 perscribe.
1888 5271 2018 5322 Per-

431 5397 656 5439 suasum
690 5379 840 5433 enim
871 5375 1051 5428 habeo
1073 5410 1087 5434 ,
1123 5370 1169 5424 si
1198 5367 1266 5422 ad
1309 5367 1592 5421 hominem
1621 5363 1931 5432 scripseris,
1964 5373 2017 5416 te

436 5490 565 5532 eum
600 5479 984 5545 permaturum
1013 5478 1157 5518 esse.
1190 5461 1375 5516 Saluta
1423 5471 1614 5513 omnes
1664 5454 1718 5507 in
1766 5454 2018 5507 Domino.

2109 3348 2200 3416 ὑφ’
2252 3351 2440 3421 ἐτέρου
2486 3349 2518 3418 ἢ
2580 3348 2768 3412 αὐτοῦ,
2812 3349 2844 3419 ἥ
2892 3350 3235 3419 θεμελιωτὺν,
3294 3355 3395 3406 οὐκ
3453 3356 3521 3406 ἂν
3572 3357 3687 3423 εἴη,

2109 3438 2350 3509 ὲξαρχῆς
2381 3440 2677 3508 ἀγέννητον
2711 3442 2976 3509 ὑπάρχον.
3004 3426 3073 3493 Ἐἰ
3117 3443 3171 3495 δὲ
3204 3446 3259 3495 τὸ
3298 3446 3559 3515 γεννητὸν
3588 3449 3657 3497 οὐ
3678 3476 3693 3485 ~

2109 3533 2205 3586 τοῦ
2235 3533 2492 3600 λέγεσθαι
2531 3534 2803 3602 ὐπόφασὶν
2831 3535 2909 3604 (2)
2948 3552 3071 3588 τινα
3112 3539 3363 3606 παρέχει,
3410 3539 3483 3601 ὡς
3530 3540 3598 3591 ἂν
3628 3543 3695 3593 ἐκ

2109 3627 2209 3694 τῆς
2239 3626 2428 3688 οὐσίας
2458 3626 2555 3696 τῆς
2590 3628 2861 3697 πατρικῆς
2901 3628 3063 3681 αὐτὸν
3096 3632 3380 3697 γεγονότα,
3414 3632 3511 3683 καὶ
3538 3632 3691 3702 ἔχειν

2111 3715 2176 3767 ἐκ
2196 3714 2388 3767 τούτου
2417 3714 2771 3783 τῆςφύσεως
2815 3716 2912 3787 τὴν
2959 3720 3290 3789 ταυτότητα,
3332 3722 3692 3792 γινώσκομεν

2109 3805 2185 3869 ὡς
2214 3807 2273 3859 οὐ
2307 3807 2438 3876 περὶ
2469 3807 2634 3860 αὐτοῦ
2680 3809 2846 3876 μόνου
2878 3809 2938 3862 τὸ
2974 3811 3236 3880 γεννητὸν
3280 3810 3423 3868 εἶναι
3449 3831 3617 3883 φησιν
3656 3817 3691 3886 ἡ

2111 3897 2322 3968 Γραφὴ,
2383 3898 2519 3950 ἀλλά
2575 3901 2671 3953 καὶ
2716 3900 2808 3951 ἐπὶ
2851 3900 2959 3952 τῶν
3010 3902 3287 3971 ἀνομοίων
3344 3905 3497 3973 αὐτῷ
3542 3911 3691 3957 κατὰ

2111 3990 2289 4042 πάντα
2317 3991 2382 4058 τῇ
2420 3990 2602 4057 φύσει.
2640 3990 2753 4043 Καὶ
2780 3992 2887 4061 γὰρ
2913 3993 3005 4044 καὶ
3037 3993 3123 4046 ἐπ’
3155 3990 3464 4065 ἀνθρώπων
3495 4015 3692 4066 φησιν,

2120 4080 2285 4145 Υἱοὺς
2323 4080 2625 4150 ἐγέννησα
2681 4082 2777 4134 καὶ
2833 4082 3051 4150 ὗψωσα
3075 4102 3089 4117 ο
3131 4087 3302 4140 αὐτοὶ
3336 4088 3403 4141 δέ
3427 4098 3523 4158 ps‘
3548 4091 3692 4157 ἠθέ-

2111 4186 2331 4238 τησανθ
2352 4172 2466 4235 καὶ,
2489 4171 2637 4224 Θεὸν
2654 4174 2758 4226 τὸν
2772 4179 3155 4244 γεννήσειν-τά
3176 4196 3251 4233 σε
3271 4179 3688 4249 ἐγκατέλιπες.

2112 4265 2224 4317 Καὶ
2254 4266 2311 4316 ὲν
2342 4266 2548 4333 ἑτέροις
2576 4266 2629 4316 τι
2662 4284 2855 4335 φησινς
2910 4270 2966 4320 '0
3000 4272 3256 4337 τετοκὼς
3280 4273 3526 4338 βώλους
3550 4276 3692 4343 διλό-

2112 4370 2248 4410 σου·
2284 4357 2344 4409 οὐ
2401 4356 2501 4426 τὴν
2559 4358 2721 4424 φύσιν
2768 4361 2827 4413 ὲκ
2877 4362 2976 4431 τῆς
3029 4365 3244 4430 φύσεως
3300 4365 3690 4437 διηγούμενος,

2112 4449 2248 4502 ἀλλά
2277 4452 2376 4518 τὴν
2411 4450 2496 4517 ἐφ’
2527 4450 2743 4522 ἑκάστῳ
2770 4453 2879 4505 τῶν
2913 4456 3221 4522 γενομένων
3263 4459 3328 4509 ὲκ
3357 4459 3454 4515 τοῦ
3487 4460 3693 4531 βουλή-

2048 4569 2087 4621 D
2118 4556 2283 4609 ματος
2314 4538 2482 4594 αὐτοῦ
2511 4541 2724 4607 γένεσιν
2760 4558 2775 4573 ·
2806 4541 2929 4595 οὐδὲ
2953 4545 3059 4612 γάρ
3082 4546 3230 4599 ἐστιν
3261 4548 3325 4600 ὲκ
3367 4548 3468 4618 τῆς
3494 4552 3693 4615 οὐσίας

2118 4629 2306 4682 αὐτοῦ·
2344 4632 2519 4683 πάντα
2563 4630 2617 4682 δὲ
2664 4631 2968 4702 βουλήματι
3012 4635 3176 4686 αὐτοῦ
3210 4637 3504 4706 γενόμενα,
3552 4641 3693 4694 ἕκα-

2119 4738 2245 4803 στον
2270 4722 2345 4782 ὡς
2374 4722 2468 4774 καὶ
2514 4722 2732 4789 ἐγένετο
2758 4739 2772 4755 ο
2805 4727 2832 4775 ό
2868 4724 2969 4792 μὲν
3001 4727 3109 4794 γὰρ
3158 4727 3312 4790 Θεὸς,
3349 4730 3419 4780 τὰ
3449 4730 3507 4783 δὲ
3552 4733 3695 4801 πρὸς

2114 4813 2412 4882 ὁμοιότητα
2450 4813 2616 4865 αὐτοῦ
2657 4814 2798 4882 λόγῳ
2826 4814 2986 4882 ὅμοια
3026 4819 3261 4886 ἐσόμενα
3286 4836 3300 4850 ο
3328 4821 3508 4874 πάντα
3541 4823 3601 4876 δὲ
3629 4829 3695 4878 ἐκ

2114 4903 2210 4956 τοῦ
2240 4904 2398 4959 Θεοῦ.
2432 4906 2611 4975 "Amp
2661 4905 2843 4958 λαϐὼν
2891 4908 2985 4959 καὶ
3028 4905 3471 4979 ἐξεργασάμενος
3497 4955 3510 4975 ,
3546 4919 3696 4970 κατά

2113 4998 2213 5066 τὴν
2248 4998 2559 5067 προσοῦσάν
2586 5014 2668 5049 σοι
2693 4998 2879 5050 θεόθεν
2907 5005 3086 5069 χάριν,
3114 5003 3323 5069 γράψαι
3346 5006 3424 5074 τῷ
3450 5008 3696 5083 δεσπότῃ

2115 5107 2218 5159 μου
2258 5088 2598 5157 Ἀλεξάνδρῳ
2623 5090 2943 5142 σπούδασον.
2987 5093 3335 5148 Πεπέστευκα
3357 5098 3467 5168 γὰρ
3503 5098 3578 5159 ὡς
3602 5139 3618 5160 ο
3645 5103 3699 5153 εί

2112 5180 2345 5252 γράψεις
2387 5182 2560 5250 αὐτῷ,
2603 5180 2879 5250 ἐντρέψεις
2925 5183 3109 5237 αὐτόν.
3162 5187 3377 5244 Πάντας
3422 5191 3695 5260 πρόσειπε

2112 5275 2239 5334 τοὺς
2294 5273 2351 5324 ὲν
2389 5273 2596 5342 Κυρίῳ.
2669 5272 3014 5342 Ἐρρωμένον
3067 5291 3151 5338 σε,
3203 5279 3297 5330 καὶ
3341 5278 3485 5350 ὑπὲρ
3534 5285 3697 5352 ἡμῶν

2115 5364 2414 5431 εὐχόμενον
2449 5402 2463 5425 ,
2535 5366 2567 5432 ἡ
2640 5362 2760 5415 θεία
2814 5363 2971 5431 χάρις
3030 5366 3384 5434 διαφυλάττοι
3443 5388 3539 5435 σε,
3603 5375 3695 5439 δέ·

2117 5471 2312 5506 σποτα.
2358 5470 2380 5505 )

432 5574 717 5630 Valentem
746 5577 832 5632 te,
861 5574 918 5619 et
940 5568 1052 5632 Ipro
1099 5558 1262 5613 nobis
1293 5564 1544 5612 orantem
1571 5594 1585 5619 ,
1617 5552 1803 5606 divina
1831 5553 2004 5619 gratia
2042 5548 2365 5612 censervet,
2397 5550 2640 5604 domine.
2685 5569 2702 5600 ι

505 5714 521 5746 ⁸
559 5713 720 5767 Prov.
756 5723 879 5774 vm,
908 5705 999 5759 '22.
1077 5704 1097 5734 '
1131 5701 1236 5756 lsa.
1270 5714 1308 5764 ι,
1335 5697 1390 5750 2.
1466 5695 1488 5759 Ρ
1525 5694 1685 5750 Deut.
1722 5709 1892 5755 xxxii,
1932 5692 2012 5745 l8.

505 5832 583 5899 (ι)
610 5830 724 5884 Hoc
750 5835 851 5894 est,
887 5821 1332 5883 diminutionem,
1366 5814 1798 5870 dccrcmentum.

2096 5692 2116 5720 ‘
2149 5692 2249 5744 Job
2288 5704 2509 5754 xxxvm,
2540 5689 2630 5742 28.

2194 5812 2272 5881 (2)
2305 5808 2410 5862 Alii
2441 5808 2647 5862 habent
2690 5809 2972 5863 ὑπόϐασιν.

4060 1182 4062 1275 l

4059 1282 4062 1411 Ι

4059 1482 4062 1609 ‘
