4062 6602
304 493 374 555 49

895 610 940 662 Κ
952 610 1149 664 ΕΦΔᾹ.
1182 615 1288 668 1Λ⁸.

308 696 596 787 Περίτῶγ
620 700 775 787 ὑπὲρ
836 701 1073 787 Ἀρείου.
1109 709 1387 787 (Inundde
1408 725 1421 736 ·
1478 710 1747 787 καλπερί
1772 713 1883 787 τῆς

377 769 495 849 thr
517 768 899 839 υίκουμένηνή
937 773 1349 845 διαλαϐοὐσης
1403 768 1760 849 συγχύσεως
1789 768 1887 835 diti

378 855 617 895 τουτον.

383 952 623 1007 Τοιαῦτα
651 956 749 1008 καὶ
805 950 954 1013 οὗτοι
1006 959 1252 1031 ἔγραφον
1301 965 1437 1035 πρὸς
1466 967 1558 1020 τὸν
1618 970 1759 1022 κατὰ
1786 969 1885 1038 τῆς

314 1044 574 1114 ἀληθείας
599 1049 951 1118 ὁπλιζόμενοι
973 1052 1231 1122 πόλεμον.
1266 1056 1353 1119 Ὠς
1373 1058 1427 1121 δὲ
1453 1059 1622 1112 πολλὰ
1651 1062 1890 1130 γράφον-

314 1152 401 1196 τες
425 1135 630 1206 ἥκιστα
666 1140 878 1193 πείθειν
910 1142 1001 1195 τὸν
1046 1145 1399 1215 Ἀλέξανδρον
1429 1146 1594 1219 εἶχον,
1628 1152 1889 1220 χαλεπαί-

319 1245 505 1292 νοντες
551 1226 811 1301 ἦσανοὼς
849 1235 1192 1305 ὑϐρισμένοι*
1243 1241 1338 1293 καὶ
1384 1243 1621 1312 σπουδὴν
1651 1243 1890 1297 ἐτίθεντο

316 1318 379 1370 τὸ
413 1320 624 1390 Ἀρείου
661 1324 928 1392 κρατῦναι
963 1326 1163 1397 δόγμα.
1214 1330 1326 1382 Καὶ
1357 1332 1419 1400 6i;
1454 1333 1511 1385 ἐν
1541 1337 1604 1400 τῇ
1647 1333 1890 1387 Βιθυνῶν

316 1411 380 1461 τὸ
404 1411 505 1481 τῆς
541 1414 799 1497 ἀσεϐείας
849 1419 1325 1489 συγκροτήσαντες
1363 1424 1746 1495 ἐργαστήριον,
1778 1429 1892 1490 τοῖς

320 1501 425 1554 ἀνὰ
448 1503 548 1571 τὴν
596 1507 932 1578 οἰκουμένην
983 1511 1032 1563 oi
1081 1512 1211 1582 περὶ
1256 1513 1519 1568 Εὐσέϐιον
1566 1517 1893 1580 ἐπισκόποις

320 1592 596 1664 ἔγραψαν,
634 1597 853 1667 ’Ἄρειόν
883 1616 941 1653 τε
965 1602 1060 1655 καὶ
1087 1602 1215 1667 τοὺς
1260 1606 1380 1674 μετ’
1410 1607 1575 1659 αὑτοῦ
1607 1614 1891 1672 κοινωνίας

319 1684 548 1750 ἀξιοῦν’
594 1686 744 1744 ἐἶναι
781 1694 891 1763 γὰρ
941 1696 1125 1758 αὐτοῖς
1183 1697 1506 1770 ἐρρωμένην
1529 1700 1627 1771 τὴν
1679 1705 1806 1772 περὶ
1836 1702 1896 1755 τὸ

320 1777 500 1848 δόγμα
536 1780 717 1847 δόξαν*
746 1787 842 1839 καὶ
873 1785 1228 1858 Ἀλέξανδρον
1271 1789 1327 1840 δὲ
1372 1794 1541 1843 ταυτὸ
1572 1791 1730 1844 τοῦτο
1763 1791 1895 1861 δρᾶο

325 1887 417 1923 σαι
476 1874 954 1943 παρασκευάζειν.
1017 1879 1104 1942 Ὠς
1139 1878 1197 1933 δὲ
1231 1881 1385 1935 οὐδὲν
1434 1877 1597 1955 ἦττογ
1623 1885 1685 1936 τὸ
1728 1884 1898 1938 σπούι

323 1960 511 2031 δασμα
544 1965 695 2034 παρὰ
748 1967 976 2038 γνώμην
1027 1970 1329 2037 ἐξέϐαινεν,
1387 1949 1739 2047 Ἀλεξάνδρου
1782 1980 1894 2041 τοῖς
1921 1949 1969 2008 Β

324 2053 473 2117 ἅπαξ
503 2056 627 2108 κατ’
687 2058 903 2129 ’Δρεῖου
938 2061 1285 2133 δεδογμένοις
1334 2066 1686 2136 ἐμμένοντος,
1736 2073 1900 2125 ἀπει-

325 2145 443 2201 πὼν
496 2149 742 2221 Ἄρειος.
803 2153 1104 2225 πρεσϐείαν
1144 2157 1362 2211 ἔστελλε
1412 2160 1665 2233 Παυλίνῳ
1697 2180 1756 2216 τε
1805 2165 1900 2219 καὶ

325 2234 571 2306 Εὐσεϐίῳ
617 2239 694 2308 τῷ
730 2240 1040 2310 Παμφίλου,
1077 2246 1171 2297 καὶ
1217 2246 1541 2320 Πατροφίλιρ
1588 2249 1665 2319 τῷ
1698 2252 1899 2307 Σκυθο-

327 2327 561 2395 πόλεως,
597 2331 692 2383 καὶ
722 2336 851 2402 περὶ
873 2333 1115 2398 ὲκείναυς
1141 2339 1476 2408 συστήματι,
1504 2343 1898 2414 ἐπιτετράφθαι

326 2419 377 2470 οί
411 2422 510 2473 καὶ
546 2425 659 2486 τοῖς
698 2426 837 2494 ἀμφ’
867 2426 1052 2492 αὐτὸν,
1089 2430 1179 2483 τὸν
1227 2435 1359 2502 περὶ
1391 2433 1553 2488 αὑτὸν
1599 2437 1673 2498 ὡς
1707 2437 1903 2507 πρότε-

332 2528 422 2581 ρον
481 2514 867 2584 ἐκκλησιάζειν
916 2519 1082 2582 λαὸν,
1119 2515 1209 2575 οἷα
1254 2523 1319 2594 δὴ
1358 2527 1452 2578 καὶ
1481 2526 1578 2595 τὴν
1621 2525 1733 2580 τῶν
1768 2546 1902 2599 πρε-

332 2604 611 2677 σϐυτέρων
641 2607 795 2673 τάξιν
833 2611 895 2663 ἐκ
918 2612 1118 2665 πολλοῦ
1148 2612 1364 2685 ἔχοντα,
1393 2616 1548 2681 ἔθους
1574 2618 1638 2671 ἐκ
1670 2620 1902 2676 παλαιοῦ

332 2698 717 2767 κρατήσαντος
767 2702 861 2755 ἕνα
918 2704 1017 2773 μὲν
1047 2702 1186 2759 εἶναι
1227 2709 1319 2761 τὸν
1369 2710 1753 2765 κατὰ-πάντων
1786 2714 1904 2767 ἐπί⁴

335 2807 562 2857 σκοπον,
588 2795 711 2857 τοὺς
739 2796 796 2849 δὲ
829 2799 1241 2868 πρεσϐυτέρους
1298 2801 1436 2864 ίδίας
1468 2801 1567 2866 τὰς
1605 2804 1903 2875 ἐκκλησίας

334 2883 502 2952 ἔχειν,
542 2888 636 2939 καὶ
671 2886 760 2940 τὸν
796 2889 922 2942 λαὸν
959 2893 1137 2944 ἐκεῖσε
1175 2895 1513 2960 συνάγοντας
1549 2894 1903 2949 ἐκδιδάσκειν.

335 2977 485 3029 Οἱδέ
518 2977 770 3048 δέχονται
797 2980 896 3051 τὴν
946 2983 1268 3054 πρεσϐείαν·
1325 2986 1420 3038 καὶ
1469 2986 1527 3037 ἐν
1577 2986 1904 3058 Παλαιστίνῃ

338 3062 457 3131 μεθ’
489 3065 695 3136 ἑτέρων
724 3070 1028 3139 γενόμενοι,
1063 3074 1160 3141 τὴν
1208 3073 1423 3144 Ἀρείου
1454 3076 1672 3145 αἴτησιν
1702 3078 1913 3148 ἐκπλη-

341 3154 566 3224 ροῦσιν,
611 3159 904 3229 ἐγγράφως
944 3162 1334 3233 διαταξάμενοι
1391 3167 1647 3236 συνάγειν
1703 3170 1803 3239 μὲν
1833 3169 1929 3233 ὡς

2034 434 2061 463 ἢ

1156 460 1762 570 ecetssmsrtca
1811 460 2207 580 ntsrontxu
2248 514 2395 576 LIB.
2440 514 2611 577 VIII.
3016 564 3022 569 .
3202 544 3209 547 τ
3483 502 3553 566 50

2582 619 2805 677 CAPUT
2860 620 2953 676 XI.

1991 714 2067 767 De
2099 714 2311 785 synodis
2339 729 2434 785 pro
2450 714 2572 766 Ario
2601 714 2813 775 coactis.
2838 720 2888 785 et
2913 712 2976 785 φ
3001 709 3153 785 turba
3185 716 3238 785 et
3258 707 3566 777 confusione
3608 682 3611 685 Α

2272 781 2390 850 quo:
2417 785 2589 837 orbem
2614 790 2828 853 praptet
2844 781 3027 838 Arium
3069 781 3281 835 invasit.

2067 960 2215 1015 Tata
2270 970 2326 1014 et
2381 960 2466 1013 iali
2515 960 2891 1029 scripserunt,
2951 957 3219 1012 adversus
3274 956 3563 1012 veritatem

1993 1053 2194 1107 bellum
2228 1053 2599 1107 instituentes.
2632 1053 2926 1121 Postquam
2957 1061 3136 1106 autem
3174 1051 3270 1106 diu
3300 1050 3565 1105 multum-

1994 1160 2098 1214 que
2132 1146 2472 1208 scribentes,
2517 1144 2848 1213 persuadere
2880 1143 3192 1197 Alexandro
3231 1142 3378 1211 quod
3418 1142 3566 1195 vole-

1993 1238 2123 1290 bant
2169 1251 2279 1290 non
2326 1248 2590 1304 potuere,
2642 1234 2871 1303 perinde
2918 1244 3081 1304 atque
3142 1233 3342 1303 injuria
3384 1231 3565 1286 aliecti

1992 1337 2207 1393 essent,
2262 1343 2404 1397 aegre
2455 1327 2507 1382 id
2570 1328 2839 1393 ferentes,
2881 1341 3080 1395 magno
3111 1325 3294 1379 studio
3350 1324 3405 1378 in
3463 1323 3567 1376 hoc

1996 1420 2301 1474 incubuere
2329 1430 2389 1473 ut
2412 1420 2530 1473 Arii
2558 1418 2751 1489 dogma
2778 1418 3077 1473 obtineret.
3112 1417 3179 1471 Et
3210 1417 3269 1471 in
3295 1416 3568 1485 Bithynia:

1996 1512 2256 1579 primaria
2285 1512 2419 1565 urbe
2442 1550 2457 1573 ,
2491 1510 2792 1580 impietatis
2832 1510 3078 1564 instituta
3106 1508 3320 1563 ollicina
3343 1547 3357 1572 ,
3399 1507 3570 1562 Euse-

1996 1603 2119 1657 bius
2156 1603 2222 1657 ad
2254 1603 2550 1673 plerosque
2582 1602 2735 1657 orbis
2771 1601 3071 1657 Christiani
3103 1601 3395 1670 episcOpos
3419 1600 3571 1653 litte-

1998 1711 2084 1749 ras
2109 1696 2283 1759 dedit,
2316 1703 2374 1749 ut
2404 1695 2594 1749 Arium
2632 1703 3044 1762 sectatoresque
3072 1693 3190 1763 ejus
3224 1691 3291 1745 ad
3323 1705 3569 1745 commu-

1997 1788 2217 1843 nionem
2237 1787 2617 1842 admitterent.‘
2638 1786 2730 1840 Sic
2747 1784 2894 1839 enim
2919 1784 3189 1848 futurum,
3214 1794 3272 1838 ut
3291 1784 3566 1852 ingentem

1998 1878 2065 1934 de
2088 1878 2341 1948 dogmate
2363 1884 2838 1945 consequerentur
2866 1870 3116 1943 gloriam,
3146 1878 3201 1926 et
3231 1870 3565 1933 Alexandro,

1999 1981 2058 2025 ut
2102 1969 2246 2024 idem
2306 1950 2532 2034 iaceret,
2577 1977 2831 2022 auctores
2874 1965 3087 2020 tierent.
3123 1961 3286 2033 554
3314 1962 3382 2018 Ut
3432 1976 3566 2016 vero

1998 2063 2173 2117 nihilo
2200 2061 2373 2133 magis
2396 2068 2641 2133 coeptum
2660 2073 2852 2114 eorum
2880 2072 2947 2112 ex
2973 2054 3246 2111 sententia
3278 2053 3565 2122 processit,

1999 2155 2143 2226 quod
2172 2153 2480 2211 Alexander
2500 2155 2557 2208 in
2588 2132 2671 2208 eis
2705 2167 2827 2221 qua:
2856 2151 3023 2205 semel
3052 2148 3410 2209 decrevisset,
3440 2161 3570 2201 con-

2001 2257 2208 2303 stanter
2238 2254 2643 2318 perseveraret,
2675 2245 2963 2314 desperata
2993 2257 3057 2297 ea
3092 2257 3149 2296 rc
3183 2239 3348 2294 Arius
3397 2239 3570 2294 inter-

2001 2341 2224 2395 nuntios
2269 2340 2337 2394 ad
2368 2338 2691 2393 Paulinum.
2727 2345 2781 2389 et
2822 2333 3119 2390 Eusebium
3177 2331 3475 2401 Pamphili,
3515 2339 3573 2385 et

2002 2433 2375 2502 Patropbilum
2407 2429 2945 2500 Scythopolitanum,
2975 2436 3033 2481 et
3056 2424 3122 2479 ad
3157 2424 3373 2479 illorum
3407 2423 3575 2478 colle-

2000 2524 2149 2594 gium
2198 2523 2374 2583 misit.
2425 2530 2484 2575 ut
2533 2522 2636 2576 sibi
2696 2519 3174 2586 sectatoribusque
3233 2515 3346 2570 suis
3390 2514 3573 2584 populi

2003 2616 2088 2669 sui
2117 2615 2171 2670 in
2201 2614 2433 2669 ecclesia
2467 2612 2722 2683 cogendi,
2759 2610 2924 2666 sicuti
2965 2615 3125 2662 antea
3161 2605 3441 2668 fecissent,
3479 2619 3576 2672 po-

2006 2717 2173 2764 testas
2221 2707 2405 2770 lleret,
2458 2713 2689 2776 petens:
2722 2703 2925 2774 quippe
2974 2702 3069 2765 qui
3114 2700 3276 2770 longo
3313 2698 3429 2765 ipse
3461 2698 3572 2767 jam

2007 2811 2251 2869 tempore
2291 2797 2543 2854 ordinem
2582 2797 2878 2865 locumque
2919 2808 3078 2849 suum
3118 2792 3263 2846 inter
3292 2791 3579 2861 presbyte-

2009 2908 2099 2947 ros
2149 2892 2397 2951 haberet.
2456 2898 2512 2944 et
2561 2905 2629 2944 ex
2686 2884 3093 2943 consuetudine
3147 2882 3377 2952 antiqua
3432 2894 3578 2943 unus

2007 2983 2227 3054 quidem
2273 2982 2530 3036 omnibus
2580 2986 2841 3051 praeesset
2887 2978 3219 3047 episcolius,
3274 2971 3576 3043 presbyteri

2009 3085 2189 3129 autem
2234 3087 2362 3127 suas
2404 3071 2508 3140 ipsi
2549 3078 2804 3140 regerent
2839 3068 3138 3131 ecclesias,
3191 3074 3354 3136 atque
3400 3063 3453 3118 in
3495 3063 3578 3117 eis

2011 3163 2268 3233 populum
2306 3170 2693 3233 congregatum
2738 3176 2836 3230 pro
2865 3160 3143 3215 concione
3174 3160 3456 3212 docerent.
3495 3154 3576 3208 Illi

337 3251 610 3320 πρότερον
647 3255 895 3325 Ἀρειον,
940 3257 1275 3331 Ἀλεξάνδρῳ
1311 3276 1375 3330 γε
1406 3261 1515 3332 μὴν
1542 3262 1865 3316 ὑποκεῖσθαι
1891 3278 1905 3293 ο

2012 3256 2342 3326 legationem
2398 3255 2638 3309 hominis
2687 3252 3032 3322 suscipiunt,
3083 3264 3136 3307 et
3183 3266 3306 3307 cum
3357 3251 3480 3306 aliis
3522 3255 3577 3304 in

336 3342 549 3398 δεῖσθαι
594 3345 651 3399 δὲ
700 3349 795 3400 καὶ
827 3348 1129 3402 ἀντιϐολεῖν
1173 3351 1270 3421 τῆς
1314 3354 1526 3406 ἐκείνου
1561 3355 1909 3424 κατατυγχά-

336 3448 450 3483 νειν
477 3434 706 3504 εἰρήνης
729 3451 787 3488 τε
827 3436 918 3488 καὶ
951 3433 1222 3501 ἐνὼσεως.
1256 3440 1362 3492 Καὶ
1410 3439 1542 3510 ἄλλη
1573 3440 1618 3494 δ’
1658 3443 1714 3494 ἐν
1740 3441 1908 3509 Αἰγό-

337 3525 709 3593 πτῳσύνοδος
743 3527 881 3598 ὑπὲρ
902 3530 1111 3583 τούτων
1138 3532 1446 3586 συνίστατο.
1490 3534 1830 3604 Συνέπραττε
1851 3535 1908 3588 δὲ

339 3620 491 3687 αὑτῷ
521 3624 615 3676 καὶ
654 3622 912 3686 Μελίτιος
949 3624 1044 3701 καλ
1093 3626 1141 3677 οἱ
1177 3627 1303 3699 περὶ
1342 3619 1528 3693 αὐτὸν,
1566 3630 1614 3681 οί
1644 3629 1740 3697 τῆς
1787 3629 1908 3682 Ἐκ-

338 3709 574 3779 κλησίας
629 3712 735 3781 πρὸ
781 3711 1018 3782 βραχέος
1058 3716 1391 3785 σχισθέντες,
1428 3720 1520 3770 καὶ
1563 3720 1627 3787 τὰ
1675 3720 1910 3788 μέγιστα

342 3800 818 3885 συνελαμϐἇνοντο
855 3803 971 3871 ,ἆτε
998 3806 1062 3875 δὴ
1084 3809 1178 3860 καὶ
1210 3800 1357 3861 οὗτοι
1382 3811 1566 3874 κακῶς
1588 3812 1721 3883 πρὸς
1762 3812 1912 3866 Ἀλέ-

341 3891 571 3962 ξανδρον
598 3894 957 3962 διακείμενοι.
1011 3896 1105 3962 Τίς
1144 3898 1201 3951 δὲ
1228 3900 1255 3950 ὁ
1297 3901 1553 3965 Μελίτιος
1594 3901 1744 3966 οὗτος
1770 3903 1911 3973 φθά-

246 4053 260 4064 .
340 3989 507 4055 νομεν
547 3986 851 4057 εἰρηκότες.
898 3989 1029 4052 Τοῖς
1066 3990 1122 4044 δέ
1160 3992 1282 4045 κατ’
1331 3994 1607 4062 Λίγυπεον
1656 3996 1747 4049 καὶ
1791 4001 1912 4063 ταῖς

341 4079 668 4146 ἅπανταχοῦ
724 4080 1041 4151 ἐκκλησίαις
1063 4082 1460 4156 διασπαρείσης
1496 4089 1593 4156 τῆς
1624 4088 1910 4156 αἱρέσεως,

343 4170 459 4240 ἔρις
495 4172 554 4221 ὲν
586 4171 842 4231 ἑκάστοις
888 4172 1099 4243 ἄμαχος
1152 4176 1496 4247 ἀνηγείρετο.
1544 4177 1602 4231 Ὀ
1637 4179 1692 4231 δὲ
1726 4181 1941 4243 κοινὸς

341 4262 500 4331 ὄχλος
531 4262 733 4332 κρίνων
760 4258 828 4332 ἦν
861 4263 927 4317 τὰ
959 4264 1204 4319 τοιαῦτασ
1243 4269 1337 4320 καὶ
1377 4269 1467 4322 ἐπ’
1504 4271 1709 4342 ἀγορᾶς
1748 4272 1919 4343 προῦο

342 4372 548 4420 κειντο,
599 4355 708 4408 τῶν
757 4357 859 4426 μὲν
907 4358 1106 4422 τοῖσδε,
1151 4360 1260 4413 τῶν
1297 4361 1343 4414 δ’
1372 4362 1600 4427 ἐκείνοις
1631 4366 1918 4431 προστιθε-

345 4449 529 4516 μένων
561 4449 653 4500 καὶ
688 4450 1144 4519 ἐπικλινομὲιων.
1185 4452 1475 4523 Τραγῳδίαι
1508 4471 1565 4506 τε
1609 4458 1699 4507 καὶ
1741 4455 1916 4522 γέλως

343 4540 608 4609 ἄντικρυς
654 4541 723 4593 τὰ
762 4539 1018 4611 δρώμενα
1069 4539 1240 4615 ἦσαν.
1286 4546 1359 4598 Οὐ
1391 4546 1500 4615 γὰρ
1548 4546 1915 4615 ἀλλόγλωσσοι

2014 3349 2301 3406 Palaestina
2327 3348 2752 3409 convenientes,
2791 3345 3228 3416 petitionemque
3256 3344 3378 3414 ejus
3404 3342 3580 3397 adim-

2016 3445 2230 3515 plentes
2257 3483 2273 3508 ,
2323 3442 2607 3498 decretum
2652 3442 2705 3495 in
2740 3439 3003 3509 scriptum
3050 3436 3337 3507 referunt:
3390 3436 3579 3490 Arium

2015 3538 2260 3609 quidem,
2285 3544 2344 3591 ut
2365 3544 2548 3600 antea,
2571 3542 2875 3590 conventus
2902 3546 3099 3601 cogere
3120 3546 3281 3600 posse
3304 3548 3316 3584 :
3345 3529 3584 3584 Alexan-

2016 3631 2114 3685 dro
2147 3639 2328 3685 autem
2358 3628 2637 3684 subditum
2668 3642 2818 3689 esse,
2853 3625 3251 3695 deprecarith
3282 3633 3336 3678 ut
3372 3625 3581 3693 suppli-

2017 3739 2144 3779 care
2173 3723 2221 3777 ei
2245 3763 2258 3787 ,
2302 3737 2410 3790 quo
2443 3722 2496 3775 in
2532 3720 2772 3790 gratiam
2816 3718 3189 3788 unionemque
3233 3718 3355 3788 ejus
3391 3730 3584 3786 perve-

2020 3821 2139 3873 nire
2171 3826 2373 3887 posset,
2403 3814 2628 3869 debere.
2664 3812 2769 3868 Sed
2801 3822 2855 3868 et
2887 3811 2988 3866 alia
3016 3827 3233 3881 quoque
3266 3812 3317 3864 in
3356 3808 3585 3880 {Egypto

2020 3907 2264 3979 synodus
2284 3907 2392 3960 hac
2420 3906 2487 3958 de
2518 3919 2575 3959 re
2605 3913 2745 3957 acta.
2779 3901 2911 3956 Ario
2951 3900 3191 3955 Melitius
3214 3900 3380 3954 etiam
3410 3908 3583 3953 secta-

2024 4011 2277 4071 toresque
2312 3998 2557 4069 ejusdem
2586 3998 2857 4058 faverunt,
2900 4008 3139 4062 eumque
3173 3993 3406 4046 traxime
3433 3993 3587 4062 juve-

2024 4101 2151 4144 runt
2177 4108 2189 4143 :
2223 4090 2313 4159 qui
2339 4099 2395 4143 et
2422 4087 2526 4157 ipsi
2553 4102 2663 4140 non
2691 4086 2764 4139 ita
2795 4083 3005 4154 pridem
3035 4083 3103 4137 ab
3137 4082 3375 4136 Ecclesia
3405 4081 3585 4135 desci-
3674 4100 3677 4103 ·

2023 4193 2252 4248 verant,
2288 4191 2349 4237 et
2386 4182 2527 4235 male
2573 4194 2700 4249 erga
2741 4177 3112 4231 Alexandrum
3145 4174 3371 4229 animati
3404 4184 3587 4229 erant.

2010 4278 2156 4346 ‘Qnis
2184 4286 2369 4332 autem
2396 4273 2635 4328 Melitius
2661 4273 2760 4326 iste
2790 4270 2977 4331 fuerit,
3001 4273 3108 4340 jam
3134 4278 3293 4322 antea
3322 4267 3584 4320 diximus.

2024 4370 2292 4425 Czeterum
2331 4365 2523 4420 haeresi
2558 4365 2661 4418 hac
2694 4377 2790 4432 per
2819 4359 3109 4431 Egyptum
3141 4367 3195 4412 et
3223 4358 3353 4413 alibi
3385 4359 3587 4427 passim

2026 4465 2078 4518 in
2111 4460 2361 4518 ecclesiis
2388 4459 2634 4527 vulgata,
2679 4454 2968 4509 dissidium
3000 4454 3203 4523 ubique
3243 4451 3591 4522 implacabile

2028 4556 2321 4610 excitatum
2372 4560 2476 4606 est.
2528 4549 2591 4603 Et
2624 4549 2818 4617 vulgus
2860 4547 3129 4617 judicium
3166 4561 3354 4600 earum
3403 4559 3590 4599 rerum

343 4635 464 4696 ταῖς
488 4627 811 4707 ξκκλησίαις
862 4638 1290 4707 ἐπεστράτευον,
1337 4638 1451 4691 ἀλλ’
1479 4641 1779 4710 όμοδίαιτοι
1824 4644 1910 4696 καὶ

2023 4643 2427 4698 sihisumcbat.
2480 4640 2759 4711 Agebatur
2811 4640 2877 4693 de
2926 4638 3013 4692 his
3067 4637 3285 4707 publice
3338 4637 3391 4689 in
3445 4634 3590 4692 foro.

344 4726 621 4792 ὁμόφυλοι
670 4727 793 4779 κατ’
833 4727 1083 4797 ἀλλήλων
1129 4729 1452 4793 ὡπλίζοντο,
1483 4734 1600 4793 ταῖς
1649 4732 1923 4800 γλώσσαις

345 4812 437 4870 οἷα
466 4818 661 4888 δόρασι
693 4819 991 4889 χρώμενοι·
1031 4822 1122 4873 καὶ
1152 4820 1244 4873 ὑπ’
1283 4822 1530 4891 ἀλλήλων
1567 4825 1925 4894 κατησθίοντο

346 4912 595 4965 ἕκαστοι.
625 4911 716 4976 Εἷς
746 4911 1003 4964 τοσοῦτον
1024 4911 1068 4964 δ’
1090 4912 1319 4975 ἀτοπίας
1343 4915 1552 4985 προέϐη
1586 4917 1646 4968 τὸ
1671 4919 1924 4987 πρᾶγμα,

345 5004 423 5064 ὡς
458 5003 694 5070 δημοσίᾳ
743 5004 799 5054 ἐν
846 5003 1187 5071 καταγέλωτι
1250 5004 1317 5057 τὰ
1366 5006 1455 5057 τοῦ
1499 5007 1928 5078 Χριστιανισμοῦ

346 5097 659 5148 ἐκκεῖσθαι.
679 5096 964 5159 Νεανικῶς
984 5097 1092 5166 γὰρ
1110 5096 1646 5168 διαπληκτιζόμενοι,
1670 5100 1924 5171 πρέσϐεις

348 5184 625 5243 ἔστελλον,
663 5185 848 5237 ὁποῖον
896 5185 1004 5237 τῶν
1058 5187 1243 5256 μερῶν
1280 5187 1500 5256 μείζονα
1551 5190 1924 5259 περιαθροίσει

350 5280 443 5330 τὶν
471 5275 751 5344 σύλλογεν.
780 5277 1089 5346 Γρᾶμματα
1136 5279 1180 5330 δ’
1231 5280 1451 5332 ἐναντία
1490 5282 1619 5350 παρ’
1672 5281 1926 5346 ἑκάστοις

350 5371 693 5437 ἐπέμποντο.
725 5368 799 5430 ὠς
826 5371 1054 5421 πλεῖστα
1080 5372 1171 5422 καὶ
1209 5370 1553 5441 Ἀλέξανδρον
1581 5374 1672 5425 καὶ
1704 5375 1767 5425 Ἀ
1781 5390 1924 5441 ρειον

352 5463 475 5522 ταῖς
508 5462 801 5531 σφετέραις
847 5461 1029 5525 δόξαις
1085 5466 1430 5531 συναγαγεῖν·
1480 5465 1554 5525 ὡς
1599 5464 1658 5529 ἐξ
1694 5466 1923 5521 ἐκείνων

355 5559 451 5604 καὶ
484 5552 580 5616 τὰς
611 5552 737 5620 ἑξῆς
768 5553 1010 5624 αἱρέσεις
1062 5552 1380 5625 Ἀρειανῶν,
1434 5555 1805 5627 Εὑνομιανῶν,
1832 5559 1926 5612 καὶ

354 5650 498 5703 ὅσων
529 5646 728 5711 ἄλλων,
776 5647 877 5719 τὴν
925 5648 1195 5719 πρόφασιν
1245 5648 1344 5719 τῆς
1399 5651 1709 5714 συστάσεως
1758 5654 1923 5723 ἐσχηο

355 5741 532 5797 κέναι.

2021 4736 2145 4792 aliis
2172 4736 2239 4790 ad
2266 4736 2429 4800 hanc,
2452 4733 2574 4787 aliis
2597 4731 2663 4786 ad
2693 4732 2838 4785 illam
2866 4739 3078 4800 partem
3106 4728 3274 4793 animi
3302 4725 3592 4781 all’cctione

2024 4828 2446 4884 inclinantibus.
2484 4826 2673 4895 anue
2707 4838 2895 4878 rerum
2942 4820 3113 4876 facies
3151 4821 3323 4874 risum
3371 4832 3594 4887 prorsus

2026 4923 2403 4993 tragicumque
2435 4919 2711 4990 prazbehat
2739 4916 3143 4987 spectaculum.
3174 4911 3458 4982 Siquidem
3485 4924 3593 4963 non

2029 5014 2302 5085 peregrini
2341 5023 2396 5067 et
2444 5011 2670 5065 advena:
2720 5007 2994 5063 Ecelesias
3039 5004 3462 5076 oppugnabant,
3497 5003 3592 5057 sed

2026 5108 2174 5160 cives
2209 5120 2271 5159 ac
2303 5102 2537 5167 tribules
2564 5100 2885 5171 quotidiana
2926 5096 3323 5152 consuetudine
3356 5094 3500 5147 inter
3534 5108 3594 5148 se

2028 5197 2329 5267 conjuncti.
2366 5196 2572 5250 bellum
2604 5193 2921 5247 intestinum
2948 5189 3233 5259 gerebant,
3260 5185 3465 5255 linguis
3493 5200 3593 5255 pro

2030 5290 2201 5344 hastis
2238 5296 2490 5351 utentes,
2532 5293 2586 5340 et
2620 5285 2833 5353 seipsos
2877 5282 3113 5335 invicem
3156 5278 3497 5333 mordentes.
3533 5278 3595 5332 In

2026 5395 2145 5435 eam
2180 5394 2309 5433 sane
2337 5376 2720 5446 indignitatem
2749 5387 2836 5426 res
2861 5371 3058 5436 evasit,
3089 5378 3149 5425 ut
3183 5370 3401 5441 publice
3428 5368 3595 5424 Chri-

2029 5469 2349 5523 stianismus
2388 5464 2455 5519 ad
2499 5465 2680 5518 locum
2717 5470 2772 5516 et
2807 5460 3109 5516 ludibrium
3136 5459 3396 5514 omnibus
3422 5473 3594 5527 expo-

2032 5563 2170 5616 situs
2215 5567 2383 5612 esset.
2435 5556 2762 5611 Juveniliter
2814 5568 3053 5622 namque
3105 5552 3250 5607 inter
3293 5567 3351 5607 se
3402 5552 3599 5607 decer-

2034 5664 2267 5717 tantes,
2310 5650 2611 5721 legationes
2671 5645 3222 5707 circummittebant,
3292 5653 3412 5699 utra
3474 5661 3600 5714 pars

2036 5748 2293 5817 majorem
2336 5742 2403 5797 ad
2433 5758 2490 5795 se
2520 5739 2867 5811 pertraheret
2895 5739 3178 5792 hominum
3207 5736 3595 5807 frequentiam.

356 5834 423 5887 Et
475 5835 897 5905 quamplurima:
955 5833 1235 5904 epistolae,
1297 5834 1441 5889 inter
1496 5852 1554 5891 se
1643 5841 1955 5906 contraria,
2002 5841 2201 5911 passim
2257 5834 2761 5890 tuittebantur‘ab
2817 5834 2901 5886 cis
2949 5831 3044 5903 qui
3094 5831 3180 5884 vel
3226 5830 3596 5885 Alexandrum

359 5927 441 5981 Vcl
488 5929 681 5982 Arium
734 5928 1090 5997 opinionibus
1169 5929 1281 5983 suis
1328 5931 1581 5985 assentiri
1634 5933 1948 6001 cupiebant.
1992 5934 2151 6005 555
2194 5933 2347 5989 Unde
2393 5930 2690 5998 deinceps,
2739 5943 2861 5996 qua:
2937 5935 3142 5979 secuta:
3176 5934 3307 5977 sunt
3359 5923 3599 5979 hiet-eses
3686 5908 3691 5914 ’

364 6022 722 6087 Arium-um,
764 6020 1259 6089 Eunomianorum,
1302 6031 1356 6079 et
1393 6023 1437 6079 si
1469 6038 1587 6088 quae
1615 6035 1742 6080 sunt
1779 6027 1916 6087 (Illic.
1960 6027 2172 6082 diesistii
2204 6037 2256 6081 et
2293 6022 2717 6082 conflictationis
2745 6018 3091 6075 occasionem
3122 6030 3431 6085 sumpsere.
