4034 6606
475 423 536 489 rt
1650 396 2121 493 ~Ntcurnom
2161 431 2506 495 CALLlS’l‘I
3659 429 3730 497 δε

1059 538 1286 595 CAPUT
1329 538 1444 595 XII.

472 625 535 684 Ut
563 625 937 682 Constantinus
961 631 1144 683 audita
1174 629 1425 686 Ecclesia!
1437 634 1788 691 contentione.
1824 634 2043 688 (Iasium

538 698 838 760 Hispanum
898 699 954 752 in
995 697 1262 756 Orientem
1301 704 1519 768 miserit,
1570 705 1640 757 ad
1703 705 2042 759 concordiam

447 801 452 805 -
537 771 676 823 inter
703 769 1009 824 dissidentes
1029 771 1445 828 conciliandam:

538 948 671 1015 Quae
694 951 977 1007 contentio
1002 967 1127 1007 cum
1151 952 1218 1006 ad
1243 953 1595 1024 imperatoris
1616 969 1837 1024 quoque
1862 956 2042 1009 aulam

469 1043 836 1111 pervenisset,
879 1059 989 1098 non
1020 1045 1398 1111 mediocriter,
1433 1062 1497 1101 ea
1531 1046 1740 1112 audita,
1776 1048 2035 1103 laudatis-

468 1137 638 1189 simus
689 1145 975 1204 permotus
1020 1146 1105 1192 est
1159 1146 1327 1207 atque
1374 1138 1615 1193 indoluit
1663 1140 1941 1209 princeps.
1975 1139 2044 1193 Et

467 1227 619 1293 gravi
667 1227 719 1279 in
764 1227 952 1282 animo
984 1238 1256 1298 concepto
1300 1245 1572 1297 maerore,
1605 1230 1887 1301 propriam
1918 1246 2041 1285 eam

370 1354 379 1363 ς
471 1316 754 1387 reputavit
794 1333 917 1374 esse
964 1321 1352 1375 calamitatem.
1383 1321 1684 1379 Confestim
1726 1338 1859 1393 ergo
1890 1322 2044 1377 (lam-

471 1425 612 1464 mam
666 1426 954 1467 accensam
998 1414 1387 1484 exstinguere,
1434 1424 1491 1472 et
1536 1431 1701 1486 quam
1752 1417 2041 1473 celerrime

469 1500 737 1555 malorum
760 1502 969 1558 fontem
992 1504 1257 1560 obturare
1278 1505 1516 1562 studuit.
1542 1507 1849 1564 Verebatur
1871 1509 2041 1570 enim,

467 1593 613 1662 quod
677 1611 855 1664 nuper
912 1595 1210 1651 admodum
1268 1597 1461 1666 religio
1517 1599 1704 1669 vigere
1758 1600 2037 1671 cmpisset.

469 1687 673 1769 multos
704 1688 977 1759 ejusmodi
1008 1690 1333 1756 opinionum
1369 1691 1716 1749 dissensione
1748 1694 2041 1756 adductos.

470 1778 631 1834 fidem
665 1790 1017 1838 aversaturos
1055 1798 1197 1839 esse.
1243 1784 1429 1854 Itaque
1464 1784 1666 1842 litteris
1704 1787 1946 1858 scriptis,
1986 1799 2043 1843 et

465 1871 656 1926 Arium
693 1882 749 1929 et
785 1873 1158 1929 Alexandrum
1204 1876 1536 1947 obiurgans,
1568 1878 1705 1933 vitio
1747 1882 1831 1934 eis
1872 1881 2043 1935 vertit
2082 1918 2121 1973 Β

467 1966 633 2032 quod,
658 1982 781 2037 quae
811 1969 986 2024 latere
1016 1972 1287 2041 potuerit,
1314 1973 1684 2042 quaestionem
1710 1973 1767 2028 in
1799 1975 2043 2031 medium

465 2060 754 2116 attulerint
780 2080 796 2117 ι
822 2072 878 2118 et
898 2063 1068 2118 nimia
1092 2064 1160 2119 ad
1184 2066 1633 2122 contendendum
1652 2066 2040 2132 inclinatione.

465 2170 529 2209 ea
564 2170 849 2228 perperam
883 2159 1182 2230 vulgarint,
1221 2176 1344 2231 quae
1374 2178 1554 2232 neque
1591 2178 1833 2229 movere,
1863 2180 2046 2235 neque

468 2264 697 2317 prorsus
732 2249 788 2304 in
820 2251 1065 2306 animum
1097 2253 1415 2319 admittere,
1452 2266 1547 2310 aut
1576 2266 1747 2323 certe,
1782 2257 1826 2312 si
1867 2258 2046 2312 admi-

467 2340 690 2408 sissent,
725 2343 947 2399 silentio
984 2356 1187 2417 tegere,
1225 2362 1405 2415 neque
1432 2349 1507 2404 ita
1544 2350 1687 2404 inter
1725 2365 1847 2406 sese
1877 2351 2046 2406 dissi-

466 2433 637 2501 dere,
678 2438 932 2506 quamvis
978 2438 1086 2493 illis
1131 2448 1246 2495 tum
1287 2440 1355 2495 de
1399 2440 1653 2511 dogmate
1692 2458 1804 2497 non
1838 2457 2044 2499 conve-

468 2527 636 2593 niret,
661 2527 1008 2586 debuissent.
1042 2530 1301 2587 Omnium
1340 2535 1544 2603 quippe
1580 2535 1815 2592 maxime
1849 2552 2045 2593 neces-

467 2621 673 2675 sarium
698 2637 870 2677 unum
897 2638 1019 2680 esse
1045 2627 1280 2695 putavit,
1308 2636 1368 2681 ut
1389 2626 1457 2681 de
1481 2627 1666 2683 divina
1694 2628 2044 2699 providentia

467 2717 902 2783 consentiamus,
945 2727 1004 2774 et
1029 2732 1223 2775 omnes
1257 2719 1506 2775 eamdem
1538 2720 1700 2777 ﬁdem
1731 2738 2041 2780 servemus.

473 2805 755 2877 Exquisite
777 2824 910 2864 vero
930 2808 1000 2865 de
1022 2810 1293 2881 ejusmodi
1320 2811 1486 2867 rebus
1516 2812 1815 2882 inquirere,
1844 2826 2048 2870 secun-

466 2899 659 2955 darum
687 2916 806 2958 esse
836 2904 1098 2973 partium.
1127 2903 1283 2971 Quod
1318 2906 1363 2960 si
1394 2906 1665 2976 ambigua:
1693 2918 2043 2979 emergerent

465 2992 787 3059 sententiae,
830 2996 1039 3052 rectius
1087 3012 1182 3052 eas
1226 2997 1281 3051 in
1330 2997 1647 3053 recessibus
1681 3001 1883 3053 mentis
1918 3009 2041 3053 tan-

2748 549 3000 603 ΚΕΦΛΛ.
3038 548 3142 604 IB'.

2165 636 2261 704 Ὡς
2291 638 2564 706 ἀκούσας
2611 637 2724 703 τὴν
2777 637 2887 705 τῆς
2943 638 3309 705 Ἐκκλησίας
3340 637 3468 709 ἔριν
3501 640 3536 693 ὁ
3562 641 3730 709 ,Κωτ-

2224 710 2568 775 σταντῐνυς,
2625 709 2836 764 "Ocior
2886 710 2995 762 τὸν
3044 708 3340 763 ἰσπανὸν
3370 707 3483 774 είς
3513 707 3629 775 τὴν
3656 707 3732 762 ἕω

2224 778 2610 834 ἀπέστελλεν
2636 781 2724 845 είς
2756 778 3091 849 διαλλαγὰς
3110 776 3383 849 χωρῆσαι
3419 776 3546 844 τοῖς
3579 794 3728 834 ora-

2225 847 2561 909 σιάζουσιν.

2234 963 2391 1027 Ἐπεὶ
2420 962 2475 1015 δὲ
2520 964 2553 1034 ἡ
2586 963 2701 1032 ἔρις
2732 962 2864 1032 ἄχρι
2897 963 2995 1017 καὶ
3025 961 3136 1017 τῶν
3185 959 3480 1033 βασιλείων
3514 960 3727 1030 ἐφοίτα,

2150 1055 2211 1106 οὐ
2257 1055 2494 1124 μετρίως
2539 1055 2879 1126 ὲδυσφόρησε
2928 1053 3228 1118 διακούσας
3281 1055 3310 1107 δ
3367 1052 3729 1124 πανεύφημος

2154 1144 2429 1215 βασιλεύς.
2480 1146 2789 1218 Περιαλγὴς
2820 1147 2876 1200 δὲ
2924 1147 3025 1217 τὴν
3073 1146 3255 1218 ψυχὴν
3298 1147 3614 1216 γενόμενος,
3656 1146 3734 1198 oi-

2152 1239 2309 1294 κείαν
2341 1239 2626 1307 ἐλογίσατο
2658 1240 2947 1311 συμφοράν
2968 1256 2984 1271 ·
3020 1240 3118 1294 καὶ
3149 1237 3503 1310 παραχρῆμα
3537 1236 3729 1293 σϐέσαι

2153 1335 2254 1401 τὴν
2281 1334 2668 1402 ἀναπτομένην
2714 1332 2888 1400 φλόγα
2921 1332 3162 1399 σπουδὴν
3209 1331 3471 1396 ἐποιεῖτο,
3501 1331 3597 1381 καὶ
3628 1328 3731 1398 τὴν

2156 1423 2265 1477 τῶν
2288 1424 2473 1476 κακῶν
2495 1424 2569 1486 ὡς
2600 1425 2763 1494 τάχος
2784 1424 3063 1494 ὲμφρείξαι
3093 1424 3298 1493 πηγήν.
3326 1422 3438 1476 Καὶ
3463 1421 3570 1491 γὰρ
3591 1418 3730 1492 ᾤετο

2152 1517 2488 1586 προσφάτως
2532 1516 2633 1588 ἤδη
2684 1518 2783 1587 τῆς
2823 1515 3123 1586 θρησκείας
3164 1513 3351 1579 αὔξειν
3393 1512 3724 1583 ἀρχομένης,

2152 1608 2384 1671 πολλοὺς
2416 1612 2481 1681 τῇ
2523 1608 2796 1681 διαφωνία
2822 1607 2922 1678 τῆς
2965 1607 3124 1678 δόξης
3168 1606 3595 1677 ἀποστραφῆναι
3625 1604 3729 1674 τὴν

2154 1697 2339 1750 πίστιν
2368 1712 2383 1728 °
2424 1698 2518 1750 καὶ
2545 1700 2799 1768 γράφων,
2836 1698 2896 1751 ιν
2931 1695 3132 1759 αίτίαις
3172 1695 3343 1748 ιτίθει
3369 1696 3467 1748 καὶ
3507 1694 3729 1765 Ἄρειον

2152 1791 2250 1843 καὶ
2300 1789 2674 1859 Ἀλέξανδρον,
2719 1787 2997 1855 ἐγκαλῶν,
3044 1782 3128 1852 οἷς
3179 1787 3493 1859 δυναμένην
3540 1786 3731 1840 λαθεῖν

2152 1883 2381 1954 ζήτησιν
2419 1877 2559 1952 ἦγον
2587 1882 2667 1944 είς
2708 1880 2877 1950 μέσον
2903 1896 2917 1910 ⁸
2954 1880 3049 1935 καὶ
3077 1882 3144 1951 τῇ
3187 1881 3332 1950 ἄγαν
3370 1877 3462 1933 τοῦ
3493 1878 3730 1947 φιλονει-

2154 1976 2272 2028 κεῖν
2300 1972 2644 2045 μετακλίσει,
2675 1972 2950 2044 παράγειν
2975 1971 3014 2027 ἃ
3047 1974 3188 2042 μήτε
3217 1973 3389 2026 κινεῖν
3421 1970 3552 2033 ἔδει,
3586 1970 3729 2042 μήτε

2149 2067 2251 2137 τὴν
2287 2068 2466 2138 ἀρχὴν
2497 2065 2856 2137 ινθυμεῖσθαι
2880 2081 2895 2096 ·
2939 2068 3035 2120 καὶ
3074 2064 3502 2138 ἐνθυμηθέντας,
3545 2063 3727 2133 σιωπῇ

2149 2156 2457 2226 κρύπτειν·
2492 2158 2618 2229 μηδ’
2667 2156 2840 2219 οὕτως
2883 2157 3130 2228 ἀλλήλων
3188 2155 3635 2224 ἀποδιίστασθαι,
3677 2157 3727 2209 εί

2148 2249 2243 2303 καὶ
2274 2250 2416 2312 τέως
2446 2249 2575 2315 περί
2600 2265 2659 2303 τε
2689 2247 2786 2302 τοῦ
2814 2248 3087 2319 δόγματος
3113 2248 3489 2320 διαφέρονται.
3513 2247 3588 2302 Τδ
3616 2248 3728 2320 γὰρ

2147 2343 2447 2409 ἀναγκαῖον
2486 2341 2546 2394 ἒν
2578 2338 2745 2405 εἶναι,
2777 2342 2912 2412 περὶ
2951 2341 3054 2411 τῆς
3098 2341 3251 2405 θείας
3291 2341 3554 2412 προνοίας
3589 2359 3731 2411 συμ-

2147 2435 2350 2503 φωνεῖν
2382 2433 2615 2498 πάντας,
2647 2435 2745 2489 καὶ
2776 2434 2878 2506 τὴν
2912 2433 3086 2504 αὐτὴν
3118 2437 3309 2506 τηρεῖν
3340 2437 3551 2491 πίστιν.
3577 2436 3652 2489 To
3680 2435 3729 2489 δ’

2147 2526 2528 2597 ἀκριϐολογεῖν
2562 2525 2695 2598 περὶ
2741 2527 2852 2581 τῶν
2900 2526 3163 2581 τοιούτων
3192 2528 3252 2581 ὲν
3305 2526 3546 2600 δευτέρῳ
3574 2529 3730 2582 τίθει»

2149 2618 2297 2675 σθαι.
2354 2619 2418 2674 El
2451 2620 2509 2674 δὲ
2560 2621 2660 2673 καὶ
2710 2619 3013 2690 ἀμφίϐολοι
3070 2620 3315 2691 γένοιντο
3359 2621 3604 2693 γνῶμαι.
3665 2622 3726 2675 ἐν

2145 2713 2445 2786 ἀπορρήτῳ
2485 2714 2586 2784 τῆς
2614 2711 2860 2775 διανοίας
2914 2713 3304 2784 ἑπηλυγάζειν.
3364 2714 3464 2767 Διά
3507 2730 3591 2768 τοι
3631 2714 3727 2768 καὶ

2144 2808 2245 2878 τῆς
2274 2806 2404 2880 περὶ
2452 2808 2526 2859 τὰ
2554 2805 2791 2861 τοιαῦτα
2826 2806 3028 2878 λέσχης
3058 2807 3136 2872 ὡς
3165 2803 3527 2880 ’πορρωτέρω
3565 2823 3723 2876 γενο-

2148 2901 2369 2972 μένους,
2391 2899 2462 2953 τὰ
2496 2900 2589 2955 ίσα
2618 2902 2840 2970 φρονεῖν
2866 2900 3117 2956 ὑπετίθει
3138 2917 3153 2933 ο
3185 2902 3448 2972 ἄχθεσθαι
3476 2902 3586 2972 γὰρ
3610 2902 3724 2966 τοῖς

2143 2993 2412 3058 τοιούτοις
2446 2993 2522 3057 ὡς
2569 2993 2821 3048 πλεῖστον
2845 3010 2861 3025 ο
2891 2994 2988 3048 καί
3017 3011 3082 3064 γε
3120 2993 3401 3067 προύργου
3440 2994 3729 3066 τιθέμενον

466 3100 632 3156 (liram
684 3084 743 3140 in
787 3087 1025 3155 umbra,
1075 3089 1211 3160 regi.
1261 3087 1609 3159 Quapmpter
1656 3098 1717 3144 ut
1761 3103 1792 3143 a
1842 3089 2043 3146 talibus

2148 3088 2240 3143 καὶ
2275 3086 2374 3151 τὰς
2401 3087 2545 3142 κατά
2579 3088 2680 3157 τὴν
2711 3088 2787 3141 ἒω
2816 3087 3006 3152 πόλεις
3040 3087 3176 3142 ίδεῖν
3204 3089 3304 3144 καὶ
3355 3088 3533 3161 αὐτὴν
3577 3086 3730 3143 Ἀλε-

465 3178 841 3235 contentionis
871 3181 1030 3250 nugis
1061 3182 1407 3249 alienissimi,
1437 3182 1579 3237 idem
1619 3184 1912 3247 sentirent,
1948 3199 2043 3240 eos

2148 3180 2432 3263 ξάνδρειαν
2486 3181 2588 3252 τὴν
2640 3180 2906 3253 τοιαύτην
2960 3179 3077 3252 ἔριν
3124 3180 3499 3236 καθίστασθαι
3548 3183 3726 3252 εμπο-

466 3279 553 3327 est
582 3271 902 3329 cohortatus
926 3291 939 3328 :
971 3289 1115 3345 aegre
1145 3274 1249 3330 sibi
1276 3291 1400 3331 esse
1424 3292 1587 3346 quam
1616 3278 1850 3333 maxime
1882 3286 2048 3333 tesla-
2072 3262 2118 3325 C
2149 3262 2279 3329 δῶν.

469 3375 589 3426 tus,
630 3365 882 3422 homines
924 3368 1062 3433 tales
1107 3381 1164 3424 et
1211 3369 1378 3425 urbes
1407 3368 1751 3437 Orientales,
1825 3371 2079 3441 quamvis
2118 3372 2488 3442 usu'publico
2525 3371 2581 3427 id
2609 3369 2922 3442 ﬂagitante,
2993 3371 3281 3444 ipsamque
3321 3368 3461 3425 adeo
3489 3369 3728 3424 Alexan-

466 3458 666 3521 driam,
696 3466 849 3514 tanto
870 3460 974 3516 sibi
1001 3461 1123 3531 ejus
1145 3461 1359 3519 dissidii
1380 3462 1781 3534 impedimento
1799 3463 2042 3536 objecta,
2085 3465 2292 3521 visere.

540 3554 690 3612 Talia
731 3555 981 3629 quaedam
1026 3558 1406 3629 objurgatione
1440 3566 1496 3613 et
1536 3558 1797 3615 suasione
1834 3569 2042 3629 tempe.-

470 3652 607 3715 r'ata,
656 3650 974 3706 Alexandro
1020 3658 1077 3705 et
1130 3650 1264 3705 Ario
1318 3649 1763 3725 sapientissimus
1813 3652 2041 3722 scripsit

467 3744 789 3814 imperator.
837 3744 1092 3800 Graviter
1131 3744 1298 3799 etiam
1345 3743 1639 3799 admodum
1691 3743 1845 3812 tulit,
1895 3745 2039 3814 quod

470 3835 741 3902 audisset,
772 3836 1040 3907 quosdam
1072 3837 1128 3893 in
1160 3835 1385 3893 Oriente
1416 3836 1616 3892 festum
1649 3836 1871 3892 Pascha:
1894 3837 2040 3892 diem

470 3947 581 3987 non
616 3930 812 3985 eodem
854 3939 1101 4001 tempore
1131 3945 1243 4002 quo
1273 3930 1515 4002 reliquos
1546 3947 1740 3988 omnes
1768 3931 2039 3987 Christia-

473 4040 606 4087 nos,
654 4024 982 4079 celebrare:
1021 4037 1230 4095 eosque
1276 4037 1401 4078 cum
1448 4022 1725 4094 singulare
1777 4023 2040 4093 quiddam

471 4119 577 4173 sibi
628 4132 931 4188 usurpare,
978 4127 1141 4188 atque
1172 4132 1202 4171 a
1234 4116 1513 4173 destinato
1546 4126 1783 4186 recepta:
1814 4117 1885 4170 ab
1919 4115 2043 4169 aliis

470 4210 890 4266 consuetudinis
941 4210 1193 4265 instituto
1238 4209 1537 4272 recedere,
1585 4220 1698 4264 tum
1744 4211 1911 4264 ferias
1948 4223 2043 4264 eas

469 4306 701 4360 .Indaico
728 4302 969 4374 quodam
1013 4317 1164 4357 more
1197 4318 1488 4373 peragere;
1522 4312 1861 4373 quapropter
1890 4302 2045 4356 fieret

474 4407 535 4452 ut
587 4407 695 4451 tam
740 4397 900 4452 Ianus
943 4404 997 4450 et
1039 4395 1212 4451 festus
1249 4395 1689 4451 Christianorum
1738 4406 2044 4450 conventus

473 4493 870 4546 obscuraretur
891 4528 905 4550 ,
942 4496 997 4544 et
1027 4488 1371 4544 dissensione
1401 4476 1817 4557 depravaretur.
1857 4487 2045 4557 Itaque

473 4582 911 4637 consentientem
949 4590 1149 4636 statum
1192 4580 1452 4635 Ecclesiis
1485 4579 1782 4635 conciliare
1824 4580 2039 4644 volens,

473 4676 638 4747 556
672 4682 901 4743 utraque
936 4674 994 4728 in
1036 4689 1095 4728 re
1133 4672 1386 4728 inhibere
1422 4672 1547 4726 mali
1581 4681 1898 4726 currentem
1939 4671 2043 4725 im-

475 4779 686 4834 petum.
723 4767 1040 4836 priusquam
1072 4765 1238 4821 latius
1277 4765 1342 4819 ad
1380 4766 1561 4835 plures
1601 4764 1954 4834 perveniret,
1983 4771 2040 4818 et

2221 3557 2465 3613 Τοιαῦτα
2518 3560 2582 3631 δή
2644 3577 2773 3614 τινα
2834 3558 3122 3631 σύμμικτα
3178 3560 3390 3633 μέμψει
3436 3558 3537 3614 καλ⁸
3584 3564 3728 3629 cup“

2144 3652 2308 3724 ϐουλῇ
2352 3651 2693 3725 Ἀλεξάνδρῳ
2740 3652 2839 3707 καὶ
2878 3654 3073 3723 Ἀρείῳ
3121 3654 3151 3706 ὁ
3182 3654 3465 3723 πάνσοφος
3512 3650 3724 3722 ἔγραφε

2145 3748 2427 3819 βασλεύς.
2468 3750 2609 3805 Δίαν
2656 3750 2715 3804 δὲ
2762 3749 3022 3821 χαλεπῶς
3069 3747 3236 3818 ἔφερε
3287 3744 3721 3814 πυνθανόμενος,

2143 3844 2239 3897 καί
2285 3859 2442 3905 τινας
2486 3842 2631 3896 κατὰ
2666 3845 2761 3914 τὴν
2793 3842 2868 3896 ιω
2907 3842 3006 3911 τὴν
3043 3841 3138 3894 τοῦ
3172 3839 3365 3908 Πάσχα
3415 3835 3609 3908 ἑορτὴν
3644 3834 3724 3906 μὴ

2144 3936 2237 3989 ἐπὶ
2279 3939 2410 4006 μιᾶς
2458 3937 2617 4006 ἄγειν
2662 3938 2898 4007 ἡμέρας,
2946 3934 3022 3999 ὡς
3069 3935 3195 3996 τοὺς
3230 3932 3427 3994 ἄλλους
3469 3931 3724 3994 ἅπαντας

2146 4028 2544 4100 Χριστιανούςο
2585 4029 2880 4099 διαφόρους
2922 4027 2970 4081 δ’
3009 4025 3265 4080 ἐντεῦθεν
3305 4022 3677 4079 καθίστασθαι
3704 4036 3718 4051 ⁸

2145 4125 2241 4178 καὶ
2269 4122 2348 4192 τῷ
2381 4122 2734 4191 ἁκοινωνήτῳ
2765 4121 2865 4190 μὲν
2899 4119 2975 4190 μὴ
3002 4116 3335 4184 διίστασθαι,
3368 4115 3465 4170 ἅτε
3489 4114 3548 4168 δὲ
3588 4114 3723 4167 Ἰου-

2144 4214 2480 4286 δαῖκὼτερον
2511 4212 2898 4276 ἐπιτελοῦντας
2937 4210 3094 4272 αὐτὸ.
3140 4208 3468 4279 συμϐαίνειν
3496 4206 3558 4259 τὸ
3588 4222 3719 4275 φαι-

2144 4309 2271 4379 δρὸν
2310 4308 2413 4377 τῆς
2439 4307 2805 4378 πανηγύρεως
2834 4304 3225 4376 ἀμαυροῦσθαι
3256 4305 3321 4373 τῇ
3354 4300 3593 4372 διχονοίᾳ
3623 4297 3720 4351 καὶ

2146 4401 2656 4455 καταϐλάπτεσθαι.
2711 4398 2821 4453 Καί
2863 4415 2928 4466 γε
2961 4399 3023 4450 es
3071 4396 3442 4451 ἀστασίαστον
3486 4395 3554 4463 τῇ
3600 4391 3721 4444 Ἐκ-

2146 4497 2348 4567 κλησίᾳ
2402 4493 2952 4564 πραγματευόμενος,
2993 4489 3292 4544 ἐσπούδασε
3322 4487 3390 4541 δι’
3431 4486 3719 4556 ἀμφότερα

2148 4586 2588 4658 προκαταλαϐεῖν
2624 4586 2723 4663 τὴν
2755 4584 2850 4639 τοῦ
2878 4583 3051 4637 κακοῦ
3082 4583 3287 4652 ῥύμην,
3326 4580 3455 4648 πρὶν
3487 4578 3567 4640 είς
3591 4575 3721 4628 πολ-

2145 4682 2271 4744 λοὺς
2310 4679 2494 4750 διαϐῇ,
2532 4679 2628 4731 καὶ
2662 4680 2723 4732 τὸ
2772 4677 3067 4741 στασιάζον
3106 4674 3440 4740 συναγαγεῖν
3484 4673 3565 4731 εὶς
3590 4669 3719 4739 ὀμό-

2146 4788 2317 4823 νοιαν.
2350 4769 2460 4822 Καὶ
2495 4768 2562 4837 δή
2593 4785 2715 4821 τινα
2738 4766 2847 4820 τῶν
2870 4765 3011 4835 ἀμφ’
3042 4764 3205 4816 αὐτὸν
3237 4761 3339 4833 βίῳ
3367 4780 3428 4816 τε
3460 4762 3555 4814 καὶ
3578 4760 3720 4824 λόγῳ

474 4840 799 4916 seditionem
840 4858 908 4915 ad
953 4858 1305 4912 concordiam
1342 4856 1607 4911 reducere
1637 4855 1872 4911 studuit.
1911 4855 2041 4925 Ejus

2148 4860 2416 4930 διάσημον
2448 4857 2617 4927 ἄνδρα
2649 4855 2825 4927 εὑρών
2849 4872 2864 4888 ³
2903 4854 3189 4923 διαϐόητον
3219 4852 3319 4923 μὲν
3353 4854 3456 4905 κάν
3484 4852 3595 4911 τοῖς
3629 4848 3722 4901 ἄ).-

474 4954 551 5008 rci
586 4955 786 5024 gratia,
822 4952 1003 5008 virum
1042 4961 1098 5006 et
1138 4952 1247 5005 vita
1283 4961 1340 5005 et
1379 4938 1630 5004 doctrina
1668 4949 1873 5018 insigni
1908 4962 2038 5018 prte-

474 5047 677 5112 ditum,
706 5046 798 5116 qui
829 5062 954 5101 cum
980 5046 1103 5103 aliis
1131 5045 1184 5099 in
1213 5046 1379 5099 rebus
1404 5045 1701 5114 praeclarus
1729 5050 1896 5104 esset,
1928 5051 2042 5096 tum

474 5144 529 5194 in
566 5141 768 5195 tuenda
810 5141 934 5195 ﬁdei
984 5139 1333 5211 professione
1366 5138 1532 5207 paulo
1576 5145 1739 5192 antea
1791 5151 2043 5206 magnam

476 5237 580 5292 sibi
614 5235 841 5306 gloriam
872 5243 1267 5313 comparasset,
1300 5233 1507 5302 quique
1542 5232 1595 5284 in
1632 5231 1869 5284 maxima
1897 5229 2040 5299 apud

474 5332 862 5399 imperatorem
886 5328 1239 5382 \eucratione
1256 5335 1312 5380 et
1340 5324 1548 5379 honore
1574 5322 1851 5394 principatu
1871 5331 2036 5386 esset,

468 5422 697 5476 nomine
746 5420 1011 5482 llusium,
1059 5418 1303 5473 civitatis
1347 5414 1619 5471 Corduba:
1667 5414 1719 5468 in
1770 5411 2032 5481 Hispania

471 5516 819 5584 episcopum,
839 5529 907 5571 ex
932 5511 1192 5568 omnibus
1214 5509 1578 5567 familiaribus
1600 5507 1716 5561 suis
1737 5506 2036 5567 delectum,

471 5622 594 5663 cum
637 5605 839 5662 litteris
881 5603 947 5658 ad
982 5618 1080 5659 eos
1114 5602 1209 5672 qui
1241 5602 1297 5656 in
1326 5600 1558 5672 Egypto
1607 5599 1751 5654 inter
1782 5612 1841 5652 se
1878 5596 2042 5650 dissi-

474 5700 682 5754 debant
708 5697 1090 5755 conciliandos
1112 5704 1169 5752 et
1188 5696 1254 5750 ad
1277 5694 1631 5751 concordiam
1657 5692 2037 5747 reducendos:

470 5802 529 5848 ει
560 5790 688 5846 item
736 5790 804 5846 ad
834 5806 931 5849 eos
960 5792 1053 5859 qui
1107 5790 1161 5845 in
1204 5789 1436 5847 Oriente
1478 5785 1747 5843 Ecclesiis
1793 5784 1917 5838 aliis
1980 5798 2041 5836 se

475 5883 723 5945 I‘Jschali
765 5884 855 5942 die
888 5884 1220 5942 celebrando
1254 5899 1362 5939 non
1405 5877 1931 5938 accommodabaut.
1973 5874 2039 5929 ad

2147 4953 2282 5015 λοις,
2316 4951 2418 5002 κάν
2450 4953 2571 5010 ταῖς
2602 4948 2742 5017 ὑπὲρ
2776 4947 2874 5015 τῆς
2914 4947 3152 5010 πίστεως
3182 4942 3495 5014 ὁμολογίαις
3536 4939 3721 5011 μικρῷ

2149 5046 2389 5115 πρόστὶεν
2418 5042 2861 5112 εὐδοκιμήσαντα
2881 5055 2895 5071 °
2931 5039 2997 5093 δι’
3028 5036 3211 5100 αἰδοῦς
3242 5036 3298 5089 δὲ
3327 5036 3419 5089 καὶ
3456 5034 3539 5088 ὅτι
3562 5033 3720 5085 πλεί-

2151 5158 2279 5206 στης
2308 5136 2412 5209 ἦγε
2438 5138 2603 5208 τιμῆς
2632 5137 2824 5190 τοῦτον
2860 5138 2887 5188 ὁ
2919 5132 3173 5205 βασιλεύς
3195 5150 3209 5164 ·
3251 5131 3427 5202 ὄνομα
3452 5127 3497 5182 δ’
3527 5127 3720 5197 ἐκείνῳ

2150 5230 2336 5293 "Octo;
2384 5225 2491 5299 ἦν·
2535 5228 2664 5297 μιᾶς
2708 5226 2766 5279 δὲ
2813 5226 2922 5279 τῶν
2970 5227 3029 5277 ὲν
3069 5222 3325 5292 Ἰσπανίᾳ
3364 5219 3575 5272 πόλεων
3620 5216 3721 5287 τὴν

2148 5321 2459 5391 ἐπισκοπὴν
2529 5318 2829 5388 ὲκὶηροῦτο
2859 5331 2874 5347 ⁸
2943 5314 3266 5384 Κουρδούϐη
3314 5311 3373 5365 δὲ
3426 5309 3720 5363 ἐκαλεῖτο·

2143 5410 2333 5464 τοῦτον
2385 5408 2524 5477 μετὰ
2572 5406 2921 5475 γραμμάτων
2952 5406 3066 5466 τοῖς
3103 5406 3161 5454 ἐν
3186 5403 3451 5470 Αἰγύπτῳ
3490 5397 3716 5451 στασιά-

2142 5504 2329 5569 ζουσιν
2378 5504 2635 5570 ἔπεμπε.
2687 5497 3023 5564 καταλλάξαι
3073 5513 3132 5549 τε
3191 5493 3287 5548 καὶ
3330 5493 3410 5553 είς
3456 5491 3709 5561 ὁμόνοιαν

2143 5597 2375 5664 ἀγαγεῖν
2395 5609 2408 5625 ⁸
2453 5594 2535 5647 Ετι
2564 5594 2620 5646 δὲ
2650 5597 2743 5646 καί
2777 5594 2888 5654 τοῖς
2935 5589 3064 5659 περὶ
3092 5590 3193 5659 τὴν
3221 5586 3416 5658 ἑορτὴν
3458 5587 3717 5654 διαφερο-

2149 5691 2333 5759 μένοις
2393 5689 2537 5740 κατά
2588 5687 2688 5756 τὴν
2735 5686 2810 5739 Em
2843 5684 2945 5752 τὴν
3002 5681 3328 5753 συμφωνίαν
3387 5676 3716 5750 βραϐεῦσαι.

2147 5781 2320 5849 Μέρος
2350 5780 2405 5830 δὲ
2435 5776 2510 5830 ὧν
2536 5777 2837 5847 ἐπεφέρετο
2856 5775 3226 5845 γραμμάτων,
3248 5772 3349 5826 οὐκ
3379 5772 3447 5826 ἂν
3469 5769 3539 5823 δι’
3557 5768 3716 5842 δχλου

2148 5876 2375 5942 γένοιτο,
2409 5873 2457 5925 εἴ
2483 5888 2544 5939 γε
2587 5874 2651 5940 τῇ
2698 5869 2991 5939 συγγραφῇ
3038 5865 3452 5938 παραθείημεν·
3503 5862 3564 5916 τὸ
3608 5863 3716 5934 γὰρ
