4062 6548
321 405 390 471 53
1201 406 1801 468 ECCLESlASTlCE
1844 404 2231 466 lllSTOthﬁ
2273 404 2420 465 LIB.
2464 403 2628 466 Vlll.
3498 393 3566 456 5's

318 521 523 588 πλῆρες
576 520 832 584 Εὐσέϐιος
861 523 915 574 ἐν
949 520 1025 590 τῷ
1058 523 1230 591 τρίτῳ
1275 523 1382 573 τῶν
1417 521 1554 592 πρὸς
1603 521 1895 574 Κωνσταν-

2004 518 2412 573 consentientes
2439 517 2726 572 nobiscum
2755 513 3112 570 czeremonias
3137 507 3561 582 pertrahendos,

316 613 459 663 τῖνον
492 611 721 681 βιϐλίων
745 613 1073 684 ἀνέγραψεν.
1113 615 1270 684 Ἔχει
1305 613 1360 666 δὲ
1389 613 1531 667 οὕτω
1553 630 1566 643 ·

1995 611 2165 666 misit.
2200 610 2532 666 Litterarum
2568 624 2758 664 earum
2793 615 3003 679 partem
3041 605 3282 675 aliquam
3325 618 3433 658 non
3477 602 3566 654 in-

315 708 670 761 commodum
717 707 886 762 fuerit
938 709 1043 763 hoc
1088 709 1211 764 loco
1264 708 1528 762 inserere.
1581 707 1883 778 Epistolam
1923 707 2072 761 enim
2137 712 2308 761 totam
2343 705 2617 761 Eusebius
2659 703 2802 760 libro
2887 702 3052 758 tertio
3093 716 3284 757 eorum
3330 714 3470 769 quos
3503 697 3572 752 de

317 795 686 856 Constantino
721 802 965 872 scripsit,
1003 802 1070 858 de
1112 801 1282 856 verbo
1311 792 1380 857 ad
1411 803 1639 871 verbum
1679 801 1888 857 retulit.
1928 799 2100 870 Cujus
2125 799 2304 869 capita
2331 799 2576 869 quaedam
2610 797 2690 853 sic
2722 796 2965 852 habent:

905 939 1159 995 ΚΕΦΑΛ.
1199 939 1298 995 ll".

329 1027 658 1097 Ἐπιστολὴ
689 1029 794 1083 τοῦ
825 1031 1146 1099 θεοφιλοῦς
1163 1031 1492 1095 βασιλέως,
1526 1030 1892 1098 Ἀλεξάνδρῳ

743 1099 844 1152 καί
874 1101 1066 1169 Ἀρείῳ
1091 1101 1452 1171 πεμφθεῖσα.

393 1231 412 1264 t
451 1213 702 1285 Νικήτης
741 1217 1184 1280 Κωνστανττνος.
1240 1217 1534 1287 μέγιστος,
1585 1218 1886 1282 σεϐαστος,

329 1305 449 1359 Ἀλε
461 1304 674 1376 ξάνδρῳ
696 1307 790 1361 καὶ
818 1309 1033 1379 ’Δρείῳ.
1069 1310 1343 1364 Μανθάνω
1368 1312 1579 1364 ἐκεῖθεν
1605 1310 1886 1381 ὐπῆρχθαι

316 1398 411 1451 τοῦ
446 1399 715 1469 παρόντος
741 1399 1056 1470 ζητήματος
1085 1401 1543 1474 τήνκκαταὸολήν.
1577 1404 1750 1457 Ὅταν
1779 1405 1889 1476 γὰρ

318 1489 408 1551 σὺ,
437 1482 483 1543 ὧ
520 1490 878 1560 Ἀλέξανδρε,
919 1493 1134 1562 ἐζήτεις
1173 1495 1322 1567 παρὰ
1345 1494 1456 1549 τῶν
1496 1496 1889 1566 πρεσϐυτέρων

322 1582 536 1652 μαθεῖν,
569 1581 626 1635 τί
657 1582 720 1651 δή
757 1599 891 1636 ποτε
937 1585 1048 1637 νοεῖ
1083 1583 1317 1650 ἕκαστος
1345 1587 1524 1640 αὐτῶν
1569 1588 1712 1658 ὑπέρ
1744 1607 1888 1655 τινος

317 1675 489 1727 τόπου
517 1675 627 1727 τῶν
661 1675 716 1728 ὲν
747 1675 898 1745 νόμῳ
927 1678 1338 1750 γεγραμμένων
1358 1697 1375 1712 ο
1411 1681 1612 1749 μᾶλλον
1653 1682 1709 1735 δὲ
1749 1682 1890 1756 ὑπέρ

271 1785 298 1800 ε-
316 1783 466 1829 τινος
503 1768 741 1836 ματαίου
775 1769 1092 1840 ζητήματος
1121 1772 1324 1843 μέρους
1350 1774 1643 1828 πυνθάνοιο
1666 1791 1681 1806 ο
1712 1775 1777 1828 σύ
1804 1793 1888 1844 τε,

2584 937 2812 993 CAPUT
2853 936 2994 992 Xlll.

1998 1032 2244 1105 Epistola
2271 1032 2432 1087 Deum
2459 1030 2725 1105 diligentis
2744 1029 3096 1105 imperatoris,
3114 1029 3185 1084 ad
3211 1027 3576 1084 Alexandrum

2555 1112 2602 1154 et
2631 1103 2818 1158 Arium
2849 1103 3029 1157 missa.

2075 1235 2093 1268 ι
2131 1215 2316 1272 Victor
2344 1215 2757 1282 Constantinus,
2792 1214 3083 1280 Maximus,
3111 1215 3409 1284 Augustus,
3445 1215 3570 1270 Δίου

1999 1309 2213 1364 xandro
2237 1318 2292 1363 et
2316 1308 2468 1362 Ario.
2494 1308 2827 1374 Quaestionis
2863 1307 3152 1378 praesentis
3198 1306 3485 1361 exordium
3543 1323 3574 1362 a

1999 1400 2160 1455 vobis
2187 1399 2393 1454 isthinc
2415 1397 2692 1453 exstitisse
2720 1397 2988 1469 intelligo.
3016 1397 3150 1450 Cum
3178 1397 3322 1451 enim
3352 1407 3430 1460 tu,
3453 1398 3578 1451 Alc-

1999 1492 2230 1556 xander,
2255 1507 2283 1546 a
2303 1489 2972 1562 presbyterisrequireres
2988 1488 3117 1559 quid
3136 1490 3370 1559 quisque
3386 1507 3578 1545 eorum

1996 1583 2232 1638 sentiret
2250 1582 2317 1637 de
2350 1582 2590 1651 quodam
2622 1582 2744 1636 loco
2766 1582 2925 1653 legis,
2957 1597 3052 1638 seu
3090 1585 3273 1652 potius
3300 1585 3367 1637 de
3389 1584 3577 1650 cujus-

1996 1675 2121 1729 dam
2167 1675 2336 1744 partis
2375 1674 2526 1730 inani
2571 1673 2880 1743 quaestione
2927 1673 3344 1745 interrogares:
3383 1682 3437 1728 ct
3485 1683 3577 1736 tu,

1997 1766 2128 1829 Ari,
2165 1766 2311 1835 quod
2345 1765 2424 1820 vel
2465 1781 2692 1837 prorsus
2733 1767 2792 1821 in
2821 1770 3070 1824 animum
3106 1783 3212 1822 non
3249 1766 3576 1830 admissum,

316 1849 364 1910 ὧ
398 1858 610 1930 Ἀρειε,
643 1860 786 1931 ὅπερ
826 1861 860 1933 ἢ
909 1863 1045 1932 μήτε
1088 1863 1188 1933 τὴν
1218 1863 1394 1936 ἀρχὴν
1433 1864 1834 1936 ἐνθυμηθῆναι,
1864 1867 1898 1936 ἢ

2004 1858 2090 1913 vel
2137 1867 2288 1914 certe
2333 1859 2635 1915 admissum
2672 1859 2898 1915 silentio
2942 1859 3263 1915 mandatum
3306 1861 3578 1930 oportuit.

316 1951 693 2022 ἐνθυμηθέντα
720 1960 900 2025 σιωπῇ
928 1955 1274 2026 παραδοῦναι
1305 1957 1586 2028 προσῆκον
1607 1954 1697 2028 ἦν,
1724 1960 1898 2029 ἀπρο-

317 2045 502 2108 όπτως
549 2047 884 2112 ἑντέθεικας,
917 2051 1018 2117 τῆς
1067 2051 1125 2102 ὲν
1164 2051 1295 2120 ὑμῖν
1332 2043 1602 2121 διχῖνοίας
1652 2052 1900 2123 ὲγερθεί-

318 2155 443 2206 σης,
489 2139 522 2208 ή
559 2139 662 2210 μὲν
695 2141 914 2204 σύνοδος
961 2142 1174 2214 ἠρνήθη
1204 2158 1218 2174 ·
1267 2144 1295 2196 δ
1324 2144 1381 2196 δὲ
1437 2144 1742 2212 ἀγιὼτατος
1771 2145 1899 2209 λαὸς

318 2232 402 2294 εἰς
430 2233 780 2303 ἀμφοτέρους
803 2234 1069 2304 σχισθ-εὶς,
1099 2237 1163 2288 ὲκ
1181 2235 1286 2305 τῆς
1305 2234 1404 2289 τοῦ
1431 2237 1614 2290 κοινοῦ
1645 2236 1898 2306 σώματος

318 2325 586 2394 ἁρμονίας
607 2325 883 2397 imptan
907 2343 921 2356 ο
953 2326 1154 2380 οὐκοῦν
1182 2327 1445 2400 ἑκάτερος
1493 2328 1650 2398 ὑμῶν
1690 2329 1751 2394 ἐξ
1777 2330 1894 2384 ίσου

317 2419 420 2488 τὴν
476 2419 707 2488 γνώμην
767 2417 1091 2491 παρασχὼν,
1147 2421 1284 2493 ὅπερ
1342 2422 1411 2477 ἂν
1459 2425 1487 2476 δ
1543 2422 1900 2496 συνθεράπων

321 2510 478 2577 ὑμῶν
507 2511 736 2574 δικαίως
770 2518 1040 2584 παραινῇ,
1073 2513 1322 2580 δέξασθε.
1356 2516 1422 2568 Τί
1450 2515 1508 2570 δὲ
1537 2515 1696 2570 τοῦτό
1725 2518 1896 2582 ἐστιν,

318 2601 446 2654 οὔτε
483 2604 698 2673 ἐρωτᾷν
746 2604 888 2675 ὑπὲρ
918 2605 1028 2657 τῶν
1057 2604 1322 2661 τοιούτω-ν
1355 2608 1587 2679 ὲεαρχῆς
1618 2609 1902 2679 προσῆκον

317 2685 409 2762 ἦν,
442 2688 569 2742 οὔτε
601 2690 957 2762 ιρωτώμενον
986 2694 1414 2765 ἀποκρίνασθαι.
1445 2696 1556 2758 Τάς
1584 2695 1696 2766 γὰρ
1721 2697 1903 2752 τοιαύ-

318 2797 419 2843 τας
448 2781 736 2851 ζητήσεις,
779 2782 984 2845 ὁπόσας
1011 2784 1072 2836 ού
1108 2785 1274 2854 νόμου
1304 2784 1452 2846 τινὸς
1475 2785 1691 2855 ἀνάγκη
1733 2802 1902 2854 προσ·

318 2873 530 2936 τάττει,
579 2872 698 2926 ἀλλ’
730 2875 1048 2945 ἀνωφελοῦς
1093 2876 1293 2947 ἀργίας
1343 2876 1632 2947 ἐρεσχελία
1677 2877 1900 2946 προστί-

321 2967 506 3036 θησιν,
554 2969 608 3021 εί
664 2968 760 3023 καὶ
810 2971 1052 3040 φυσικῆς
1112 2987 1256 3033 τινος
1313 2972 1628 3042 γυμνασίας
1687 2971 1903 3039 γένοιτο

321 3061 513 3125 ἕνεκα,
544 3063 698 3131 ὅμως
729 3063 1024 3132 ὀφείλομεν
1053 3064 1184 3118 εἵσω
1214 3064 1315 3134 τῆς
1342 3065 1584 3127 διανοίας
1611 3064 1899 3133 ἐγκλείειν,

2001 1951 2312 2022 improvide
2359 1953 2747 2022 respondendo
2778 1969 3088 2024 exponeres
3109 1994 3124 2018 ,
3157 1954 3398 2008 excitata
3436 1953 3580 2008 inter

1999 2061 2098 2101 vos
2131 2044 2482 2100 dissensione
2506 2087 2522 2109 ,
2552 2055 2869 2100 conventus
2901 2046 3123 2116 quidem
3160 2047 3422 2101 solemnis
3456 2047 3581 2114 qui-

1999 2137 2228 2196 busdam
2257 2137 2582 2207 denegatus,
2615 2139 3007 2194 sanctissimus
3037 2148 3220 2194 autem
3255 2139 3489 2210 populus
3521 2140 3578 2193 in

1999 2239 2182 2298 partes
2214 2229 2446 2293 scissus,
2475 2229 2787 2284 communis
2817 2231 3069 2298 corporis
3096 2239 3222 2299 apta
3258 2240 3314 2284 et
3344 2245 3580 2283 consen-

2001 2322 2172 2378 tiente
2214 2322 2418 2377 unione
2449 2322 2671 2376 excidit.
2713 2321 2904 2391 Itaque
2954 2333 3188 2393 uterque
3235 2333 3479 2377 vestrum
3511 2338 3579 2376 ex

1999 2429 2157 2484 aquo
2204 2415 2540 2470 sententiam
2587 2414 2929 2484 aninumque
2977 2414 3458 2478 animadvertetis.
3510 2417 3577 2470 ad

1999 2509 2146 2579 quod
2192 2524 2288 2564 vos
2326 2523 2631 2563 conservus
2669 2517 2726 2562 et
2765 2508 2976 2578 collega
3013 2518 3197 2562 vester
3227 2508 3474 2578 legitime
3515 2525 3579 2564 ac

1995 2603 2142 2672 juste
2167 2601 2498 2658 cohortatus
2523 2602 2713 2664 fuerit,
2744 2601 2798 2656 id
2827 2601 3118 2669 suscipiat.
3147 2601 3286 2667 Quid
3317 2617 3450 2656 vero
3476 2601 3581 2657 hoc

2001 2697 2178 2766 ipsum
2211 2696 2334 2750 est?
2362 2695 2554 2766 Neque
2581 2694 2923 2766 interrogare
2954 2693 3022 2748 de
3047 2695 3320 2765 ejusmodi
3357 2697 3522 2750 rebus
3549 2712 3578 2749 a

2001 2788 2296 2859 principio,
2325 2802 2504 2858 neque
2538 2788 2934 2857 interrogatum
2967 2788 3333 2858 respondere.
3360 2805 3579 2860 aequum

2001 2894 2138 2942 erat.
2164 2886 2514 2956 Ejuseemodi
2543 2887 2687 2941 enim
2713 2884 3068 2955 quaestiones.
3093 2899 3229 2952 quas
3256 2899 3366 2938 non
3398 2885 3580 2952 aliqua

2001 2980 2140 3049 legis
2167 2988 2223 3034 et
2259 2980 2547 3050 religionis
2579 2988 2781 3034 nostra:
2823 2978 3129 3033 necessitas
3173 2978 3444 3047 injungit.
3484 2981 3578 3031 sed

2003 3072 2196 3127 inanes
2232 3073 2443 3127 inutilis
2477 3072 2578 3127 otii
2619 3085 2777 3142 nugae
2803 3069 3125 3140 proferunt,
3165 3069 3382 3124 etiamsi
3418 3078 3582 3124 natu-

322 3154 421 3208 καὶ
451 3155 531 3225 μή
561 3155 872 3227 προχείρως
897 3159 984 3221 είς
1013 3156 1282 3230 δημοσίας
1321 3159 1576 3221 συνόδους
1619 3158 1897 3229 ἐκφέρειν,

2004 3165 2134 3222 ralis
2177 3165 2413 3235 alicujus
2452 3162 2908 3220 excercitationis
2951 3161 3124 3232 gratia
3173 3169 3580 3232 PrOpOnantur,

325 3247 464 3318 μηδὲ
507 3251 631 3312 ταῖς
672 3251 890 3303 πάντων
937 3254 1132 3316 ἀκοαῖς
1182 3253 1539 3325 ἀπρονοήτως
1595 3252 1896 3307 πιστεύειν.

323 3343 497 3403 Πότος
527 3343 640 3415 γάρ
676 3346 825 3398 ἐστιν
876 3347 1132 3414 ἕκαστος,
1179 3346 1322 3401 ὥστε
1357 3349 1703 3421 πραγμάτων
1754 3347 1899 3400 οὕτω

327 3435 584 3502 μεγάλων
645 3437 741 3490 καὶ
796 3437 918 3492 λίαν
975 3441 1256 3511 δυσχερῶν
1307 3441 1606 3512 δύναμινή
1663 3441 1796 3513 πρὸς
1839 3441 1899 3495 τδ

323 3529 556 3598 ἀκριϐὲς
596 3531 854 3592 συνιδεῖν,
887 3532 922 3603 ςή
965 3535 1085 3586 κατ’
1124 3533 1282 3601 ἀξίαν
1321 3534 1706 3606 ἑρμηνεύσαις
1752 3535 1814 3587 El
1841 3534 1900 3588 δὲ

326 3625 425 3675 καὶ
458 3625 622 3678 τοῦτο
650 3627 827 3678 ποιεῖν
861 3644 945 3690 τις
973 3626 1216 3697 εὐχερῶς
1255 3628 1566 3699 νομισθείη,
1602 3628 1768 3682 πόσον
1802 3628 1900 3698 μέ-

328 3731 425 3784 ρος
452 3716 552 3770 τοῦ
585 3717 763 3788 δήμου
795 3718 1014 3783 πείσει;
1054 3721 1124 3772 Ἢ
1153 3720 1236 3784 τίς
1273 3721 1333 3784 δς
1358 3723 1478 3784 ταῖς
1505 3721 1615 3776 τῶν
1639 3720 1901 3775 τοιούτων

325 3809 643 3877 ἀκριϐείαις
677 3810 783 3875 ἔξω
814 3812 913 3881 τῆς
943 3811 1290 3866 ἐπικινδύνου
1323 3812 1775 3883 παρολισθήσεως
1807 3815 1903 3867 ἀν-

324 3901 590 3970 τισταίης
647 3903 862 3957 Οὐκοῦν
915 3905 1176 3970 ἐφεκτέον
1226 3905 1286 3958 ἑν
1333 3908 1447 3968 τοῖς
1494 3905 1758 3971 τοιούτοις
1805 3909 1902 3975 τὴν

326 3987 694 4055 πολυλογίαν·
728 3990 814 4042 ἵνα
861 3992 1058 4059 μήπως
1090 3992 1120 4062 ἡ
1163 3991 1322 4062 ήμῶν
1361 3992 1620 4047 ἀσθένεια
1672 3994 1769 4063 τῆς
1802 3994 1904 4062 φύ-

329 4096 490 4146 σεως,
525 4080 587 4132 τὸ
616 4079 882 4151 προτεθὲν
915 4081 1254 4152 ἑρμηνεῦσαι
1285 4084 1360 4154 μὴ
1410 4083 1771 4154 δυνηθέντων,
1807 4084 1840 4154 ἢ
1869 4086 1901 4154 ή

328 4172 439 4224 τῶν
487 4172 899 4241 διδασκομένων
955 4174 1244 4243 ἀκροατῶν
1303 4174 1612 4246 βραδυτέρα
1661 4176 1901 4240 σύνεσις,

331 4268 470 4336 πρὸς
492 4267 698 4336 ἀκριϐῆ
733 4267 827 4319 τοῦ
860 4265 1120 4337 ῥηθέντος
1140 4267 1448 4337 κατάληψιν
1475 4268 1657 4322 ἐλθεῖν
1687 4269 1760 4339 μὴ
1790 4287 1904 4339 χω-

332 4359 640 4428 ρησάντων,
674 4358 826 4420 αὖθις
857 4358 917 4423 ἐξ
941 4360 1205 4428 ἑκατέρου
1230 4359 1457 4424 τούτων,
1486 4361 1517 4433 ἢ
1548 4361 1904 4433 βλασφημίας

329 4448 362 4517 ἢ
409 4449 730 4518 σχίσματος,
775 4451 854 4512 είς
886 4451 1133 4520 ἀνάγκην
1163 4453 1190 4504 ὁ
1231 4451 1402 4522 δῆμος
1437 4455 1757 4525 περισταίη.
1787 4455 1905 4507 Διό-

2008 3267 2189 3312 tamen
2217 3257 2357 3312 intra
2388 3257 2574 3312 abdita
2607 3256 2810 3312 mentis
2843 3265 3046 3310 nostrae
3076 3256 3387 3318 continere,
3419 3253 3582 3325 557

2005 3367 2188 3421 neque
2221 3352 2306 3406 vel
2338 3350 2496 3406 facile
2536 3351 2602 3404 in,
2635 3349 2888 3420 publicos
2916 3355 3226 3404 conventus
3253 3346 3581 3416 producere,

2009 3444 2096 3499 vel
2152 3443 2370 3498 incaute
2419 3442 2667 3498 omnium
2720 3441 2953 3496 auribus
2999 3440 3238 3495 credere
3291 3439 3580 3494 debemus.

2007 3537 2222 3606 Quotus
2265 3537 2413 3592 enim
2456 3537 2693 3606 quisque
2737 3544 2824 3592 est
2868 3533 2962 3605 qui
3013 3550 3101 3590 res
3150 3535 3224 3588 ita
3263 3548 3489 3604 magnas
3526 3543 3584 3588 et

2011 3629 2259 3684 didiciles
2301 3629 2595 3685 admodum
2639 3635 2734 3682 aut
2775 3637 2926 3684 certo
2957 3627 3311 3698 perSpicere,
3344 3633 3439 3680 aut
3476 3626 3582 3679 rite

2007 3738 2286 3792 exponere
2319 3723 2526 3792 queat?
2563 3720 2720 3788 Quod
2759 3720 2806 3776 si
2841 3719 2967 3789 quis
3004 3718 3058 3774 id
3098 3718 3202 3774 sibi
3239 3717 3421 3773 facere
3457 3733 3583 3786 prn-

2009 3812 2151 3868 clive
2179 3827 2303 3868 esse
2339 3811 2542 3876 ducat,
2573 3810 2665 3866 eui
2701 3810 2843 3881 parti
2883 3809 3058 3879 plebis
3091 3808 3146 3864 id
3187 3808 3584 3880 persuadebit?

2009 3902 2120 3957 Aut
2159 3903 2286 3972 quis
2326 3902 2542 3956 tandem
2575 3902 2711 3965 erit,
2763 3903 2856 3971 qui
2890 3910 3079 3955 contra
3125 3902 3263 3956 tales
3307 3911 3581 3974 tantarum

2009 4010 2197 4048 rerum
2229 3995 2473 4063 argutias
2493 4005 2548 4049 et
2576 3994 2916 4050 subtilitates
2938 3994 3059 4049 sine
3089 3995 3398 4063 periculoso
3426 3993 3580 4062 lapsu

2011 4085 2316 4140 consistet?
2351 4084 2525 4150 Quam
2560 4086 2630 4139 ob
2671 4101 2785 4138 rem
2828 4085 3128 4140 inhibenda
3168 4095 3246 4139 est
3288 4084 3341 4138 in
3381 4083 3586 4138 talibus

2011 4183 2312 4252 disputatio
2360 4181 2595 4252 longior,
2643 4197 2713 4236 ne
2760 4198 2872 4252 quo
2913 4181 3113 4248 modo,
3148 4181 3196 4236 si
3241 4182 3326 4238 vel
3372 4183 3586 4236 natura:

2012 4287 2214 4334 nostra:
2247 4277 2602 4332 imbecillitas
2638 4275 2784 4342 quod
2819 4276 3162 4345 propositum
3201 4275 3274 4330 sit
3305 4291 3585 4345 exponere

2011 4386 2123 4425 non
2150 4369 2327 4424 valeat
2353 4386 2368 4423 :
2398 4369 2482 4422 vel
2509 4367 2838 4422 discentium
2867 4367 3182 4420 auditorum
3210 4365 3468 4420 ltebetius
3501 4365 3583 4418 in-

2012 4465 2235 4535 genium
2276 4461 2330 4518 id
2373 4459 2522 4530 quod
2562 4459 2836 4530 exquisite
2865 4459 3077 4515 dictum
3113 4459 3186 4516 sit
3221 4460 3439 4528 assequi
3473 4474 3584 4512 non

330 4559 441 4612 περ
493 4544 588 4595 καὶ
640 4543 909 4614 ἐρώτησις
965 4544 1404 4614 ἀπροφύὶακτος,
1461 4551 1554 4600 καὶ
1607 4549 1900 4618 ἀπόκρισις

2011 4557 2220 4627 possit,
2267 4555 2321 4610 in
2370 4554 2599 4609 alterius
2643 4553 2915 4620 istorum,
2960 4552 3315 4622 blasphemia
3346 4551 3584 4614 scilicet,

332 4635 696 4706 ἀπρονόητος,
747 4637 848 4708 τὴν
905 4637 1027 4708 ίσην
1077 4637 1339 4708 ἀλλήλαις
1388 4639 1776 4692 ἐπιδιδύτωσαν
1822 4639 1908 4709 ἐφ’

332 4728 584 4798 ἑκατέρῳ
610 4731 964 4799 συγγνώμην.
1007 4731 1141 4783 oste
1166 4731 1275 4798 γὰρ
1305 4731 1444 4799 ὑπὲρ
1480 4731 1572 4784 τοῦ
1604 4733 1907 4800 κορυφαίου

331 4818 442 4872 τῶν
476 4820 536 4871 ὲν
572 4819 652 4889 τῷ
679 4821 830 4890 νόμῳ
862 4823 1346 4892 παραγγελμάτων
1377 4825 1508 4893 ἡμῖν
1534 4824 1746 4896 ἐξήφθη
1773 4825 1909 4895 πρό·

333 4927 524 4979 φασις,
583 4913 708 4966 οὐδὲ
762 4916 923 4984 καινή
971 4932 1055 4978 τις
1114 4916 1241 4985 ὑμῖν
1281 4917 1422 4987 ὑπὲρ
1456 4917 1555 4988 τῆς
1615 4917 1706 4970 τοῦ
1768 4917 1904 4971 Θεοῦ

335 5004 638 5072 θρησκείας
695 5003 908 5074 αἴρεσις
965 5006 1338 5076 ἀντεισήχθη·
1369 5009 1490 5062 ἀλλ’
1540 5009 1636 5061 ἕνα
1691 5010 1906 5062 καὶτὸν

333 5097 495 5150 αὑτὸν
523 5096 678 5166 ἔχετε
709 5098 991 5166 λογισμὸν,
1028 5100 1219 5169 ὥσπερ
1246 5103 1308 5155 τὸ
1338 5103 1436 5173 τῆς
1467 5108 1752 5168 κοινωνίας
1781 5104 1907 5160 σύν-

333 5187 509 5258 θημα.
548 5189 735 5259 Ὑμῶν
783 5193 892 5261 γὰρ
947 5195 1006 5245 ἐν
1065 5193 1318 5265 ἀλλήλοις
1369 5196 1511 5267 ὑπὲρ
1559 5199 1772 5268 μικρῶν
1813 5201 1905 5252 καὶ

333 5279 467 5350 λίανί
491 5282 797 5352 ἐλαχίστων
837 5275 1315 5355 φιλονεικούντων,
1371 5290 1622 5344 τοσοῦτον
1668 5292 1760 5344 τὸν
1810 5291 1904 5345 τοῦ

334 5372 471 5424 Θεοῦ
527 5374 658 5426 λαὸν
707 5377 829 5440 ταῖς
887 5378 1182 5448 ὑμετέραις
1243 5379 1521 5434 ίθύνεσθαι
1589 5385 1784 5452 φρεσὶν
1843 5385 1904 5436 ού

336 5463 604 5534 προσήκει
632 5466 723 5519 διὰ
765 5470 826 5521 τὸ
855 5469 1120 5540 διχονοεῖν
1148 5488 1162 5503 ο
1200 5472 1319 5526 ἀλλ’
1367 5473 1491 5526 οὕτε
1545 5475 1754 5546 πρέπον
1783 5475 1905 5529 οὔτε

333 5555 470 5621 ὅλως
503 5555 730 5629 θεμιτὸν
762 5557 906 5617 εἷναι
949 5565 1285 5621 πιστεύεται.
1321 5567 1441 5621 Ἵνα
1485 5567 1541 5622 δὲ
1577 5569 1758 5641 μικρῷ
1803 5588 1907 5623 πα-

337 5647 668 5717 ραδείγματι
693 5651 794 5720 τὴν
823 5652 1099 5725 ὑμετέραν
1128 5657 1346 5710 σύνεσιν
1392 5657 1713 5728 ὑπομνήσω,
1743 5661 1902 5728 λέξω.

340 5736 486 5793 Ἴστε
513 5739 579 5810 δὴ
637 5744 732 5795 καὶ
764 5745 894 5807 τοὺς
934 5747 1263 5816 φιλοσόφους
1318 5750 1534 5813 αὐτοὺς.
1573 5751 1648 5815 ὡς
1687 5753 1766 5805 ἐνὶ
1808 5757 1904 5819 μὲν

341 5834 574 5895 inmte;
616 5835 850 5907 δόγματι
900 5841 1278 5898 συντίθενται·
1314 5844 1568 5908 «quam;
1601 5847 1652 5899 δὲ
1693 5849 1746 5899 ἓν
1793 5865 1898 5903 τινι

2011 4659 2106 4704 aut
2129 4648 2445 4704 schismatis
2473 4654 2638 4716 atque
2663 4645 2902 4711 dissidii,
2935 4645 3322 4701 necessitatem
3348 4644 3585 4716 populus

2010 4742 2239 4798 incidat.
2271 4741 2462 4810 Itaque
2491 4748 2548 4794 et
2575 4738 2936 4809 interrogatio
2961 4738 3184 4794 incauta
3217 4747 3272 4794 et
3295 4741 3586 4808 responsio

2011 4834 2317 4905 improvida
2348 4848 2563 4902 aequam
2604 4832 2710 4888 sibi
2742 4833 2978 4888 invicem
3013 4832 3066 4886 in
3100 4841 3334 4902 utroque
3365 4833 3582 4887 veniam

2011 4927 2338 4983 concedant.
2380 4927 2569 4996 Neque
2595 4927 2747 4982 enim
2787 4926 2855 4982 de
2896 4924 3176 4996 praecipuo
3215 4924 3404 4994 aliquo
3444 4924 3584 4994 legis

2009 5025 2213 5073 nostra;
2262 5025 2538 5088 prmcepto
2597 5017 2946 5072 occasionem
3003 5016 3354 5072 concertandi
3425 5031 3579 5069 sum-

2009 5109 2232 5179 psistis,
2289 5124 2471 5179 neque
2515 5124 2718 5164 novum
2767 5109 2991 5180 aliquod
3036 5125 3066 5164 a
3115 5109 3274 5163 vobis
3323 5107 3391 5162 de
3427 5108 3579 5163 cultu

2011 5201 2110 5257 Dei
2166 5193 2626 5258 institutum'est
2675 5201 2990 5267 inductum,
3046 5202 3144 5258 sed
3201 5218 3364 5258 unam
3425 5219 3576 5258 eam-

2008 5294 2245 5366 demque
2320 5294 2539 5351 babetis
2615 5295 2951 5365 propositam
3029 5295 3342 5358 rationem.
3415 5296 3578 5350 sicuti

2009 5385 2416 5440 communionis
2462 5385 2629 5440 etiam
2681 5394 2968 5440 tesseram.
3005 5385 3074 5440 Et
3122 5401 3246 5439 cum
3296 5385 3364 5440 de
3416 5387 3583 5440 rebus

2009 5479 2258 5534 minimis
2295 5479 2441 5534 inter
2469 5493 2566 5533 vos
2602 5477 2950 5533 contentiose
2987 5478 3321 5543 decertetis,
3355 5478 3581 5532 minime

2010 5571 2256 5626 omnium
2284 5571 2459 5633 decet,
2484 5587 2580 5642 per
2608 5571 3012 5627 dissensionem
3039 5587 3136 5627 vos
3161 5581 3362 5628 tantam
3392 5570 3578 5640 populi

2009 5663 2104 5718 Dei
2171 5661 2584 5718 multitudinem
2642 5677 2743 5733 pro
2803 5661 3036 5718 arbitrio
3093 5673 3283 5718 vestro
3351 5661 3578 5717 ducere.

2008 5753 2163 5820 Quod
2194 5767 2372 5824 neque
2411 5753 2694 5819 decorum,
2731 5770 2908 5824 neque
2931 5771 3159 5826 prorsus
3187 5755 3268 5809 fas
3299 5769 3421 5809 esse
3447 5769 3576 5808 cre-

2007 5848 2174 5903 ditur.
2233 5845 2524 5912 Scdeuim,
2587 5857 2646 5903 ut
2697 5846 3044 5919 prudentiam
3102 5857 3342 5903 vestram
3402 5861 3559 5915 parvt
