4034 6570
469 379 530 414 ξπ

469 379 536 441 ἴῦ
1687 377 2054 439 ΝΙΟΕΙἮΟΓ

2159 376 2235 433 CA
2248 374 2496 433 LLISTI
3640 366 3706 427 56

462 493 715 562 exemplo
774 492 1307 557 commonefaciam,
1372 509 1482 547 non
1546 492 1814 564 ignoratis
1876 507 2031 555 sane,

2159 488 2243 541 ’ῶν
2280 490 2613 558 ἀποφάσεων
2654 488 2813 557 μέρει
2850 484 3214 553 δαφωνοῦσιν
3240 497 3253 515 ’
3304 484 3351 535 εί
3391 482 3483 534 καὶ
3512 485 3577 552 τῇ
3608 484 3706 549 τῆς

464 587 811 657 ρὶιίιοςοιιίιὶε
841 587 1006 641 etiam
1041 587 1175 654 ipsis
1204 587 1271 641 de
1302 602 1412 641 uno
1443 586 1703 640 omnibus
1733 586 2032 640 convenire

464 680 718 749 dogmate
742 721 756 745 ,
785 690 842 734 et
879 695 1121 748 persgcpe
1145 679 1370 733 eosdem
1409 682 1473 732 de
1514 688 1667 747 parte
1695 678 1878 745 aliqua
1908 692 2034 731 sena

466 772 764 826 tentiarum
794 780 891 824 aut
919 770 1169 824 brevium
1226 770 1496 824 dictorum
1531 768 1825 822 dissentire
1857 784 1871 821 :
1905 768 2033 821 scd-

459 866 611 921 enim
639 864 805 918 etiam
839 865 883 917 si
919 863 1160 917 scientiae
1191 863 1392 918 virtute
1425 863 1762 923 discordcnt,
1784 863 2034 931 corporis

472 968 650 1011 tamen
681 959 888 1012 unione
920 958 1063 1011 inter
1091 972 1150 1011 se
1177 957 1516 1026 conspirant.
1547 956 1701 1021 Quod
1740 957 1784 1010 si
1817 956 1922 1011 hoc
1954 958 2032 1011 sic

2141 587 2459 655 ἐπιστήμης
2484 585 2655 655 ἀρετῇ
2687 581 3042 651 διαφωνοῦσι,
3074 584 3140 651 τῇ
3182 583 3364 649 μέντοι.
3400 578 3492 632 τοῦ
3523 563 3709 648 σώμαί

2140 696 2230 739 τος
2262 677 2453 730 ἐνώσει
2500 675 2663 727 πάλιν
2697 677 2775 736 είς
2808 674 3074 742 ἀλλήλους
3120 673 3513 741 συμπνέουσιν,
3560 674 3618 723 Ei
3651 673 3707 723 δὲ

2142 770 2298 823 τοῦτό
2346 771 2486 832 ἐστι,
2520 768 2634 830 πῶς
2682 768 2743 818 οὐ
2800 765 2981 835 πολλῷ
3024 766 3367 834 δικαιότερον
3414 765 3559 834 ὑμᾶς
3613 763 3707 816 τοῦ

2147 864 2386 933 μεγάλου
2422 861 2557 913 Θεοῦ
2606 858 2944 927 θεράποντας
2991 857 3340 917 καθεστῶτας
3381 858 3438 909 ἐν
3484 857 3708 924 τοιαύτῃ

2146 956 2463 1027 προαιρέσει
2495 954 2814 1023 θρησκείας,
2843 950 3151 1020 ὁμοψύχους
3182 950 3432 1015 ἀλλήλοις
3464 945 3632 1009 εἷναις
3686 967 3702 995 ι

463 1048 652 1112 habet,
689 1051 965 1119 quomodo
994 1065 1103 1103 non
1136 1050 1307 1103 multo
1339 1049 1543 1118 justius
1574 1050 1762 1113 fuerit,
1808 1064 1926 1107 vos.
1971 1052 2065 1119 qui
2130 1050 2314 1120 magni
2347 1046 2441 1102 Dei
2476 1044 2714 1100 ministri
2755 1042 3041 1097 constituti
3083 1041 3215 1095 estis
3238 1084 3252 1107 ,
3287 1042 3340 1115 in
3383 1050 3544 1094 tantae
3581 1039 3696 1093 reli-

461 1144 642 1215 gionis
674 1144 929 1198 instituto
963 1144 1253 1197 unanimes
1282 1143 1428 1196 inter
1459 1158 1554 1197 vos
1580 1143 1733 1198 esse?

538 1258 556 1289 ι
584 1240 782 1294 Verum
810 1255 930 1310 age,
948 1239 1345 1294 deliberatione
1370 1241 1573 1310 majore
1595 1240 2035 1302 consideremus,

466 1342 521 1386 et
551 1331 885 1402 cOgitati'one
916 1331 1209 1401 prolixiore
1248 1331 1395 1401 quod
1429 1333 1633 1386 dictum
1666 1343 1752 1386 cst
1790 1331 2039 1385 animad-

468 1434 772 1489 vertamus,
803 1441 869 1483 an
903 1433 1050 1479 recte
1082 1434 1307 1494 propter
1334 1440 1535 1493 paucas
1562 1433 1615 1479 et
1647 1440 1813 1479 vanas
1843 1425 2039 1478 verbo-

469 1535 590 1573 rum
628 1521 770 1573 inter
810 1532 908 1572 vos
948 1520 1097 1574 rixas
1129 1519 1329 1573 fratres
1360 1517 1623 1573 fratribus
1653 1518 2038 1580 adversentur,

467 1621 522 1665 ct
557 1612 834 1665 solemnes
879 1620 1185 1666 conventus
1227 1612 1393 1682 impia
1436 1611 1781 1666 dissensione
1816 1626 1912 1679 per
1943 1626 2039 1664 vos

467 1712 843 1773 segregentur,
878 1703 972 1775 qui
1022 1703 1090 1757 de
1141 1705 1324 1773 parvis
1372 1703 1669 1757 admodnnt
1720 1712 1772 1757 et
1814 1703 2039 1757 minime

469 1797 802 1852 necessariis
862 1798 1028 1852 rebus
1081 1807 1269 1851 mutua
1319 1795 1675 1850 contentione
1721 1792 2037 1848 decertatis.

466 1887 632 1958 558
666 1889 921 1957 Vulgaria
968 1890 1083 1944 haec
1128 1897 1279 1953 sunt,
1316 1896 1374 1967 et
1408 1887 1713 1956 puerilibus
1762 1885 2043 1940 mentibus

468 1980 642 2050 magis
670 1982 1074 2045 convenientia,
1111 1996 1274 2050 quam
1303 1994 1587 2034 sacrorum
1611 1988 1663 2033 et
1686 1978 2040 2049 prudentium

468 2080 717 2132 virorum
754 2078 1033 2146 sapientia:
1069 2076 1448 2147 congruentia.
1485 2074 1824 2129 Decedamus
1859 2082 2042 2125 nostra

470 2178 666 2239 Sponte
691 2184 721 2222 a
748 2167 1034 2222 diabolicis
1060 2166 1481 2221 tentationibus.
1507 2165 1733 2234 Magnus
1760 2162 1876 2233 ipsc
1907 2162 2045 2215 lleus

472 2274 525 2314 ct
564 2261 811 2316 Salvator
853 2262 1099 2315 omnium
1148 2271 1393 2314 nostrum
1461 2272 1753 2312 commune
1789 2254 2047 2309 omnibus

475 2353 704 2422 protulit
745 2353 954 2416 lumen,
992 2368 1089 2422 per
1134 2354 1290 2423 cujus
1333 2350 1759 2421 providentiam,
1798 2356 2043 2417 coeptum

477 2445 583 2498 hoc
626 2445 785 2509 mihi,
822 2444 969 2500 illius
1010 2444 1182 2512 longe
1228 2442 1554 2513 potentioris
1602 2441 1804 2495 famulo
1839 2439 1938 2508 (l),
1977 2439 2047 2493 ad

480 2540 638 2591 linem
671 2537 915 2591 debitum
949 2528 1253 2606 perducere
1281 2535 1605 2605 permittite,
1631 2542 1688 2587 ut
1710 2548 1808 2602 per
1831 2548 1927 2585 vos
1946 2530 2043 2601 (ἐ),

477 2631 624 2685 illius
653 2630 905 2700 populos,
937 2644 1058 2684 mea
1103 2629 1503 2691 admonitione,
1535 2626 1844 2681 ministerio
1874 2635 1931 2681 et
1957 2641 2051 2681 co-

481 2725 810 2777 hortationis
851 2724 1228 2787 contentione,
1260 2722 1325 2776 ad
1364 2730 1667 2775 conventus
1697 2719 2051 2774 communio—

478 2832 606 2869 nem
639 2816 919 2871 reducam.
950 2814 1045 2870 Est
1077 2815 1247 2880 enim,
1281 2813 1743 2884 quemadmodum
1776 2812 1909 2872 dixi,
1943 2827 2047 2865 una

481 2910 728 2977 qutcdam
764 2909 815 2962 in
848 2909 1004 2963 vobis
1036 2907 1189 2971 fides,
1216 2924 1320 2962 una
1354 2908 1593 2962 instituti
1625 2907 1788 2960 vestri
1823 2914 2048 2959 senten-

480 3008 579 3063 tia,
607 3009 661 3054 et
688 3000 821 3071 legis
849 2999 1023 3069 ipsius
1053 3008 1410 3069 praeceptum,
1446 2999 1703 3052 omnibus
1734 2999 1848 3051 suis
1877 2998 2047 3065 parti-

482 3094 584 3148 bus
634 3094 687 3147 in
739 3108 910 3147 ttnum
963 3093 1158 3147 animae
1213 3093 1552 3162 propositum
1607 3101 1662 3145 et
1714 3092 2047 3143 voluntatem

2220 1257 2237 1288 ‹
2276 1233 2736 1303 Ἑπισκεψώμεθα
2756 1232 2810 1285 δὲ
2836 1230 3081 1298 λογισμῷ
3108 1231 3337 1307 μείζονι,
3381 1232 3473 1283 καὶ
3503 1233 3708 1286 πλείονι

2146 1328 2358 1380 συνέσει
2390 1326 2447 1376 τὸ
2496 1323 2661 1394 ῥηθὲν
2704 1320 3123 1389 ἐνθυμηθῶμεν,
3161 1321 3318 1388 εἴπερ
3369 1321 3546 1392 ὀρθῶς
3594 1323 3706 1390 ἔχει

2139 1420 2208 1472 δι’
2236 1418 2424 1485 ὀλίγας
2452 1417 2547 1468 καὶ
2576 1415 2810 1484 ματαίας
2842 1416 3102 1483 ῥημάτων
3132 1412 3191 1463 ἐν
3222 1413 3352 1480 ὑμῖν
3379 1413 3710 1479 φιλονεικίας

2143 1511 2407 1578 ἀδελφοὺς
2452 1511 2705 1574 ἀδελφοῖς
2736 1506 3095 1569 ἀντικεῖσθαι,
3135 1505 3229 1558 καὶ
3258 1505 3318 1557 τὸ
3361 1506 3458 1574 τῆς
3490 1506 3708 1558 συνόδου

2142 1604 2325 1671 τίμιον
2347 1601 2538 1654 ἀσεϐεῖ
2568 1600 2805 1669 διχονοίᾳ
2830 1598 3158 1667 χωρίζεσθαι
3201 1597 3268 1649 δι’
3293 1598 3467 1665 ὑμῶν,
3499 1598 3549 1650 οἳ
3574 1596 3709 1665 πρὸς

2147 1692 2411 1760 ἀλλήλους
2434 1690 2575 1759 ὑπὲρ
2593 1689 2807 1757 μικρῶν
2828 1689 2971 1740 οὕτω
2993 1689 3085 1740 καὶ
3114 1687 3380 1757 μηδαμῶς
3401 1686 3711 1753 ἀναγκαίων

2148 1785 2523 1852 φιλονεικεῖτε.
2555 1781 2789 1851 Δημὼδη
2818 1781 2970 1832 ταῦτ’
3000 1780 3153 1832 ἐστί·
3187 1780 3281 1832 καὶ
3311 1781 3591 1840 παιδικαῖς
3622 1781 3711 1830 ἐνο

2144 1874 2313 1936 νοίαις
2340 1874 2680 1942 ἁρμόττοντα
2711 1872 2911 1939 μᾶλλον
2940 1871 2972 1940 ἢ
3003 1874 3067 1940 τῇ
3093 1871 3202 1922 τῶν
3233 1871 3425 1941 ίερέων
3453 1871 3545 1921 καὶ
3582 1886 3715 1938 φρο-

2146 1966 2319 2032 νίμων
2373 1963 2586 2015 συνέσει
2643 1960 2853 2031 ἀνδρῶν
2910 1964 3280 2028 προσήκοντα.
3355 1958 3713 2025 Ἀποστῶμεν

2147 2058 2363 2119 ἑκόντες
2398 2055 2507 2107 τῶν
2538 2053 2865 2108 διαϐολικῶν
2904 2053 3249 2122 πειρασμῶν.
3288 2053 3345 2106 '0
3379 2054 3552 2121 μέγα;
3580 2053 3714 2111 Θεὸς

2148 2153 2245 2204 καὶ
2279 2148 2469 2219 Σωτὴρ
2499 2148 2656 2218 ἡμῶν
2689 2149 2909 2200 πάντων
2952 2148 3131 2200 κοινὸν
3164 2147 3337 2198 ἆπασι
3364 2146 3424 2197 τὸ
3460 2145 3578 2213 φῶς
3605 2144 3718 2210 ἐξέ-

2148 2257 2358 2295 τεινεν·
2396 2241 2481 2308 ἐφ’
2531 2240 2590 2292 οὗ
2631 2243 2696 2311 τῇ
2753 2239 2981 2307 προνοίᾳ
3026 2238 3235 2307 ταύτην
3277 2237 3402 2307 ἐμοὶ
3446 2236 3522 2305 τῷ
3555 2236 3719 2305 θερα-

2149 2334 2323 2402 πευτῇ
2351 2332 2442 2385 τοῦ
2471 2332 2784 2402 κρείττονος
2811 2330 2908 2399 τὴν
2937 2329 3176 2400 σπουδὴν
3199 2331 3278 2392 είς
3300 2330 3452 2391 τέλος
3472 2332 3719 2397 ἐνεγκεῖν

2151 2426 2545 2495 συγχωρήσατε
2565 2443 2579 2456 ⁸
2610 2427 2761 2486 ὅπως
2804 2425 2874 2477 δι’
2898 2423 3053 2493 ὑμῶν
3086 2425 3211 2485 τοὺς
3257 2424 3466 2478 ἐκείνου
3509 2424 3718 2493 δήμους

2150 2524 2257 2591 ἐμῇ
2308 2522 2692 2591 προσφωνήσει
2737 2522 2831 2573 καὶ
2859 2519 3138 2590 ὑπηρεσίᾳ
3172 2519 3267 2571 καὶ
3313 2517 3593 2580 νουθεσίας
3638 2521 3719 2569 ἐν-

2153 2614 2342 2666 στάσει
2377 2614 2512 2681 πρὸς
2562 2614 2661 2683 τὴν
2702 2614 2800 2681 τῆς
2848 2613 3064 2666 συνόδου
3119 2611 3406 2664 κοινωνίαν
3442 2612 3721 2675 ἐπαναγά-

2151 2723 2324 2775 γοιμι-
2380 2705 2597 2775 Ἐπειδὴ
2654 2706 2780 2773 γὰρ,
2816 2706 2890 2767 ὡς
2939 2705 3098 2772 ἔφην,
3135 2704 3230 2771 μία
3274 2704 3356 2766 τίς
3391 2704 3506 2755 ἐστι
3538 2706 3722 2764 πίστις

2154 2801 2212 2850 ὲν
2252 2798 2399 2865 ὑμῖν,
2429 2796 2524 2847 καὶ
2575 2796 2673 2862 μία
2707 2791 2959 2862 τῆςκαθ⁹
3000 2796 3142 2862 ἡμᾶς
3176 2794 3438 2862 αἱρέσεως
3483 2792 3719 2853 σύνεσις,

2154 2892 2214 2942 τό
2240 2907 2299 2942 τε
2332 2888 2427 2942 τοῦ
2458 2870 3041 2957 νόμουδπαράγγελμα
3077 2888 3191 2949 τοῖς
3235 2887 3305 2938 δι’
3334 2884 3527 2939 ἑαυτοῦ
3563 2886 3724 2954 μέρε-

2155 2997 2242 3032 σιν
2299 2982 2379 3042 είς
2431 2978 2562 3047 μίαν
2608 2977 2786 3047 ψυχῆς
2841 2977 3103 3045 πρόθεσιν
3138 2978 3200 3028 τὸ
3253 2976 3374 3029 ὅλον
3421 2974 3720 3041 συγκλείει,

2154 3073 2315 3126 τοῦτο
2355 3074 2492 3142 ὅπερ
2526 3072 2656 3140 ὑμῖν
2696 3072 2753 3124 ὲν
2798 3069 3048 3139 ἀλλήλοις
3088 3068 3419 3137 φιλονεικίαν
3471 3068 3717 3137 ἤγειρεν,

481 3188 668 3240 omnia
703 3188 1006 3242 concludit.
1041 3185 1156 3241 Hoc
1197 3158 1375 3255 ipsum
1410 3187 1554 3255 quod
1591 3185 1743 3240 vobis
1780 3185 1923 3238 inter
1956 3198 2052 3237 vos

2160 3163 2349 3230 ἐπειδὴ
2386 3162 2460 3232 μὴ
2485 3162 2621 3230 πρὸς
2644 3162 2744 3229 τὴν
2772 3161 2865 3213 τοῦ
2898 3161 3096 3222 παντὸς
3134 3159 3301 3225 νόμου
3327 3158 3562 3227 δύναμιν
3582 3160 3719 3227 ἀνήο

482 3281 894 3335 contentionem
935 3280 1173 3349 peperit,
1216 3278 1660 3349 quandoquidem
1705 3291 1812 3331 non
1854 3277 1921 3331 ad
1968 3287 2052 3331 to-

485 3375 596 3426 tius
632 3372 767 3442 legis
799 3373 906 3426 vim
938 3373 1195 3439 refertur,
1227 3387 1573 3442 nequaquam
1605 3372 1747 3440 apud
1779 3385 1874 3424 vos
1908 3369 2055 3423 sedi-

490 3468 698 3520 tionem
735 3465 975 3534 aliquam
1009 3474 1064 3519 et
1101 3464 1465 3519 secessionem
1503 3462 1683 3517 faciat.
1723 3462 1898 3532 Atque
1940 3463 2054 3516 haec

486 3560 650 3625 dico,
702 3576 812 3614 non
874 3569 934 3613 ut
984 3558 1209 3613 omnino
1263 3557 1640 3611 necessitatem
1689 3555 1842 3609 vobis
1893 3556 2052 3609 istam

485 3655 648 3709 Valde
695 3652 964 3722 puerilem
1013 3652 1177 3720 atque
1226 3650 1524 3715 incautam,
1562 3656 1654 3702 ant
1697 3649 2056 3718 qualerncun-

489 3765 596 3818 qnc
629 3747 847 3800 tandem
875 3745 1231 3814 quaestionem
1261 3742 1508 3813 sopiendi
1542 3744 1836 3812 imponam.
1871 3742 2057 3795 Potest

489 3842 636 3895 enim
662 3853 692 3893 a
715 3838 875 3892 vobis
897 3837 1110 3891 sincere
1133 3836 1452 3889 solemnitas
1474 3844 1775 3889 conventus
1803 3834 2055 3897 retineri,

491 3940 548 3988 et
578 3931 894 3985 communio
918 3929 1162 3983 omnium
1191 3927 1421 3988 servari,
1463 3926 1713 3995 quamvis
1739 3925 1976 3979 maxime
2003 3925 2055 3978 in

494 4034 651 4094 parte
688 4022 942 4091 quapiam
980 4020 1126 4073 inter
1168 4032 1266 4073 vos
1300 4017 1482 4087 aliqua
1521 4017 1593 4070 sit
1629 4015 1697 4069 de
1738 4029 1796 4068 re
1831 4014 2057 4067 minima

493 4115 788 4171 dissensio.
833 4113 1118 4183 Siquidem
1154 4127 1262 4165 non
1299 4110 1556 4164 omnibus
1591 4110 1769 4173 nobis,
1810 4107 1865 4161 in
1899 4108 2063 4160 rebus

492 4209 798 4282 quibusvis,
825 4208 1015 4261 eadem
1043 4206 1298 4259 voluntas
1320 4213 1423 4269 est,
1450 4218 1626 4272 neque
1658 4217 1765 4256 una
1793 4200 1935 4269 apud
1964 4214 2064 4254 nos

492 4315 689 4375 natura
730 4310 824 4354 aut
868 4298 1140 4354 sententia
1173 4295 1409 4351 obtinet.
1445 4296 1632 4361 Itaque
1664 4294 1732 4348 de
1765 4291 2064 4362 providen-

494 4396 569 4449 tia
618 4392 803 4447 divina
852 4404 962 4443 una
999 4388 1053 4441 in
1100 4387 1259 4441 vobis
1308 4386 1379 4439 sit
1429 4385 1582 4449 lides,
1620 4399 1725 4437 una
1770 4382 2062 4445 sententia,

495 4499 640 4540 unus
676 4491 744 4537 de
776 4482 889 4536 Deo
927 4493 1251 4534 consensus.
1289 4477 1358 4530 lia
1396 4492 1525 4530 vero
1558 4491 1681 4544 qum
1719 4475 1788 4528 de
1823 4473 2066 4527 minimis

2159 3271 2261 3308 κει,
2296 3254 2573 3324 χωρισμόν
2617 3270 2738 3305 τινα
2781 3254 2875 3305 καὶ
2929 3252 3117 3305 στάσιν
3171 3253 3227 3303 ὲν
3277 3252 3406 3319 ὑμῖν
3457 3250 3722 3321 μηδαμῶς

2156 3346 2473 3415 ἑμποιείτω.
2527 3347 2643 3417 Καὶ.
2692 3344 2835 3410 λέγω
2876 3343 3069 3408 ταῦτα,
3124 3345 3220 3413 οὐχ
3268 3344 3343 3421 ὼς
3395 3341 3724 3410 ἀναγκάζω)

2157 3441 2299 3508 ὑμᾶς
2331 3439 2631 3501 ἑξὰπαντος
2659 3440 2724 3505 τῇ
2757 3437 2877 3488 λίαν
2909 3436 3095 3505 εὐήθει
3125 3440 3220 3488 καὶ
3253 3436 3541 3505 οἱᾳδήποτὲ
3574 3436 3727 3487 ἐστιν

2156 3533 2339 3603 ἐκείνῃ
2398 3531 2627 3600 ζητήσει
2680 3529 3049 3582 συντίθεσθαι.
3098 3528 3333 3581 Δύναται
3383 3529 3492 3598 γὰρ
3536 3530 3630 3607 καὶ
3663 3530 3726 3587 τὸ

2157 3630 2259 3693 τῆς
2292 3628 2511 3679 συνόδου
2540 3628 2719 3689 τίμιον
2752 3625 2879 3692 ὑμῖν
2925 3624 3184 3694 ἀκέραιον
3212 3622 3597 3692 φυλάττεσθαι,
3631 3623 3726 3675 καὶ

2159 3724 2191 3792 ἡ
2226 3722 2361 3789 αὑτὴ
2404 3721 2548 3774 κατὰ
2594 3717 2816 3772 πάντων
2853 3717 3109 3770 κοινωνία
3144 3716 3433 3786 τηρεῖσθαι
3459 3730 3473 3746 ο
3506 3716 3610 3767 κᾶν
3657 3716 3729 3767 τὰ

2165 3814 2401 3885 μάλιστά
2428 3830 2512 3875 τις
2536 3814 2594 3865 ὲν
2621 3812 2779 3880 μέρει
2806 3810 2941 3878 πρὸς
2974 3809 3237 3877 ἀλλήλους
3277 3809 3419 3875 ὑπὲρ
3445 3808 3726 3876 ἐλαχίστου

2160 3909 2425 3974 διαφωνία
2464 3908 2725 3974 γένηταιο
2761 3907 2881 3956 ἐπεὶ
2917 3904 3051 3972 μηδὲ
3084 3904 3281 3964 πάντες
3312 3903 3369 3952 ὲν
3401 3902 3535 3952 πᾶσι
3564 3900 3730 3952 ταυτδ

2164 4001 2504 4071 βουλόμεθα’
2568 3999 2700 4067 μηδὲ
2738 3998 2836 4066 μία
2876 4014 2955 4057 τις
3004 3996 3063 4047 ἑν
3100 3995 3229 4061 ὑμῖν
3256 3994 3417 4062 φύσις
3461 3993 3492 4061 ἢ
3533 3990 3728 4061 γνώμη

2164 4095 2533 4150 πολιτεύεται.
2566 4092 2703 4159 Περὶ
2743 4091 2839 4157 μὲν
2869 4086 2963 4142 οὖν
3015 4087 3111 4157 τῆς
3144 4087 3295 4149 θείας
3333 4085 3589 4149 προνοίας
3634 4084 3732 4153 μία

2163 4205 2248 4244 τις
2281 4191 2338 4239 ὲν
2368 4187 2496 4253 ὑμῖν
2529 4183 2668 4236 ἔστω
2698 4183 2903 4242 πίστις,
2940 4180 3035 4248 μία
3068 4181 3304 4241 σύνεσις,
3358 4179 3456 4245 μία
3486 4177 3730 4244 συνθήκη

2165 4281 2260 4336 τοῦ
2294 4280 2636 4348 κρείττονος*
2671 4273 2708 4329 ἃ.
2754 4274 2810 4326 δὲ
2846 4274 2987 4341 ὑπὲρ
3038 4271 3144 4323 τῶν
3189 4270 3487 4338 ἐλαχίστων
3528 4267 3736 4321 τούτων

2169 4372 2451 4442 ζητήσεων
2475 4371 2532 4420 ὲν
2567 4367 2818 4434 ἀλλήλοις
2850 4361 3322 4434 ἀκριϐολογεῖσθε,
3358 4359 3461 4413 κᾶν
3494 4360 3568 4429 μὴ
3600 4360 3736 4429 πρὸς

2175 4467 2306 4535 μίαν
2359 4464 2586 4533 γνώμην
2639 4461 3015 4527 συμφέρηται.
3072 4460 3253 4527 μένειν
3288 4458 3419 4509 είσω
3462 4455 3738 4524 λογισμῶν

478 4582 623 4635 istis
668 4574 1067 4647 quaestionibus
1118 4572 1262 4625 inter
1304 4584 1402 4623 vos
1444 4568 1717 4637 exquisite
1762 4565 2054 4634 inquiritis.

2174 4559 2438 4627 προσήκει
2464 4555 2541 4623 τῷ
2575 4553 2672 4621 τῆς
2706 4553 2943 4611 διανοίας
2968 4551 3264 4622 ἀπορρήτῳ
3288 4550 3634 4619 τηρουμένῳ.
3668 4546 3741 4598 Τὸ

406 4690 415 4693 ‘
498 4671 714 4727 tametsi
759 4670 826 4724 ad
872 4666 1123 4723 eamdem
1176 4664 1505 4720 sententiam
1548 4678 1655 4716 non
1700 4660 2067 4721 deducantur,

500 4765 759 4822 convenit
826 4764 968 4817 intra
1031 4759 1421 4829 cogitationem
1493 4756 1731 4808 retinere
1791 4761 1954 4819 atque
2017 4752 2071 4802 in

501 4858 670 4912 animi
724 4853 1109 4926 penetralibus
1166 4864 1519 4905 conservare.
1572 4846 1758 4914 Itaque
1805 4843 1964 4896 facile
2015 4849 2073 4893 ιιι

503 4950 784 5005 inotl'abilc
835 4949 969 5001 illud
1021 4954 1075 4998 et
1130 4942 1470 5014 prazcipuum
1526 4936 1836 4992 communis
1882 4933 2074 4987 amici-

504 5048 591 5097 tia:
636 5054 692 5097 et
736 5040 1023 5097 citaritatis
1061 5042 1493 5096 sacramentum,
1526 5040 1584 5085 et
1618 5030 1869 5083 veritatis
1916 5026 2075 5084 fides.

509 5139 717 5207 Deique
761 5136 982 5197 cultus,
1035 5138 1091 5186 ct
1146 5126 1427 5198 religionis
1477 5133 1644 5192 atque
1694 5121 1828 5191 legis
1880 5128 2080 5173 nostrae

511 5236 686 5283 honor
721 5226 1055 5287 reverentia,
1089 5233 1350 5278 constans
1378 5230 1432 5273 et
1464 5221 1615 5272 ﬁrma
1649 5216 1794 5285 apud
1832 5229 1927 5267 vos
1957 5228 2081 5281 per-

2177 4652 2360 4720 μέντοι
2386 4650 2489 4719 τῆς
2512 4649 2699 4714 κοινῆς
2725 4645 2911 4712 φιλίας
2943 4642 3256 4711 ἀπόρρητόν
3294 4657 3351 4693 τε
3395 4640 3487 4691 καὶ
3525 4637 3743 4706 ἐξαίρε-

2173 4756 2286 4802 τον,
2320 4738 2413 4789 καὶ
2442 4738 2474 4804 ἡ
2507 4735 2605 4803 τῆς
2635 4732 2896 4801 ἀληθείας
2927 4730 3129 4791 πίστις,
3170 4729 3204 4797 ἦ
3234 4744 3293 4779 τε
3337 4729 3463 4796 περὶ
3493 4726 3582 4778 τὸν
3611 4725 3745 4777 Θεὸν

2177 4831 2269 4883 καὶ
2294 4831 2394 4899 τὴν
2446 4827 2541 4880 τοῦ
2586 4827 2754 4892 νόμου
2801 4821 3100 4892 θρησκείαν
3151 4820 3307 4891 τιμὴ,
3367 4819 3575 4888 μενέτω
3614 4818 3744 4887 παρ’

2178 4924 2306 4991 ὑμῖν
2334 4922 2651 4981 ἀσάλευτος.
2699 4915 3054 4970 Ἐπανέλθετε
3093 4914 3155 4984 δὴ
3204 4916 3341 4984 πρὸς
3376 4912 3475 4982 τὴν
3500 4911 3747 4979 ἀλλήλων

2180 5016 2363 5085 φιλίαν
2387 5032 2445 5065 τε
2475 5014 2567 5065 καὶ
2601 5012 2785 5083 χάριν.
2825 5011 3075 5064 ’Λπὸδοτε
3102 5006 3180 5074 τῷ
3214 5005 3489 5074 σύμπαντι
3517 5002 3631 5072 λαῷ
3652 5003 3749 5063 τὰς

2183 5111 2391 5174 οἰκείας
2444 5108 2822 5179 περιπλοκάς
2851 5106 3004 5174 ὑμεῖς
3045 5120 3103 5154 τε
3147 5102 3323 5162 αὐτοὶ,
3364 5099 3618 5166 καθάπερ
3653 5097 3751 5157 τὰς

2182 5206 2396 5258 ἑαυτῶν
2430 5202 2611 5271 ψυχὰς
2659 5197 3087 5266 ἐκκαθάραντες,
3118 5189 3276 5249 αὖθις
3326 5191 3588 5260 ἀλλήλους
3632 5187 3753 5241 ἐπί-

2186 5315 2381 5366 γνωτε.
2422 5296 2616 5349 Ὶιδὶων
2642 5293 2753 5359 γὰρ
2783 5289 3038 5347 πολλάκις
3072 5287 3285 5352 γίνεται
3314 5283 3464 5353 φιλία
3493 5282 3632 5350 μετὰ
3653 5282 3752 5350 τῂν

2188 5390 2285 5451 τῆς
2336 5384 2535 5454 ἔχθρας
2567 5380 2846 5461 ἀπόθεσιν,
2870 5376 3021 5437 αὖθις
3060 5376 3138 5437 εἰς
3192 5372 3540 5440 καταλλαγὴν
3586 5370 3755 5421 ὲαιιταν⁴

2192 5481 2441 5531 ελΟοῦσα.
2504 5473 2756 5526 Ἀπόδοτε
2803 5468 2896 5522 οὖν
2948 5485 3038 5535 μοι
3086 5466 3326 5533 γαληνὰς
3383 5465 3480 5531 μὲν
3520 5463 3733 5530 ἡμέρας

2168 5574 2390 5633 -νὺκτας
2424 5571 2478 5621 δὲ
2514 5566 2887 5638 ἀμερίμνους·
2926 5561 3009 5612 ἵνα
3055 5559 3223 5627 κάμοί
3270 5574 3352 5619 τις
3396 5556 3557 5623 ἡδονὴ
3592 5554 3754 5605 καθα-

2198 5667 2294 5737 pob
2336 5665 2508 5732 φωτὸς
2544 5662 2637 5712 καὶ
2687 5658 2800 5728 βίου
2841 5654 3028 5707 λοιπὸν
3059 5653 3258 5720 ἥσυχος
3307 5648 3615 5718 εὐφροσύνη
3651 5644 3756 5699 ctia-

511 5332 791 5376 mancant.
845 5318 1076 5373 Reddite
1118 5316 1183 5369 ad
1229 5322 1473 5370 mutuam
1514 5309 1840 5366 cbaritatent
1878 5315 1933 5360 et
1963 5320 2084 5373 gra-

516 5418 665 5478 tiam,
706 5414 917 5468 reddite
967 5409 1224 5464 ttniverso
1279 5408 1480 5477 populo
1520 5422 1648 5459 suos
1694 5402 1998 5468 amplexus,
2031 5408 2087 5451 et

515 5529 614 5565 vos
663 5511 770 5579 ipsi
816 5507 986 5562 veluti
1043 5504 1256 5558 animus
1301 5510 1511 5555 vestras
1556 5498 1861 5566 expiantcs,
1894 5508 2088 5545 rursus

521 5610 659 5672 alter
701 5606 931 5658 alterum
981 5598 1285 5669 agnoscite.
1331 5594 1637 5648 .lucundior
1683 5604 1918 5657 namque
1967 5603 2087 5654 pcr-

522 5715 703 5767 sa‘pe,
746 5704 868 5753 post
913 5692 1191 5763 depositas
1241 5686 1592 5757 inimicitias,
1643 5680 2088 5738 reconciliatione

598 5860 674 5929 (ί)
708 5859 802 5917 [lci
837 5855 1064 5917 scilicet.
2268 5831 2343 5897 ξε)
2376 5828 2429 5881 ld
2466 5836 2569 5888 est,
2603 5831 2779 5881 vestra
2820 5832 2975 5894 pace.
