4034 6550
478 361 548 423 τις)
1686 374 2051 436 NICEPIIOI

2153 378 2499 445 CALLISTI
3642 386 3716 449 60

478 481 881 541 pertraxerunt.
913 476 1303 549 literosulymis
1326 483 1699 551 episcopatum
1725 484 1915 553 gessit,
1942 498 2043 537 suo

2153 505 2258 556 μης
2287 490 2375 543 διὰ
2432 495 2608 562 γῆρας
2670 492 2825 560 βαθὺ,
2871 498 2898 549 ό
2935 494 2992 550 δὲ
3037 494 3125 549 διὰ
3176 494 3378 566 πολλὴν
3427 494 3715 552 ἀσθένειαν

479 564 821 631 respondens
854 566 1086 631 nomini,
1124 568 1424 637 Macarius;
1458 572 1642 627 Roma:
1671 574 1867 637 Julius,
1896 573 2045 628 Cou-

454 656 828 725 ‘stautinOpoli
857 658 1189 716 Alexander.
1224 661 1286 716 Et
1318 664 1597 719 Rullianus
1629 666 1878 730 antistes,
1913 682 2041 731 pro-

480 758 600 813 pter
622 758 837 821 aetatem
866 753 1222 822 decrepitam,
1245 754 1888 825 Constantinopolitanus
1910 775 2043 813 vero

392 876 399 882 .
477 851 704 907 pmpter
731 845 954 897 multum
986 846 1438 913 imbecillitatem,
1467 850 1520 903 in
1553 851 1776 905 sedibus
1808 852 1926 907 suis
1957 870 2042 908 re-

483 951 767 999 nuutsrre;
805 940 898 989 sed
929 955 1120 992 eorum
1155 943 1374 995 nomine
1409 943 1521 996 bini
1554 946 1852 1014 presbyteri
1888 949 2040 1001 missi

482 1040 624 1092 ηιιιιτ,
651 1045 679 1079 a
701 1028 842 1081 Julie
862 1033 1083 1098 quidem
1109 1035 1261 1088 Vitus
1282 1048 1333 1089 et
1363 1036 1704 1097 Vincentius.
1724 1039 1796 1092 ab
1816 1040 2044 1103 Alexan-

478 1119 576 1169 dro
609 1132 788 1172 autem
822 1122 931 1174 duo
961 1124 1077 1181 alii.
1102 1135 1159 1178 et
1189 1126 1293 1179 vita
1317 1135 1375 1181 et
1399 1128 1711 1184 eruditione
1744 1133 2040 1199 plurimum

475 1212 830 1266 excellentes.
864 1214 1147 1269 Habebam
1179 1218 1212 1269 ii
1247 1219 1315 1270 ab
1348 1218 1454 1274 illis
1486 1223 1801 1277 mandatum
1833 1235 1888 1278 et
1915 1241 2044 1280 cau-

481 1303 710 1369 tionem,
749 1313 810 1356 ut
847 1305 898 1359 in
930 1318 1201 1361 conventu
1239 1309 1418 1364 locum
1450 1311 1669 1367 illorum
1702 1315 2040 1381 obtinerent,

477 1400 531 1444 et
558 1392 705 1458 quod
734 1392 819 1469 ibi
860 1396 962 1448 rite
1002 1405 1167 1465 atque
1205 1400 1399 1462 ordine
1430 1416 1613 1458 aetum
1647 1403 2043 1476 decretumque

477 1492 644 1549 esset,
680 1487 1125 1556 comprobarent.
1176 1491 1234 1546 In
1276 1494 1484 1564 synodo
1524 1512 1587 1550 ea
1628 1497 1786 1552 multi
1826 1509 2048 1570 aposto-

478 1575 601 1629 licis
652 1577 813 1630 donis
857 1577 1133 1645 pollebant
1168 1597 1184 1635 :
1225 1598 1335 1639 non
1389 1588 1550 1655 pauci
1596 1590 1785 1657 etiam,
1818 1601 2046 1661 propter

480 1666 845 1723 Christianam
871 1684 1193 1731 constanter
1218 1676 1425 1731 ubitam
1452 1677 1877 1746 confessionem,
1906 1685 2042 1754 stig-

485 1768 628 1814 mata
656 1771 716 1817 et
748 1775 903 1820 notas
932 1767 988 1822 in
1019 1784 1184 1825 carne
1217 1770 1701 1835 circumferebant.
1737 1777 2041 1845 praesertim

479 1867 545 1906 cx
585 1856 880 1925 episcopis,
915 1859 1257 1938 Paphnutius
1302 1866 1608 1932 superioris
1639 1867 1959 1935 Thebaidis,
1988 1880 2044 1924 et

479 1945 751 2016 s’ili‘t'iduu
806 1949 1042 2021 Cyprius
1085 1954 1527 2025 Trimytbuntis,
1562 1970 1622 2014 et
1665 1959 1864 2016 Hosius
1902 1961 2041 2016 Cor-

481 2038 662 2102 duba),
685 2050 741 2096 et
773 2042 1009 2100 Iacobus
1037 2046 1238 2102 Nisibis
1266 2050 1370 2119 (sic
1389 2052 1541 2105 enim
1572 2052 1862 2109 Antiochia
1894 2055 2045 2126 Myg-

481 2132 663 2188 doniae
707 2145 866 2193 antea
919 2153 1108 2195 vocata
1153 2150 1281 2209 est),
1316 2145 1409 2212 qui
1462 2147 1627 2200 etiam
1674 2158 1923 2203 mortuos
1963 2166 2047 2204 re-

482 2226 757 2282 suscitans
794 2230 847 2283 in
877 2232 1042 2286 vitam
1088 2234 1309 2291 reduxit
1335 2245 1388 2290 et
1422 2238 1710 2294 innumera
1743 2242 1844 2295 alia
1880 2241 2049 2297 mira-

482 2318 605 2370 cula
636 2318 812 2374 edidit
844 2341 857 2376 :
894 2322 1144 2379 Meletius
1182 2324 1465 2393 Sebastias,
1497 2329 1744 2386 Basileus
1776 2333 2045 2401 Amasene,

483 2407 741 2467 Nicolaus
784 2413 1093 2485 Myrorutn,
1136 2416 1434 2489 Gregorius
1482 2423 1704 2494 majoris
1739 2424 2044 2493 Armeniae,

485 2499 686 2558 Paulus
714 2504 1079 2563 Neocaesarete
1105 2509 1156 2565 in
1184 2512 1479 2580 Euphratis
1504 2516 1620 2584 ripa
1652 2516 1921 2584 conditae;
1951 2518 2049 2588 qui

483 2594 770 2651 ambarum
807 2615 1066 2654 manuum
1102 2620 1226 2665 usu,
1251 2604 1445 2661 Licinii
1480 2607 1856 2677 improbitate,
1879 2611 2049 2680 ignilo

485 2684 635 2740 l'erro
659 2686 814 2742 venis
839 2699 1002 2759 atque.
1029 2695 1231 2757 nervis,
1257 2696 1458 2763 quibus
1485 2696 1569 2751 vis
1597 2699 1851 2753 movendi
1881 2702 2046 2768 inest,

486 2778 747 2844 perustis,
796 2786 1024 2836 orbatus
1073 2783 1272 2841 fuerat.
1323 2786 1391 2842 Et
1438 2787 1551 2852 alii,
1597 2790 1799 2857 quibus
1845 2793 2045 2861 partim

484 2867 626 2922 alter
668 2873 861 2927 oculus
912 2875 1164 2932 stridenti
1213 2877 1363 2933 ferro
1415 2880 1701 2950 ademptus
1745 2892 1887 2951 erat,
1920 2899 2047 2959 par-

485 2960 583 3012 tim
631 2963 868 3032 p0plites
926 2966 1105 3022 dextri
1161 2972 1410 3026 cauterio
1456 2973 1717 3040 mutilati,
1759 2976 1930 3045 pedes
1980 2975 2048 3031 ad

487 3053 847 3117 gradientium
902 3059 1122 3115 inutiles
1175 3062 1550 3121 reddiderant.
1603 3067 1752 3121 Inter
1798 3082 1937 3136 quos
1991 3047 2053 3122 οἶ

2144 583 2569 653 ἀπελείφθησαν.
2614 589 2754 642 Ἀπ’
2796 588 2972 641 αὐτῶν
3000 590 3056 642 δέ
3092 592 3234 642 κατὰ
3282 589 3375 642 δύο
3407 591 3714 660 πρεσϐύτε-

2147 689 2231 742 ροι
2260 674 2709 746 διεπέμφθησαν-
2756 680 3017 750 Ῥωμαῖοι
3055 682 3153 750 μὲν
3185 682 3358 735 Βίτων
3402 701 3460 736 τε
3491 684 3587 737 καὶ
3623 685 3716 737 Βι-

2144 762 2389 825 κέντιος’
2423 766 2487 818 ἐκ
2532 766 2587 818 δὲ
2630 769 3031 838 Μητρουράνους
3062 770 3239 839 ἕτεροι
3285 771 3390 841 βίῳ
3423 772 3516 825 καί
3567 771 3713 842 λόγῳ

2145 851 2327 921 πολλῷ
2374 854 2722 925 διαφέροντες
2746 874 2761 889 ⁸
2797 861 2998 929 ἐγγύην
3042 861 3321 922 λασόντες.
3371 865 3462 916 τόν
3493 866 3545 916 τ’
3572 864 3716 916 ἐκεί-

2143 958 2250 994 νων
2288 944 2455 997 τόπον
2483 948 2861 1016 ἀναπληροῦν,
2903 954 2994 1002 καὶ
3025 954 3137 1011 τοῖς
3170 951 3351 1013 καλῶς
3396 953 3713 1022 πραττομέ-

2144 1052 2256 1098 νοςς
2286 1037 2601 1093 συνθέσθλι.
2634 1040 2824 1092 Πολλοὶ
2843 1043 2885 1094 δ’
2909 1037 3048 1111 ἦσαν
3077 1046 3299 1097 ἐκείνων
3324 1044 3709 1107 ἀποστολικοτς

2143 1131 2448 1197 χειρίσμασι
2489 1132 2905 1201 διαπρέποντες.
2945 1137 3058 1187 Οὐκ
3092 1137 3367 1204 ἐλάχιστοι
3406 1136 3449 1189 δ’
3478 1136 3557 1189 ἔτι
3591 1138 3710 1199 ταῖς

2144 1219 2231 1271 δ;ὰ
2270 1221 2504 1289 Χριστὸν
2536 1226 2847 1293 ὁμολογίαις
2887 1228 2957 1278 τὰ
2990 1230 3262 1295 στίγματα
3304 1230 3365 1296 τῇ
3408 1230 3573 1295 σαρκὶ
3613 1243 3712 1280 πε-

2148 1315 2493 1383 ριφέροντες·
2533 1317 2597 1368 ἐκ
2629 1317 2729 1385 μὲν
2760 1316 2868 1370 τῶν
2914 1318 3229 1372 ἐπισκόπων
3263 1318 3603 1387 Παφνούτιος
3648 1319 3713 1371 ἐκ

2144 1408 2242 1473 τῆς
2272 1407 2386 1460 ἄνω
2423 1408 2712 1478 Θηϐαΐδος,
2763 1410 2858 1463 καὶ
2906 1410 3189 1478 Σπυρίδων
3229 1412 3259 1464 6
3290 1412 3561 1480 Κυπρίων
3614 1411 3715 1479 τῆς

2146 1494 2596 1567 Τριμυθούντων,
2639 1501 2735 1554 καὶ
2765 1500 2953 1563 Ὀσιος
2996 1504 3026 1556 6
3067 1501 3436 1572 Κουρδούσης,
3481 1502 3575 1556 καὶ
3613 1502 3718 1555 Ἰάο

2147 1590 2325 1652 κωόος
2356 1591 2383 1643 6
2428 1590 2702 1651 Ntoi6stu;
2744 1592 3042 1660 (Μυγδονία
3079 1593 3136 1648 δὲ
3182 1596 3283 1665 τῆς
3323 1594 3653 1665 Ἀντιοχείας
3678 1596 3712 1665 ἡ

2148 1678 2360 1741 Νίσιϐις
2392 1680 2657 1751 πρότερον
2681 1681 2973 1751 ἐκαλεῖτο),
3004 1682 3062 1744 6;
3085 1683 3178 1735 καὶ
3199 1684 3430 1753 νεκροὺς
3454 1684 3713 1748 άνιστῶν,

2148 1773 2259 1834 τοῖς
2291 1770 2429 1836 ζῶσι
2454 1772 2767 1838 συνέταττε,
2797 1775 2893 1829 καὶ
2921 1774 3090 1844 μυρία
3119 1775 3408 1845 εἰργάζετο
3436 1774 3713 1845 θαύματα·

2148 1863 2408 1925 Malitia;
2448 1866 2476 1917 6
2508 1864 2995 1927 Σεδαστουπόλειυς
3016 1884 3029 1895 ·
3060 1866 3323 1929 Βασιλεὺς
3351 1869 3380 1920 6
3405 1867 3516 1921 τῶν
3552 1867 3721 1937 Ἅμα-

2150 1958 2313 2011 σέων⁸
2346 1962 2374 2011 6
2410 1959 2520 2011 τῶν
2561 1960 2767 2026 Μύρων
2809 1960 3098 2022 Νικόλαος,
3129 1962 3219 2014 καὶ
3247 1961 3277 2013 6
3329 1962 3428 2029 τῆς
3476 1961 3718 2031 μεγάλης

2162 2049 2454 2120 Ἀρμενίας
2482 2051 2808 2121 Γρηγόριος,
2848 2054 2943 2105 καὶ
2968 2052 3174 2114 Παῦλος
3202 2056 3230 2106 6
3254 2052 3716 2122 Νεοκαισαρείας·

2149 2144 2282 2213 ὄχθῃ
2337 2141 2395 2195 δὲ
2440 2146 2507 2212 τῇ
2564 2143 2661 2196 τοῦ
2707 2144 2997 2212 Εὐφράτου
3051 2142 3191 2213 αὕτη
3238 2146 3610 2216 παράκειταισ
3661 2144 3721 2206 ὃς

2151 2235 2320 2304 ἄμφω
2371 2234 2448 2288 τὼ
2488 2237 2635 2305 χεῖρε
2684 2237 3089 2305 πεπηρωμένος
3137 2233 3226 2308 ἣν,
3279 2237 3389 2290 τῶν
3426 2238 3723 2305 κινητικῶν

2152 2326 2403 2397 ὀργάνων
2447 2327 2920 2397 διαθραυσθέντων
2964 2329 3455 2401 πεπυρακτωμένῳ
3494 2330 3720 2400 σιδήρῳ,

2153 2417 2521 2487 προσδαλόντι
2562 2421 2677 2481 τοῖς
2727 2419 2916 2489 μέλεσι
2970 2421 3092 2481 ταῖς
3139 2419 3385 2473 Λικινίου
3452 2436 3722 2491 κακοτροο

2149 2512 2322 2574 πίαις.
2356 2511 2466 2565 Καὶ
2491 2512 2663 2576 ἄλλοι,
2699 2529 2776 2565 ων
2800 2512 2852 2564 οι
2883 2510 2984 2579 μὲν
3015 2511 3123 2564 τῶν
3164 2511 3462 2581 ὀφθαλμῶν
3492 2511 3723 2582 θάτερον

2151 2601 2355 2666 σίζοντι
2391 2602 2593 2671 σιδήρῳ
2626 2599 2770 2672 εἶχον
2822 2602 3227 2672 πεττίηρωμένον
3247 2619 3261 2634 ·
3292 2604 3341 2655 οἱ
3373 2602 3431 2655 δὲ
3466 2603 3567 2665 τὰς
3610 2604 3723 2656 τῶν

2147 2697 2397 2764 γονάτων
2426 2694 2669 2762 ἀγκύλας
2718 2695 2819 2757 τάς
2864 2694 3045 2761 δεξιάς
3089 2696 3382 2764 ἀκινήτους
3417 2697 3532 2757 τοῖς
3578 2711 3720 2749 καυ-

2152 2788 2382 2856 στῆρσιν
2436 2788 2750 2857 ἐκέκτηντο.
2782 2780 2884 2839 Ὧν
2915 2788 3131 2858 μετεῖχε
3183 2787 3277 2841 καὶ
3327 2787 3667 2856 numam;
3696 2790 3725 2842 6

2149 2877 2451 2945 Αἰγύπτιος
2477 2891 2492 2908 ο
2523 2880 2655 2949 περὶ
2688 2872 2751 2930 οὗ
2783 2878 2882 2932 καὶ
2917 2878 3261 2949 Σπυρίδωνος
3310 2876 3540 2949 ὕστερον
3565 2876 3726 2950 ἐροῦ-

2152 2986 2271 3043 μεν.
2302 2970 2411 3025 Καὶ
2460 2970 2648 3033 ἁπλῶς
2693 2971 2886 3034 εἰπεῖν,
2922 2969 3220 3041 μαρτύρων
3244 2971 3416 3043 δῆμος
3447 2967 3518 3043 ἦν
3562 2974 3644 3035 εἰς
3667 2971 3726 3026 ιν

2153 3062 2374 3119 συνιών.
2400 3063 2650 3116 Πλεῖστοι
2678 3063 2735 3116 δέ
2764 3063 2861 3116 καὶ
2879 3062 3031 3116 ἄλλοι
3063 3065 3135 3138 ἐκ
3155 3063 3431 3134 διαφόρων
3453 3059 3598 3133 ἦσαν
3628 3063 3723 3118 καὶ

485 3146 833 3216 Paphnutius
857 3147 1145 3222 Egyptius
1175 3154 1296 3222 fuit,
1325 3156 1395 3212 de
1425 3173 1534 3226 quo
1563 3159 1707 3215 sicut
1734 3171 1788 3215 et
1811 3160 2047 3231 de~Spy~

2153 3159 2213 3211 bc
2247 3156 2474 3222 λαῐκῶν,
2524 3156 2723 3224 ἀγαθοὶ
2753 3157 2847 3210 καὶ
2881 3158 3025 3210 νοεῖν
3065 3156 3160 3211 καὶ
3205 3156 3409 3226 λέγειν,
3460 3157 3730 3227 ἐπίσημοι

487 3240 680 3296 ridone
714 3252 918 3311 vpostea
958 3246 1226 3302 dicemus.
1261 3247 1460 3319 Atque,
1507 3262 1564 3304 ut
1608 3250 1929 3318 simpliciter
1965 3251 2049 3304 di—

2153 3269 2215 3305 τε
2249 3254 2314 3321 τῇ
2366 3268 2428 3304 τε
2473 3250 2581 3304 τῶν
2618 3250 2786 3322 ἱερῶν
2834 3250 3035 3322 βίϐλων
3090 3251 3331 3322 παιδείᾳ,
3369 3251 3463 3305 καὶ
3504 3255 3572 3321 τῇ
3621 3250 3729 3316 ἔξω

488 3354 630 3400 cani,
668 3349 969 3409 martyrum
1014 3341 1169 3409 plane
1204 3344 1443 3414 pepnlus
1489 3344 1544 3398 in
1593 3361 1757 3398 unum
1795 3347 2051 3399 convenit

2160 3345 2327 3412 σοφίᾳ
2360 3343 2703 3413 διαπρεπεῖς,
2736 3343 3018 3415 ἑκατέροις
3051 3344 3243 3415 μέρεσι
3272 3343 3546 3414 πρόθυμοι
3587 3343 3729 3398 διδόο

488 3428 690 3483 Ιοιιηι.
733 3428 888 3501 561
940 3432 1181 3490 Atll'ucre
1230 3436 1307 3490 ibi
1353 3441 1517 3491 etiam
1560 3437 1783 3507 plurimi
1834 3438 1950 3497 alii.
1987 3453 2053 3493 ex
2161 3453 2249 3489 vat
2279 3437 2471 3507 ῥοπήν.

492 3524 877 3590 priestantibus
928 3537 984 3582 et
1036 3528 1210 3592 laicis,
1254 3530 1396 3585 docti
1440 3539 1495 3585 et
1530 3532 1871 3601 eloquentes,
1902 3532 1957 3586 in
2001 3531 2301 3602 primisque
2353 3544 2635 3584 sacrarum
2680 3527 3043 3595 Litterarum,
3081 3546 3185 3587 nec
3235 3548 3341 3587 non
3376 3530 3729 3601 profanarum

486 3636 711 3692 quaquo
755 3623 1168 3694 disciplinarum
1213 3629 1406 3696 peritia
1453 3631 1696 3701 prmclari
1732 3631 1859 3695 viri,
1894 3630 2146 3684 alterutri
2174 3627 2317 3698 parti
2348 3636 2685 3681 momentum
2718 3626 2916 3682 aliene
2948 3627 3202 3683 alacriter
3232 3627 3428 3699 parati.

563 3714 638 3769 De
664 3714 744 3770 eis
768 3731 933 3784 porro
971 3718 1063 3787 qui
1097 3718 1170 3772 ibi
1205 3734 1534 3788 convenere,
1562 3722 1832 3777 Eusebius
1876 3722 2058 3776 Palae-

492 3810 671 3864 stinus
697 3811 749 3863 in
774 3810 936 3865 tertio
971 3810 1040 3865 ad
1070 3809 1485 3869 Constantinum
1519 3816 1659 3869 libro
1688 3817 1805 3871 base
1846 3816 2054 3872 refert:

500 3922 518 3954 ι
543 3904 621 3958 Ex
650 3903 899 3957 [fet-lesiis
922 3904 1176 3959 omnibus
1202 3920 1322 3975 quae
1369 3922 1463 3974 per
1492 3905 1788 3977 Europam,
1835 3907 2054 3978 Libyam

492 4006 549 4050 et
578 3995 758 4050 Asiam
792 4010 1010 4051 omnem
1050 4010 1198 4060 sunt,
1234 3998 1608 4053 ministrorum
1661 4000 1755 4053 Dei
1792 4001 2057 4055 columna:
2094 4042 2097 4045 λ

492 4099 865 4143 convenerunt
886 4088 939 4142 in
976 4104 1082 4143 una
1107 4090 1343 4146 oratoria
1373 4091 1509 4152 ade,
1535 4092 1763 4160 perinde
1814 4100 1978 4162 atque
2024 4109 2055 4147 a

493 4179 605 4233 Deo
625 4179 1002 4249 ‘amplilchta:
1040 4181 1161 4251 Syri
1193 4195 1248 4237 et
1272 4181 1491 4248 Cilices,
1522 4182 1812 4238 Pbmnices
1832 4194 1888 4239 et
1914 4185 2055 4239 Ara-

2236 3722 2371 3790 Ilep‘t
2423 3721 2608 3790 μέντοι
2661 3720 2770 3773 τῶν
2817 3720 3261 3789 συνεληλυθότων
3305 3723 3363 3776 ἐν
3395 3721 3474 3791 τῷ
3526 3723 3606 3785 είς
3633 3722 3729 3775 τόν

2162 3814 2572 3868 Κωνσταντῖνον
2600 3812 2772 3882 τρίτῳ
2800 3810 2994 3882 βισλίῳ
3022 3813 3148 3865 τάδε
3171 3814 3200 3864 6
3234 3811 3589 3876 Παλαιστινδς
3618 3811 3729 3866 Εὐ-

2162 3906 2337 3968 σέϐιος
2370 3906 2577 3975 ἱστορεῖ
2599 3919 2613 3934 ⁸
2652 3923 2671 3956 ‹
2709 3904 2831 3957 Τῶν
2871 3902 3003 3973 γοῦν
3029 3905 3337 3974 ἐκκλησιῶν
3392 3905 3640 3968 ἀπασῶν,
3671 3903 3731 3958 αἶ

2159 3998 2260 4068 τὴν
2314 3996 2585 4068 Εὐρώπην
2614 3996 2856 4062 ἅπασαν,
2904 3996 3116 4068 Λιϐύην
3156 4014 3216 4051 τε
3264 3999 3358 4052 καὶ
3404 3996 3504 4068 τὴν
3543 3996 3730 4053 Ἀσίαν

2158 4090 2458 4159 ἐπλήρουν,
2510 4088 2646 4159 ὁμοῦ
2680 4090 2914 4159 συνῆκτο
2941 4088 3050 4142 τῶν
3092 4087 3188 4143 τοῦ
3217 4089 3352 4142 Θεοῦ
3398 4090 3731 4163 λειτουργῶν

2159 4183 2228 4236 τὰ
2250 4181 2534 4252 ἀκροθίνια
2552 4192 2568 4210 ⁸
2595 4175 2675 4245 εἷς
2700 4198 2757 4235 τε
2781 4179 2930 4244 οἶκος
2952 4181 3264 4252 εὐκτήριος,
3292 4180 3482 4252 ὥσπερ
3512 4185 3574 4236 ἐκ
3594 4182 3729 4236 Θεοῦ

495 4274 613 4338 bes,
639 4274 910 4328 Palaestini
926 4275 1117 4344 eisque
1141 4275 1304 4331 vicini
1324 4274 1837 4348 Egyptiiﬂlmbmi,
1860 4276 2051 4349 Libyes

2162 4274 2583 4342 πλατυνόμενος,
2629 4275 2779 4328 ἔνδον
2834 4274 3032 4345 ἐχώρει
3075 4273 3219 4327 κατὰ
3250 4275 3311 4327 τὸ
3353 4274 3485 4327 αὐτὸ
3524 4273 3730 4346 Σύρους

487 4365 653 4430 atqui
685 4380 713 4418 a
744 4365 1125 4436 MeSnpotamia
1150 4376 1450 4422 venerant:
1483 4370 1616 4438 quin
1645 4378 1698 4423 et
1727 4386 1793 4424 ex
1835 4370 1984 4425 Persi
2002 4371 2051 4425 le

2162 4380 2221 4416 τε
2266 4363 2360 4415 καὶ
2404 4363 2659 4427 Κίλικας,
2713 4362 2969 4424 Φοίνικάς
2997 4376 3055 4413 τε
3113 4362 3209 4414 καὶ
3269 4360 3578 4431 Ἀραϐίους,
3633 4364 3727 4417 καὶ

488 4458 782 4526 ερὶεσίηιιιε
815 4462 1019 4514 aderat.
1051 4460 1238 4530 Neque
1293 4460 1491 4533 Scytha
1519 4464 1570 4516 in
1612 4468 1678 4516 eo
1711 4464 1879 4518 choro
1912 4465 2051 4519 desi-

2165 4454 2597 4517 Παλαιστινούςο
2651 4455 2746 4508 καὶ
2803 4455 2899 4506 ἐπὶ
2950 4452 3161 4515 τούτοις
3213 4453 3571 4521 Δίγυπτίους,
3613 4455 3726 4522 Θη-

488 4548 605 4604 der:
633 4553 806 4604 initur.
839 4552 1046 4606 Pontus
1078 4568 1316 4622 quoque,
1344 4553 1491 4616 Asia,
1527 4556 1755 4625 Phrygia
1811 4564 1866 4611 et
1894 4556 2051 4610 Pam-

2165 4547 2373 4612 δαίους,
2431 4548 2657 4612 Λίὸυας,
2711 4544 2840 4609 τούς
2878 4562 2937 4598 τε
2987 4547 3052 4600 ἐκ
3086 4545 3275 4616 Μέσης
3308 4547 3418 4600 τῶν
3466 4547 3729 4617 ποταμῶν

493 4643 678 4709 ricini
720 4630 960 4698 delectos
987 4658 1115 4698 suos
1153 4654 1210 4698 et
1238 4645 1548 4714 pmcipuos
1576 4646 1724 4700 virus
1771 4662 1836 4702 eo
1888 4649 2050 4701 mise-

2158 4638 2537 4710 ὁρμωμένους.
2601 4638 2739 4707 Ἤδη
2774 4638 2831 4690 δὲ
2884 4638 2981 4691 καὶ
3037 4638 3253 4708 Πέρσης
3308 4638 3607 4700 ἐπίσκοπος
3660 4642 3725 4707 τῇ

494 4745 633 4785 rant.
654 4730 898 4786 Aderant
924 4748 1143 4803 quoque
1174 4732 1435 4798 Thraces,
1492 4735 1841 4800 Macedones,
1874 4736 2051 4792 Achaei

2165 4729 2370 4800 συνόδῳ
2403 4730 2603 4801 παρῆν.
2641 4727 2774 4782 Οὔτε
2824 4728 3036 4800 Σκύθης
3068 4730 3476 4797 ἀπελιμπάνετο
3507 4728 3606 4796 τῆς
3639 4747 3730 4798 χο-

454 4886 463 4889 _
494 4832 549 4876 et
582 4824 836 4893 Epirotte.
872 4823 1013 4890 Quin
1038 4833 1094 4878 et
1117 4825 1212 4895 qui
1270 4825 1335 4880 iis
1370 4827 1783 4898 longinquiores
1834 4830 2059 4883 remoti-

496 4932 729 4987 oresque
759 4929 908 4980 sunt,
937 4917 1295 4972 advenerant.
1320 4918 1404 4974 Ab
1434 4919 1568 4989 ipsis
1587 4935 1809 4990 quoque
1864 4922 2061 4989 Hispa-

501 5010 585 5062 nis
610 5010 1007 5064 celeberrimus
1049 5009 1140 5063 ille
1172 5010 1249 5080 (l)
1295 5026 1403 5063 una
1431 5026 1556 5065 cum
1589 5012 1710 5065 aliis
1763 5011 1836 5066 ibi
1875 5011 2060 5065 cousi-

426 5116 431 5121 '
499 5101 682 5155 debat.
744 5101 1116 5168 imperatoriae
1171 5116 1301 5155 sane
1349 5101 1500 5157 urbis
1554 5104 1785 5159 antistes
1840 5112 2062 5174 propter

499 5202 711 5252 {etatem
746 5192 976 5246 senilem
1001 5192 1209 5251 aberat.
1238 5193 1331 5248 sed
1352 5194 1657 5265 presbyteri
1680 5195 1797 5265 ejus
1826 5210 2064 5265 praesim-

504 5294 587 5344 tes
609 5284 784 5337 vicem
814 5284 936 5354 ejus
963 5284 1287 5354 implebant.
1349 5284 1514 5340 Solus
1549 5280 1797 5355 profecto
1829 5294 1886 5340 ct
1920 5300 2064 5339 unus

502 5375 799 5446 imperator
825 5377 1220 5435 Constantinus
1252 5388 1375 5449 post
1394 5378 1592 5434 saacula
1625 5376 1873 5443 condita,
1906 5377 2066 5433 Chri-

502 5476 588 5529 sto
617 5465 897 5522 Servatori
927 5483 1047 5532 suo,
1089 5484 1291 5524 corona
1342 5470 1494 5540 pacis
1521 5470 1745 5526 vinculo
1789 5480 2064 5534 contexta,

501 5556 572 5618 de
611 5556 841 5611 victoria
873 5569 1069 5613 contra
1106 5558 1295 5615 hostes
1324 5568 1499 5629 parta,
1541 5558 1874 5631 ejuscemodi
1922 5557 2065 5613 divi-

504 5658 637 5705 num
669 5644 963 5712 gratiarum
1016 5646 1251 5703 actionis
1274 5648 1614 5709 consecravit
1663 5648 1974 5719 donarium,
2010 5654 2068 5704 et

580 5824 654 5894 (ἶ)
690 5822 763 5881 "tl
798 5827 877 5886 ξιιμ
916 5826 1182 5887 ηιῖυεὶιυί.

2165 4821 2343 4892 ρείας.
2371 4820 2572 4883 Πόντος
2599 4835 2658 4873 τε
2688 4820 2781 4872 καὶ
2822 4819 2996 4882 Ἀσία,
3029 4821 3240 4890 Φρυγία
3267 4837 3326 4872 τε
3372 4822 3465 4873 καὶ
3503 4822 3734 4888 Παμφυ-

2163 4911 2255 4964 λία
2306 4912 2429 4972 τοὺς
2464 4914 2598 4982 παρ’
2647 4912 2838 4975 αὐταῖς
2891 4909 3039 4981 εἶχον
3078 4912 3387 4983 ἐκκρίτους.
3433 4911 3591 4965 Ἀλλὰ
3641 4913 3733 4965 καὶ

2161 4999 2377 5072 Θρᾷκες
2417 5000 2509 5053 καὶ
2541 5000 2848 5062 Μακεδόνες
2873 5037 2890 5064 ,
2948 4999 3155 5069 Ἀχαιοί
3192 5016 3250 5052 τε
3303 5002 3398 5053 καὶ
3450 5001 3728 5068 Ἠπειρῶ-

2161 5107 2294 5148 ται·
2328 5090 2541 5146 τούτων
2589 5108 2647 5144 τε
2675 5092 2725 5145 oi
2761 5092 2842 5145 ἔτι
2881 5092 3220 5160 προσωτάτω
3249 5091 3522 5155 οἰκοῦντες
3556 5094 3734 5161 άπήν-

2162 5200 2311 5239 τωνα
2363 5184 2523 5247 αὐτός
2554 5200 2616 5236 τε
2659 5183 2922 5238 Ἱσπανῶν
2955 5185 2983 5237 6
3034 5184 3176 5239 πάνυ
3230 5181 3504 5253 βοώμενος
3548 5181 3626 5248 εἷς
3662 5181 3731 5256 ἦν

2164 5279 2275 5341 τοῖς
2306 5274 2521 5338 πολλοῖς
2546 5275 2661 5345 ἅμα
2694 5274 3052 5345 συνεδρεύων.
3089 5274 3203 5343 Τῆς
3232 5275 3291 5329 δέ
3321 5292 3383 5344 γε
3416 5274 3729 5345 βασιλευού-

2168 5385 2268 5438 σης
2320 5368 2526 5430 πόλεως
2574 5369 2602 5420 6
2654 5367 2753 5436 μὲν
2785 5368 3066 5435 προεστὼς
3112 5365 3201 5420 διά
3249 5366 3423 5436 γῆρας
3470 5366 3686 5434 ὑστέρει
3716 5384 3729 5396 ·

2168 5461 2532 5531 πρεσϐύτεροι
2584 5460 2640 5516 δέ
2678 5454 2845 5513 αὐτοῦ
2902 5459 3199 5528 παρόντες,
3228 5459 3328 5527 τὴν
3367 5457 3534 5511 αὐτοῦ
3578 5457 3734 5521 τάξιν

2170 5552 2462 5622 ἐπλήρουν.
2514 5548 2768 5605 Τοιοῦτον
2803 5549 2964 5620 μόνος
3014 5546 3077 5612 ἐξ
3119 5547 3314 5611 αἰῶνος
3363 5544 3445 5611 εἷς
3486 5547 3733 5618 βασιλευς

2170 5644 2582 5710 Κωνσταντῖνος
2614 5642 2835 5717 Χριστῷ
2868 5641 3132 5717 στέφανον
3164 5640 3351 5715 δεσμῷ
3381 5639 3631 5713 συνάψας,
3656 5641 3733 5694 εἰ·
