4034 6554
423 383 493 445 63
1650 402 2072 463 NlCEPllORI
2113 358 2459 464 CALL‘ISTI
3028 391 3031 394 ’
3602 416 3669 482 6t

424 497 643 550 tentias.
682 497 880 551 Verum
918 503 1169 557 tvonunlli
1205 505 1426 574 quidem
1459 511 1750 564 consilium
1784 510 2000 565 conn-s-

2107 512 2152 561 oi
2184 510 2235 561 δὲ
2267 512 2364 564 τοῦ
2412 513 2660 581 διαλόγου
2710 515 2943 586 ἡσυχίαν
2995 519 3208 587 τῳτέως
3238 512 3392 589 ἦγον,
3445 521 3670 593 τάληθὲς

423 586 818 641 δυτῖ5’1ἠί11ίῐηθ
844 596 1309 648 colitetnnendum
1329 614 1450 652 esse
1470 603 1826 667 juilicarnnt;
1862 619 1998 656 nou-

426 678 561 731 nulli
583 689 789 741 autem,
816 683 959 749 quod
982 701 1106 739 vera
1123 703 1248 741 eum
1270 691 1453 747 direre
1472 693 1698 757 scirent,
1714 709 1999 749 sermones

427 785 551 824 cum
588 788 655 825 ρο
686 782 797 825 tum
839 792 942 828 llOﬂ
975 793 1401 836 οοῐιεθτιιῡτιιηι.

494 864 676 918 Sedet
701 867 856 920 multi
892 883 957 922 ex
1003 870 1315 927 Grmeorum
1360 877 1699 944 philosophis
1748 879 1998 949 disputa-

427 957 669 1011 tionibus
688 974 744 1011 se
782 960 1190 1017 immiscuerant
1214 984 1227 1019 :
1254 967 1338 1018 alii
1371 967 1615 1035 quidem,
1651 981 1709 1022 ut
1745 988 1996 1040 qmenain

423 1058 571 1101 eSset
606 1049 798 1120 religio
829 1062 1009 1107 nostra
1044 1054 1337 1116 discerent.
1377 1057 1536 1129 533
1566 1061 1657 1113 alii
1691 1076 1820 1115 vero
1850 1064 1994 1129 quod

425 1138 857 1209 indignarentur,
882 1162 979 1213 per
1001 1148 1479 1215 Christianismum
1507 1168 1684 1221 nuper
1700 1154 1996 1209 admodum

425 1243 607 1285 ortum
654 1234 855 1290 Graeca)
890 1241 1299 1306 superstit‘o‘uis
1356 1244 1690 1311 itnposturas
1729 1250 1995 1318 supprimi

425 1335 479 1377 ct
507 1327 708 1391 perire.
738 1330 915 1398 Atque
954 1332 990 1383 ii
1035 1334 1433 1401 professionem
1470 1349 1714 1392 nostram
1775 1341 1828 1393 in
1869 1357 2000 1395 cou-

428 1421 715 1473 teutiusam
741 1427 1175 1480 controversiam
1208 1429 1521 1493 trahebant,
1566 1443 1619 1484 nt
1673 1442 1892 1501 propter
1920 1435 1996 1487 iu-

430 1511 630 1565 ICStina
662 1512 886 1567 dissitlia
942 1531 1161 1584 pessum
1197 1519 1299 1573 iret
1330 1521 1619 1589 minusque
1649 1524 1806 1592 vulgo
1846 1532 1994 1591 grata

428 1617 593 1656 eSset.
634 1602 838 1658 llorum
869 1609 1113 1675 quidam,
1154 1621 1269 1665 arte
1293 1612 1509 1665 dicendi
1547 1629 1669 1667 sese
1707 1616 1997 1672 ambitiose

427 1692 737 1755 vcnditans,
774 1699 1156 1754 sacerdotibus
1187 1706 1396 1757 nostris
1428 1705 1748 1771 iusnltabat,
1776 1719 1831 1760 et
1888 1725 1996 1761 ttu-

427 1797 522 1849 gas
542 1797 605 1835 ac
640 1784 1000 1842 deliramenta
1033 1790 1175 1845 dicta
1227 1808 1418 1847 eorum
1457 1810 1577 1849 esse
1640 1812 1763 1850 cum
1811 1814 1996 1869 repre-

428 1871 696 1927 hensione
756 1877 1075 1943 objicicbal.
1133 1881 1258 1950 Ejus
1290 1890 1397 1936 tam
1429 1897 1771 1954 arrogantem
1805 1904 1997 1957 super-

429 1964 576 2019 biam
610 1968 843 2033 simplex
878 1972 1097 2039 quidam
1132 1990 1298 2028 senex
1350 1992 1468 2029 non
1502 1978 1684 2031 larens
1729 1981 1998 2047 (creditur

427 2069 610 2112 autem
638 2062 868 2116 celebris
892 2064 978 2116 ille
1008 2075 1062 2119 et
1087 2082 1314 2135 magnus
1349 2067 1615 2137 Spyridon
1650 2071 1857 2140 fuisse),
1877 2087 1999 2126 eum

428 2166 494 2202 eo
520 2152 891 2221 disputatione
919 2165 999 2209 cst
1021 2172 1372 2226 congressus.
1411 2160 1476 2214 l‘lt
1510 2164 1818 2216 temerariis
1869 2166 1995 2232 qui-

429 2243 555 2295 d~~tn
588 2260 651 2297 ca
688 2261 773 2297 res
801 2248 935 2299 risui
972 2249 1107 2301 fuit:
1143 2251 1232 2317 qui
1268 2267 1398 2303 vero
1440 2255 1714 2322 mqniores
1744 2255 2004 2311 humani-

430 2352 665 2406 oresque
697 2350 877 2402 erant,
898 2328 1232 2397 verebantur
1254 2361 1319 2398 ne
1343 2346 1409 2398 ab
1432 2346 1654 2399 homine
1684 2360 1799 2401 arte
1828 2350 2000 2403 multa

429 2429 723 2495 instructo,
794 2434 876 2486 vir
928 2433 1240 2488 Grati-arum
1295 2436 1708 2505 disciplinarum
1773 2454 2003 2508 prorsus

429 2538 644 2590 expers,
683 2524 844 2579 ludus
872 2525 1048 2589 ﬁeret,
1083 2538 1137 2581 et
1172 2537 1353 2581 tamen
1385 2528 1651 2597 dignitate
1685 2539 1834 2585 tanta
1873 2547 2000 2601 spe-

429 2624 638 2669 etatum
683 2616 935 2673 inhibere
960 2619 1412 2674 reformidabaut.
1444 2621 1632 2690 Itaque
1687 2639 1813 2677 cum
1850 2626 1903 2680 id
1949 2627 1999 2681 ei

430 2711 757 2778 permissum
782 2724 931 2767 esset
956 2755 969 2777 ,
1003 2715 1058 2767 In
1088 2715 1310 2768 nomine
1338 2714 1467 2768 Jesu
1497 2714 1722 2777 Christi.
1754 2719 2002 2787 philoso-

432 2802 563 2871 phe,
627 2804 825 2872 inquit,
864 2807 1011 2861 audi.
1039 2808 1189 2863 Unus
1221 2822 1303 2864 est
1324 2811 1479 2865 'Deus
1513 2811 1638 2864 caali
1708 2820 1762 2864 et
1822 2822 1999 2874 terrm,

430 2892 844 2964 viSibiliumque
873 2899 1309 2955 etinvisibilium
1334 2903 1577 2956 omnium
1602 2905 1875 2966 conditor,
1905 2905 1998 2974 qui

432 2988 691 3040 universa
717 2989 831 3042 iure
857 2990 1060 3044 virtute
1096 2990 1255 3047 Verbi
1291 2995 1542 3062 producit
1568 3004 1624 3049 et
1661 2998 1917 3061 sustinet,
1945 3008 2003 3051 et

433 3082 721 3133 sanctitate
772 3080 1009 3152 Spiritus
1045 3085 1164 3153 ejus
1213 3086 1420 3139 slabilit
1473 3097 1528 3140 ct
1587 3088 1893 3142 conﬁrmat.
1940 3089 1997 3142 ld

2105 602 2472 667 διακούοντες.

2177 874 2366 927 Πολλοί
2395 891 2460 941 γε
2495 874 2601 945 μὴν
2651 874 2743 926 καὶ
2773 874 2881 926 τῶν
2925 876 3054 943 παρ’
3087 875 3309 945 Ἕλλησι
3368 878 3674 948 φιλοσόφων

2106 966 2356 1031 μετεῖχον
2391 964 2489 1033 τῆς
2546 963 2835 1027 διαλέξεως
2861 978 2875 994 ·
2902 964 2949 1014 οἱ
2987 963 3086 1032 μὲν
3113 964 3140 1013 ὃ
3173 981 3225 1016 τι
3273 967 3404 1017 ποτέ
3455 966 3573 1018 ἐστι
3613 967 3675 1019 τὸ

2101 1056 2373 1125 ἡμέτερον
2420 1056 2614 1123 μαθεῖν
2655 1056 2957 1123 ἐφιέμενοι,
2992 1057 3040 1108 οἱ
3092 1056 3146 1107 δὲ
3183 1056 3443 1125 παρῆσαν
3473 1058 3675 1126 ἀσχάλ-

2102 1146 2310 1210 ὶοντες,
2335 1140 2415 1207 οἷς
2443 1147 2529 1198 διὰ
2556 1147 2647 1197 τὸν
2671 1147 3101 1215 Χριστιανισμδν
3131 1148 3317 1216 ἑώρων
3347 1150 3676 1216 προσφάτως

2103 1242 2229 1312 ἄρτι
2264 1244 2365 1312 τὴν
2402 1244 2725 1313 Ἑλληνικὴν
2772 1244 3061 1312 τερθρείαν
3113 1244 3517 1313 ἀπολλυμένην.
3568 1246 3675 1300 Καὶ

2102 1339 2182 1397 εἰς
2213 1337 2395 1404 ἔριδας
2448 1338 2508 1388 το
2559 1328 2828 1405 ἡμέτερον
2864 1338 3055 1390 ἔϐαλον
3083 1354 3095 1367 ·
3154 1340 3219 1391 ἵν’
3264 1341 3338 1402 ὡς
3388 1341 3678 1404 στασιάζον

2102 1428 2344 1478 ἐναντίον
2388 1428 2734 1495 καθίστηται,
2771 1430 2863 1482 καὶ
2910 1432 3020 1493 τοῖς
3060 1430 3272 1492 πολλοῖς
3309 1431 3677 1501 ἀπρόσδεκτον

2102 1519 2212 1587 εἴη.
2248 1520 2358 1572 Καί
2393 1536 2478 1582 τις
2512 1521 2695 1573 αὐτῶν
2722 1523 2808 1571 ἐπὶ
2839 1522 3122 1591 φιλοτιμίᾳ
3152 1522 3325 1587 λόγων
3355 1524 3676 1590 κομπάζων,

2102 1613 2195 1664 καὶ
2233 1614 2341 1673 τοῖς
2385 1612 2618 1681 ἱερεῦσιν
2649 1614 3021 1678 ἐπιτωθάζων,
3056 1615 3255 1683 πολλὴν
3285 1616 3510 1667 ἐκείνων
3542 1631 3677 1668 κατ-

2100 1697 2288 1766 ηγόρει
2336 1700 2672 1767 ὲρεσλελίαν.
2735 1694 2957 1763 Οὗτινος
2997 1703 3088 1755 τὸν
3138 1702 3303 1772 τῦφον
3355 1704 3561 1765 ἁπλοῦς
3595 1721 3679 1766 τις

2101 1790 2280 1860 γέρων
2320 1793 2393 1859 μὴ
2431 1793 2671 1857 ἐνεγκὼν
2701 1793 2880 1859 (λόγος
2906 1795 2951 1848 δ’
2979 1794 3093 1864 ἔχει
3131 1795 3222 1847 τὸν
3256 1795 3421 1848 πολὺν
3461 1798 3551 1847 καὶ
3582 1796 3679 1865 μὲ-

2104 1898 2206 1949 γαν
2236 1879 2375 1934 εἶναι
2402 1883 2590 1935 τοῦτον
2624 1884 2966 1953 Σπυρίδωνα)
2985 1886 3062 1947 είς
3082 1885 3317 1953 ἅμιλλαν
3343 1889 3679 1955 καταστῆναι

2102 1973 2293 2041 λόγων,
2327 1975 2436 2026 Καὶ
2460 1978 2570 2037 τοῖς
2593 1975 2691 2044 μὲν
2723 1977 3021 2045 προπετέσι
3054 1979 3229 2043 γέλως
3260 1980 3452 2029 ἐδόκει·
3488 1981 3605 2032 ὅσοι
3631 1980 3678 2030 δ’

2100 2059 2242 2133 ἦσαν
2282 2068 2541 2128 ἐπιεικεῖς
2590 2067 2659 2119 δι’
2715 2068 2893 2126 αἰδοῦς
2945 2070 3224 2122 ἐποιοῦντο
3277 2071 3351 2139 μὴ
3386 2072 3477 2125 ὑπ’
3524 2072 3680 2140 ἀνδρὶ

2103 2156 2322 2227 τεχνίτῃ
2351 2158 2563 2226 γελοῖος
2594 2160 2620 2210 ὀ
2646 2160 2823 2227 γέρων
2860 2162 3078 2229 φανείη,
3116 2163 3315 2231 τέχνης
3346 2164 3445 2230 τῆς
3491 2163 3680 2232 Ἐλλη-

2105 2249 2262 2316 νικῆς
2288 2250 2638 2303 παντάπασιν
2671 2251 2899 2322 ἄμοιρος
2930 2251 3004 2305 ὧν
3027 2269 3041 2282 ο
3070 2255 3286 2323 ἐπέχειν
3317 2258 3423 2323 γὰρ
3451 2258 3681 2324 εἰσάγαν

2103 2341 2438 2409 ηύλαὼῦντο
2462 2342 2556 2394 τὸν
2607 2342 2777 2412 ἄνδρα
2825 2344 3060 2396 τοιοῦτον
3096 2345 3244 2398 ὄντα.
3293 2345 3446 2398 Ἐπεὶ
3498 2349 3555 2400 δὲ
3604 2349 3681 2398 εἴ-

2104 2451 2262 2500 ασαν,
2280 2435 2368 2488 Ἐν
2394 2434 2622 2503 ὀνόματι
2662 2434 2837 2505 Ἰησοῦ
2873 2437 3135 2504 Χριστοῦ,
3160 2437 3438 2505 φιλόσοφε,
3468 2438 3682 2505 ἔλεγεν,

2104 2527 2355 2579 ἄκουσον.
2391 2508 2486 2588 Εἷς
2544 2526 2661 2578 ἔστι
2701 2525 2833 2588 Θεὸς
2883 2526 3118 2595 ούρανοῦ
3151 2529 3244 2579 καὶ
3276 2527 3378 2595 γῆς
3418 2529 3510 2578 καὶ
3544 2527 3681 2579 πάν-

2106 2638 2236 2680 των,
2267 2620 2367 2672 ὅσα
2400 2636 2461 2672 τε
2484 2620 2657 2687 ὁρατὰ
2696 2620 2792 2671 καὶ
2823 2620 2922 2672 ὅσα
2953 2620 3182 2688 ἀόρατα,
3217 2619 3548 2690 δημιουργός
3576 2636 3591 2651 ⁸
3620 2621 3680 2682 ὃς

2096 2712 2289 2766 πάντα
2323 2713 2493 2765 ταῦτα
2522 2714 2588 2781 τῇ
2620 2712 2852 2781 δυνάμει
2880 2711 2972 2765 τοῦ
3005 2713 3166 2779 λόγου
3196 2715 3454 2781 παράγει,
3491 2713 3584 2765 καὶ
3608 2716 3675 2783 τῇ

2107 2804 2387 2875 ἁγιωσύνῃ
2419 2802 2513 2855 τοῦ
2552 2807 2609 2856 ὲν
2652 2804 2803 2872 αὐτῷ
2838 2803 3164 2873 Πνεύματος
3227 2805 3449 2873 ἐδραιοϊ.
3511 2801 3681 2867 Οὗτος

2105 2895 2195 2949 οὖν
2230 2899 2256 2948 ὁ
2309 2897 2504 2964 Λόγος,
2555 2896 2615 2950 ὃν
2653 2898 2813 2966 ἡμεῖς
2866 2898 2994 2951 Υίὸν
3039 2897 3172 2951 Θεοῦ
3228 2899 3590 2968 ὀνομάζομεν,
3621 2902 3683 2952 τὸ

2105 2989 2446 3058 ἀνθρώπινον
2476 2990 2575 3059 τῆς
2618 2990 2831 3058 πλάνης
2861 2991 3158 3060 οἰκτείρας,
3201 2993 3450 3044 τίκτεται
3482 2991 3581 3059 μὲν
3617 2995 3683 3044 ἐκ

2104 3080 2382 3150 γυναικὸς,
2412 3080 2505 3131 καὶ
2536 3080 2879 3149 ἀνθρώπινον
2911 3080 3398 3148 οὐσιοῦται“σῶμα,
3429 3082 3521 3133 καὶ
3554 3082 3685 3151 θνή-

434 3172 695 3235 Verbum,
730 3176 877 3243 quod
937 3192 964 3228 a
999 3176 1158 3229 nobis
1188 3177 1359 3232 Filius
1396 3178 1490 3232 Dei
1524 3181 1857 3244 nominatur,
1915 3196 1999 3234 er-

2110 3187 2229 3223 σκει
2266 3171 2404 3240 ὑπὲρ
2428 3170 2607 3239 ἡμῶν,
2639 3171 2730 3222 καὶ
2762 3171 3050 3223 ἀνίσταται
3079 3186 3094 3202 ο
3127 3169 3245 3241 ἥξει
3277 3171 3331 3223 δὲ
3365 3173 3487 3224 ὅσον
3526 3172 3682 3224 οὓπω

438 3280 617 3318 rorem
653 3276 707 3321 et
746 3267 1123 3321 scductionem
1179 3268 1400 3321 humani
1426 3271 1640 3339 generis
1669 3271 2008 3343 miseratum,

438 3368 626 3411 natum
674 3370 758 3412 est
788 3375 852 3412 ex
886 3359 1142 3422 muliere,
1164 3368 1220 3413 et
1252 3360 1549 3415 humanum
1581 3363 2012 3417 substantialiter

440 3448 647 3517 recepit
672 3465 893 3518 corpus,
919 3461 1193 3503 mortuum
1211 3451 1375 3505 etiam
1399 3462 1482 3507 est
1511 3467 1609 3521 pro
1637 3453 1810 3514 nobis,
1837 3469 1892 3508 et
1925 3470 2010 3507 re~

384 3542 391 3548 ’
439 3541 700 3595 surrexit.
721 3542 980 3596 Etveuiet
998 3543 1173 3609 primo
1198 3557 1415 3611 quoque
1446 3553 1712 3613 tempore,
1734 3544 2006 3598 factorum

442 3635 709 3703 cujusque
743 3634 999 3702 quaesitor
1026 3643 1080 3688 et
1133 3636 1321 3702 judex.
1364 3634 1489 3689 llatc
1547 3636 1624 3689 sic
1682 3652 1739 3690 se
1779 3637 2006 3700 habere,

441 3728 576 3780 citra
604 3727 876 3781 curiosum
920 3728 1336 3796 inquisitionem
1364 3743 1690 3797 cognosces:
1714 3729 1787 3782 ita
1828 3730 2009 3783 credi-

441 3835 582 3872 mus.
617 3816 728 3872 Nec
756 3829 833 3882 tu,
866 3819 1141 3886 quomodo
1174 3819 1289 3873 haec
1306 3820 1437 3883 sint,
1462 3834 1649 3887 qurere
1671 3839 1684 3874 :
1709 3836 1885 3889 neque
1912 3836 2004 3874 ra-

444 3913 649 3964 tionem
674 3923 864 3963 eorum
899 3926 1130 3979 arguere
1160 3922 1249 3965 aut
1281 3913 1565 3980 explorare
1617 3914 1775 3967 aude.
1833 3914 2005 3983 Supe-

441 4013 563 4055 raut
594 4003 741 4055 enim
790 4003 906 4056 haec
931 4004 1221 4067 rationem,
1276 4015 1330 4058 et
1364 4004 1731 4073 cognitionem
1784 4020 2002 4060 omnem

438 4094 598 4163 longe
630 4094 971 4162 przecellunt.
1000 4093 1065 4148 Et
1092 4095 1375 4162 paululum
1415 4095 1836 4149 conticescens:
1869 4096 2006 4150 Cre-

390 4204 395 4209 ‘
441 4186 620 4250 disne,
665 4188 865 4254 inquit,
898 4186 1045 4240 haec?
1072 4188 1361 4255 responde.
1392 4188 1469 4240 Ad
1498 4188 1613 4240 lucc
1651 4187 1884 4253 primum
1928 4189 2009 4242 hi-

440 4277 663 4330 antiore
681 4286 1063 4331 consternatus
1094 4276 1483 4345 philosophus,
1522 4274 1746 4339 deinde,
1779 4276 2009 4330 credere

2111 3262 2218 3314 τῶν
2252 3262 2468 3329 ἑκάστῳ
2504 3261 2913 3331 πεπραγμένων
2959 3262 3274 3332 ἐξεταστὴς.
3324 3263 3508 3316 Ταῦτα
3541 3265 3685 3332 γνὼ-

2113 3371 2195 3406 σει
2275 3354 2814 3424 πολυπραγμοσύνης
2875 3354 3072 3415 ἐκτός·
3143 3355 3284 3407 οὕτω
3348 3356 3682 3424 πιστεύομεν

2111 3445 2275 3514 ἔχειν.
2307 3446 2397 3514 Μὴ
2449 3445 2631 3498 τοίνυν
2662 3446 2781 3508 πῶς
2807 3447 2977 3498 ταῦτα
3017 3445 3192 3514 ζήτει,
3225 3447 3319 3498 καὶ
3361 3445 3455 3498 τὸν
3482 3448 3684 3514 τρόπον

2112 3535 2357 3604 ἐλέγχειν
2388 3537 2563 3606 πειρῶ
2590 3553 2604 3567 ο
2638 3536 2779 3606 ὑπὲρ
2802 3538 2910 3606 γὰρ
2940 3537 3097 3604 λόγον
3129 3535 3325 3601 ταῦτα,
3354 3538 3447 3589 καὶ
3482 3537 3683 3604 γνῶσιν

2112 3629 2291 3680 πᾶσαν
2336 3628 2390 3678 ὲν
2419 3626 2657 3699 δευτέρῳ
2697 3628 2855 3680 τίθει.
2890 3629 2996 3680 Καὶ
3029 3628 3224 3696 μικρὸν
3272 3626 3536 3695 ἐπισχὼν,
3581 3630 3683 3679 Πι-

2110 3720 2321 3780 στεύεις
2354 3719 2568 3782 ταῦτας
2606 3719 2922 3789 ἀπόκριναι,
2964 3719 3088 3789 ἔφη.
3141 3720 3264 3771 Ἐπὶ
3313 3721 3521 3782 τούτοις
3549 3721 3685 3788 ἁχα-

2109 3813 2206 3881 νὴς
2234 3814 2524 3879 γενόμενος
2555 3814 2584 3865 ὁ
2630 3812 2938 3883 φιλόσοφος,
2964 3802 3103 3866 ἐἶτα
3154 3815 3433 3867 πιστεύειν
3479 3814 3633 3882 ἔλεγε
3665 3830 3682 3846 °

2111 3905 2206 3956 καὶ
2234 3903 2332 3974 τὴν
2357 3900 2530 3974 ⁴ἧτταν
2555 3905 2716 3966 εὐθὺς
2748 3906 3005 3974 ὁμολόγει
3032 3924 3044 3936 ’
3077 3910 3169 3958 καὶ
3202 3907 3267 3959 τὰ
3301 3909 3389 3960 ἴσα
3433 3907 3683 3971 δοξάζειν

2114 3998 2299 4066 ᾑρεῖτο
2327 3996 2404 4066 τῷ
2433 3996 2559 4066 θείῳ
2593 3978 2874 4067 πρεσϐύτῃ
2904 4012 2919 4027 ⁶
2948 4000 3039 4052 καὶ
3081 4003 3193 4059 τοῖς
3225 4000 3407 4062 ἄλλοις
3447 4002 3537 4052 τὸν
3565 4000 3683 4052 ἴσον

2113 4090 2316 4157 τρόπον
2346 4089 2657 4157 διατεθῆναι
2698 4089 3023 4154 ἐσπούδαζε,
3073 4093 3237 4144 πᾶσιν
3283 4093 3682 4160 ἐπομνύμενος,

2120 4183 2195 4249 μὴ
2252 4182 2379 4233 ἄνευ
2431 4180 2581 4242 θείας
2639 4180 2835 4249 μοίρας
2881 4182 2972 4232 ἐπὶ
3005 4183 3063 4233 τὸ
3111 4182 3272 4246 σέϐας
3320 4184 3679 4235 ὲλαύνεσθαιο

2118 4273 2340 4343 ἀρρήτῳ
2372 4271 2430 4324 δὲ
2462 4271 2553 4339 βίᾳ
2584 4272 2675 4322 ἐπὶ
2702 4273 2771 4323 τὰ
2806 4272 3151 4340 Χριστιανῶν
3196 4274 3605 4343 μετατίθεσθαι.

437 4385 518 4432 se,
553 4369 723 4423 i’ixit:
760 4372 1072 4438 victumque
1098 4385 1219 4424 esse
1255 4372 1438 4423 statim
1466 4369 1766 4438 professus,
1825 4371 2016 4425 eadem
2057 4386 2179 4441 quae
2244 4368 2462 4422 divinus
2494 4366 2586 4420 ille
2619 4381 2787 4421 senex
2855 4367 3105 4432 sentiret,
3138 4383 3197 4421 se
3228 4385 3448 4438 quoque
3475 4373 3683 4428 sentire

439 4468 757 4521 consuluit:
787 4476 951 4535 atque
981 4476 1117 4521 utet
1140 4468 1234 4521 alii
1258 4469 1512 4523 eumdem
1587 4467 1895 4536 reciperent
1957 4469 2225 4530 animum,

2298 4479 2518 4534 Operam
2556 4462 2728 4527 dedit,
2764 4462 3120 4532 jurejurando
3184 4466 3517 4521 conﬁrmans
3565 4483 3686 4522 om-

437 4566 623 4626 nibm,
657 4580 763 4619 non
798 4566 915 4619 sine
950 4566 1138 4619 divino
1178 4566 1416 4619 Numine
1454 4566 1769 4635 religionem
1811 4582 1868 4620 se
1926 4566 2292 4636 complexum,
2347 4562 2443 4616 sed
2459 4576 2656 4616 arcana
2674 4560 2909 4630 quadam
2951 4560 3095 4649 viOad
3147 4576 3303 4616 sacra
3340 4563 3682 4620 Christiano-

439 4676 559 4713 r"...
595 4661 905 4716 traductum
960 4677 1102 4716 esse.

512 4759 657 4810 Idem
728 4769 914 4826 postea
981 4758 1294 4812 Alexandro
1352 4757 1611 4827 episcopo
1650 4757 2002 4812 Constantino

2184 4758 2257 4811 Τὸ
2288 4756 2334 4809 δ’
2355 4754 2487 4808 αύτό
2516 4772 2679 4824 φασιν
2700 4754 2927 4824 ὕστερον
2956 4754 3207 4822 γενέσθαι
3236 4754 3312 4824 τῷ
3345 4756 3685 4828 Ἀλεξάνδρῳ

440 4849 705 4903 accidisse
737 4850 942 4903 dicunt.
973 4850 1209 4903 Vixdum
1258 4858 1375 4918 post
1405 4851 1670 4920 synodum
1703 4851 2007 4906 Constantis

441 4956 545 4994 nus-
603 4941 918 5011 Byzantium
954 4951 1201 5007 venerat,
1252 4958 1376 4996 cum
1414 4943 1636 5011 quidam
1688 4943 2007 4998 Grascorum

441 5034 755 5103 philosophi
793 5034 1134 5097 accedentes,
1165 5050 1289 5087 eum
1334 5035 1819 5103 reprehenderunt,
1851 5035 2009 5108 564

442 5125 586 5192 quod
614 5142 672 5178 se
705 5126 993 5194 illegitimo
1026 5125 1306 5193 religionis
1329 5125 1501 5179 cultui
1533 5126 1796 5189 dedisset,
1831 5143 1894 5182 ac
1920 5143 2006 5181 res

442 5219 654 5273 divinas
675 5228 951 5282 novasset,
979 5234 1130 5271 sacra
1167 5218 1470 5287 alia.quam
1498 5219 1728 5287 majores
1761 5220 1880 5289 ejus
1908 5235 1999 5272 εο-

444 5311 704 5371 luisSt-nt,
739 5319 795 5362 et
831 5312 908 5362 to't
940 5310 1265 5363 sreculorum
1301 5322 1539 5377 tempora
1577 5310 1849 5374 tulissent,
1879 5325 2002 5364 sec-

442 5410 607 5455 tatus.
640 5402 707 5454 Et
735 5409 790 5453 ut
821 5401 1123 5469 periculum
1146 5400 1225 5453 eis
1248 5400 1315 5455 de
1344 5415 1480 5453 nova
1518 5401 1773 5469 opinione
1802 5400 1999 5465 facere,

445 5504 614 5560 atque
654 5506 780 5546 cum
815 5492 1077 5560 episcopo
1105 5506 1387 5545 sermones
1411 5492 1656 5545 conferre
1681 5492 1892 5553 liceret,
1925 5506 2012 5543 ro-

446 5595 669 5653 garunt.
703 5583 882 5653 Atque
922 5583 1032 5647 ille,
1063 5583 1281 5637 tametsi
1318 5583 1708 5637 inexercitatus
1732 5584 2007 5637 etartium

448 5675 758 5731 disserendi
788 5670 1097 5747 imperitus,
1151 5676 1387 5744 vitaeque
1440 5684 1651 5730 tantum
1697 5676 2013 5745 integritate

451 5769 627 5823 fretus
654 5769 794 5831 (erat
824 5770 997 5835 enim,
1032 5779 1090 5823 ut
1114 5769 1200 5821 vix
1234 5768 1374 5821 alius
1403 5768 1721 5837 quisquam,
1749 5768 2015 5823 honestus

451 5868 502 5916 et
572 5857 772 5931 bonus)
831 5870 1011 5917 tamen
1078 5861 1407 5928 imperatore
1465 5858 1714 5927 jubente,
1758 5858 2015 5927 colloquii

2113 4848 2190 4917 τῷ
2238 4850 2340 4917 τῆς
2381 4846 2791 4900 Κωνσταντίνου
2844 4846 3195 4915 προεδρεύειν
3247 4847 3488 4915 λαχόντι.
3523 4850 3684 4919 Ἀρτι

2113 4939 2224 5008 γὰρ
2276 4935 2689 4989 Κωνσταντίνου
2736 4934 2873 5004 μετὰ
2919 4936 3018 5005 τὴν
3055 4936 3272 4988 σύνοδον
3318 4937 3684 5006 παρελθόντος

2108 5033 2189 5093 εἰς
2234 5030 2293 5082 τὺ
2331 5028 2644 5093 Βυζάντιον,
2696 5028 2839 5109 τινὲς
2885 5028 2991 5080 τῶν
3041 5027 3314 5097 Ἑλλήνων
3366 5033 3685 5099 προσιόντες

2104 5121 2279 5190 τούτῳ
2298 5120 2574 5190 φιλόσοφοι
2594 5120 2697 5171 υπὸ
2723 5120 2928 5187 μέμψιν
2954 5120 3257 5184 ἐποιοῦντο,
3287 5126 3368 5173 ὅτι
3398 5126 3474 5190 μὴ
3506 5142 3680 5193 προσ-

2102 5211 2312 5284 ηκούσῃ
2353 5211 2621 5281 θρησκείᾳ
2650 5209 2958 5263 ἐπιδίδωσιν
2988 5210 3204 5271 ἑαυτὸν,
3259 5216 3352 5264 καὶ
3380 5212 3455 5274 ὡς
3484 5231 3683 5267 νεωτε-

2113 5306 2253 5375 ρίζοι
2288 5304 2414 5373 περὶ
2465 5304 2524 5356 τὸ
2574 5303 2751 5369 Θεῖον,
2784 5304 2844 5356 τὸ
2876 5304 3035 5370 δόξαν
3067 5305 3182 5367 τοῖς
3211 5308 3499 5375 προγόνοις
3533 5311 3685 5360 πολι-

2111 5396 2363 5449 τεύεσθαι
2387 5396 2685 5467 ᾑρημένος,
2712 5396 2804 5449 καὶ
2830 5397 2925 5459 οὓς
2951 5398 2978 5449 ὁ
3005 5396 3174 5465 μέγας
3202 5396 3339 5450 αἰὼν
3363 5401 3425 5452 ὲκ
3447 5399 3679 5451 παλαιοῦ

2110 5490 2332 5559 ἤνεγκε.
2365 5490 2572 5559 Πεῖραν
2603 5488 2659 5541 δὲ
2702 5489 2797 5541 καὶ
2843 5489 2940 5559 τῆς
2979 5491 3296 5560 προσφάτου
3330 5491 3487 5561 δόξης
3516 5490 3681 5560 ᾔτουν

2111 5580 2318 5634 λαϐεῖν’
2350 5583 2447 5634 καὶ
2484 5580 2563 5650 τῷ
2591 5579 2876 5649 ὲπισκόπῳ
2906 5583 2985 5640 είς
3017 5582 3209 5648 λόγους
3241 5583 3394 5652 ἣκειν
3421 5598 3683 5651 κατηντι-

2115 5675 2326 5727 ϐόλουν.
2357 5673 2417 5726 Ὀ
2445 5672 2501 5725 δὲ
2530 5672 2734 5742 καίπερ
2768 5672 3001 5741 ἀτριὸὴς
3030 5674 3125 5725 καὶ
3171 5674 3395 5741 ἄπειρος
3443 5673 3520 5729 ὢν
3567 5673 3680 5728 τῶν

2116 5763 2377 5818 τοιούτων
2420 5763 2801 5833 λόγων,,μόνῳ
2834 5763 2889 5815 δὲ
2923 5763 3000 5833 τῷ
3049 5763 3198 5832 βιοῦν
3229 5764 3500 5827 πεποιθὼς
3534 5769 3681 5837 (Eys-

2120 5874 2242 5911 νετο
2279 5855 2388 5926 γὰρ
2424 5858 2583 5925 εἴπερ
2610 5872 2692 5919 τις
2725 5854 2890 5917 καλός
2929 5871 2986 5907 τε
3021 5855 3113 5909 καὶ
3146 5855 3392 5922 ἀγαθὸς),
3422 5857 3678 5921 διαγωνίο
