4034 6558
472 386 539 447 6⁸1
1434 448 1453 453 ς
1685 369 1762 442 Nl
1773 380 1966 441 CEPH
1976 379 2056 438 0f

2161 379 2235 438 EA
2248 378 2491 439 LLISTl
3651 376 3722 438 68

476 506 698 566 buntur,
719 512 775 558 et
792 500 1043 574 querelas
1066 515 1196 558 suas
1218 502 1455 573 scriptas
1481 500 1806 572 imperatori
1824 500 2049 555 dabant.

2161 500 2255 570 λίῳ
2302 500 2817 571 ύποσημηνάμενος,
2868 498 3123 568 ἀσφαλῶς
3159 498 3348 567 τηρεῖν
3384 495 3722 568 ’παρηγγύα.

472 595 687 664 Quibus
718 595 811 649 ille
837 595 1097 650 omnibus
1142 594 1436 666 colligatis,
1470 595 1710 666 sigillum
1739 592 1928 648 annuli
1961 592 2046 646 sui

480 689 779 760 impressit,
815 702 1023 756 eosque
1059 688 1355 757 diligenter
1392 686 1598 742 servari
1621 686 1897 756 praecepit.
1922 686 2050 741 Post

478 780 899 834 conventionem
931 790 1073 839 eam,
1110 777 1231 832 dies
1262 778 1600 832 constitutus
1626 791 1752 832 cum
1782 779 2044 839 venisset,

476 870 693 927 libellos
722 886 818 925 eos
850 884 1046 925 omnes
1075 870 1131 925 in
1162 869 1418 924 manibus
1452 878 1678 923 tenens:
1708 868 1823 933 lite,
1848 868 2045 938 inquit,

478 963 715 1032 querela:
732 972 784 1015 et
813 961 1195 1016 accusationes
1223 960 1507 1031 magnoilli
1532 959 1711 1015 Judici
1733 960 2048 1016 decidendae

480 1054 863 1114 remittuntur,
900 1058 1216 1120 statumque
1248 1058 1463 1118 tempus
1496 1050 1723 1103 extremi
1752 1048 1941 1119 judicii
1977 1051 2047 1102 sit

477 1145 597 1199 dies
624 1162 636 1196 :
668 1144 757 1198 cui
790 1142 968 1213 judiri
998 1142 1211 1196 occulta
1230 1141 1396 1194 etiam
1416 1142 1704 1195 manifesta
1737 1151 1884 1215 sunt.
1918 1138 2046 1194 ΜΗιί

412 1218 417 1223 λ
481 1237 702 1306 quidem
741 1235 973 1297 homini.
1005 1234 1181 1290 errori
1207 1233 1470 1295 obnoxio,
1495 1232 1649 1287 nefas
1673 1247 1797 1288 esse
1827 1231 2047 1286 videtur

478 1328 986 1383 eeclesiasticorum
1026 1326 1266 1380 virorum
1291 1325 1672 1380 accusationes
1704 1325 1949 1393 recipere
1993 1331 2044 1375 et

477 1419 690 1473 audire.
732 1415 924 1486 Neque
950 1416 1115 1471 etiam
1141 1415 1368 1470 omnino
1406 1417 1704 1471 convenire
1744 1423 1897 1485 puto,
1948 1414 2043 1468 Dei

477 1510 763 1565 ministros
786 1510 919 1563 tales
945 1522 1003 1563 se
1035 1518 1292 1578 praestare
1317 1507 1538 1573 debere,
1568 1516 1625 1561 ut
1650 1506 1736 1561 vel
1789 1522 1819 1561 a
1847 1522 1931 1561 me
1962 1506 2044 1561 vel

477 1603 546 1655 ab
578 1602 684 1654 alio
712 1602 1050 1671 iudicentur.
1083 1600 1137 1656 Si
1173 1615 1409 1669 namque
1459 1600 1799 1655 sacerdotum
1848 1600 2045 1654 delicta

476 1695 733 1764 plurimis
779 1695 1150 1756 innotescunt,
1181 1694 1417 1747 maxima
1448 1693 1727 1763 praebetur
1765 1694 1847 1747 eis
1872 1693 2047 1747 oﬂ'eu-

477 1785 648 1838 diculi
679 1785 923 1841 occasio.
974 1785 1070 1854 qui
1124 1786 1348 1853 impune
1380 1783 1529 1837 nullo
1569 1784 1766 1837 timore
1818 1796 2047 1852 peccare

477 1878 841 1930 constituere.
879 1875 1226 1944 Quapropter
1273 1876 1438 1944 agite.
1466 1873 1747 1929 Christum
1784 1874 2046 1938 aemulati.

476 1984 574 2037 per
598 1978 843 2022 mutuam
872 1968 1088 2023 veniam
1138 1966 1282 2020 alius
1317 1965 1409 2020 alii
1458 1965 1753 2020 commissa
1807 1965 2055 2019 remitta-

479 2076 621 2113 tuus.
662 2058 932 2129 Oportere
993 2059 1264 2129 siquidem
1295 2057 1502 2113 remitti
1531 2058 1599 2113 ab
1627 2073 1694 2113 eo
1722 2058 1933 2123 debita,
1960 2058 2052 2111 ille

479 2152 636 2213 dicit.
658 2154 751 2220 qui
781 2154 896 2221 ipse
920 2151 1146 2218 gratiam
1170 2149 1354 2206 delicti
1370 2158 1534 2221 petat.
1559 2145 1654 2204 llis
1673 2148 1852 2204 verbis
1867 2148 2050 2213 dictis.

477 2245 694 2303 libellos
749 2245 804 2300 in
850 2254 1148 2316 conspectu
1185 2258 1381 2298 eorum
1434 2241 1756 2305 combussit,
1809 2241 2048 2311 iuratus,

477 2337 617 2392 nihil
646 2353 705 2392 se
742 2351 969 2406 prorsus
1006 2352 1128 2405 qua:
1162 2335 1216 2389 in
1246 2335 1327 2389 eis
1358 2333 1561 2403 scripta
1593 2342 1775 2387 essent
1818 2331 2049 2402 legisse.

480 2428 644 2501 566
668 2429 888 2484 Addidit
939 2437 995 2484 et
1019 2427 1152 2483 illud
1175 2445 1188 2482 :
1210 2426 1265 2482 Si
1299 2426 1352 2480 in
1384 2426 1705 2496 episcopum
1759 2425 2050 2490 incideret,

480 2522 721 2576 alienum
745 2520 1060 2591 conjugium
1082 2519 1403 2584 violantezc,
1436 2532 1496 2573 se
1532 2531 1777 2588 purpura
1809 2531 1906 2571 sua
1938 2517 2056 2586 pia-

481 2616 665 2668 cuium
705 2612 759 2666 id
791 2615 1138 2667 nbtecturum
1164 2626 1309 2677 esse,
1352 2626 1420 2667 ne
1462 2620 1571 2665 tant
1599 2609 1805 2665 {indum
1842 2609 2054 2666 facinus

488 2704 904 2776 spectatoribus
938 2704 1287 2759 occasionem
1321 2704 1447 2757 mali
1499 2711 1734 2758 crearet.

555 2798 730 2864 Atque
764 2795 879 2850 base
904 2795 1126 2865 quidem
1158 2796 1241 2850 sic
1277 2803 1402 2849 ante
1436 2806 1785 2848 communem
1810 2807 2053 2848 conven-

484 2897 598 2949 tum
630 2896 771 2941 acta.
811 2885 868 2941 In
898 2902 1159 2941 consessu
1194 2897 1376 2941 autem
1418 2885 1664 2946 Patrum.
1706 2885 1955 2940 oratione
1985 2884 2052 2939 ad

484 2979 834 3034 concordiam
855 2993 952 3034 eos
972 2979 1292 3042 cohortaris,
1314 2981 1380 3033 de
1409 2977 1757 3050 dogmatibus
1782 2978 1905 3032 lidei
1927 2991 2058 3033 con-

482 3071 691 3126 sultare
708 3080 765 3125 et
787 3069 1092 3125 sententias
1118 3086 1219 3141 per
1234 3069 1496 3140 suﬂ'ragia
1515 3070 1701 3124 dicere
1716 3069 1903 3140 jussit.
1925 3068 2058 3134 Quae

2151 594 2309 648 Μετά
2330 593 2390 647 δὲ
2415 596 2514 664 τήν
2540 592 2838 662 σύμϐασιν,
2863 592 3208 661 ἀφικομένης
3232 588 3337 660 τῆς
3359 590 3722 660 προθεσμίας,

2149 686 2216 739 τὰ
2254 685 2433 755 βιϐλία
2485 687 2773 757 παρόντων
2822 684 3079 739 ἀπάντων
3132 685 3223 737 ἐπὶ
3272 684 3466 754 χεῖρας
3517 683 3725 754 φέρων,

2150 778 2320 832 Αὖται
2356 779 2485 847 μὲν.
2524 780 2649 851 ἔφη,
2680 779 2736 830 αί
2773 777 3103 846 κατηγορίαι
3135 776 3216 846 τῷ
3269 774 3491 846 μεγάλῳ
3532 773 3726 843 ἐκείνῳ

2150 872 2313 939 κριτῇ
2373 872 2634 935 ἀνεῖνται,
2687 870 2781 922 καὶ
2828 871 3020 939 καιρδς
3056 869 3247 932 αὐταῖς
3278 864 3321 921 ’ὁ
3350 867 3447 936 τῆς
3488 868 3726 937 ἐσχάτης

2153 963 2386 1034 κρίσεις
2442 966 2610 1028 ἐστιν,
2660 955 2708 1028 ᾧ
2741 963 2877 1030 δῆλα
2930 961 3028 1016 καὶ
3082 963 3299 1033 τάφανῆ
3357 960 3724 1014 καθίσταται·

2149 1056 2273 1121 ἐμοὶ
2306 1053 2363 1106 δὲ
2394 1053 2456 1107 ού
2490 1053 2666 1122 θέμις,
2697 1054 2972 1124 ἀνθρώπῳ
3011 1053 3320 1124 ὲφαμάρτῳ
3362 1069 3425 1121 γε
3455 1053 3592 1114 δντι,
3629 1057 3726 1105 ἁν-

2148 1146 2292 1215 eam
2322 1146 2514 1214 ἱερέων
2533 1146 2870 1216 κατηγορίας
2891 1144 3276 1216 ἀναδέχεσθαι,
3303 1148 3399 1201 καὶ
3422 1146 3500 1208 είς
3518 1146 3725 1213 ἀκρόα-

2151 1252 2237 1288 σιν
2265 1236 2553 1305 καθιστᾷν.
2588 1237 2738 1306 Μηδὲ
2772 1238 2881 1305 γὰρ
2911 1237 3058 1289 ὅσιον
3095 1237 3290 1306 ἔμοιγε
3329 1236 3534 1307 χρῆναι
3572 1237 3726 1290 λελό-

2152 1340 2359 1395 γισται,
2412 1327 2547 1380 Θεοῦ
2599 1326 2954 1397 λειτουργοὺς
3010 1329 3384 1392 καθεστῶτας,
3443 1329 3726 1394 τοιούτους

2150 1418 2378 1480 ἑαυτοὺς
2406 1420 2698 1487 παρέχειν,
2717 1418 2787 1479 ὡς
2815 1420 2944 1489 παρ’
2974 1419 3173 1487 ἐτέρων
3197 1419 3228 1488 ἧ
3248 1420 3338 1488 ὑφ’
3359 1417 3516 1490 ἡμῶν
3542 1420 3728 1488 κρίνε-

2152 1510 2298 1565 σθαι.
2321 1510 2444 1563 Τῶν
2480 1514 2588 1579 γὰρ
2622 1510 3126 1580 πλημμεληθέντων
3150 1514 3263 1573 τοῖς
3308 1512 3517 1580 ἱερεῦσι
3549 1513 3727 1582 δήλων

2151 1602 2573 1671 καθισταμένων
2610 1603 2723 1664 τοῖς
2771 1603 3066 1666 πλείστοις,
3102 1603 3381 1672 πρόφασις
3423 1603 3725 1658 σκανδάλου
3820 1596 3829 1601 ’

2150 1696 2455 1748 ἀνακύπτει
2489 1694 2719 1763 πλείστη
2763 1697 2878 1759 τοῖς
2927 1696 3100 1758 ἀδεῶς
3132 1696 3469 1765 ἁμαρτάνειν
3515 1696 3730 1749 ὲθέλουυ

2152 1805 2261 1841 σιν.
2295 1787 2431 1854 ’Δγε
2455 1785 2549 1839 οὖν
2576 1788 2819 1857 Χριστὸν
2853 1790 3252 1858 μιμησάμενοι,
3282 1792 3346 1860 τῇ
3394 1792 3532 1860 πρός
3560 1791 3731 1861 ἀλλή-

2151 1880 2281 1945 λους
2313 1881 2615 1953 συγγνώμῃ
2656 1884 2727 1935 τὰ
2763 1881 2972 1936 ἑαυτῶν
3005 1882 3437 1953 θεραπεύσαιμεν
3463 1896 3476 1911 '
3506 1884 3731 1953 ἀφιέναι

2153 1973 2264 2045 γάρ
2299 1990 2433 2044 φησι
2487 1976 2556 2028 τὰ
2593 1975 2940 2044 ὀφειλήματα
2966 1975 3075 2029 δεῖν
3122 1978 3213 2029 τόν
3248 1977 3503 2045 ἀφέσεως
3544 1980 3732 2048 τυχεῖν

2153 2065 2504 2135 ὀρεγόμενον.
2533 2065 2721 2121 Ταῦτα
2749 2066 2943 2134 λέγων,
2973 2067 3041 2120 τά
3074 2066 3255 2137 βιϐλία
3278 2069 3562 2140 παρρησίᾳ
3595 2084 3733 2123 κατ-

2155 2158 2406 2224 έκαυσεν,
2476 2159 2854 2228 ἐπομνύμενος
2896 2159 3065 2230 μηδὲν
3101 2160 3210 2213 τῶν
3251 2161 3601 2230 ἐγκειμένων
3620 2165 3733 2220 τοῖς

2153 2249 2484 2321 γράμμασιν
2535 2251 2869 2317 ἀναγνῶναι.
2927 2251 3249 2323 Προσετίθει
3292 2252 3349 2305 δὲ
3390 2250 3624 2317 τούτοις,
3656 2252 3735 2315 ὥς

2154 2340 2210 2393 εῐ
2232 2358 2296 2410 γε
2327 2344 2424 2395 καὶ
2444 2343 2737 2413 ,ἐπισκόπῳ
2759 2343 2979 2414 ένέτυχε
3004 2344 3185 2415 γάμον
3209 2343 3490 2415 ἀλλότριον
3517 2344 3735 2416 διορύτο

2153 2449 2325 2498 τοντι,
2353 2434 2703 2506 συγκαλύψαι
2736 2434 2804 2489 ἂν
2835 2436 2902 2507 τῇ
2935 2436 3228 2508 πορφυρίδι
3261 2438 3320 2490 τὸ
3348 2437 3501 2507 ἄγος,
3529 2439 3616 2493 ἵνα
3646 2442 3731 2510 μὴ

2154 2526 2281 2589 τοὺς
2311 2525 2624 2597 θεωμένους
2673 2528 2707 2598 ή
2736 2527 2845 2582 τῶν
2880 2527 3181 2600 δρωμένων
3219 2528 3343 2599 ὄψις
3398 2530 3480 2595 είς
3525 2530 3739 2604 βλάϐης

2155 2614 2436 2687 πρόφασιν
2472 2619 2734 2690 περιστῇ.

2233 2796 2421 2850 Ταῦτα
2457 2797 2558 2869 μὲν
2588 2797 2694 2866 πρὸ
2724 2796 2820 2868 τῆς
2857 2798 3041 2867 κοινῆς
3090 2798 3458 2863 συνελεύσεως
3484 2816 3499 2832 ο
3532 2801 3654 2855 τότε
3686 2802 3738 2856 δ’

2156 2885 2251 2943 οὖν
2309 2890 2435 2953 τοὺς
2488 2890 2626 2958 πρὸς
2680 2890 2939 2961 ὁμόνοιαν
3000 2894 3446 2964 παρακλητικοὺς
3485 2893 3739 2959 διελθὼν,

2158 2983 2293 3052 περὶ
2326 2980 2435 3035 τῶν
2478 2982 2765 3051 δογμάτων
2801 2982 2900 3052 τῆς
2927 2984 3163 3049 πίστ.ως
3202 2986 3301 3057 τὴν
3333 2987 3526 3057 σκέψιν
3557 2992 3740 3041 ποιεῖ-

2163 3068 2291 3122 σθαι
2343 3073 2481 3122 κατά
2513 3070 2742 3141 γνώμην
2780 3072 3109 3144 ἐπέτρεπεν.
3148 3076 3213 3128 Ἀ
3249 3076 3297 3129 δ’
3322 3075 3415 3130 οὖν
3464 3078 3745 3147 διελέγετο

485 3178 616 3218 vero
634 3158 747 3217 tum
779 3162 844 3217 ad
865 3176 962 3218 eos
987 3160 1123 3217 dixit
1140 3162 1192 3216 in
1216 3176 1428 3216 summa
1456 3162 1572 3216 haec
1594 3169 1723 3215 sunt
1747 3178 1762 3216 :
1796 3178 1814 3211 ι
1839 3157 2056 3216 Gratias

2161 3161 2394 3225 τούτοις,
2419 3162 2493 3225 ὡς
2521 3163 2578 3216 έν
2609 3162 2766 3234 τύπῳ
2795 3166 3135 3235 περιλαϐεῖν,
3160 3162 3302 3238 ἦσαν
3331 3167 3535 3223 ταῦτα’
3570 3190 3588 3223 ι
3624 3172 3745 3225 Χά-

484 3254 732 3325 quidem,
752 3254 951 3324 inquit,
971 3267 1157 3307 rerum
1178 3250 1423 3308 omnium
1450 3267 1641 3315 causa,
1659 3250 1753 3308 sed
1778 3251 1943 3322 hujus
1963 3267 2062 3322 po-

489 3347 760 3401 tissitnum
781 3356 1088 3400 conventus
1108 3340 1353 3407 nomine,
1375 3359 1476 3414 ago
1508 3343 1640 3409 Deo,
1668 3340 1859 3397 Patres
1872 3350 1931 3396 et
1952 3341 2063 3397 ira-

489 3448 605 3493 tres
622 3436 954 3492 ebarissimi.
982 3436 1150 3492 Recte
1175 3435 1324 3489 enim
1350 3435 1432 3491 sic
1461 3450 1560 3490 vos
1577 3435 1815 3504 appello,
1842 3434 2062 3504 quando

488 3530 634 3584 hanc
685 3527 820 3583 mihi
856 3527 1162 3583 communis
1196 3526 1456 3582 Servatur
1507 3529 1751 3581 omnium
1812 3535 2061 3580 nostrum

491 3620 766 3675 concessit
789 3617 1041 3689 gratiam,
1072 3628 1131 3672 ut
1164 3616 1378 3674 felicius
1398 3619 1564 3673 etiam
1595 3617 1728 3671 mihi
1767 3630 1932 3687 quam
1964 3629 2061 3670 vo-

493 3712 564 3768 tis
589 3722 782 3781 optare
808 3712 912 3765 sim
943 3725 1132 3778 ausus,
1148 3726 1239 3765 res
1258 3710 1542 3767 ceciderit.
1569 3711 1798 3767 Tantam
1821 3725 2060 3784 namque

488 3803 836 3857 sacerdotum
858 3800 955 3856 Dei
982 3799 1037 3855 in
1054 3800 1288 3855 consilio
1303 3807 1360 3855 et
1375 3809 1646 3855 conventu
1671 3815 1781 3856 uno
1807 3801 2064 3872 lrequen-

494 3899 648 3955 tiam,
680 3892 774 3947 illo
800 3892 1140 3948 concedente
1168 3891 1392 3953 intueri,
1421 3908 1490 3946 an
1523 3908 1633 3946 non
1676 3892 1915 3962 ingentis
1943 3891 2067 3947 fcli-

488 3986 675 4040 citatis
702 3984 825 4040 loto
869 3982 1221 4038 habendum?
1247 3984 1341 4040 sed
1381 3984 1650 4053 pervelim
1700 3999 1796 4038 vos
1845 3994 2065 4049 omnes,

487 4080 682 4136 eadem
704 4079 1031 4149 cogitantes,
1064 4088 1121 4132 ct
1151 4079 1461 4132 animorum
1489 4092 1765 4132 consensu
1789 4078 1843 4131 in
1873 4075 2065 4131 eadem

487 4171 766 4226 sententia
781 4170 1167 4233 consistentes,
1193 4168 1400 4223 ridere.
1425 4168 1608 4224 Rebus
1622 4168 1769 4223 enim
1801 4167 2067 4237 malisque

486 4266 647 4330 adeo,
672 4277 794 4334 qua!
824 4263 949 4332 quis
966 4262 1149 4332 eloqui
1186 4261 1361 4332 possit
1396 4259 1677 4326 omnibus,
1713 4260 1875 4330 longe
1909 4258 2062 4314 dcte.

489 4356 608 4411 rius
638 4356 775 4410 mibi
798 4370 921 4410 esse
942 4355 1111 4417 duco,
1143 4353 1289 4424 quod
1327 4353 1629 4409 Ecclesiam
1688 4352 1783 4407 Dei
1839 4351 2068 4407 seditio-

486 4448 651 4503 nibus
691 4447 835 4501 iuter
870 4460 929 4501 se
970 4445 1326 4501 dissidentem
1363 4455 1419 4499 et
1458 4444 1749 4498 contrariis
1777 4443 2055 4499 hostiliter

484 4538 777 4611 sententiis
807 4536 1213 4592 conﬂictautem
1233 4552 1421 4591 cerno.
1476 4534 1932 4603 Quandoquidem
1958 4550 2058 4588 au-
2093 4525 2135 4582 1)

485 4642 597 4686 tem
634 4631 806 4702 (quod
836 4645 968 4686 sane
1001 4630 1203 4685 factum
1234 4629 1460 4697 nollem)
1503 4645 1623 4698 qua:
1652 4627 1720 4681 ad
1768 4641 1855 4682 me
1892 4627 2059 4682 relata

482 4737 617 4780 sunt
645 4724 906 4778 omnibus
932 4724 1043 4795 jam
1080 4722 1392 4783 innotuere,
1422 4738 1531 4791 quo
1595 4720 1783 4775 dolore
1813 4719 2056 4774 animum

484 4834 675 4873 meum
712 4818 1024 4889 perculsum
1049 4832 1167 4873 esse
1213 4815 1443 4884 potatis,
1507 4830 1629 4867 cum
1687 4814 2058 4868 seditionibus

485 4912 769 4966 involutos
797 4926 917 4965 esse
942 4927 1035 4966 vos
1053 4909 1296 4965 audirem
1323 4911 1347 4964 ?
1376 4908 1532 4977 Quod
1562 4910 1786 4963 minime
1815 4908 2060 4962 Omnium

478 5023 517 5056 ιι
552 5004 707 5059 vobis
737 5003 940 5058 factum
959 5002 1226 5071 oportuit,
1258 5003 1352 5070 qui
1400 5002 1491 5058 Dei
1528 5001 1765 5055 ministri
1797 5010 1852 5053 et
1913 4999 2061 5070 pacis

488 5111 770 5167 pI'J‘COIICS
788 5095 1057 5163 designati
1092 5092 1248 5149 estis.
1281 5093 1414 5156 Quis
1433 5092 1546 5161 jun
1581 5092 1703 5147 aliis
1724 5092 1906 5160 quieta
1928 5108 2031 5143 con
2048 5121 2061 5131 -

484 5190 610 5242 sui:
634 5190 793 5257 sequi
831 5187 1206 5256 persuadebit.
1238 5187 1457 5256 quando
1514 5200 1609 5239 vos
1643 5195 1749 5237 tam
1787 5185 2059 5238 hostiliter

448 5266 640 5334 ‘arma
663 5282 882 5335 sumitis
926 5289 983 5334 et
1012 5281 1155 5334 inter
1205 5294 1303 5333 vos
1340 5277 1701 5348 dcpugualis?
1756 5278 1927 5344 Quam
1989 5277 2059 5331 ob

486 5388 713 5428 causim
780 5374 921 5427 hanc
951 5387 1160 5427 sacram
1189 5371 1342 5440 εοεςί
1376 5369 1664 5440 synodum,
1693 5372 1787 5437 qui
1822 5368 2061 5437 impera-

489 5476 581 5519 tor
612 5473 990 5521 etconseruts
1018 5474 1200 5518 vester
1226 5477 1368 5516 sum.
1405 5464 1467 5515 lit
1499 5466 1637 5515 hanc
1668 5478 1697 5514 a
1725 5461 2056 5515 vobisuuam

488 5569 623 5627 peto
649 5558 906 5628 gratiam,
931 5572 1095 5625 quam
1132 5572 1255 5610 cum
1289 5573 1317 5608 ιι
1350 5572 1435 5608 uie
1471 5555 1622 5609 \‘Ubls
1648 5555 1916 5622 recipere,
1945 5565 2058 5605 tttm

492 5665 592 5704 vos
628 5651 761 5703 milii
790 5650 927 5702 dare
956 5660 1036 5702 est
1070 5665 1312 5717 acquum,
1371 5653 1628 5702 tit—rebus
1657 5662 1778 5716 qua:
1827 5647 2058 5700 seditio.

488 5757 618 5795 nern
646 5742 789 5794 ltauc
811 5755 1073 5810 peperere
1106 5740 1159 5793 iu
1193 5742 1437 5794 medium
1462 5740 1712 5808 prolatis,
1740 5749 2047 5791 controver-

489 5836 703 5905 siisque
735 5834 936 5904 quietis
967 5835 1210 5889 consiliis
1240 5834 1462 5897 decisis,
1508 5832 1572 5885 ad
1605 5846 1819 5901 pacem,
1844 5848 1941 5901 pro
1990 5847 2055 5885 ea

2165 3268 2251 3321 ριν
2286 3255 2384 3324 μὲν
2435 3255 2639 3309 εἰδέναι
2684 3256 2805 3328 Θεῷ
2844 3259 3062 3313 πάντων
3112 3260 3301 3314 ἕνεκεν
3356 3261 3584 3332 ἔλεγενο
3637 3265 3748 3335 οὐχ

2160 3340 2325 3423 ἦττον
2353 3346 2409 3399 δὲ
2438 3345 2515 3416 τῷ
2556 3348 2790 3419 παρόντι
2821 3348 3087 3422 συλλόγῳ,
3115 3345 3160 3405 ὦ
3203 3353 3349 3421 φίλοι
3379 3356 3471 3408 καὶ
3502 3356 3750 3427 πατέρες

2164 3441 2259 3491 καὶ
2286 3438 2510 3506 ἀδελφοί
2537 3454 2550 3468 '
2580 3439 2730 3493 καλῶ
2756 3440 2866 3514 γὰρ
2901 3443 3045 3513 ὑμᾶς
3071 3442 3237 3512 οὕτω,
3289 3446 3385 3499 τοῦ
3416 3446 3598 3501 κοινοῦ
3626 3449 3752 3501 Σωο

2163 3533 2329 3601 τῆρος
2363 3532 2524 3601 ήμῶν
2565 3532 2738 3586 ταῦτα
2783 3536 3183 3606 χαρισαμένου.
3219 3539 3329 3592 Καὶ
3373 3539 3534 3593 πλέον
3566 3542 3675 3612 γὰρ
3707 3541 3748 3611 ἥ

2164 3624 2287 3676 κατ’
2321 3622 2486 3694 εύχὴν
2542 3623 2731 3694 ἔμοιγε
2778 3627 3048 3698 περιέστη
3100 3630 3162 3681 τὸ
3202 3631 3468 3700 πρᾶγμαο
3511 3630 3573 3683 τὸ
3626 3632 3749 3704 γὰρ

2167 3715 2453 3779 τοσούτους
2473 3716 2653 3788 Σερέας
2675 3716 2836 3784 Θεοῦ,
2860 3720 2917 3783 ές
2940 3719 3109 3774 ταυτδ
3135 3721 3543 3793 συνδραμόντας
3562 3724 3754 3789 ἀξιοῦ-

2168 3807 2295 3860 σθαι
2340 3810 2495 3881 ὁρᾷν,
2533 3811 2702 3862 πόσου
2728 3809 2794 3863 ἀν
2833 3826 2917 3874 τις
2938 3811 3091 3881 θείη;
3143 3812 3304 3867 Ἀλλά
3347 3829 3411 3881 γε
3442 3814 3753 3886 βουλοίμην

2168 3900 2234 3954 ἀν
2264 3898 2515 3966 ἃπαντας
2564 3902 2739 3957 ταῦτα
2776 3906 2876 3974 μὲν
2926 3906 3158 3960 θεᾶσθαι
3197 3908 3558 3978 φρονοῦντας,
3605 3926 3755 3980 συμ-

2169 3995 2347 4064 φωνίᾳ
2375 3993 2431 4045 δὲ
2460 3992 2639 4066 ψυχῆς
2667 3996 2761 4049 ἐπὶ
2792 3997 2923 4067 μιᾶς
2952 3996 3174 4051 ἑστάναι
3194 3999 3294 4068 τῆς
3322 3998 3570 4070 γνώμης.
3598 3998 3756 4054 Παν-

2170 4085 2261 4147 τὸς
2293 4087 2403 4158 γὰρ
2435 4085 2627 4156 ἔμοιγε
2653 4090 2857 4156 χεῖρον.
2885 4089 2981 4142 καὶ
3013 4089 3141 4143 ὅσου
3176 4090 3243 4144 ἀν
3278 4108 3362 4154 τις
3388 4092 3536 4146 είποι
3568 4093 3755 4147 κακοῦ

2172 4176 2431 4231 ἐπέκεινα
2462 4178 2654 4247 κρίνω,
2686 4181 2785 4247 τὴν
2822 4179 3154 4251 Ἐκκλησίαν
3181 4182 3317 4236 Θεοῦ
3347 4186 3481 4256 ὁρᾷν
3517 4185 3761 4239 στασιά-

2174 4269 2396 4335 ζουσαν,
2450 4272 2544 4322 καὶ
2590 4273 2668 4334 είς
2733 4272 3067 4336 ἀντιπάλους
3122 4274 3508 4344 διακρίνεσθαι
3562 4276 3753 4342 δόξας.

2185 4361 2458 4430 Ὀπηνίκα
2486 4362 2692 4423 τοίνυν,
2723 4361 2796 4424 ὥς
2827 4379 2892 4430 γε
2922 4365 2997 4434 μὴ
3027 4364 3227 4431 ὤφελε.
3260 4368 3551 4439 καταφανῆ
3592 4369 3629 4423 ἀ
3650 4387 3755 4439 μοι

2178 4454 2528 4523 προσηγγέλη
2586 4455 2828 4522 ἐγένετο,
2878 4457 2995 4519 πῶς
3043 4452 3250 4510 δοκεῖτε
3302 4459 3589 4530 δέδηγμαι,
3642 4461 3756 4530 τὴν

2165 4547 2344 4617 ψυχὴν
2372 4549 2685 4611 στασάζειν
2721 4548 3070 4617 πεπυσμένος
3109 4550 3253 4619 ὑμᾶς
3282 4567 3296 4613 ;
3329 4550 3423 4614 οὓς
3454 4552 3655 4621 ἤκιστά
3678 4570 3754 4621 γε

2166 4640 2437 4706 προσῆκε,
2470 4638 2603 4691 Θεοῦ
2654 4639 3004 4708 λειτουργοὺς
3048 4641 3146 4694 καὶ
3176 4641 3484 4711 βραϐευτὰς
3515 4644 3750 4713 εἰρήνης

2167 4729 2598 4799 καθεστηκότας.
2626 4733 2721 4794 Τίς
2748 4731 2859 4805 γὰρ
2884 4730 2949 4786 ἂν
2978 4734 3106 4796 τοὺς
3133 4733 3330 4798 ἄλλους
3353 4736 3593 4788 πείσειεν
3615 4737 3753 4805 ἡρε-

2170 4826 2314 4893 μεῖν,
2348 4824 2505 4893 ὑμῶν
2538 4824 2681 4879 οὕτω
2710 4825 2797 4879 διὰ
2834 4804 3014 4897 μάχης
3054 4827 3243 4882 ίόντων
3295 4831 3392 4881 καὶ
3426 4830 3548 4882 κατ’
3581 4829 3758 4900 ἀλλήο

2166 4916 2273 4968 λων
2323 4915 2737 4987 ὁπλιζομένωνς
2773 4918 2965 4971 Ἔνθεν
2996 4935 3078 4971 τοι
3127 4920 3223 4973 καὶ
3253 4920 3351 4991 τὴν
3404 4923 3555 4991 ἱερὰν
3583 4922 3751 4990 ὑμῶν

2168 5011 2544 5080 συνεκρότησα
2578 5009 2818 5076 σύνοδον,
2855 5009 3110 5089 βασιλεύς
3148 5028 3205 5063 τε
3236 5010 3312 5063 ὢν
3346 5016 3440 5065 καὶ
3474 5014 3751 5082 συνθερὰ-

2168 5122 2286 5156 πων
2326 5102 2614 5172 ὑμέτερος,
2660 5104 2768 5155 Καί
2800 5119 2861 5171 γε
2918 5104 3048 5172 μίαν
3084 5103 3223 5156 αἰτῶ
3250 5104 3435 5176 χάριν,
3463 5106 3530 5176 ἣν
3555 5107 3651 5173 ἐμὲ
3683 5123 3750 5158 τε

2168 5192 2380 5256 λαϐεῖν,
2430 5195 2525 5244 καὶ
2561 5193 2703 5260 ὑμᾶς
2764 5194 2978 5255 πάντως
3031 5195 3214 5250 δοῦναι
3263 5195 3505 5250 δίκαιον·
3551 5194 3650 5266 τὴν
3684 5196 3751 5248 δὲ

2165 5281 2304 5336 εἶναι
2336 5284 2404 5334 τά
2432 5284 2530 5352 τὴν
2566 5283 2758 5335 στάσιν
2790 5283 3133 5353 γεννήσαντα
3169 5285 3266 5336 ἐπὶ
3309 5287 3476 5354 μέσου
3526 5285 3755 5352 πριθεῖ-

2166 5395 2278 5437 ναι,
2332 5378 2425 5428 καὶ
2472 5376 2572 5446 τὴν
2609 5376 3025 5447 ἀμφισϐήτησιν
3069 5379 3245 5447 ἡσυχῆ
3296 5378 3753 5449 διαλυσαμένους,

2169 5467 2248 5527 εἰς
2279 5466 2502 5534 εἰρήνην
2532 5466 2673 5517 κατὰ
2703 5465 2801 5534 τὴν
2830 5464 3056 5521 ἐνοῦσαν
3082 5465 3214 5536 ύμῖν
3240 5466 3400 5536 χάριν
3427 5468 3583 5533 ἄγειν
3612 5468 3761 5519 πάν-

2168 5575 2293 5621 τας,
2321 5559 2415 5609 καὶ
2446 5556 2505 5609 τὸ
2534 5557 2902 5610 ἀστασίαστον
2928 5555 3006 5626 τῷ
3044 5556 3278 5626 δόγματι
3314 5559 3753 5628 ὲπιχορηγῆσαι·

2171 5647 2257 5698 ἵνα
2307 5646 2524 5714 σύναρα
2568 5646 2812 5716 τοσούτῳ
2872 5646 3003 5714 θείῳ
3049 5645 3265 5716 στρατῷ
3320 5645 3417 5698 καὶ
3466 5644 3606 5698 κατᾶ
3649 5645 3757 5698 τοῦ

2171 5739 2431 5809 φθονεροῦ
2488 5739 2745 5810 δαίμονος
2796 5740 2976 5793 κοινὸν
3023 5738 3314 5808 ἀναστήσω
3345 5739 3405 5790 τὸ
3441 5737 3710 5807 τρόπαιον
3736 5754 3755 5769 ·

2163 5832 2356 5894 ὅςτῶν
2414 5832 2780 5903 παλαμναίων
2818 5832 3097 5904 τυράννων
3147 5831 3392 5885 ἐκποδὼν
3446 5831 3521 5895 ὡς
3579 5829 3758 5900 τάχος
