  <div class='ocr_page' id='page_1' title='image "/cluster/home/n/w/nwhite01/storage/ocr_20150623/146/hvd.32044019208347/042.png"; bbox 0 0 4034 6564; ppageno 0'>
   <div class='ocr_carea' id='block_1_1' title="bbox 321 396 3582 464">
    <p class='ocr_par' dir='ltr' id='par_1_1' title="bbox 321 396 3582 464">
     <span class='ocr_line' id='line_1_1' title="bbox 321 396 3582 464; baseline 0 -6"><span class='ocrx_word' id='word_1_1' title='bbox 321 399 396 464; x_wconf 66' lang='lat'><strong>£9</strong></span> <span class='ocrx_word' id='word_1_2' title='bbox 1251 397 1861 461; x_wconf 62' lang='grc' dir='ltr'><strong>ΕΟΕΙιΕΞΙΑΞίἸΟίΕ</strong></span> <span class='ocrx_word' id='word_1_3' title='bbox 1906 396 2296 456; x_wconf 68' lang='grc' dir='ltr'><strong>ΙΙΙΞΤΟΗΗΞ</strong></span> <span class='ocrx_word' id='word_1_4' title='bbox 2337 397 2481 458; x_wconf 78' lang='lat' dir='ltr'><strong>l-lB.</strong></span> <span class='ocrx_word' id='word_1_5' title='bbox 2525 397 2688 459; x_wconf 74' lang='lat' dir='ltr'><strong>Vill.</strong></span> <span class='ocrx_word' id='word_1_6' title='bbox 3511 400 3582 461; x_wconf 80' lang='grc'><strong>70</strong></span> 
     </span>
    </p>
   </div>
   <div class='ocr_carea' id='block_1_2' title="bbox 319 510 1908 591">
    <p class='ocr_par' dir='ltr' id='par_1_2' title="bbox 319 513 1897 591">
     <span class='ocr_line' id='line_1_2' title="bbox 319 513 1897 591; baseline -0.005 -17"><span class='ocrx_word' id='word_1_7' title='bbox 319 519 736 591; x_wconf 77' lang='grc' dir='ltr'><strong>γεγενημένων,</strong></span> <span class='ocrx_word' id='word_1_8' title='bbox 768 517 816 572; x_wconf 78' lang='grc' dir='ltr'>οἳ</span> <span class='ocrx_word' id='word_1_9' title='bbox 843 517 911 572; x_wconf 78' lang='grc' dir='ltr'><strong>τά</strong></span> <span class='ocrx_word' id='word_1_10' title='bbox 938 516 1066 586; x_wconf 86' lang='grc' dir='ltr'>φίλα</span> <span class='ocrx_word' id='word_1_11' title='bbox 1093 517 1290 589; x_wconf 78' lang='grc' dir='ltr'>ἐκείνῳ</span> <span class='ocrx_word' id='word_1_12' title='bbox 1327 513 1469 586; x_wconf 77' lang='grc' dir='ltr'>ἦσαν</span> <span class='ocrx_word' id='word_1_13' title='bbox 1494 515 1897 585; x_wconf 83' lang='grc' dir='ltr'>διαπραττόμε-</span> 
     </span>
    </p>
   </div>
   <div class='ocr_carea' id='block_1_3' title="bbox 2009 510 3584 591">
    <p class='ocr_par' dir='ltr' id='par_1_3' title="bbox 2009 510 3584 583">
     <span class='ocr_line' id='line_1_3' title="bbox 2009 510 3584 583; baseline -0.001 -18"><span class='ocrx_word' id='word_1_14' title='bbox 2009 527 2120 580; x_wconf 75' lang='lat' dir='ltr'><strong>quae</strong></span> <span class='ocrx_word' id='word_1_15' title='bbox 2147 513 2299 566; x_wconf 90' lang='lat' dir='ltr'><strong>vobis</strong></span> <span class='ocrx_word' id='word_1_16' title='bbox 2329 513 2470 566; x_wconf 85' lang='lat' dir='ltr'><strong>inest</strong></span> <span class='ocrx_word' id='word_1_17' title='bbox 2507 515 2702 583; x_wconf 79' lang='lat' dir='ltr'><strong>gratia,</strong></span> <span class='ocrx_word' id='word_1_18' title='bbox 2779 522 3009 567; x_wconf 85' lang='lat' dir='ltr'><strong>cunctos</strong></span> <span class='ocrx_word' id='word_1_19' title='bbox 3064 510 3341 582; x_wconf 77' lang='lat' dir='ltr'><strong>rcdigatis,</strong></span> <span class='ocrx_word' id='word_1_20' title='bbox 3390 519 3444 566; x_wconf 89' lang='lat' dir='ltr'><strong>et</strong></span> <span class='ocrx_word' id='word_1_21' title='bbox 3489 514 3584 566; x_wconf 82' lang='lat' dir='ltr'><strong>do-</strong></span> 
     </span>
    </p>
   </div>
   <div class='ocr_carea' id='block_1_4' title="bbox 320 607 1907 681">
    <p class='ocr_par' dir='ltr' id='par_1_4' title="bbox 320 607 1907 681">
     <span class='ocr_line' id='line_1_4' title="bbox 320 607 1907 681; baseline -0.001 -17"><span class='ocrx_word' id='word_1_22' title='bbox 320 627 429 676; x_wconf 83' lang='grc' dir='ltr'>νοι,</span> <span class='ocrx_word' id='word_1_23' title='bbox 465 611 856 681; x_wconf 77' lang='grc' dir='ltr'>ἀμηχανήσας,</span> <span class='ocrx_word' id='word_1_24' title='bbox 886 610 977 663; x_wconf 75' lang='grc' dir='ltr'><strong>τὸν</strong></span> <span class='ocrx_word' id='word_1_25' title='bbox 1015 608 1282 679; x_wconf 71' lang='grc' dir='ltr'>ἐμφύλιον</span> <span class='ocrx_word' id='word_1_26' title='bbox 1308 609 1520 662; x_wconf 71' lang='grc' dir='ltr'>τουτονὶ</span> <span class='ocrx_word' id='word_1_27' title='bbox 1562 609 1800 677; x_wconf 84' lang='grc' dir='ltr'>πόλεμον</span> <span class='ocrx_word' id='word_1_28' title='bbox 1839 607 1907 662; x_wconf 77' lang='grc' dir='ltr'>ἂν</span> 
     </span>
    </p>
   </div>
   <div class='ocr_carea' id='block_1_5' title="bbox 319 700 1907 776">
    <p class='ocr_par' dir='ltr' id='par_1_5' title="bbox 319 700 1907 776">
     <span class='ocr_line' id='line_1_5' title="bbox 319 700 1907 776; baseline -0.002 -21"><span class='ocrx_word' id='word_1_29' title='bbox 319 703 603 774; x_wconf 80' lang='grc' dir='ltr'>ὲρρίπισε,</span> <span class='ocrx_word' id='word_1_30' title='bbox 650 701 900 770; x_wconf 75' lang='grc' dir='ltr'><strong>νεμεσῶν</strong></span> <span class='ocrx_word' id='word_1_31' title='bbox 937 701 1028 754; x_wconf 73' lang='grc' dir='ltr'><strong>ἀεὶ</strong></span> <span class='ocrx_word' id='word_1_32' title='bbox 1058 703 1152 754; x_wconf 73' lang='grc' dir='ltr'>καὶ</span> <span class='ocrx_word' id='word_1_33' title='bbox 1185 704 1294 764; x_wconf 88' lang='grc' dir='ltr'>τοῖς</span> <span class='ocrx_word' id='word_1_34' title='bbox 1326 702 1620 770; x_wconf 77' lang='grc' dir='ltr'><strong>ἡμετέροις</strong></span> <span class='ocrx_word' id='word_1_35' title='bbox 1663 700 1907 776; x_wconf 72' lang='grc' dir='ltr'>ἐπιτιθέ-</span> 
     </span>
    </p>
   </div>
   <div class='ocr_carea' id='block_1_6' title="bbox 322 793 1904 863">
    <p class='ocr_par' dir='ltr' id='par_1_6' title="bbox 322 793 1904 863">
     <span class='ocr_line' id='line_1_6' title="bbox 322 793 1904 863; baseline 0.001 -18"><span class='ocrx_word' id='word_1_36' title='bbox 322 811 490 863; x_wconf 87' lang='grc' dir='ltr'>μενος</span> <span class='ocrx_word' id='word_1_37' title='bbox 519 795 766 860; x_wconf 76' lang='grc' dir='ltr'><strong>ἀγαθοῖς.</strong></span> <span class='ocrx_word' id='word_1_38' title='bbox 803 794 894 847; x_wconf 75' lang='grc' dir='ltr'><strong>Διὸ</strong></span> <span class='ocrx_word' id='word_1_39' title='bbox 931 795 1126 863; x_wconf 84' lang='grc' dir='ltr'>δέομαι</span> <span class='ocrx_word' id='word_1_40' title='bbox 1158 794 1234 858; x_wconf 86' lang='grc' dir='ltr'><strong>ὡς</strong></span> <span class='ocrx_word' id='word_1_41' title='bbox 1274 793 1409 846; x_wconf 77' lang='grc' dir='ltr'>Θεοῦ</span> <span class='ocrx_word' id='word_1_42' title='bbox 1449 794 1739 863; x_wconf 81' lang='grc' dir='ltr'><strong>παρόντος,</strong></span> <span class='ocrx_word' id='word_1_43' title='bbox 1775 794 1904 846; x_wconf 70' lang='grc' dir='ltr'>ἔκα-</span> 
     </span>
    </p>
   </div>
   <div class='ocr_carea' id='block_1_7' title="bbox 321 883 1903 958">
    <p class='ocr_par' dir='ltr' id='par_1_7' title="bbox 321 883 1903 958">
     <span class='ocr_line' id='line_1_7' title="bbox 321 883 1903 958; baseline -0.001 -19"><span class='ocrx_word' id='word_1_44' title='bbox 321 904 452 947; x_wconf 86' lang='grc' dir='ltr'>στος</span> <span class='ocrx_word' id='word_1_45' title='bbox 485 886 784 958; x_wconf 66' lang='grc' dir='ltr'>διαρρίψας</span> <span class='ocrx_word' id='word_1_46' title='bbox 831 887 887 939; x_wconf 79' lang='grc' dir='ltr'>εἴ</span> <span class='ocrx_word' id='word_1_47' title='bbox 922 905 976 938; x_wconf 90' lang='grc' dir='ltr'><strong>τι</strong></span> <span class='ocrx_word' id='word_1_48' title='bbox 1013 886 1176 956; x_wconf 78' lang='grc' dir='ltr'>ἄχθος</span> <span class='ocrx_word' id='word_1_49' title='bbox 1231 886 1476 955; x_wconf 73' lang='grc' dir='ltr'>ἐντριὸὲν</span> <span class='ocrx_word' id='word_1_50' title='bbox 1509 886 1642 954; x_wconf 70' lang='grc' dir='ltr'>ἔχει,</span> <span class='ocrx_word' id='word_1_51' title='bbox 1697 883 1775 954; x_wconf 82' lang='grc' dir='ltr'>τῷ</span> <span class='ocrx_word' id='word_1_52' title='bbox 1805 885 1903 951; x_wconf 84' lang='grc' dir='ltr'><strong>τῆς</strong></span> 
     </span>
    </p>
   </div>
   <div class='ocr_carea' id='block_1_8' title="bbox 320 972 1904 1046">
    <p class='ocr_par' dir='ltr' id='par_1_8' title="bbox 320 972 1904 1046">
     <span class='ocr_line' id='line_1_8' title="bbox 320 972 1904 1046; baseline -0.003 -17"><span class='ocrx_word' id='word_1_53' title='bbox 320 979 511 1046; x_wconf 79' lang='grc' dir='ltr'><strong>κοινῆς</strong></span> <span class='ocrx_word' id='word_1_54' title='bbox 565 978 819 1045; x_wconf 73' lang='grc' dir='ltr'>ὁμονοίας</span> <span class='ocrx_word' id='word_1_55' title='bbox 871 977 1116 1046; x_wconf 83' lang='grc' dir='ltr'>προσίτω</span> <span class='ocrx_word' id='word_1_56' title='bbox 1150 976 1321 1045; x_wconf 78' lang='grc' dir='ltr'>καλῷ.</span> <span class='ocrx_word' id='word_1_57' title='bbox 1369 975 1523 1044; x_wconf 79' lang='grc' dir='ltr'>Μηδὲ</span> <span class='ocrx_word' id='word_1_58' title='bbox 1557 976 1664 1043; x_wconf 85' lang='grc' dir='ltr'>γὰρ</span> <span class='ocrx_word' id='word_1_59' title='bbox 1715 972 1781 1026; x_wconf 84' lang='grc' dir='ltr'>ἂν</span> <span class='ocrx_word' id='word_1_60' title='bbox 1837 974 1904 1025; x_wconf 72' lang='grc' dir='ltr'>τὰ</span> 
     </span>
    </p>
   </div>
   <div class='ocr_carea' id='block_1_9' title="bbox 322 1065 1905 1139">
    <p class='ocr_par' dir='ltr' id='par_1_9' title="bbox 322 1065 1905 1139">
     <span class='ocr_line' id='line_1_9' title="bbox 322 1065 1905 1139; baseline -0.004 -16"><span class='ocrx_word' id='word_1_61' title='bbox 322 1071 484 1124; x_wconf 74' lang='grc' dir='ltr'>κοινά</span> <span class='ocrx_word' id='word_1_62' title='bbox 515 1071 696 1132; x_wconf 85' lang='grc' dir='ltr'>καλῶς</span> <span class='ocrx_word' id='word_1_63' title='bbox 724 1070 871 1139; x_wconf 71' lang='grc' dir='ltr'>ἔχειν</span> <span class='ocrx_word' id='word_1_64' title='bbox 897 1070 1096 1124; x_wconf 76' lang='grc' dir='ltr'>οἰέσθω</span> <span class='ocrx_word' id='word_1_65' title='bbox 1134 1086 1240 1131; x_wconf 85' lang='grc' dir='ltr'>τις,</span> <span class='ocrx_word' id='word_1_66' title='bbox 1268 1070 1378 1120; x_wconf 84' lang='grc' dir='ltr'><strong>τῶν</strong></span> <span class='ocrx_word' id='word_1_67' title='bbox 1406 1068 1530 1122; x_wconf 85' lang='grc' dir='ltr'>καθ’</span> <span class='ocrx_word' id='word_1_68' title='bbox 1556 1068 1702 1136; x_wconf 73' lang='grc' dir='ltr'>ὑμᾶς</span> <span class='ocrx_word' id='word_1_69' title='bbox 1731 1065 1905 1129; x_wconf 75' lang='grc' dir='ltr'>οὕτως</span> 
     </span>
    </p>
   </div>
   <div class='ocr_carea' id='block_1_10' title="bbox 323 1153 1906 1226">
    <p class='ocr_par' dir='ltr' id='par_1_10' title="bbox 323 1153 1906 1226">
     <span class='ocr_line' id='line_1_10' title="bbox 323 1153 1906 1226; baseline -0.003 -17"><span class='ocrx_word' id='word_1_70' title='bbox 323 1159 384 1209; x_wconf 81' lang='grc' dir='ltr'>ἐν</span> <span class='ocrx_word' id='word_1_71' title='bbox 421 1159 648 1210; x_wconf 77' lang='grc' dir='ltr'><strong>στάσεσι</strong></span> <span class='ocrx_word' id='word_1_72' title='bbox 677 1158 1038 1210; x_wconf 74' lang='grc' dir='ltr'><strong>καθεστώτων</strong></span> <span class='ocrx_word' id='word_1_73' title='bbox 1073 1157 1168 1210; x_wconf 79' lang='grc' dir='ltr'>καὶ</span> <span class='ocrx_word' id='word_1_74' title='bbox 1211 1156 1523 1226; x_wconf 73' lang='grc' dir='ltr'>διχονοίαις.</span> <span class='ocrx_word' id='word_1_75' title='bbox 1560 1154 1672 1207; x_wconf 84' lang='grc' dir='ltr'><strong>Καὶ</strong></span> <span class='ocrx_word' id='word_1_76' title='bbox 1702 1153 1811 1223; x_wconf 75' lang='grc' dir='ltr'>γὰρ</span> <span class='ocrx_word' id='word_1_77' title='bbox 1840 1153 1906 1205; x_wconf 82' lang='grc' dir='ltr'>ἄν</span> 
     </span>
    </p>
   </div>
   <div class='ocr_carea' id='block_1_11' title="bbox 323 1250 1906 1320">
    <p class='ocr_par' dir='ltr' id='par_1_11' title="bbox 323 1250 1906 1320">
     <span class='ocr_line' id='line_1_11' title="bbox 323 1250 1906 1320; baseline -0.001 -18"><span class='ocrx_word' id='word_1_78' title='bbox 323 1253 410 1319; x_wconf 70' lang='grc' dir='ltr'><strong>εἴη</strong></span> <span class='ocrx_word' id='word_1_79' title='bbox 451 1251 626 1303; x_wconf 63' lang='grc' dir='ltr'>δεινὸν</span> <span class='ocrx_word' id='word_1_80' title='bbox 662 1252 753 1304; x_wconf 77' lang='grc' dir='ltr'>καὶ</span> <span class='ocrx_word' id='word_1_81' title='bbox 808 1252 916 1304; x_wconf 88' lang='grc' dir='ltr'><strong>τῶν</strong></span> <span class='ocrx_word' id='word_1_82' title='bbox 950 1251 1092 1320; x_wconf 79' lang='grc' dir='ltr'>ἄγαν</span> <span class='ocrx_word' id='word_1_83' title='bbox 1123 1253 1361 1310; x_wconf 83' lang='grc' dir='ltr'>ἀτόπων,</span> <span class='ocrx_word' id='word_1_84' title='bbox 1395 1252 1444 1304; x_wconf 73' lang='lat' dir='ltr'><strong>si</strong></span> <span class='ocrx_word' id='word_1_85' title='bbox 1474 1250 1586 1304; x_wconf 89' lang='grc' dir='ltr'><strong>τῶν</strong></span> <span class='ocrx_word' id='word_1_86' title='bbox 1628 1250 1906 1318; x_wconf 82' lang='grc' dir='ltr'>πολεμίων</span> 
     </span>
    </p>
   </div>
   <div class='ocr_carea' id='block_1_12' title="bbox 323 1343 1907 1408">
    <p class='ocr_par' dir='ltr' id='par_1_12' title="bbox 323 1343 1907 1408">
     <span class='ocr_line' id='line_1_12' title="bbox 323 1343 1907 1408; baseline -0.002 -10"><span class='ocrx_word' id='word_1_87' title='bbox 323 1344 472 1398; x_wconf 75' lang='grc' dir='ltr'>οὕτω</span> <span class='ocrx_word' id='word_1_88' title='bbox 511 1344 952 1408; x_wconf 71' lang='grc' dir='ltr'><strong>καταλυθέντων,</strong></span> <span class='ocrx_word' id='word_1_89' title='bbox 984 1345 1201 1407; x_wconf 80' lang='grc' dir='ltr'>οὐδενὸς</span> <span class='ocrx_word' id='word_1_90' title='bbox 1227 1345 1271 1398; x_wconf 81' lang='grc' dir='ltr'>δ’</span> <span class='ocrx_word' id='word_1_91' title='bbox 1303 1345 1382 1397; x_wconf 79' lang='grc' dir='ltr'>ἔτι</span> <span class='ocrx_word' id='word_1_92' title='bbox 1431 1345 1750 1398; x_wconf 72' lang='grc' dir='ltr'>ἀντιτείνειν</span> <span class='ocrx_word' id='word_1_93' title='bbox 1787 1343 1907 1396; x_wconf 89' lang='grc' dir='ltr'>τολ-</span> 
     </span>
    </p>
   </div>
   <div class='ocr_carea' id='block_1_13' title="bbox 324 1435 1907 1506">
    <p class='ocr_par' dir='ltr' id='par_1_13' title="bbox 324 1435 1907 1506">
     <span class='ocr_line' id='line_1_13' title="bbox 324 1435 1907 1506; baseline -0.001 -19"><span class='ocrx_word' id='word_1_94' title='bbox 324 1437 563 1506; x_wconf 85' lang='grc' dir='ltr'>μῶντος,</span> <span class='ocrx_word' id='word_1_95' title='bbox 599 1437 742 1504; x_wconf 78' lang='grc' dir='ltr'>ὑμᾶς</span> <span class='ocrx_word' id='word_1_96' title='bbox 771 1435 895 1488; x_wconf 84' lang='grc' dir='ltr'>κατ’</span> <span class='ocrx_word' id='word_1_97' title='bbox 941 1436 1191 1506; x_wconf 84' lang='grc' dir='ltr'>ἀλλήλων</span> <span class='ocrx_word' id='word_1_98' title='bbox 1223 1437 1540 1501; x_wconf 67' lang='grc' dir='ltr'><strong>ὁπλίζεσθαι</strong></span> <span class='ocrx_word' id='word_1_99' title='bbox 1569 1451 1583 1466; x_wconf 83' lang='grc'><strong>⁸</strong></span> <span class='ocrx_word' id='word_1_100' title='bbox 1619 1436 1710 1488; x_wconf 77' lang='grc' dir='ltr'>καὶ</span> <span class='ocrx_word' id='word_1_101' title='bbox 1751 1435 1907 1487; x_wconf 80' lang='grc' dir='ltr'>τοῦτό</span> 
     </span>
    </p>
   </div>
   <div class='ocr_carea' id='block_1_14' title="bbox 321 1529 1907 1599">
    <p class='ocr_par' dir='ltr' id='par_1_14' title="bbox 321 1529 1907 1599">
     <span class='ocr_line' id='line_1_14' title="bbox 321 1529 1907 1599; baseline 0.001 -19"><span class='ocrx_word' id='word_1_102' title='bbox 321 1545 388 1596; x_wconf 82' lang='grc' dir='ltr'><strong>γε</strong></span> <span class='ocrx_word' id='word_1_103' title='bbox 414 1529 495 1592; x_wconf 81' lang='grc' dir='ltr'><strong>είς</strong></span> <span class='ocrx_word' id='word_1_104' title='bbox 537 1529 732 1599; x_wconf 78' lang='grc' dir='ltr'>ἡδονὴν</span> <span class='ocrx_word' id='word_1_105' title='bbox 759 1530 1095 1583; x_wconf 75' lang='grc' dir='ltr'><strong>καθεστάναι</strong></span> <span class='ocrx_word' id='word_1_106' title='bbox 1134 1531 1242 1581; x_wconf 89' lang='grc' dir='ltr'><strong>τῶν</strong></span> <span class='ocrx_word' id='word_1_107' title='bbox 1272 1532 1548 1598; x_wconf 73' lang='grc' dir='ltr'>πολεμῖων</span> <span class='ocrx_word' id='word_1_108' title='bbox 1576 1530 1668 1581; x_wconf 74' lang='grc' dir='ltr'>καὶ</span> <span class='ocrx_word' id='word_1_109' title='bbox 1708 1530 1907 1599; x_wconf 79' lang='grc' dir='ltr'><strong>εἴρωνα</strong></span> 
     </span>
    </p>
   </div>
   <div class='ocr_carea' id='block_1_15' title="bbox 321 1622 1907 1691">
    <p class='ocr_par' dir='ltr' id='par_1_15' title="bbox 321 1622 1907 1691">
     <span class='ocr_line' id='line_1_15' title="bbox 321 1622 1907 1691; baseline 0.001 -18"><span class='ocrx_word' id='word_1_110' title='bbox 321 1622 542 1689; x_wconf 82' lang='grc' dir='ltr'>γέλωτα</span> <span class='ocrx_word' id='word_1_111' title='bbox 569 1639 583 1654; x_wconf 73' lang='grc' dir='ltr'>σ</span> <span class='ocrx_word' id='word_1_112' title='bbox 618 1622 710 1674; x_wconf 73' lang='grc' dir='ltr'>καὶ</span> <span class='ocrx_word' id='word_1_113' title='bbox 736 1622 912 1675; x_wconf 80' lang='grc' dir='ltr'>ταῦτα</span> <span class='ocrx_word' id='word_1_114' title='bbox 940 1624 1068 1691; x_wconf 75' lang='grc' dir='ltr'>περὶ</span> <span class='ocrx_word' id='word_1_115' title='bbox 1093 1622 1256 1675; x_wconf 81' lang='grc' dir='ltr'>θείων</span> <span class='ocrx_word' id='word_1_116' title='bbox 1281 1622 1705 1690; x_wconf 83' lang='grc' dir='ltr'><strong>διαλεγομένους</strong></span> <span class='ocrx_word' id='word_1_117' title='bbox 1727 1639 1907 1689; x_wconf 83' lang='grc' dir='ltr'>πραγ-</span> 
     </span>
    </p>
   </div>
   <div class='ocr_carea' id='block_1_16' title="bbox 325 1708 1905 1786">
    <p class='ocr_par' dir='ltr' id='par_1_16' title="bbox 325 1708 1905 1786">
     <span class='ocr_line' id='line_1_16' title="bbox 325 1708 1905 1786; baseline 0 -21"><span class='ocrx_word' id='word_1_118' title='bbox 325 1713 544 1783; x_wconf 81' lang='grc' dir='ltr'>μάτων,</span> <span class='ocrx_word' id='word_1_119' title='bbox 579 1708 657 1776; x_wconf 77' lang='grc' dir='ltr'><strong>οἷς</strong></span> <span class='ocrx_word' id='word_1_120' title='bbox 694 1716 727 1784; x_wconf 79' lang='grc' dir='ltr'><strong>ἡ</strong></span> <span class='ocrx_word' id='word_1_121' title='bbox 761 1715 858 1768; x_wconf 77' lang='grc' dir='ltr'>τοῦ</span> <span class='ocrx_word' id='word_1_122' title='bbox 900 1713 1214 1781; x_wconf 83' lang='grc' dir='ltr'>Πνεύματος</span> <span class='ocrx_word' id='word_1_123' title='bbox 1251 1714 1573 1767; x_wconf 83' lang='grc' dir='ltr'>διδασκαλία</span> <span class='ocrx_word' id='word_1_124' title='bbox 1604 1713 1905 1786; x_wconf 76' lang='grc' dir='ltr'>διαρρήδην</span> 
     </span>
    </p>
   </div>
   <div class='ocr_carea' id='block_1_17' title="bbox 319 1807 1902 1876">
    <p class='ocr_par' dir='ltr' id='par_1_17' title="bbox 319 1807 1902 1876">
     <span class='ocr_line' id='line_1_17' title="bbox 319 1807 1902 1876; baseline 0.001 -18"><span class='ocrx_word' id='word_1_125' title='bbox 319 1809 634 1875; x_wconf 71' lang='grc' dir='ltr'>εἰσηγεῖται</span> <span class='ocrx_word' id='word_1_126' title='bbox 663 1807 725 1859; x_wconf 79' lang='grc' dir='ltr'>τὸ</span> <span class='ocrx_word' id='word_1_127' title='bbox 753 1808 1029 1876; x_wconf 82' lang='grc' dir='ltr'>ποιητέον.</span> <span class='ocrx_word' id='word_1_128' title='bbox 1063 1807 1136 1860; x_wconf 81' lang='grc' dir='ltr'><strong>’Ἡ</strong></span> <span class='ocrx_word' id='word_1_129' title='bbox 1167 1825 1226 1859; x_wconf 90' lang='grc' dir='ltr'><strong>τε</strong></span> <span class='ocrx_word' id='word_1_130' title='bbox 1253 1807 1494 1876; x_wconf 82' lang='grc' dir='ltr'>γὰρ-τῶν</span> <span class='ocrx_word' id='word_1_131' title='bbox 1525 1807 1690 1876; x_wconf 77' lang='grc' dir='ltr'>ιερῶν</span> <span class='ocrx_word' id='word_1_132' title='bbox 1720 1808 1902 1874; x_wconf 71' lang='grc' dir='ltr'>Εὐαγο</span> 
     </span>
    </p>
   </div>
   <div class='ocr_carea' id='block_1_18' title="bbox 2009 603 3578 668">
    <p class='ocr_par' dir='ltr' id='par_1_18' title="bbox 2009 603 3578 668">
     <span class='ocr_line' id='line_1_18' title="bbox 2009 603 3578 668; baseline -0.001 -10"><span class='ocrx_word' id='word_1_133' title='bbox 2009 604 2202 658; x_wconf 60' lang='lat' dir='ltr'><strong>eti-inre</strong></span> <span class='ocrx_word' id='word_1_134' title='bbox 2237 604 2586 659; x_wconf 83' lang='lat' dir='ltr'><strong>concordiam</strong></span> <span class='ocrx_word' id='word_1_135' title='bbox 2613 605 2886 658; x_wconf 80' lang='lat' dir='ltr'><strong>reducatis</strong></span> <span class='ocrx_word' id='word_1_136' title='bbox 2936 603 3026 658; x_wconf 89' lang='lat' dir='ltr'><strong>Sic</strong></span> <span class='ocrx_word' id='word_1_137' title='bbox 3051 606 3198 658; x_wconf 89' lang='lat' dir='ltr'><strong>enim</strong></span> <span class='ocrx_word' id='word_1_138' title='bbox 3213 603 3455 657; x_wconf 82' lang='lat' dir='ltr'><strong>futurum</strong></span> <span class='ocrx_word' id='word_1_139' title='bbox 3473 615 3578 668; x_wconf 88' lang='lat' dir='ltr'><strong>est,</strong></span> 
     </span>
    </p>
   </div>
   <div class='ocr_carea' id='block_1_19' title="bbox 2009 697 3575 766">
    <p class='ocr_par' dir='ltr' id='par_1_19' title="bbox 2009 697 3575 766">
     <span class='ocr_line' id='line_1_19' title="bbox 2009 697 3575 766; baseline -0.002 -16"><span class='ocrx_word' id='word_1_140' title='bbox 2009 706 2069 750; x_wconf 89' lang='lat' dir='ltr'><strong>ut</strong></span> <span class='ocrx_word' id='word_1_141' title='bbox 2100 711 2201 765; x_wconf 75' lang='lat' dir='ltr'><strong>ego</strong></span> <span class='ocrx_word' id='word_1_142' title='bbox 2231 712 2354 750; x_wconf 91' lang='lat' dir='ltr'><strong>cum</strong></span> <span class='ocrx_word' id='word_1_143' title='bbox 2388 707 2494 750; x_wconf 86' lang='lat' dir='ltr'><strong>tam</strong></span> <span class='ocrx_word' id='word_1_144' title='bbox 2541 697 2814 766; x_wconf 81' lang='lat' dir='ltr'><strong>lrequenti</strong></span> <span class='ocrx_word' id='word_1_145' title='bbox 2852 704 2907 750; x_wconf 88' lang='lat' dir='ltr'><strong>et</strong></span> <span class='ocrx_word' id='word_1_146' title='bbox 2962 712 3118 750; x_wconf 87' lang='lat' dir='ltr'><strong>sacro</strong></span> <span class='ocrx_word' id='word_1_147' title='bbox 3170 706 3312 750; x_wconf 72' lang='lat' dir='ltr'><strong>cmtu</strong></span> <span class='ocrx_word' id='word_1_148' title='bbox 3368 707 3575 761; x_wconf 67' lang='lat' dir='ltr'><strong>vestro,</strong></span> 
     </span>
    </p>
   </div>
   <div class='ocr_carea' id='block_1_20' title="bbox 2008 788 3578 844">
    <p class='ocr_par' dir='ltr' id='par_1_20' title="bbox 2008 788 3578 844">
     <span class='ocr_line' id='line_1_20' title="bbox 2008 788 3578 844; baseline -0.001 -1"><span class='ocrx_word' id='word_1_149' title='bbox 2008 798 2206 843; x_wconf 85' lang='lat' dir='ltr'><strong>contra</strong></span> <span class='ocrx_word' id='word_1_150' title='bbox 2231 790 2476 844; x_wconf 77' lang='lat' dir='ltr'><strong>invidum</strong></span> <span class='ocrx_word' id='word_1_151' title='bbox 2499 788 2801 844; x_wconf 69' lang='lat' dir='ltr'><strong>daemonem</strong></span> <span class='ocrx_word' id='word_1_152' title='bbox 2834 803 3126 843; x_wconf 82' lang='lat' dir='ltr'><strong>commune</strong></span> <span class='ocrx_word' id='word_1_153' title='bbox 3173 798 3408 843; x_wconf 80' lang='lat' dir='ltr'><strong>statuant</strong></span> <span class='ocrx_word' id='word_1_154' title='bbox 3469 801 3578 842; x_wconf 91' lang='lat' dir='ltr'><strong>tro-</strong></span> 
     </span>
    </p>
   </div>
   <div class='ocr_carea' id='block_1_21' title="bbox 2015 881 3577 951">
    <p class='ocr_par' dir='ltr' id='par_1_21' title="bbox 2015 881 3577 951">
     <span class='ocr_line' id='line_1_21' title="bbox 2015 881 3577 951; baseline -0.001 -15"><span class='ocrx_word' id='word_1_155' title='bbox 2015 897 2213 951; x_wconf 69' lang='lat' dir='ltr'><strong>picum,</strong></span> <span class='ocrx_word' id='word_1_156' title='bbox 2243 883 2341 950; x_wconf 85' lang='lat' dir='ltr'><strong>qui</strong></span> <span class='ocrx_word' id='word_1_157' title='bbox 2383 881 2656 951; x_wconf 72' lang='lat' dir='ltr'><strong>pestiferis</strong></span> <span class='ocrx_word' id='word_1_158' title='bbox 2709 881 2820 935; x_wconf 82' lang='lat' dir='ltr'><strong>illis</strong></span> <span class='ocrx_word' id='word_1_159' title='bbox 2850 883 3115 951; x_wconf 83' lang='lat' dir='ltr'><strong>tyrannis,</strong></span> <span class='ocrx_word' id='word_1_160' title='bbox 3149 898 3384 951; x_wconf 89' lang='lat' dir='ltr'><strong>quorum</strong></span> <span class='ocrx_word' id='word_1_161' title='bbox 3412 897 3577 950; x_wconf 67' lang='lat' dir='ltr'><strong>Opera</strong></span> 
     </span>
    </p>
   </div>
   <div class='ocr_carea' id='block_1_22' title="bbox 2013 975 3582 1045">
    <p class='ocr_par' dir='ltr' id='par_1_22' title="bbox 2013 975 3582 1045">
     <span class='ocr_line' id='line_1_22' title="bbox 2013 975 3582 1045; baseline 0.002 -19"><span class='ocrx_word' id='word_1_162' title='bbox 2013 975 2068 1027; x_wconf 86' lang='lat' dir='ltr'><strong>in</strong></span> <span class='ocrx_word' id='word_1_163' title='bbox 2105 976 2274 1030; x_wconf 87' lang='lat' dir='ltr'><strong>rebus</strong></span> <span class='ocrx_word' id='word_1_164' title='bbox 2300 975 2562 1043; x_wconf 84' lang='lat' dir='ltr'><strong>omnibus</strong></span> <span class='ocrx_word' id='word_1_165' title='bbox 2587 983 2672 1030; x_wconf 85' lang='lat' dir='ltr'><strong>est</strong></span> <span class='ocrx_word' id='word_1_166' title='bbox 2699 991 2765 1028; x_wconf 83' lang='lat' dir='ltr'><strong>ex</strong></span> <span class='ocrx_word' id='word_1_167' title='bbox 2793 976 3066 1030; x_wconf 73' lang='lat' dir='ltr'><strong>sententia</strong></span> <span class='ocrx_word' id='word_1_168' title='bbox 3113 990 3270 1040; x_wconf 85' lang='lat' dir='ltr'><strong>usus,</strong></span> <span class='ocrx_word' id='word_1_169' title='bbox 3305 991 3466 1045; x_wconf 84' lang='lat' dir='ltr'><strong>quam</strong></span> <span class='ocrx_word' id='word_1_170' title='bbox 3493 992 3582 1029; x_wconf 87' lang='lat' dir='ltr'><strong>ee-</strong></span> 
     </span>
    </p>
   </div>
   <div class='ocr_carea' id='block_1_23' title="bbox 2007 1068 3580 1138">
    <p class='ocr_par' dir='ltr' id='par_1_23' title="bbox 2007 1068 3580 1138">
     <span class='ocr_line' id='line_1_23' title="bbox 2007 1068 3580 1138; baseline -0.001 -16"><span class='ocrx_word' id='word_1_171' title='bbox 2007 1068 2231 1123; x_wconf 87' lang='lat' dir='ltr'><strong>lerrime</strong></span> <span class='ocrx_word' id='word_1_172' title='bbox 2266 1085 2296 1123; x_wconf 93' lang='lat' dir='ltr'><strong>e</strong></span> <span class='ocrx_word' id='word_1_173' title='bbox 2337 1069 2518 1122; x_wconf 86' lang='lat' dir='ltr'><strong>medio</strong></span> <span class='ocrx_word' id='word_1_174' title='bbox 2545 1069 2794 1132; x_wconf 76' lang='lat' dir='ltr'><strong>sublatis,</strong></span> <span class='ocrx_word' id='word_1_175' title='bbox 2827 1083 3008 1122; x_wconf 88' lang='lat' dir='ltr'><strong>rerum</strong></span> <span class='ocrx_word' id='word_1_176' title='bbox 3034 1081 3253 1138; x_wconf 82' lang='lat' dir='ltr'><strong>suarum</strong></span> <span class='ocrx_word' id='word_1_177' title='bbox 3306 1076 3580 1134; x_wconf 78' lang='lat' dir='ltr'><strong>satagens,</strong></span> 
     </span>
    </p>
   </div>
   <div class='ocr_carea' id='block_1_24' title="bbox 2010 1159 3583 1227">
    <p class='ocr_par' dir='ltr' id='par_1_24' title="bbox 2010 1159 3583 1227">
     <span class='ocr_line' id='line_1_24' title="bbox 2010 1159 3583 1227; baseline -0.001 -14"><span class='ocrx_word' id='word_1_178' title='bbox 2010 1159 2336 1216; x_wconf 84' lang='lat' dir='ltr'><strong>intestinum</strong></span> <span class='ocrx_word' id='word_1_179' title='bbox 2367 1161 2470 1215; x_wconf 87' lang='lat' dir='ltr'><strong>hoc</strong></span> <span class='ocrx_word' id='word_1_180' title='bbox 2493 1160 2791 1214; x_wconf 78' lang='lat' dir='ltr'><strong>Commovit</strong></span> <span class='ocrx_word' id='word_1_181' title='bbox 2819 1160 3044 1222; x_wconf 85' lang='lat' dir='ltr'><strong>bellum,</strong></span> <span class='ocrx_word' id='word_1_182' title='bbox 3082 1159 3339 1212; x_wconf 87' lang='lat' dir='ltr'><strong>invidens</strong></span> <span class='ocrx_word' id='word_1_183' title='bbox 3365 1173 3583 1227; x_wconf 78' lang='lat' dir='ltr'><strong>semper</strong></span> 
     </span>
    </p>
   </div>
   <div class='ocr_carea' id='block_1_25' title="bbox 2006 1251 3578 1322">
    <p class='ocr_par' dir='ltr' id='par_1_25' title="bbox 2006 1251 3578 1322">
     <span class='ocr_line' id='line_1_25' title="bbox 2006 1251 3578 1322; baseline -0.003 -14"><span class='ocrx_word' id='word_1_184' title='bbox 2006 1262 2061 1308; x_wconf 86' lang='lat' dir='ltr'><strong>et</strong></span> <span class='ocrx_word' id='word_1_185' title='bbox 2091 1253 2260 1308; x_wconf 82' lang='lat' dir='ltr'><strong>rebus</strong></span> <span class='ocrx_word' id='word_1_186' title='bbox 2287 1257 2488 1307; x_wconf 79' lang='lat' dir='ltr'><strong>nostris</strong></span> <span class='ocrx_word' id='word_1_187' title='bbox 2508 1254 2786 1322; x_wconf 83' lang='lat' dir='ltr'><strong>prosperis</strong></span> <span class='ocrx_word' id='word_1_188' title='bbox 2812 1253 3127 1306; x_wconf 83' lang='lat' dir='ltr'><strong>imminens.</strong></span> <span class='ocrx_word' id='word_1_189' title='bbox 3155 1251 3308 1318; x_wconf 82' lang='lat' dir='ltr'><strong>Quod</strong></span> <span class='ocrx_word' id='word_1_190' title='bbox 3336 1267 3437 1321; x_wconf 80' lang='lat' dir='ltr'><strong>ego</strong></span> <span class='ocrx_word' id='word_1_191' title='bbox 3464 1267 3578 1313; x_wconf 81' lang='lat' dir='ltr'><strong>vus,</strong></span> 
     </span>
    </p>
   </div>
   <div class='ocr_carea' id='block_1_26' title="bbox 2011 1343 3582 1415">
    <p class='ocr_par' dir='ltr' id='par_1_26' title="bbox 2011 1343 3582 1415">
     <span class='ocr_line' id='line_1_26' title="bbox 2011 1343 3582 1415; baseline -0.003 -17"><span class='ocrx_word' id='word_1_192' title='bbox 2011 1355 2270 1414; x_wconf 81' lang='lat' dir='ltr'><strong>tanquam</strong></span> <span class='ocrx_word' id='word_1_193' title='bbox 2297 1345 2412 1399; x_wconf 89' lang='lat' dir='ltr'><strong>Deo</strong></span> <span class='ocrx_word' id='word_1_194' title='bbox 2445 1355 2737 1415; x_wconf 69' lang='lat' dir='ltr'><strong>prazsente,</strong></span> <span class='ocrx_word' id='word_1_195' title='bbox 2767 1361 2886 1408; x_wconf 89' lang='lat' dir='ltr'><strong>oro,</strong></span> <span class='ocrx_word' id='word_1_196' title='bbox 2916 1344 3075 1415; x_wconf 81' lang='lat'><strong>567</strong></span> <span class='ocrx_word' id='word_1_197' title='bbox 3111 1353 3170 1397; x_wconf 90' lang='lat' dir='ltr'><strong>ut</strong></span> <span class='ocrx_word' id='word_1_198' title='bbox 3193 1360 3291 1414; x_wconf 88' lang='lat' dir='ltr'><strong>pro</strong></span> <span class='ocrx_word' id='word_1_199' title='bbox 3343 1359 3400 1396; x_wconf 88' lang='lat' dir='ltr'><strong>se</strong></span> <span class='ocrx_word' id='word_1_200' title='bbox 3429 1343 3582 1411; x_wconf 87' lang='lat' dir='ltr'><strong>quis-</strong></span> 
     </span>
    </p>
   </div>
   <div class='ocr_carea' id='block_1_27' title="bbox 2010 1437 3578 1509">
    <p class='ocr_par' dir='ltr' id='par_1_27' title="bbox 2010 1437 3578 1509">
     <span class='ocr_line' id='line_1_27' title="bbox 2010 1437 3578 1509; baseline -0.002 -16"><span class='ocrx_word' id='word_1_201' title='bbox 2010 1455 2144 1509; x_wconf 87' lang='lat' dir='ltr'><strong>que,</strong></span> <span class='ocrx_word' id='word_1_202' title='bbox 2177 1455 2241 1494; x_wconf 84' lang='lat' dir='ltr'><strong>ea</strong></span> <span class='ocrx_word' id='word_1_203' title='bbox 2273 1455 2394 1509; x_wconf 72' lang='lat' dir='ltr'><strong>qua:</strong></span> <span class='ocrx_word' id='word_1_204' title='bbox 2429 1438 2675 1492; x_wconf 89' lang='lat' dir='ltr'><strong>animum</strong></span> <span class='ocrx_word' id='word_1_205' title='bbox 2731 1439 2848 1508; x_wconf 83' lang='lat' dir='ltr'><strong>ejus</strong></span> <span class='ocrx_word' id='word_1_206' title='bbox 2875 1441 3026 1505; x_wconf 77' lang='lat' dir='ltr'><strong>angit</strong></span> <span class='ocrx_word' id='word_1_207' title='bbox 3055 1438 3306 1491; x_wconf 80' lang='lat' dir='ltr'><strong>molestia</strong></span> <span class='ocrx_word' id='word_1_208' title='bbox 3345 1437 3578 1504; x_wconf 84' lang='lat' dir='ltr'><strong>abjeeta.</strong></span> 
     </span>
    </p>
   </div>
   <div class='ocr_carea' id='block_1_28' title="bbox 2011 1528 3579 1598">
    <p class='ocr_par' dir='ltr' id='par_1_28' title="bbox 2011 1528 3579 1598">
     <span class='ocr_line' id='line_1_28' title="bbox 2011 1528 3579 1598; baseline -0.001 -16"><span class='ocrx_word' id='word_1_209' title='bbox 2011 1545 2069 1582; x_wconf 88' lang='lat' dir='ltr'><strong>se</strong></span> <span class='ocrx_word' id='word_1_210' title='bbox 2097 1528 2164 1584; x_wconf 88' lang='lat' dir='ltr'><strong>ad</strong></span> <span class='ocrx_word' id='word_1_211' title='bbox 2221 1530 2530 1583; x_wconf 87' lang='lat' dir='ltr'><strong>communis</strong></span> <span class='ocrx_word' id='word_1_212' title='bbox 2555 1530 2862 1583; x_wconf 62' lang='lat' dir='ltr'><strong>concordiae</strong></span> <span class='ocrx_word' id='word_1_213' title='bbox 2891 1531 3241 1584; x_wconf 89' lang='lat' dir='ltr'><strong>commodum</strong></span> <span class='ocrx_word' id='word_1_214' title='bbox 3297 1533 3579 1598; x_wconf 63' lang='lat' dir='ltr'><strong>adjungnt.</strong></span> 
     </span>
    </p>
   </div>
   <div class='ocr_carea' id='block_1_29' title="bbox 2008 1622 3577 1692">
    <p class='ocr_par' dir='ltr' id='par_1_29' title="bbox 2008 1622 3577 1692">
     <span class='ocr_line' id='line_1_29' title="bbox 2008 1622 3577 1692; baseline -0.002 -15"><span class='ocrx_word' id='word_1_215' title='bbox 2008 1623 2194 1692; x_wconf 85' lang='lat' dir='ltr'><strong>Neque</strong></span> <span class='ocrx_word' id='word_1_216' title='bbox 2230 1622 2374 1676; x_wconf 90' lang='lat' dir='ltr'><strong>enim</strong></span> <span class='ocrx_word' id='word_1_217' title='bbox 2408 1622 2699 1691; x_wconf 76' lang='lat' dir='ltr'><strong>quisquam</strong></span> <span class='ocrx_word' id='word_1_218' title='bbox 2732 1632 2975 1676; x_wconf 87' lang='lat' dir='ltr'><strong>vestrum</strong></span> <span class='ocrx_word' id='word_1_219' title='bbox 2998 1633 3154 1692; x_wconf 87' lang='lat' dir='ltr'><strong>putet</strong></span> <span class='ocrx_word' id='word_1_220' title='bbox 3190 1623 3577 1692; x_wconf 76' lang='lat' dir='ltr'><strong>rempublicam</strong></span> 
     </span>
    </p>
   </div>
   <div class='ocr_carea' id='block_1_30' title="bbox 2010 1715 3582 1784">
    <p class='ocr_par' dir='ltr' id='par_1_30' title="bbox 2010 1715 3582 1784">
     <span class='ocr_line' id='line_1_30' title="bbox 2010 1715 3582 1784; baseline 0.001 -14"><span class='ocrx_word' id='word_1_221' title='bbox 2010 1718 2113 1771; x_wconf 90' lang='lat' dir='ltr'><strong>rite</strong></span> <span class='ocrx_word' id='word_1_222' title='bbox 2141 1715 2509 1768; x_wconf 75' lang='lat' dir='ltr'><strong>administrari</strong></span> <span class='ocrx_word' id='word_1_223' title='bbox 2545 1730 2726 1784; x_wconf 86' lang='lat' dir='ltr'><strong>posse.</strong></span> <span class='ocrx_word' id='word_1_224' title='bbox 2775 1715 2820 1770; x_wconf 87' lang='lat' dir='ltr'><strong>si</strong></span> <span class='ocrx_word' id='word_1_225' title='bbox 2854 1731 2952 1770; x_wconf 89' lang='lat' dir='ltr'><strong>vos</strong></span> <span class='ocrx_word' id='word_1_226' title='bbox 2981 1715 3053 1768; x_wconf 82' lang='lat' dir='ltr'><strong>ita</strong></span> <span class='ocrx_word' id='word_1_227' title='bbox 3114 1715 3482 1771; x_wconf 86' lang='lat' dir='ltr'><strong>seditionibus</strong></span> <span class='ocrx_word' id='word_1_228' title='bbox 3528 1727 3582 1771; x_wconf 76' lang='lat' dir='ltr'><strong>et</strong></span> 
     </span>
    </p>
   </div>
   <div class='ocr_carea' id='block_1_31' title="bbox 2009 1806 3579 1876">
    <p class='ocr_par' dir='ltr' id='par_1_31' title="bbox 2009 1806 3579 1876">
     <span class='ocr_line' id='line_1_31' title="bbox 2009 1806 3579 1876; baseline -0.003 -14"><span class='ocrx_word' id='word_1_229' title='bbox 2009 1807 2258 1862; x_wconf 85' lang='lat' dir='ltr'><strong>dissidiis</strong></span> <span class='ocrx_word' id='word_1_230' title='bbox 2301 1806 2758 1876; x_wconf 76' lang='lat' dir='ltr'><strong>digladiabimini.</strong></span> <span class='ocrx_word' id='word_1_231' title='bbox 2794 1807 2864 1861; x_wconf 87' lang='lat' dir='ltr'><strong>Et</strong></span> <span class='ocrx_word' id='word_1_232' title='bbox 2901 1808 3149 1876; x_wconf 86' lang='lat' dir='ltr'><strong>profecto</strong></span> <span class='ocrx_word' id='word_1_233' title='bbox 3192 1824 3358 1876; x_wconf 81' lang='lat' dir='ltr'><strong>grave</strong></span> <span class='ocrx_word' id='word_1_234' title='bbox 3393 1808 3579 1861; x_wconf 85' lang='lat' dir='ltr'><strong>admu-</strong></span> 
     </span>
    </p>
   </div>
   <div class='ocr_carea' id='block_1_32' title="bbox 321 1882 1908 1969">
    <p class='ocr_par' dir='ltr' id='par_1_32' title="bbox 321 1896 1907 1968">
     <span class='ocr_line' id='line_1_32' title="bbox 321 1896 1907 1968; baseline -0.001 -19"><span class='ocrx_word' id='word_1_235' title='bbox 321 1899 525 1966; x_wconf 85' lang='grc' dir='ltr'>γελίων</span> <span class='ocrx_word' id='word_1_236' title='bbox 576 1896 786 1968; x_wconf 81' lang='grc' dir='ltr'>γραφὴ,</span> <span class='ocrx_word' id='word_1_237' title='bbox 822 1899 894 1951; x_wconf 83' lang='grc' dir='ltr'><strong>τά</strong></span> <span class='ocrx_word' id='word_1_238' title='bbox 937 1915 998 1950; x_wconf 89' lang='grc' dir='ltr'><strong>τε</strong></span> <span class='ocrx_word' id='word_1_239' title='bbox 1054 1899 1163 1950; x_wconf 86' lang='grc' dir='ltr'><strong>τῶν</strong></span> <span class='ocrx_word' id='word_1_240' title='bbox 1201 1897 1518 1950; x_wconf 76' lang='grc' dir='ltr'>ἀποστόλων</span> <span class='ocrx_word' id='word_1_241' title='bbox 1569 1898 1907 1950; x_wconf 82' lang='grc' dir='ltr'>θεόπνευστα</span> 
     </span>
    </p>
   </div>
   <div class='ocr_carea' id='block_1_33' title="bbox 2009 1882 3579 1969">
    <p class='ocr_par' dir='ltr' id='par_1_33' title="bbox 2013 1897 3579 1969">
     <span class='ocr_line' id='line_1_33' title="bbox 2013 1897 3579 1969; baseline 0.001 -15"><span class='ocrx_word' id='word_1_242' title='bbox 2013 1901 2144 1955; x_wconf 88' lang='lat' dir='ltr'><strong>dum</strong></span> <span class='ocrx_word' id='word_1_243' title='bbox 2174 1909 2230 1954; x_wconf 90' lang='lat' dir='ltr'><strong>et</strong></span> <span class='ocrx_word' id='word_1_244' title='bbox 2259 1899 2561 1953; x_wconf 86' lang='lat' dir='ltr'><strong>absurdum</strong></span> <span class='ocrx_word' id='word_1_245' title='bbox 2592 1897 2779 1963; x_wconf 87' lang='lat' dir='ltr'><strong>fuerit,</strong></span> <span class='ocrx_word' id='word_1_246' title='bbox 2821 1899 3073 1955; x_wconf 89' lang='lat' dir='ltr'><strong>hostibus</strong></span> <span class='ocrx_word' id='word_1_247' title='bbox 3098 1901 3210 1969; x_wconf 84' lang='lat' dir='ltr'><strong>jam</strong></span> <span class='ocrx_word' id='word_1_248' title='bbox 3241 1901 3401 1956; x_wconf 89' lang='lat' dir='ltr'><strong>victis</strong></span> <span class='ocrx_word' id='word_1_249' title='bbox 3455 1918 3579 1956; x_wconf 90' lang='lat' dir='ltr'><strong>cum</strong></span> 
     </span>
    </p>
   </div>
   <div class='ocr_carea' id='block_1_34' title="bbox 324 1991 1905 2062">
    <p class='ocr_par' dir='ltr' id='par_1_34' title="bbox 324 1991 1905 2062">
     <span class='ocr_line' id='line_1_34' title="bbox 324 1991 1905 2062; baseline -0.001 -18"><span class='ocrx_word' id='word_1_250' title='bbox 324 1992 573 2061; x_wconf 73' lang='grc' dir='ltr'>ῥήματα,</span> <span class='ocrx_word' id='word_1_251' title='bbox 607 1991 743 2062; x_wconf 77' lang='grc' dir='ltr'>πρὸς</span> <span class='ocrx_word' id='word_1_252' title='bbox 783 1992 877 2044; x_wconf 73' lang='grc' dir='ltr'><strong>ἐπὶ</strong></span> <span class='ocrx_word' id='word_1_253' title='bbox 913 1991 1122 2054; x_wconf 83' lang='grc' dir='ltr'>τούτοις</span> <span class='ocrx_word' id='word_1_254' title='bbox 1151 1992 1208 2044; x_wconf 84' lang='grc' dir='ltr'>δὲ</span> <span class='ocrx_word' id='word_1_255' title='bbox 1246 1993 1339 2044; x_wconf 77' lang='grc' dir='ltr'>καὶ</span> <span class='ocrx_word' id='word_1_256' title='bbox 1374 1992 1671 2061; x_wconf 81' lang='grc' dir='ltr'><strong>προφητῶν</strong></span> <span class='ocrx_word' id='word_1_257' title='bbox 1701 1991 1905 2060; x_wconf 81' lang='grc' dir='ltr'>ἀρχαῖα</span> 
     </span>
    </p>
   </div>
   <div class='ocr_carea' id='block_1_35' title="bbox 323 2079 1906 2152">
    <p class='ocr_par' dir='ltr' id='par_1_35' title="bbox 323 2079 1906 2152">
     <span class='ocr_line' id='line_1_35' title="bbox 323 2079 1906 2152; baseline -0.001 -19"><span class='ocrx_word' id='word_1_258' title='bbox 323 2081 680 2150; x_wconf 82' lang='grc' dir='ltr'>θεσπίσματα</span> <span class='ocrx_word' id='word_1_259' title='bbox 706 2081 894 2149; x_wconf 80' lang='grc' dir='ltr'>σαφῶς</span> <span class='ocrx_word' id='word_1_260' title='bbox 920 2080 956 2135; x_wconf 73' lang='grc' dir='ltr'>ἃ</span> <span class='ocrx_word' id='word_1_261' title='bbox 980 2082 1176 2152; x_wconf 83' lang='grc' dir='ltr'>χρῆναι</span> <span class='ocrx_word' id='word_1_262' title='bbox 1199 2083 1329 2152; x_wconf 75' lang='grc' dir='ltr'>περὶ</span> <span class='ocrx_word' id='word_1_263' title='bbox 1354 2079 1490 2134; x_wconf 84' lang='grc' dir='ltr'><strong>Θεοῦ</strong></span> <span class='ocrx_word' id='word_1_264' title='bbox 1524 2081 1706 2148; x_wconf 85' lang='grc' dir='ltr'>λέγειν</span> <span class='ocrx_word' id='word_1_265' title='bbox 1728 2097 1788 2133; x_wconf 92' lang='grc' dir='ltr'><strong>τε</strong></span> <span class='ocrx_word' id='word_1_266' title='bbox 1811 2081 1906 2133; x_wconf 75' lang='grc' dir='ltr'>καὶ</span> 
     </span>
    </p>
   </div>
   <div class='ocr_carea' id='block_1_36' title="bbox 321 2172 1905 2243">
    <p class='ocr_par' dir='ltr' id='par_1_36' title="bbox 321 2172 1905 2243">
     <span class='ocr_line' id='line_1_36' title="bbox 321 2172 1905 2243; baseline -0.001 -18"><span class='ocrx_word' id='word_1_267' title='bbox 321 2176 547 2242; x_wconf 67' lang='grc' dir='ltr'>φρονεῖν</span> <span class='ocrx_word' id='word_1_268' title='bbox 577 2176 725 2242; x_wconf 78' lang='grc' dir='ltr'>ἡμᾶς</span> <span class='ocrx_word' id='word_1_269' title='bbox 751 2173 1154 2228; x_wconf 78' lang='grc' dir='ltr'>ἐκδιδάσκουσι.</span> <span class='ocrx_word' id='word_1_270' title='bbox 1187 2175 1298 2226; x_wconf 79' lang='grc' dir='ltr'><strong>Καὶ</strong></span> <span class='ocrx_word' id='word_1_271' title='bbox 1337 2174 1518 2226; x_wconf 82' lang='grc' dir='ltr'>τοίνυν</span> <span class='ocrx_word' id='word_1_272' title='bbox 1549 2172 1648 2243; x_wconf 80' lang='grc' dir='ltr'>τὴν</span> <span class='ocrx_word' id='word_1_273' title='bbox 1681 2172 1798 2241; x_wconf 78' lang='grc' dir='ltr'>ἔριν</span> <span class='ocrx_word' id='word_1_274' title='bbox 1828 2172 1905 2236; x_wconf 82' lang='grc' dir='ltr'><strong>ὡς</strong></span> 
     </span>
    </p>
   </div>
   <div class='ocr_carea' id='block_1_37' title="bbox 320 2266 1908 2341">
    <p class='ocr_par' dir='ltr' id='par_1_37' title="bbox 320 2266 1908 2341">
     <span class='ocr_line' id='line_1_37' title="bbox 320 2266 1908 2341; baseline -0.001 -20"><span class='ocrx_word' id='word_1_275' title='bbox 320 2271 664 2341; x_wconf 75' lang='grc' dir='ltr'>πορρωτέρω</span> <span class='ocrx_word' id='word_1_276' title='bbox 714 2267 1059 2340; x_wconf 75' lang='grc' dir='ltr'>βαλόντες,ἢ</span> <span class='ocrx_word' id='word_1_277' title='bbox 1113 2267 1206 2322; x_wconf 75' lang='grc' dir='ltr'><strong>τὸν</strong></span> <span class='ocrx_word' id='word_1_278' title='bbox 1239 2268 1386 2335; x_wconf 75' lang='grc' dir='ltr'>ἱερὸν</span> <span class='ocrx_word' id='word_1_279' title='bbox 1429 2266 1618 2321; x_wconf 82' lang='grc' dir='ltr'>τοῦτον</span> <span class='ocrx_word' id='word_1_280' title='bbox 1665 2267 1908 2337; x_wconf 82' lang='grc' dir='ltr'>πόλεμον</span> 
     </span>
    </p>
   </div>
   <div class='ocr_carea' id='block_1_38' title="bbox 319 2360 1910 2432">
    <p class='ocr_par' dir='ltr' id='par_1_38' title="bbox 319 2360 1910 2432">
     <span class='ocr_line' id='line_1_38' title="bbox 319 2360 1910 2432; baseline -0.001 -19"><span class='ocrx_word' id='word_1_281' title='bbox 319 2361 639 2432; x_wconf 77' lang='grc' dir='ltr'>ἀνηρέθισε,</span> <span class='ocrx_word' id='word_1_282' title='bbox 666 2363 784 2425; x_wconf 88' lang='grc' dir='ltr'>τοῖς</span> <span class='ocrx_word' id='word_1_283' title='bbox 830 2360 1146 2432; x_wconf 76' lang='grc' dir='ltr'>θεορρῆτοις</span> <span class='ocrx_word' id='word_1_284' title='bbox 1174 2361 1472 2430; x_wconf 82' lang='grc' dir='ltr'>διδάγμασι</span> <span class='ocrx_word' id='word_1_285' title='bbox 1519 2361 1629 2415; x_wconf 90' lang='grc' dir='ltr'><strong>τῶν</strong></span> <span class='ocrx_word' id='word_1_286' title='bbox 1658 2360 1910 2432; x_wconf 79' lang='grc' dir='ltr'>ἀμφηρί-</span> 
     </span>
    </p>
   </div>
   <div class='ocr_carea' id='block_1_39' title="bbox 326 2437 1908 2525">
    <p class='ocr_par' dir='ltr' id='par_1_39' title="bbox 326 2437 1908 2525">
     <span class='ocr_line' id='line_1_39' title="bbox 326 2437 1908 2525; baseline -0.001 -20"><span class='ocrx_word' id='word_1_287' title='bbox 326 2469 477 2505; x_wconf 87' lang='grc' dir='ltr'>στων</span> <span class='ocrx_word' id='word_1_288' title='bbox 515 2452 614 2523; x_wconf 82' lang='grc' dir='ltr'><strong>τὴν</strong></span> <span class='ocrx_word' id='word_1_289' title='bbox 655 2437 1209 2524; x_wconf 42' lang='grc' dir='ltr'>λύσιίζητήσωμεν.</span> <span class='ocrx_word' id='word_1_290' title='bbox 1250 2454 1359 2506; x_wconf 79' lang='grc' dir='ltr'>Καί</span> <span class='ocrx_word' id='word_1_291' title='bbox 1401 2470 1461 2521; x_wconf 86' lang='grc' dir='ltr'><strong>γε</strong></span> <span class='ocrx_word' id='word_1_292' title='bbox 1512 2453 1691 2525; x_wconf 74' lang='grc' dir='ltr'>ῥᾳδία,</span> <span class='ocrx_word' id='word_1_293' title='bbox 1740 2452 1814 2516; x_wconf 82' lang='grc' dir='ltr'><strong>ῶς</strong></span> <span class='ocrx_word' id='word_1_294' title='bbox 1843 2469 1908 2520; x_wconf 89' lang='grc' dir='ltr'><strong>γε</strong></span> 
     </span>
    </p>
   </div>
   <div class='ocr_carea' id='block_1_40' title="bbox 326 2535 1706 2615">
    <p class='ocr_par' dir='ltr' id='par_1_40' title="bbox 326 2535 1706 2615">
     <span class='ocr_line' id='line_1_40' title="bbox 326 2535 1706 2615; baseline 0 -20"><span class='ocrx_word' id='word_1_295' title='bbox 326 2539 514 2613; x_wconf 72' lang='grc' dir='ltr'>οἴμαι,</span> <span class='ocrx_word' id='word_1_296' title='bbox 546 2545 806 2614; x_wconf 62' lang='lat' dir='ltr'><strong>tesi-cari]</strong></span> <span class='ocrx_word' id='word_1_297' title='bbox 839 2543 1082 2615; x_wconf 77' lang='grc' dir='ltr'>εὕρεσις,</span> <span class='ocrx_word' id='word_1_298' title='bbox 1111 2545 1270 2614; x_wconf 77' lang='grc' dir='ltr'>εἰπερ</span> <span class='ocrx_word' id='word_1_299' title='bbox 1306 2535 1652 2614; x_wconf 78' lang='grc' dir='ltr'>βουλοίμεθα.</span> <span class='ocrx_word' id='word_1_300' title='bbox 1689 2563 1706 2595; x_wconf 89' lang='grc' dir='ltr'><strong>ι</strong></span> 
     </span>
    </p>
   </div>
   <div class='ocr_carea' id='block_1_41' title="bbox 2014 1990 3581 2053">
    <p class='ocr_par' dir='ltr' id='par_1_41' title="bbox 2014 1990 3581 2053">
     <span class='ocr_line' id='line_1_41' title="bbox 2014 1990 3581 2053; baseline 0.001 -6"><span class='ocrx_word' id='word_1_301' title='bbox 2014 2009 2182 2047; x_wconf 88' lang='lat' dir='ltr'><strong>nemo</strong></span> <span class='ocrx_word' id='word_1_302' title='bbox 2215 2001 2406 2046; x_wconf 87' lang='lat' dir='ltr'><strong>contra</strong></span> <span class='ocrx_word' id='word_1_303' title='bbox 2437 1990 2537 2045; x_wconf 90' lang='lat' dir='ltr'><strong>niti</strong></span> <span class='ocrx_word' id='word_1_304' title='bbox 2576 1993 2796 2053; x_wconf 87' lang='lat' dir='ltr'><strong>audeat,</strong></span> <span class='ocrx_word' id='word_1_305' title='bbox 2827 2007 2923 2047; x_wconf 85' lang='lat' dir='ltr'><strong>vos</strong></span> <span class='ocrx_word' id='word_1_306' title='bbox 2957 1993 3124 2047; x_wconf 88' lang='lat' dir='ltr'><strong>armis</strong></span> <span class='ocrx_word' id='word_1_307' title='bbox 3155 1994 3300 2048; x_wconf 87' lang='lat' dir='ltr'><strong>inter</strong></span> <span class='ocrx_word' id='word_1_308' title='bbox 3322 2010 3416 2050; x_wconf 82' lang='lat' dir='ltr'><strong>vos</strong></span> <span class='ocrx_word' id='word_1_309' title='bbox 3447 2011 3581 2049; x_wconf 88' lang='lat' dir='ltr'><strong>con-</strong></span> 
     </span>
    </p>
   </div>
   <div class='ocr_carea' id='block_1_42' title="bbox 2015 2083 3582 2154">
    <p class='ocr_par' dir='ltr' id='par_1_42' title="bbox 2015 2083 3582 2154">
     <span class='ocr_line' id='line_1_42' title="bbox 2015 2083 3582 2154; baseline 0.003 -16"><span class='ocrx_word' id='word_1_310' title='bbox 2015 2083 2264 2147; x_wconf 86' lang='lat' dir='ltr'><strong>tendere,</strong></span> <span class='ocrx_word' id='word_1_311' title='bbox 2299 2099 2632 2152; x_wconf 83' lang='lat' dir='ltr'><strong>causamque</strong></span> <span class='ocrx_word' id='word_1_312' title='bbox 2667 2084 2906 2138; x_wconf 88' lang='lat' dir='ltr'><strong>inimicis</strong></span> <span class='ocrx_word' id='word_1_313' title='bbox 2935 2101 3000 2139; x_wconf 90' lang='lat' dir='ltr'><strong>ea</strong></span> <span class='ocrx_word' id='word_1_314' title='bbox 3031 2100 3089 2139; x_wconf 89' lang='lat' dir='ltr'><strong>re</strong></span> <span class='ocrx_word' id='word_1_315' title='bbox 3124 2085 3372 2154; x_wconf 76' lang='lat' dir='ltr'><strong>pra-bere</strong></span> <span class='ocrx_word' id='word_1_316' title='bbox 3426 2090 3582 2142; x_wconf 88' lang='lat' dir='ltr'><strong>volu-</strong></span> 
     </span>
    </p>
   </div>
   <div class='ocr_carea' id='block_1_43' title="bbox 2015 2174 3582 2248">
    <p class='ocr_par' dir='ltr' id='par_1_43' title="bbox 2015 2174 3582 2248">
     <span class='ocr_line' id='line_1_43' title="bbox 2015 2174 3582 2248; baseline 0.002 -19"><span class='ocrx_word' id='word_1_317' title='bbox 2015 2176 2184 2245; x_wconf 88' lang='lat' dir='ltr'><strong>ptatis</strong></span> <span class='ocrx_word' id='word_1_318' title='bbox 2211 2185 2268 2230; x_wconf 92' lang='lat' dir='ltr'><strong>et</strong></span> <span class='ocrx_word' id='word_1_319' title='bbox 2296 2174 2494 2230; x_wconf 87' lang='lat' dir='ltr'><strong>ironici</strong></span> <span class='ocrx_word' id='word_1_320' title='bbox 2519 2174 2850 2245; x_wconf 88' lang='lat' dir='ltr'><strong>subdolique</strong></span> <span class='ocrx_word' id='word_1_321' title='bbox 2877 2177 3040 2240; x_wconf 85' lang='lat' dir='ltr'><strong>risus,</strong></span> <span class='ocrx_word' id='word_1_322' title='bbox 3086 2177 3250 2248; x_wconf 87' lang='lat' dir='ltr'><strong>idque</strong></span> <span class='ocrx_word' id='word_1_323' title='bbox 3313 2179 3380 2235; x_wconf 91' lang='lat' dir='ltr'><strong>de</strong></span> <span class='ocrx_word' id='word_1_324' title='bbox 3418 2181 3582 2235; x_wconf 83' lang='lat' dir='ltr'><strong>rebus</strong></span> 
     </span>
    </p>
   </div>
   <div class='ocr_carea' id='block_1_44' title="bbox 2012 2266 3583 2340">
    <p class='ocr_par' dir='ltr' id='par_1_44' title="bbox 2012 2266 3583 2340">
     <span class='ocr_line' id='line_1_44' title="bbox 2012 2266 3583 2340; baseline 0.003 -17"><span class='ocrx_word' id='word_1_325' title='bbox 2012 2269 2220 2323; x_wconf 84' lang='lat' dir='ltr'><strong>divinis</strong></span> <span class='ocrx_word' id='word_1_326' title='bbox 2255 2266 2619 2334; x_wconf 75' lang='lat' dir='ltr'><strong>disserentes,</strong></span> <span class='ocrx_word' id='word_1_327' title='bbox 2651 2283 2793 2338; x_wconf 88' lang='lat' dir='ltr'><strong>quos</strong></span> <span class='ocrx_word' id='word_1_328' title='bbox 2827 2268 3072 2324; x_wconf 85' lang='lat' dir='ltr'><strong>doctrina</strong></span> <span class='ocrx_word' id='word_1_329' title='bbox 3099 2269 3336 2339; x_wconf 80' lang='lat' dir='ltr'><strong>Spiritus</strong></span> <span class='ocrx_word' id='word_1_330' title='bbox 3397 2284 3583 2340; x_wconf 83' lang='lat' dir='ltr'><strong>aperte</strong></span> 
     </span>
    </p>
   </div>
   <div class='ocr_carea' id='block_1_45' title="bbox 2017 2361 3584 2436">
    <p class='ocr_par' dir='ltr' id='par_1_45' title="bbox 2017 2361 3584 2436">
     <span class='ocr_line' id='line_1_45' title="bbox 2017 2361 3584 2436; baseline 0.003 -21"><span class='ocrx_word' id='word_1_331' title='bbox 2017 2362 2148 2432; x_wconf 90' lang='lat' dir='ltr'><strong>quid</strong></span> <span class='ocrx_word' id='word_1_332' title='bbox 2173 2362 2246 2416; x_wconf 85' lang='lat' dir='ltr'><strong>sit</strong></span> <span class='ocrx_word' id='word_1_333' title='bbox 2274 2361 2587 2416; x_wconf 85' lang='lat' dir='ltr'><strong>faciendum</strong></span> <span class='ocrx_word' id='word_1_334' title='bbox 2607 2363 2790 2417; x_wconf 85' lang='lat' dir='ltr'><strong>docet.</strong></span> <span class='ocrx_word' id='word_1_335' title='bbox 2822 2364 3114 2418; x_wconf 85' lang='lat' dir='ltr'><strong>Sacrorum</strong></span> <span class='ocrx_word' id='word_1_336' title='bbox 3143 2381 3380 2436; x_wconf 87' lang='lat' dir='ltr'><strong>namque</strong></span> <span class='ocrx_word' id='word_1_337' title='bbox 3410 2366 3584 2420; x_wconf 87' lang='lat' dir='ltr'><strong>Evan-</strong></span> 
     </span>
    </p>
   </div>
   <div class='ocr_carea' id='block_1_46' title="bbox 2014 2457 3584 2528">
    <p class='ocr_par' dir='ltr' id='par_1_46' title="bbox 2014 2457 3584 2528">
     <span class='ocr_line' id='line_1_46' title="bbox 2014 2457 3584 2528; baseline 0.001 -18"><span class='ocrx_word' id='word_1_338' title='bbox 2014 2457 2283 2526; x_wconf 76' lang='lat' dir='ltr'><strong>geliorum</strong></span> <span class='ocrx_word' id='word_1_339' title='bbox 2305 2457 2600 2526; x_wconf 88' lang='lat' dir='ltr'><strong>scriptura,</strong></span> <span class='ocrx_word' id='word_1_340' title='bbox 2629 2466 2687 2511; x_wconf 85' lang='lat' dir='ltr'><strong>et</strong></span> <span class='ocrx_word' id='word_1_341' title='bbox 2713 2457 3088 2526; x_wconf 84' lang='lat' dir='ltr'><strong>apostolorum</strong></span> <span class='ocrx_word' id='word_1_342' title='bbox 3115 2458 3383 2514; x_wconf 83' lang='lat' dir='ltr'><strong>divinitus</strong></span> <span class='ocrx_word' id='word_1_343' title='bbox 3412 2460 3584 2528; x_wconf 86' lang='lat' dir='ltr'><strong>inspi-</strong></span> 
     </span>
    </p>
   </div>
   <div class='ocr_carea' id='block_1_47' title="bbox 2017 2545 3579 2619">
    <p class='ocr_par' dir='ltr' id='par_1_47' title="bbox 2017 2545 3579 2619">
     <span class='ocr_line' id='line_1_47' title="bbox 2017 2545 3579 2619; baseline 0.003 -21"><span class='ocrx_word' id='word_1_344' title='bbox 2017 2556 2138 2600; x_wconf 84' lang='lat' dir='ltr'><strong>rata</strong></span> <span class='ocrx_word' id='word_1_345' title='bbox 2160 2546 2350 2614; x_wconf 89' lang='lat' dir='ltr'><strong>verba,</strong></span> <span class='ocrx_word' id='word_1_346' title='bbox 2389 2547 2457 2600; x_wconf 86' lang='lat' dir='ltr'><strong>ad</strong></span> <span class='ocrx_word' id='word_1_347' title='bbox 2506 2545 2622 2601; x_wconf 69' lang='lat' dir='ltr'><strong>hinc</strong></span> <span class='ocrx_word' id='word_1_348' title='bbox 2671 2547 2849 2618; x_wconf 84' lang='lat' dir='ltr'><strong>prisca</strong></span> <span class='ocrx_word' id='word_1_349' title='bbox 2913 2563 3131 2618; x_wconf 86' lang='lat' dir='ltr'><strong>quoque</strong></span> <span class='ocrx_word' id='word_1_350' title='bbox 3187 2549 3579 2619; x_wconf 75' lang='lat' dir='ltr'><strong>prophetarum</strong></span> 
     </span>
    </p>
   </div>
   <div class='ocr_carea' id='block_1_48' title="bbox 324 2636 3578 2714">
    <p class='ocr_par' dir='ltr' id='par_1_48' title="bbox 324 2636 3578 2714">
     <span class='ocr_line' id='line_1_48' title="bbox 324 2636 3578 2714; baseline 0.002 -21"><span class='ocrx_word' id='word_1_351' title='bbox 324 2641 579 2704; x_wconf 84' lang='lat' dir='ltr'><strong>oracula,</strong></span> <span class='ocrx_word' id='word_1_352' title='bbox 624 2641 915 2696; x_wconf 82' lang='lat' dir='ltr'><strong>manifeste</strong></span> <span class='ocrx_word' id='word_1_353' title='bbox 945 2657 1042 2695; x_wconf 90' lang='lat' dir='ltr'><strong>nos</strong></span> <span class='ocrx_word' id='word_1_354' title='bbox 1073 2657 1196 2710; x_wconf 75' lang='lat' dir='ltr'><strong>qua:</strong></span> <span class='ocrx_word' id='word_1_355' title='bbox 1251 2641 1320 2696; x_wconf 90' lang='lat' dir='ltr'><strong>de</strong></span> <span class='ocrx_word' id='word_1_356' title='bbox 1351 2636 1460 2697; x_wconf 86' lang='lat' dir='ltr'><strong>Deo</strong></span> <span class='ocrx_word' id='word_1_357' title='bbox 1495 2651 1550 2696; x_wconf 86' lang='lat' dir='ltr'><strong>et</strong></span> <span class='ocrx_word' id='word_1_358' title='bbox 1607 2642 1791 2696; x_wconf 87' lang='lat' dir='ltr'><strong>dicere</strong></span> <span class='ocrx_word' id='word_1_359' title='bbox 1846 2650 1901 2694; x_wconf 87' lang='lat' dir='ltr'><strong>et</strong></span> <span class='ocrx_word' id='word_1_360' title='bbox 1939 2643 2148 2698; x_wconf 84' lang='lat' dir='ltr'><strong>sentire</strong></span> <span class='ocrx_word' id='word_1_361' title='bbox 2209 2652 2484 2713; x_wconf 82' lang='lat' dir='ltr'><strong>oporteat.</strong></span> <span class='ocrx_word' id='word_1_362' title='bbox 2551 2644 2844 2698; x_wconf 85' lang='lat' dir='ltr'><strong>erudiunt.</strong></span> <span class='ocrx_word' id='word_1_363' title='bbox 2921 2644 3134 2714; x_wconf 82' lang='lat' dir='ltr'><strong>Itaque,</strong></span> <span class='ocrx_word' id='word_1_364' title='bbox 3203 2661 3323 2714; x_wconf 72' lang='lat' dir='ltr'><strong>qua:</strong></span> <span class='ocrx_word' id='word_1_365' title='bbox 3363 2661 3578 2700; x_wconf 84' lang='lat' dir='ltr'><strong>sacrum</strong></span> 
     </span>
    </p>
   </div>
   <div class='ocr_carea' id='block_1_49' title="bbox 328 2736 3582 2809">
    <p class='ocr_par' dir='ltr' id='par_1_49' title="bbox 328 2736 3582 2809">
     <span class='ocr_line' id='line_1_49' title="bbox 328 2736 3582 2809; baseline 0.001 -19"><span class='ocrx_word' id='word_1_366' title='bbox 328 2736 440 2790; x_wconf 81' lang='lat' dir='ltr'><strong>hoc</strong></span> <span class='ocrx_word' id='word_1_367' title='bbox 491 2737 692 2790; x_wconf 79' lang='lat' dir='ltr'><strong>bellum</strong></span> <span class='ocrx_word' id='word_1_368' title='bbox 735 2737 1016 2803; x_wconf 75' lang='lat' dir='ltr'><strong>excitavit,</strong></span> <span class='ocrx_word' id='word_1_369' title='bbox 1055 2739 1408 2793; x_wconf 83' lang='lat' dir='ltr'><strong>contentione</strong></span> <span class='ocrx_word' id='word_1_370' title='bbox 1443 2755 1604 2808; x_wconf 85' lang='lat' dir='ltr'><strong>quam</strong></span> <span class='ocrx_word' id='word_1_371' title='bbox 1637 2739 1958 2809; x_wconf 80' lang='lat' dir='ltr'><strong>longissime</strong></span> <span class='ocrx_word' id='word_1_372' title='bbox 2000 2740 2164 2794; x_wconf 85' lang='lat' dir='ltr'><strong>missa</strong></span> <span class='ocrx_word' id='word_1_373' title='bbox 2207 2742 2370 2803; x_wconf 80' lang='lat' dir='ltr'><strong>facta,</strong></span> <span class='ocrx_word' id='word_1_374' title='bbox 2413 2739 2618 2794; x_wconf 86' lang='lat' dir='ltr'><strong>divinis</strong></span> <span class='ocrx_word' id='word_1_375' title='bbox 2655 2739 2926 2795; x_wconf 87' lang='lat' dir='ltr'><strong>doctrinis</strong></span> <span class='ocrx_word' id='word_1_376' title='bbox 2962 2739 3457 2794; x_wconf 85' lang='lat' dir='ltr'><strong>controversiarum</strong></span> <span class='ocrx_word' id='word_1_377' title='bbox 3501 2740 3582 2794; x_wconf 83' lang='lat' dir='ltr'><strong>in-</strong></span> 
     </span>
    </p>
   </div>
   <div class='ocr_carea' id='block_1_50' title="bbox 323 2832 3144 2924">
    <p class='ocr_par' dir='ltr' id='par_1_50' title="bbox 323 2832 3144 2924">
     <span class='ocr_line' id='line_1_50' title="bbox 323 2832 3144 2924; baseline 0.002 -39"><span class='ocrx_word' id='word_1_378' title='bbox 323 2832 614 2900; x_wconf 82' lang='lat' dir='ltr'><strong>quiramus</strong></span> <span class='ocrx_word' id='word_1_379' title='bbox 650 2832 1019 2901; x_wconf 77' lang='lat' dir='ltr'><strong>decisionem;</strong></span> <span class='ocrx_word' id='word_1_380' title='bbox 1051 2834 1194 2905; x_wconf 87' lang='lat' dir='ltr'><strong>quod</strong></span> <span class='ocrx_word' id='word_1_381' title='bbox 1224 2849 1354 2890; x_wconf 83' lang='lat' dir='ltr'><strong>sane</strong></span> <span class='ocrx_word' id='word_1_382' title='bbox 1391 2835 1737 2889; x_wconf 86' lang='lat' dir='ltr'><strong>commodum</strong></span> <span class='ocrx_word' id='word_1_383' title='bbox 1767 2837 1926 2924; x_wconf 66' lang='lat' dir='ltr'><strong>nobis</strong></span> <span class='ocrx_word' id='word_1_384' title='bbox 1965 2845 2022 2892; x_wconf 83' lang='lat' dir='ltr'><strong>et</strong></span> <span class='ocrx_word' id='word_1_385' title='bbox 2063 2837 2284 2890; x_wconf 85' lang='lat' dir='ltr'><strong>inventu</strong></span> <span class='ocrx_word' id='word_1_386' title='bbox 2322 2835 2480 2890; x_wconf 77' lang='lat' dir='ltr'><strong>facile</strong></span> <span class='ocrx_word' id='word_1_387' title='bbox 2507 2835 2636 2900; x_wconf 91' lang='lat' dir='ltr'><strong>erit,</strong></span> <span class='ocrx_word' id='word_1_388' title='bbox 2658 2836 2702 2890; x_wconf 89' lang='lat' dir='ltr'><strong>si</strong></span> <span class='ocrx_word' id='word_1_389' title='bbox 2739 2836 3094 2892; x_wconf 79' lang='lat' dir='ltr'><strong>voluerimus.</strong></span> <span class='ocrx_word' id='word_1_390' title='bbox 3125 2854 3144 2890; x_wconf 79' lang='grc' dir='ltr'><strong>ι</strong></span> 
     </span>
    </p>
   </div>
   <div class='ocr_carea' id='block_1_51' title="bbox 917 2970 1319 3027">
    <p class='ocr_par' dir='ltr' id='par_1_51' title="bbox 917 2970 1319 3027">
     <span class='ocr_line' id='line_1_51' title="bbox 917 2970 1319 3027; baseline 0.007 -3"><span class='ocrx_word' id='word_1_391' title='bbox 917 2973 1166 3027; x_wconf 69' lang='grc' dir='ltr'><strong>ΚΕΦΔΔ.</strong></span> <span class='ocrx_word' id='word_1_392' title='bbox 1220 2970 1319 3027; x_wconf 85' lang='grc' dir='ltr'><strong>ΙΖ’.</strong></span> 
     </span>
    </p>
   </div>
   <div class='ocr_carea' id='block_1_52' title="bbox 2574 2969 3020 3026">
    <p class='ocr_par' dir='ltr' id='par_1_52' title="bbox 2574 2969 3020 3026">
     <span class='ocr_line' id='line_1_52' title="bbox 2574 2969 3020 3026; baseline 0 0"><span class='ocrx_word' id='word_1_393' title='bbox 2574 2969 2798 3026; x_wconf 77' lang='lat' dir='ltr'><strong>CAPUT</strong></span> <span class='ocrx_word' id='word_1_394' title='bbox 2833 2969 3020 3026; x_wconf 83' lang='lat' dir='ltr'><strong>XVIII.</strong></span> 
     </span>
    </p>
   </div>
   <div class='ocr_carea' id='block_1_53' title="bbox 326 3051 1908 3153">
    <p class='ocr_par' dir='ltr' id='par_1_53' title="bbox 326 3076 1904 3152">
     <span class='ocr_line' id='line_1_53' title="bbox 326 3076 1904 3152; baseline -0.001 -15"><span class='ocrx_word' id='word_1_395' title='bbox 326 3081 475 3152; x_wconf 70' lang='grc' dir='ltr'>Περὶ</span> <span class='ocrx_word' id='word_1_396' title='bbox 494 3077 581 3138; x_wconf 74' lang='grc' dir='ltr'><strong>ὧν</strong></span> <span class='ocrx_word' id='word_1_397' title='bbox 611 3076 649 3148; x_wconf 73' lang='grc' dir='ltr'>ἡ</span> <span class='ocrx_word' id='word_1_398' title='bbox 701 3080 965 3146; x_wconf 80' lang='grc' dir='ltr'>σύνοδος</span> <span class='ocrx_word' id='word_1_399' title='bbox 1014 3081 1196 3149; x_wconf 82' lang='grc' dir='ltr'>ὥρισε</span> <span class='ocrx_word' id='word_1_400' title='bbox 1215 3098 1231 3114; x_wconf 74' lang='grc' dir='ltr'><strong>ο</strong></span> <span class='ocrx_word' id='word_1_401' title='bbox 1286 3081 1384 3136; x_wconf 79' lang='grc' dir='ltr'>καὶ</span> <span class='ocrx_word' id='word_1_402' title='bbox 1414 3082 1548 3151; x_wconf 74' lang='grc' dir='ltr'>περὶ</span> <span class='ocrx_word' id='word_1_403' title='bbox 1593 3083 1702 3136; x_wconf 83' lang='grc' dir='ltr'>τοῦ</span> <span class='ocrx_word' id='word_1_404' title='bbox 1731 3081 1904 3152; x_wconf 74' lang='grc' dir='ltr'>ἁγίου</span> 
     </span>
    </p>
   </div>
   <div class='ocr_carea' id='block_1_54' title="bbox 2009 3051 3582 3153">
    <p class='ocr_par' dir='ltr' id='par_1_54' title="bbox 2011 3079 3582 3153">
     <span class='ocr_line' id='line_1_54' title="bbox 2011 3079 3582 3153; baseline -0.003 -15"><span class='ocrx_word' id='word_1_405' title='bbox 2011 3081 2086 3138; x_wconf 80' lang='lat' dir='ltr'><strong>De</strong></span> <span class='ocrx_word' id='word_1_406' title='bbox 2108 3080 2293 3153; x_wconf 76' lang='lat' dir='ltr'><strong>quibus</strong></span> <span class='ocrx_word' id='word_1_407' title='bbox 2324 3079 2477 3134; x_wconf 74' lang='lat' dir='ltr'><strong>rebus</strong></span> <span class='ocrx_word' id='word_1_408' title='bbox 2506 3081 2735 3153; x_wconf 76' lang='lat' dir='ltr'><strong>synodus</strong></span> <span class='ocrx_word' id='word_1_409' title='bbox 2764 3079 2972 3134; x_wconf 80' lang='lat' dir='ltr'><strong>demta</strong></span> <span class='ocrx_word' id='word_1_410' title='bbox 2994 3079 3212 3153; x_wconf 69' lang='lat' dir='ltr'><strong>fecerit,</strong></span> <span class='ocrx_word' id='word_1_411' title='bbox 3239 3089 3288 3136; x_wconf 83' lang='lat' dir='ltr'><strong>et</strong></span> <span class='ocrx_word' id='word_1_412' title='bbox 3318 3080 3382 3134; x_wconf 81' lang='lat' dir='ltr'><strong>de</strong></span> <span class='ocrx_word' id='word_1_413' title='bbox 3401 3089 3582 3135; x_wconf 74' lang='lat' dir='ltr'><strong>sancto</strong></span> 
     </span>
    </p>
   </div>
   <div class='ocr_carea' id='block_1_55' title="bbox 930 3154 1270 3216">
    <p class='ocr_par' dir='ltr' id='par_1_55' title="bbox 930 3154 1270 3216">
     <span class='ocr_line' id='line_1_55' title="bbox 930 3154 1270 3216; baseline 0 -10"><span class='ocrx_word' id='word_1_414' title='bbox 930 3154 1270 3216; x_wconf 56' lang='grc' dir='ltr'>συμϐόλου.</span> 
     </span>
    </p>
   </div>
   <div class='ocr_carea' id='block_1_56' title="bbox 401 3264 1908 3340">
    <p class='ocr_par' dir='ltr' id='par_1_56' title="bbox 401 3264 1908 3340">
     <span class='ocr_line' id='line_1_56' title="bbox 401 3264 1908 3340; baseline -0.001 -19"><span class='ocrx_word' id='word_1_415' title='bbox 401 3268 590 3322; x_wconf 76' lang='grc' dir='ltr'>Ταῦτα</span> <span class='ocrx_word' id='word_1_416' title='bbox 621 3268 678 3321; x_wconf 80' lang='grc' dir='ltr'><strong>δι</strong></span> <span class='ocrx_word' id='word_1_417' title='bbox 727 3269 925 3322; x_wconf 78' lang='grc' dir='ltr'>καὶτὰ</span> <span class='ocrx_word' id='word_1_418' title='bbox 971 3269 1186 3332; x_wconf 76' lang='grc' dir='ltr'>τούτοις</span> <span class='ocrx_word' id='word_1_419' title='bbox 1217 3269 1596 3340; x_wconf 56' lang='grc' dir='ltr'>,παραπλήσια</span> <span class='ocrx_word' id='word_1_420' title='bbox 1645 3264 1733 3324; x_wconf 75' lang='grc' dir='ltr'>οἷα</span> <span class='ocrx_word' id='word_1_421' title='bbox 1776 3270 1908 3333; x_wconf 86' lang='grc' dir='ltr'>παῖς</span> 
     </span>
    </p>
   </div>
   <div class='ocr_carea' id='block_1_57' title="bbox 328 3361 1906 3434">
    <p class='ocr_par' dir='ltr' id='par_1_57' title="bbox 328 3361 1906 3434">
     <span class='ocr_line' id='line_1_57' title="bbox 328 3361 1906 3434; baseline 0.001 -21"><span class='ocrx_word' id='word_1_422' title='bbox 328 3361 654 3430; x_wconf 71' lang='grc' dir='ltr'>φιλοπάτωρ</span> <span class='ocrx_word' id='word_1_423' title='bbox 699 3363 813 3424; x_wconf 89' lang='grc' dir='ltr'>τοῖς</span> <span class='ocrx_word' id='word_1_424' title='bbox 873 3362 1114 3432; x_wconf 74' lang='grc' dir='ltr'>ἱερεῦσιν</span> <span class='ocrx_word' id='word_1_425' title='bbox 1151 3361 1225 3426; x_wconf 84' lang='grc' dir='ltr'><strong>ὡς</strong></span> <span class='ocrx_word' id='word_1_426' title='bbox 1275 3363 1516 3434; x_wconf 83' lang='grc' dir='ltr'>πατράσι</span> <span class='ocrx_word' id='word_1_427' title='bbox 1554 3363 1906 3433; x_wconf 83' lang='grc' dir='ltr'>προσφέρων,</span> 
     </span>
    </p>
   </div>
   <div class='ocr_carea' id='block_1_58' title="bbox 326 3453 1911 3525">
    <p class='ocr_par' dir='ltr' id='par_1_58' title="bbox 326 3453 1911 3525">
     <span class='ocr_line' id='line_1_58' title="bbox 326 3453 1911 3525; baseline -0.001 -17"><span class='ocrx_word' id='word_1_428' title='bbox 326 3453 433 3524; x_wconf 79' lang='grc' dir='ltr'>τὴν</span> <span class='ocrx_word' id='word_1_429' title='bbox 481 3453 844 3523; x_wconf 83' lang='grc' dir='ltr'>ἀποστολικῆν</span> <span class='ocrx_word' id='word_1_430' title='bbox 901 3454 1221 3524; x_wconf 81' lang='grc' dir='ltr'>συμφωνίαν</span> <span class='ocrx_word' id='word_1_431' title='bbox 1245 3453 1720 3525; x_wconf 72' lang='grc' dir='ltr'>ἑπραγματεύετο.</span> <span class='ocrx_word' id='word_1_432' title='bbox 1760 3453 1911 3506; x_wconf 84' lang='grc' dir='ltr'>Ἐπι-</span> 
     </span>
    </p>
   </div>
   <div class='ocr_carea' id='block_1_59' title="bbox 332 3545 1912 3619">
    <p class='ocr_par' dir='ltr' id='par_1_59' title="bbox 332 3545 1912 3619">
     <span class='ocr_line' id='line_1_59' title="bbox 332 3545 1912 3619; baseline 0.001 -21"><span class='ocrx_word' id='word_1_433' title='bbox 332 3547 600 3617; x_wconf 84' lang='grc' dir='ltr'>συνείρων</span> <span class='ocrx_word' id='word_1_434' title='bbox 640 3546 698 3600; x_wconf 79' lang='grc' dir='ltr'>δὲ</span> <span class='ocrx_word' id='word_1_435' title='bbox 737 3547 835 3600; x_wconf 76' lang='grc' dir='ltr'>καὶ</span> <span class='ocrx_word' id='word_1_436' title='bbox 865 3546 1020 3612; x_wconf 71' lang='grc' dir='ltr'>ἄλλα,</span> <span class='ocrx_word' id='word_1_437' title='bbox 1048 3545 1174 3615; x_wconf 78' lang='grc' dir='ltr'>ἑξῆς</span> <span class='ocrx_word' id='word_1_438' title='bbox 1205 3546 1452 3619; x_wconf 72' lang='grc' dir='ltr'>περὶτοῦ</span> <span class='ocrx_word' id='word_1_439' title='bbox 1479 3547 1749 3615; x_wconf 89' lang='grc' dir='ltr'>δόγματος</span> <span class='ocrx_word' id='word_1_440' title='bbox 1777 3545 1912 3600; x_wconf 76' lang='grc' dir='ltr'>ἁνα-</span> 
     </span>
    </p>
   </div>
   <div class='ocr_carea' id='block_1_60' title="bbox 329 3638 1910 3713">
    <p class='ocr_par' dir='ltr' id='par_1_60' title="bbox 329 3638 1910 3713">
     <span class='ocr_line' id='line_1_60' title="bbox 329 3638 1910 3713; baseline -0.001 -21"><span class='ocrx_word' id='word_1_441' title='bbox 329 3641 505 3692; x_wconf 86' lang='grc' dir='ltr'>κινεῖν</span> <span class='ocrx_word' id='word_1_442' title='bbox 531 3639 801 3708; x_wconf 77' lang='grc' dir='ltr'>ἐπέτρεπε</span> <span class='ocrx_word' id='word_1_443' title='bbox 835 3641 934 3710; x_wconf 80' lang='grc' dir='ltr'>τὴν</span> <span class='ocrx_word' id='word_1_444' title='bbox 963 3639 1222 3704; x_wconf 80' lang='grc' dir='ltr'>διάλεξιν.</span> <span class='ocrx_word' id='word_1_445' title='bbox 1249 3639 1360 3713; x_wconf 54' lang='grc' dir='ltr'><strong>Καὶ</strong></span> <span class='ocrx_word' id='word_1_446' title='bbox 1386 3639 1672 3710; x_wconf 83' lang='grc' dir='ltr'>παρήγετο</span> <span class='ocrx_word' id='word_1_447' title='bbox 1703 3638 1803 3708; x_wconf 71' lang='grc' dir='ltr'>μὲν</span> <span class='ocrx_word' id='word_1_448' title='bbox 1829 3640 1910 3699; x_wconf 82' lang='grc' dir='ltr'><strong>είς</strong></span> 
     </span>
    </p>
   </div>
   <div class='ocr_carea' id='block_1_61' title="bbox 333 3727 1911 3800">
    <p class='ocr_par' dir='ltr' id='par_1_61' title="bbox 333 3727 1911 3800">
     <span class='ocr_line' id='line_1_61' title="bbox 333 3727 1911 3800; baseline -0.001 -20"><span class='ocrx_word' id='word_1_449' title='bbox 333 3729 502 3796; x_wconf 80' lang='grc' dir='ltr'>μέσον</span> <span class='ocrx_word' id='word_1_450' title='bbox 534 3729 564 3781; x_wconf 91' lang='grc' dir='ltr'><strong>ό</strong></span> <span class='ocrx_word' id='word_1_451' title='bbox 596 3729 852 3799; x_wconf 74' lang='grc' dir='ltr'>’Ἄρειος-</span> <span class='ocrx_word' id='word_1_452' title='bbox 909 3728 1006 3782; x_wconf 81' lang='grc' dir='ltr'>καὶ</span> <span class='ocrx_word' id='word_1_453' title='bbox 1049 3729 1159 3784; x_wconf 91' lang='grc' dir='ltr'><strong>τῶν</strong></span> <span class='ocrx_word' id='word_1_454' title='bbox 1209 3729 1402 3799; x_wconf 78' lang='grc' dir='ltr'>ἐκείνῳ</span> <span class='ocrx_word' id='word_1_455' title='bbox 1451 3727 1911 3800; x_wconf 78' lang='grc' dir='ltr'>προϐαλλομένων</span> 
     </span>
    </p>
   </div>
   <div class='ocr_carea' id='block_1_62' title="bbox 327 3815 1908 3893">
    <p class='ocr_par' dir='ltr' id='par_1_62' title="bbox 327 3815 1908 3893">
     <span class='ocr_line' id='line_1_62' title="bbox 327 3815 1908 3893; baseline -0.001 -20"><span class='ocrx_word' id='word_1_456' title='bbox 327 3821 570 3890; x_wconf 73' lang='grc' dir='ltr'>ἀκριϐὴς</span> <span class='ocrx_word' id='word_1_457' title='bbox 597 3822 632 3892; x_wconf 82' lang='grc' dir='ltr'><strong>ἡ</strong></span> <span class='ocrx_word' id='word_1_458' title='bbox 650 3821 886 3891; x_wconf 74' lang='grc' dir='ltr'>βάσανος</span> <span class='ocrx_word' id='word_1_459' title='bbox 903 3815 971 3892; x_wconf 76' lang='grc' dir='ltr'>ἦν</span> <span class='ocrx_word' id='word_1_460' title='bbox 993 3837 1009 3852; x_wconf 76' lang='grc' dir='ltr'><strong>ο</strong></span> <span class='ocrx_word' id='word_1_461' title='bbox 1043 3821 1405 3890; x_wconf 77' lang='grc' dir='ltr'>ἑφυλάττοντό</span> <span class='ocrx_word' id='word_1_462' title='bbox 1429 3838 1494 3890; x_wconf 84' lang='grc' dir='ltr'><strong>γε</strong></span> <span class='ocrx_word' id='word_1_463' title='bbox 1522 3821 1628 3893; x_wconf 84' lang='grc' dir='ltr'>μὴν</span> <span class='ocrx_word' id='word_1_464' title='bbox 1653 3820 1908 3891; x_wconf 84' lang='grc' dir='ltr'>προπετῆ</span> 
     </span>
    </p>
   </div>
   <div class='ocr_carea' id='block_1_63' title="bbox 231 3910 1910 3985">
    <p class='ocr_par' dir='ltr' id='par_1_63' title="bbox 231 3910 1910 3985">
     <span class='ocr_line' id='line_1_63' title="bbox 231 3910 1910 3985; baseline -0.001 -18"><span class='ocrx_word' id='word_1_465' title='bbox 231 3938 244 3948; x_wconf 65' lang='grc'><strong>’</strong></span> <span class='ocrx_word' id='word_1_466' title='bbox 328 3915 434 3985; x_wconf 81' lang='grc' dir='ltr'>τὴν</span> <span class='ocrx_word' id='word_1_467' title='bbox 467 3915 644 3984; x_wconf 77' lang='grc' dir='ltr'>ψῆφον</span> <span class='ocrx_word' id='word_1_468' title='bbox 691 3914 785 3967; x_wconf 71' lang='grc' dir='ltr'><strong>ἐπὶ</strong></span> <span class='ocrx_word' id='word_1_469' title='bbox 817 3913 1050 3982; x_wconf 82' lang='grc' dir='ltr'>θάτερον</span> <span class='ocrx_word' id='word_1_470' title='bbox 1093 3914 1271 3982; x_wconf 83' lang='grc' dir='ltr'>άγειν.</span> <span class='ocrx_word' id='word_1_471' title='bbox 1309 3910 1411 3968; x_wconf 69' lang='lat' dir='ltr'><strong>Old</strong></span> <span class='ocrx_word' id='word_1_472' title='bbox 1451 3915 1498 3968; x_wconf 84' lang='grc' dir='ltr'>δ’</span> <span class='ocrx_word' id='word_1_473' title='bbox 1529 3917 1588 3967; x_wconf 79' lang='grc' dir='ltr'>ἐν</span> <span class='ocrx_word' id='word_1_474' title='bbox 1636 3914 1713 3984; x_wconf 85' lang='grc' dir='ltr'><strong>τῷ</strong></span> <span class='ocrx_word' id='word_1_475' title='bbox 1742 3913 1910 3985; x_wconf 85' lang='grc' dir='ltr'>τρίτῳ</span> 
     </span>
    </p>
   </div>
   <div class='ocr_carea' id='block_1_64' title="bbox 333 4005 1910 4079">
    <p class='ocr_par' dir='ltr' id='par_1_64' title="bbox 333 4005 1910 4079">
     <span class='ocr_line' id='line_1_64' title="bbox 333 4005 1910 4079; baseline 0.001 -20"><span class='ocrx_word' id='word_1_476' title='bbox 333 4007 477 4079; x_wconf 85' lang='grc' dir='ltr'>πρὸς</span> <span class='ocrx_word' id='word_1_477' title='bbox 522 4007 936 4060; x_wconf 77' lang='grc' dir='ltr'>Κωνσταντῖνον</span> <span class='ocrx_word' id='word_1_478' title='bbox 973 4005 1163 4077; x_wconf 77' lang='grc' dir='ltr'><strong>βιῦλξῳ</strong></span> <span class='ocrx_word' id='word_1_479' title='bbox 1206 4007 1300 4061; x_wconf 67' lang='grc' dir='ltr'>καὶ</span> <span class='ocrx_word' id='word_1_480' title='bbox 1347 4007 1477 4076; x_wconf 75' lang='grc' dir='ltr'>περὶ</span> <span class='ocrx_word' id='word_1_481' title='bbox 1511 4007 1717 4061; x_wconf 86' lang='grc' dir='ltr'>τούτων</span> <span class='ocrx_word' id='word_1_482' title='bbox 1745 4010 1910 4077; x_wconf 70' lang='grc' dir='ltr'>φησιν</span> 
     </span>
    </p>
   </div>
   <div class='ocr_carea' id='block_1_65' title="bbox 330 4097 1915 4170">
    <p class='ocr_par' dir='ltr' id='par_1_65' title="bbox 330 4097 1915 4170">
     <span class='ocr_line' id='line_1_65' title="bbox 330 4097 1915 4170; baseline -0.001 -16"><span class='ocrx_word' id='word_1_483' title='bbox 330 4104 362 4154; x_wconf 82' lang='grc' dir='ltr'>ὁ</span> <span class='ocrx_word' id='word_1_484' title='bbox 391 4101 675 4164; x_wconf 76' lang='grc' dir='ltr'>Εὐσέσιος,</span> <span class='ocrx_word' id='word_1_485' title='bbox 723 4097 902 4170; x_wconf 81' lang='grc' dir='ltr'>χρεὼν</span> <span class='ocrx_word' id='word_1_486' title='bbox 939 4098 1188 4154; x_wconf 79' lang='grc' dir='ltr'>διελθεῖν.</span> <span class='ocrx_word' id='word_1_487' title='bbox 1231 4119 1251 4153; x_wconf 74' lang='grc' dir='ltr'><strong>ι</strong></span> <span class='ocrx_word' id='word_1_488' title='bbox 1293 4100 1570 4154; x_wconf 81' lang='grc' dir='ltr'>Πλείστων</span> <span class='ocrx_word' id='word_1_489' title='bbox 1594 4101 1658 4170; x_wconf 77' lang='grc' dir='ltr'>δὴ</span> <span class='ocrx_word' id='word_1_490' title='bbox 1687 4101 1797 4154; x_wconf 84' lang='grc' dir='ltr'><strong>τῶν</strong></span> <span class='ocrx_word' id='word_1_491' title='bbox 1820 4099 1915 4168; x_wconf 83' lang='grc' dir='ltr'>ὑφ’</span> 
     </span>
    </p>
   </div>
   <div class='ocr_carea' id='block_1_66' title="bbox 333 4193 1912 4264">
    <p class='ocr_par' dir='ltr' id='par_1_66' title="bbox 333 4193 1912 4264">
     <span class='ocr_line' id='line_1_66' title="bbox 333 4193 1912 4264; baseline -0.001 -18"><span class='ocrx_word' id='word_1_492' title='bbox 333 4195 511 4264; x_wconf 80' lang='grc' dir='ltr'>ἑτέρῳ</span> <span class='ocrx_word' id='word_1_493' title='bbox 558 4193 801 4261; x_wconf 81' lang='grc' dir='ltr'>τάγματι</span> <span class='ocrx_word' id='word_1_494' title='bbox 834 4193 1293 4264; x_wconf 78' lang='grc' dir='ltr'>προτεινομένων,</span> <span class='ocrx_word' id='word_1_495' title='bbox 1327 4193 1528 4263; x_wconf 79' lang='grc' dir='ltr'>πολλῆς</span> <span class='ocrx_word' id='word_1_496' title='bbox 1566 4210 1625 4247; x_wconf 86' lang='grc' dir='ltr'><strong>τε</strong></span> <span class='ocrx_word' id='word_1_497' title='bbox 1678 4193 1912 4262; x_wconf 81' lang='grc' dir='ltr'>ἀμφιλο-</span> 
     </span>
    </p>
   </div>
   <div class='ocr_carea' id='block_1_67' title="bbox 335 4279 1912 4352">
    <p class='ocr_par' dir='ltr' id='par_1_67' title="bbox 335 4279 1912 4352">
     <span class='ocr_line' id='line_1_67' title="bbox 335 4279 1912 4352; baseline 0 -18"><span class='ocrx_word' id='word_1_498' title='bbox 335 4283 463 4349; x_wconf 84' lang='grc' dir='ltr'>γίας</span> <span class='ocrx_word' id='word_1_499' title='bbox 487 4280 558 4332; x_wconf 76' lang='grc' dir='ltr'><strong>τὰ</strong></span> <span class='ocrx_word' id='word_1_500' title='bbox 577 4281 767 4350; x_wconf 82' lang='grc' dir='ltr'>πρῶτα</span> <span class='ocrx_word' id='word_1_501' title='bbox 793 4281 1218 4350; x_wconf 83' lang='grc' dir='ltr'>συνισταμένης,</span> <span class='ocrx_word' id='word_1_502' title='bbox 1247 4279 1580 4346; x_wconf 76' lang='grc' dir='ltr'>ἀνεξικάκως</span> <span class='ocrx_word' id='word_1_503' title='bbox 1602 4283 1912 4352; x_wconf 77' lang='grc' dir='ltr'>ἐπηκροᾶτο</span> 
     </span>
    </p>
   </div>
   <div class='ocr_carea' id='block_1_68' title="bbox 332 4370 1913 4445">
    <p class='ocr_par' dir='ltr' id='par_1_68' title="bbox 332 4370 1913 4445">
     <span class='ocr_line' id='line_1_68' title="bbox 332 4370 1913 4445; baseline 0.001 -20"><span class='ocrx_word' id='word_1_504' title='bbox 332 4375 360 4425; x_wconf 76' lang='grc' dir='ltr'><strong><em>ὁ</em></strong></span> <span class='ocrx_word' id='word_1_505' title='bbox 392 4370 650 4442; x_wconf 78' lang='grc' dir='ltr'>βασιλεὺς</span> <span class='ocrx_word' id='word_1_506' title='bbox 681 4371 790 4424; x_wconf 85' lang='grc' dir='ltr'><strong>τῶν</strong></span> <span class='ocrx_word' id='word_1_507' title='bbox 830 4373 1072 4436; x_wconf 87' lang='grc' dir='ltr'>πάντων,</span> <span class='ocrx_word' id='word_1_508' title='bbox 1107 4373 1272 4443; x_wconf 85' lang='grc' dir='ltr'>σχολῇ</span> <span class='ocrx_word' id='word_1_509' title='bbox 1297 4390 1354 4425; x_wconf 85' lang='grc' dir='ltr'><strong>τε</strong></span> <span class='ocrx_word' id='word_1_510' title='bbox 1395 4373 1598 4443; x_wconf 81' lang='grc' dir='ltr'>εὐτόνῳ</span> <span class='ocrx_word' id='word_1_511' title='bbox 1630 4372 1730 4435; x_wconf 80' lang='grc' dir='ltr'><strong>τὰς</strong></span> <span class='ocrx_word' id='word_1_512' title='bbox 1776 4391 1913 4445; x_wconf 81' lang='grc' dir='ltr'>προ-</span> 
     </span>
    </p>
   </div>
   <div class='ocr_carea' id='block_1_69' title="bbox 333 4463 1908 4536">
    <p class='ocr_par' dir='ltr' id='par_1_69' title="bbox 333 4463 1908 4536">
     <span class='ocr_line' id='line_1_69' title="bbox 333 4463 1908 4536; baseline 0.003 -20"><span class='ocrx_word' id='word_1_513' title='bbox 333 4465 522 4526; x_wconf 82' lang='grc' dir='ltr'>τάσεις</span> <span class='ocrx_word' id='word_1_514' title='bbox 574 4463 906 4532; x_wconf 76' lang='grc' dir='ltr'>ὐπεδέχετο·</span> <span class='ocrx_word' id='word_1_515' title='bbox 941 4465 1000 4516; x_wconf 82' lang='grc' dir='ltr'>ὲν</span> <span class='ocrx_word' id='word_1_516' title='bbox 1050 4464 1206 4535; x_wconf 76' lang='grc' dir='ltr'>μέρει</span> <span class='ocrx_word' id='word_1_517' title='bbox 1263 4482 1319 4518; x_wconf 93' lang='grc' dir='ltr'><strong>τε</strong></span> <span class='ocrx_word' id='word_1_518' title='bbox 1365 4466 1908 4536; x_wconf 76' lang='grc' dir='ltr'>ἀντιλαμϐανόμενος</span> 
     </span>
    </p>
   </div>
   <div class='ocr_carea' id='block_1_70' title="bbox 333 4553 1912 4628">
    <p class='ocr_par' dir='ltr' id='par_1_70' title="bbox 333 4553 1912 4628">
     <span class='ocr_line' id='line_1_70' title="bbox 333 4553 1912 4628; baseline 0.002 -20"><span class='ocrx_word' id='word_1_519' title='bbox 333 4557 446 4608; x_wconf 89' lang='grc' dir='ltr'><strong>τῶν</strong></span> <span class='ocrx_word' id='word_1_520' title='bbox 493 4553 625 4623; x_wconf 80' lang='grc' dir='ltr'>παρ’</span> <span class='ocrx_word' id='word_1_521' title='bbox 679 4553 944 4624; x_wconf 82' lang='grc' dir='ltr'>ἑκατέρου</span> <span class='ocrx_word' id='word_1_522' title='bbox 997 4556 1277 4625; x_wconf 81' lang='grc' dir='ltr'>τάγματος</span> <span class='ocrx_word' id='word_1_523' title='bbox 1331 4556 1665 4626; x_wconf 81' lang='grc' dir='ltr'>λεγομένων,</span> <span class='ocrx_word' id='word_1_524' title='bbox 1727 4559 1912 4628; x_wconf 75' lang='grc' dir='ltr'>ἡρέμα</span> 
     </span>
    </p>
   </div>
   <div class='ocr_carea' id='block_1_71' title="bbox 337 4647 1912 4719">
    <p class='ocr_par' dir='ltr' id='par_1_71' title="bbox 337 4647 1912 4719">
     <span class='ocr_line' id='line_1_71' title="bbox 337 4647 1912 4719; baseline 0.001 -19"><span class='ocrx_word' id='word_1_525' title='bbox 337 4648 544 4718; x_wconf 79' lang='grc' dir='ltr'>συνῆγε</span> <span class='ocrx_word' id='word_1_526' title='bbox 594 4648 722 4712; x_wconf 76' lang='grc' dir='ltr'>τοὺς</span> <span class='ocrx_word' id='word_1_527' title='bbox 773 4647 1092 4716; x_wconf 81' lang='grc' dir='ltr'>φιλονείκως</span> <span class='ocrx_word' id='word_1_528' title='bbox 1127 4649 1517 4718; x_wconf 78' lang='grc' dir='ltr'>ἐνισταμένους</span> <span class='ocrx_word' id='word_1_529' title='bbox 1544 4665 1558 4680; x_wconf 89' lang='grc'><strong>·</strong></span> <span class='ocrx_word' id='word_1_530' title='bbox 1595 4651 1813 4719; x_wconf 78' lang='grc' dir='ltr'>πραέως</span> <span class='ocrx_word' id='word_1_531' title='bbox 1853 4667 1912 4702; x_wconf 83' lang='grc' dir='ltr'><strong>τε</strong></span> 
     </span>
    </p>
   </div>
   <div class='ocr_carea' id='block_1_72' title="bbox 334 4739 1910 4811">
    <p class='ocr_par' dir='ltr' id='par_1_72' title="bbox 334 4739 1910 4811">
     <span class='ocr_line' id='line_1_72' title="bbox 334 4739 1910 4811; baseline 0.001 -19"><span class='ocrx_word' id='word_1_532' title='bbox 334 4741 668 4808; x_wconf 79' lang='grc' dir='ltr'>ποιούμενος</span> <span class='ocrx_word' id='word_1_533' title='bbox 696 4741 794 4803; x_wconf 75' lang='grc' dir='ltr'>τὰς</span> <span class='ocrx_word' id='word_1_534' title='bbox 831 4739 967 4809; x_wconf 80' lang='grc' dir='ltr'>πρὸς</span> <span class='ocrx_word' id='word_1_535' title='bbox 997 4741 1228 4793; x_wconf 73' lang='grc' dir='ltr'>ἕκαστον</span> <span class='ocrx_word' id='word_1_536' title='bbox 1256 4741 1495 4809; x_wconf 78' lang='grc' dir='ltr'>ὁμιλίας,</span> <span class='ocrx_word' id='word_1_537' title='bbox 1526 4743 1817 4811; x_wconf 75' lang='grc' dir='ltr'>ἑλληνίζων</span> <span class='ocrx_word' id='word_1_538' title='bbox 1850 4759 1910 4794; x_wconf 89' lang='grc' dir='ltr'><strong>τε</strong></span> 
     </span>
    </p>
   </div>
   <div class='ocr_carea' id='block_1_73' title="bbox 335 4829 1913 4903">
    <p class='ocr_par' dir='ltr' id='par_1_73' title="bbox 335 4829 1913 4903">
     <span class='ocr_line' id='line_1_73' title="bbox 335 4829 1913 4903; baseline 0.001 -20"><span class='ocrx_word' id='word_1_539' title='bbox 335 4836 398 4902; x_wconf 78' lang='grc' dir='ltr'><strong>τῇ</strong></span> <span class='ocrx_word' id='word_1_540' title='bbox 434 4834 612 4902; x_wconf 75' lang='grc' dir='ltr'>φωνῇ,</span> <span class='ocrx_word' id='word_1_541' title='bbox 641 4833 724 4885; x_wconf 83' lang='grc' dir='ltr'>ὅτι</span> <span class='ocrx_word' id='word_1_542' title='bbox 750 4832 884 4903; x_wconf 80' lang='grc' dir='ltr'>μηδὲ</span> <span class='ocrx_word' id='word_1_543' title='bbox 917 4831 1123 4900; x_wconf 77' lang='grc' dir='ltr'>ταύτης</span> <span class='ocrx_word' id='word_1_544' title='bbox 1156 4833 1387 4902; x_wconf 82' lang='grc' dir='ltr'>ἀμαθῶς</span> <span class='ocrx_word' id='word_1_545' title='bbox 1417 4829 1552 4902; x_wconf 74' lang='grc' dir='ltr'>εἶχε,</span> <span class='ocrx_word' id='word_1_546' title='bbox 1581 4833 1913 4901; x_wconf 68' lang='grc' dir='ltr'>γλυκύτερος</span> 
     </span>
    </p>
   </div>
   <div class='ocr_carea' id='block_1_74' title="bbox 332 4922 1912 4994">
    <p class='ocr_par' dir='ltr' id='par_1_74' title="bbox 332 4922 1912 4994">
     <span class='ocr_line' id='line_1_74' title="bbox 332 4922 1912 4994; baseline 0.001 -18"><span class='ocrx_word' id='word_1_547' title='bbox 332 4942 416 4986; x_wconf 82' lang='grc' dir='ltr'><strong>τις</strong></span> <span class='ocrx_word' id='word_1_548' title='bbox 454 4922 515 4994; x_wconf 71' lang='grc' dir='ltr'><strong>ῆν</strong></span> <span class='ocrx_word' id='word_1_549' title='bbox 551 4925 645 4976; x_wconf 71' lang='grc' dir='ltr'>καὶ</span> <span class='ocrx_word' id='word_1_550' title='bbox 688 4924 840 4994; x_wconf 78' lang='grc' dir='ltr'>ἡδὺς,</span> <span class='ocrx_word' id='word_1_551' title='bbox 877 4922 1004 4986; x_wconf 72' lang='grc' dir='ltr'>τοὺς</span> <span class='ocrx_word' id='word_1_552' title='bbox 1045 4924 1145 4994; x_wconf 80' lang='grc' dir='ltr'>μὲν</span> <span class='ocrx_word' id='word_1_553' title='bbox 1190 4925 1528 4993; x_wconf 80' lang='grc' dir='ltr'>συμπείθων,</span> <span class='ocrx_word' id='word_1_554' title='bbox 1559 4927 1684 4988; x_wconf 63' lang='grc' dir='ltr'>τοὺς</span> <span class='ocrx_word' id='word_1_555' title='bbox 1730 4926 1785 4978; x_wconf 83' lang='grc' dir='ltr'>δὲ</span> <span class='ocrx_word' id='word_1_556' title='bbox 1816 4927 1912 4978; x_wconf 70' lang='grc' dir='ltr'><strong>καὶ</strong></span> 
     </span>
    </p>
   </div>
   <div class='ocr_carea' id='block_1_75' title="bbox 336 5012 1916 5086">
    <p class='ocr_par' dir='ltr' id='par_1_75' title="bbox 336 5012 1916 5086">
     <span class='ocr_line' id='line_1_75' title="bbox 336 5012 1916 5086; baseline 0.001 -16"><span class='ocrx_word' id='word_1_557' title='bbox 336 5016 565 5070; x_wconf 82' lang='grc' dir='ltr'>σιωπῶν</span> <span class='ocrx_word' id='word_1_558' title='bbox 598 5015 676 5086; x_wconf 79' lang='grc' dir='ltr'><strong>τῷ</strong></span> <span class='ocrx_word' id='word_1_559' title='bbox 698 5016 860 5086; x_wconf 84' lang='grc' dir='ltr'>λόγῳ,</span> <span class='ocrx_word' id='word_1_560' title='bbox 894 5015 1021 5078; x_wconf 70' lang='grc' dir='ltr'>τοὺς</span> <span class='ocrx_word' id='word_1_561' title='bbox 1047 5017 1092 5068; x_wconf 81' lang='grc' dir='ltr'>δ’</span> <span class='ocrx_word' id='word_1_562' title='bbox 1115 5012 1174 5074; x_wconf 81' lang='grc' dir='ltr'>εὖ</span> <span class='ocrx_word' id='word_1_563' title='bbox 1201 5016 1460 5084; x_wconf 82' lang='grc' dir='ltr'>λέγοντας</span> <span class='ocrx_word' id='word_1_564' title='bbox 1487 5018 1747 5082; x_wconf 73' lang='grc' dir='ltr'>ἐπαινῶν,</span> <span class='ocrx_word' id='word_1_565' title='bbox 1781 5019 1916 5071; x_wconf 81' lang='grc' dir='ltr'>πάν-</span> 
     </span>
    </p>
   </div>
   <div class='ocr_carea' id='block_1_76' title="bbox 333 5108 1910 5180">
    <p class='ocr_par' dir='ltr' id='par_1_76' title="bbox 333 5108 1910 5180">
     <span class='ocr_line' id='line_1_76' title="bbox 333 5108 1910 5180; baseline 0.001 -18"><span class='ocrx_word' id='word_1_566' title='bbox 333 5128 439 5170; x_wconf 85' lang='grc' dir='ltr'><strong>τας</strong></span> <span class='ocrx_word' id='word_1_567' title='bbox 475 5125 535 5160; x_wconf 87' lang='grc' dir='ltr'><strong>τε</strong></span> <span class='ocrx_word' id='word_1_568' title='bbox 566 5109 646 5172; x_wconf 71' lang='grc' dir='ltr'>εἰς</span> <span class='ocrx_word' id='word_1_569' title='bbox 681 5108 947 5178; x_wconf 55' lang='grc' dir='ltr'>ὁμόνοιαι</span> <span class='ocrx_word' id='word_1_570' title='bbox 987 5108 1250 5180; x_wconf 53' lang='grc' dir='ltr'>ᾂαύνων,</span> <span class='ocrx_word' id='word_1_571' title='bbox 1284 5109 1676 5180; x_wconf 76' lang='grc' dir='ltr'>ὁμογνώμονάς</span> <span class='ocrx_word' id='word_1_572' title='bbox 1711 5128 1770 5163; x_wconf 82' lang='grc' dir='ltr'><strong>τε</strong></span> <span class='ocrx_word' id='word_1_573' title='bbox 1815 5112 1910 5164; x_wconf 82' lang='grc' dir='ltr'><strong>καὶ</strong></span> 
     </span>
    </p>
   </div>
   <div class='ocr_carea' id='block_1_77' title="bbox 333 5201 1910 5273">
    <p class='ocr_par' dir='ltr' id='par_1_77' title="bbox 333 5201 1910 5273">
     <span class='ocr_line' id='line_1_77' title="bbox 333 5201 1910 5273; baseline -0.001 -19"><span class='ocrx_word' id='word_1_574' title='bbox 333 5202 626 5273; x_wconf 78' lang='grc' dir='ltr'>ὁμοδόξους</span> <span class='ocrx_word' id='word_1_575' title='bbox 660 5202 857 5264; x_wconf 67' lang='grc' dir='ltr'>αὐτοὺς</span> <span class='ocrx_word' id='word_1_576' title='bbox 882 5201 974 5254; x_wconf 75' lang='grc' dir='ltr'><strong>ἐπὶ</strong></span> <span class='ocrx_word' id='word_1_577' title='bbox 1000 5205 1112 5264; x_wconf 87' lang='grc' dir='ltr'>τοῖς</span> <span class='ocrx_word' id='word_1_578' title='bbox 1142 5202 1493 5271; x_wconf 79' lang='grc' dir='ltr'>ἀμφισϐητου</span> <span class='ocrx_word' id='word_1_579' title='bbox 1503 5224 1531 5271; x_wconf 72' lang='grc' dir='ltr'><strong>μ</strong></span> <span class='ocrx_word' id='word_1_580' title='bbox 1543 5205 1682 5266; x_wconf 83' lang='grc' dir='ltr'>ένοις</span> <span class='ocrx_word' id='word_1_581' title='bbox 1708 5203 1910 5256; x_wconf 76' lang='grc' dir='ltr'>ἅπασιν</span> 
     </span>
    </p>
   </div>
   <div class='ocr_carea' id='block_1_78' title="bbox 332 5295 1912 5367">
    <p class='ocr_par' dir='ltr' id='par_1_78' title="bbox 332 5295 1912 5367">
     <span class='ocr_line' id='line_1_78' title="bbox 332 5295 1912 5367; baseline -0.001 -19"><span class='ocrx_word' id='word_1_582' title='bbox 332 5295 636 5348; x_wconf 73' lang='grc' dir='ltr'>ἑπιτοαυτὸ</span> <span class='ocrx_word' id='word_1_583' title='bbox 665 5297 1038 5362; x_wconf 83' lang='grc' dir='ltr'>κατεστήσατο</span> <span class='ocrx_word' id='word_1_584' title='bbox 1067 5308 1080 5322; x_wconf 90' lang='grc'>⁶</span> <span class='ocrx_word' id='word_1_585' title='bbox 1122 5297 1196 5358; x_wconf 83' lang='grc' dir='ltr'><strong>ὡς</strong></span> <span class='ocrx_word' id='word_1_586' title='bbox 1233 5297 1527 5365; x_wconf 80' lang='grc' dir='ltr'>ὁμοφώνως</span> <span class='ocrx_word' id='word_1_587' title='bbox 1562 5299 1660 5367; x_wconf 76' lang='grc' dir='ltr'>μὲν</span> <span class='ocrx_word' id='word_1_588' title='bbox 1705 5298 1912 5366; x_wconf 85' lang='grc' dir='ltr'>κρατῆ-</span> 
     </span>
    </p>
   </div>
   <div class='ocr_carea' id='block_1_79' title="bbox 334 5385 1908 5459">
    <p class='ocr_par' dir='ltr' id='par_1_79' title="bbox 334 5385 1908 5459">
     <span class='ocr_line' id='line_1_79' title="bbox 334 5385 1908 5459; baseline 0.002 -21"><span class='ocrx_word' id='word_1_589' title='bbox 334 5404 432 5438; x_wconf 88' lang='grc' dir='ltr'><strong>σαι</strong></span> <span class='ocrx_word' id='word_1_590' title='bbox 472 5385 573 5455; x_wconf 74' lang='grc' dir='ltr'>τὴν</span> <span class='ocrx_word' id='word_1_591' title='bbox 606 5388 809 5450; x_wconf 76' lang='grc' dir='ltr'>πίστιν,</span> <span class='ocrx_word' id='word_1_592' title='bbox 853 5386 952 5456; x_wconf 86' lang='grc' dir='ltr'><strong>τῆς</strong></span> <span class='ocrx_word' id='word_1_593' title='bbox 982 5387 1039 5439; x_wconf 71' lang='grc' dir='ltr'>δὲ</span> <span class='ocrx_word' id='word_1_594' title='bbox 1088 5390 1355 5458; x_wconf 87' lang='grc' dir='ltr'>σωτηρίου</span> <span class='ocrx_word' id='word_1_595' title='bbox 1390 5389 1580 5459; x_wconf 80' lang='grc' dir='ltr'>ἑορτῆς</span> <span class='ocrx_word' id='word_1_596' title='bbox 1622 5390 1712 5440; x_wconf 62' lang='grc' dir='ltr'><strong>τὸν</strong></span> <span class='ocrx_word' id='word_1_597' title='bbox 1749 5390 1908 5441; x_wconf 72' lang='grc' dir='ltr'>αὑτὸν</span> 
     </span>
    </p>
   </div>
   <div class='ocr_carea' id='block_1_80' title="bbox 331 5480 1911 5552">
    <p class='ocr_par' dir='ltr' id='par_1_80' title="bbox 331 5480 1911 5552">
     <span class='ocr_line' id='line_1_80' title="bbox 331 5480 1911 5552; baseline 0.003 -23"><span class='ocrx_word' id='word_1_598' title='bbox 331 5480 493 5547; x_wconf 75' lang='grc' dir='ltr'>παρὰ</span> <span class='ocrx_word' id='word_1_599' title='bbox 544 5480 654 5541; x_wconf 84' lang='grc' dir='ltr'>τοῖς</span> <span class='ocrx_word' id='word_1_600' title='bbox 690 5481 857 5532; x_wconf 82' lang='grc' dir='ltr'>πᾶσιν</span> <span class='ocrx_word' id='word_1_601' title='bbox 908 5480 1310 5551; x_wconf 80' lang='grc' dir='ltr'>ὁμολογηθῆναι</span> <span class='ocrx_word' id='word_1_602' title='bbox 1357 5483 1570 5550; x_wconf 87' lang='grc' dir='ltr'>καιρόν.</span> <span class='ocrx_word' id='word_1_603' title='bbox 1615 5482 1911 5552; x_wconf 77' lang='grc' dir='ltr'>ἐκυροῦτό</span> 
     </span>
    </p>
   </div>
   <div class='ocr_carea' id='block_1_81' title="bbox 328 5573 1907 5644">
    <p class='ocr_par' dir='ltr' id='par_1_81' title="bbox 328 5573 1907 5644">
     <span class='ocr_line' id='line_1_81' title="bbox 328 5573 1907 5644; baseline 0.002 -19"><span class='ocrx_word' id='word_1_604' title='bbox 328 5592 391 5625; x_wconf 82' lang='grc' dir='ltr'><strong>τε</strong></span> <span class='ocrx_word' id='word_1_605' title='bbox 437 5573 540 5644; x_wconf 72' lang='grc' dir='ltr'>ήδη</span> <span class='ocrx_word' id='word_1_606' title='bbox 579 5575 677 5628; x_wconf 78' lang='grc' dir='ltr'>καὶ</span> <span class='ocrx_word' id='word_1_607' title='bbox 724 5574 1017 5643; x_wconf 77' lang='grc' dir='ltr'>ἐγγράφως</span> <span class='ocrx_word' id='word_1_608' title='bbox 1047 5573 1114 5626; x_wconf 84' lang='grc' dir='ltr'>δι’</span> <span class='ocrx_word' id='word_1_609' title='bbox 1161 5573 1621 5644; x_wconf 80' lang='grc' dir='ltr'>ὑποσημειώσεως</span> <span class='ocrx_word' id='word_1_610' title='bbox 1677 5577 1907 5628; x_wconf 71' lang='grc' dir='ltr'>ἑκάστου</span> 
     </span>
    </p>
   </div>
   <div class='ocr_carea' id='block_1_82' title="bbox 327 5665 1000 5736">
    <p class='ocr_par' dir='ltr' id='par_1_82' title="bbox 327 5665 1000 5736">
     <span class='ocr_line' id='line_1_82' title="bbox 327 5665 1000 5736; baseline 0.003 -18"><span class='ocrx_word' id='word_1_611' title='bbox 327 5683 401 5718; x_wconf 85' lang='grc' dir='ltr'><strong>τα</strong></span> <span class='ocrx_word' id='word_1_612' title='bbox 433 5667 588 5734; x_wconf 83' lang='grc' dir='ltr'>κοινῇ</span> <span class='ocrx_word' id='word_1_613' title='bbox 630 5665 951 5736; x_wconf 86' lang='grc' dir='ltr'>δεδογμένα.</span> <span class='ocrx_word' id='word_1_614' title='bbox 982 5687 1000 5720; x_wconf 90' lang='grc' dir='ltr'><strong>ι</strong></span> 
     </span>
    </p>
   </div>
   <div class='ocr_carea' id='block_1_83' title="bbox 2490 3150 3123 3220">
    <p class='ocr_par' dir='ltr' id='par_1_83' title="bbox 2490 3150 3123 3220">
     <span class='ocr_line' id='line_1_83' title="bbox 2490 3150 3123 3220; baseline 0.003 -16"><span class='ocrx_word' id='word_1_615' title='bbox 2490 3150 2616 3218; x_wconf 80' lang='lat' dir='ltr'><strong>ﬁdei</strong></span> <span class='ocrx_word' id='word_1_616' title='bbox 2646 3160 2840 3204; x_wconf 74' lang='lat' dir='ltr'><strong>nostra:</strong></span> <span class='ocrx_word' id='word_1_617' title='bbox 2866 3151 3123 3220; x_wconf 78' lang='lat' dir='ltr'><strong>symbolo.</strong></span> 
     </span>
    </p>
   </div>
   <div class='ocr_carea' id='block_1_84' title="bbox 2079 3263 3584 3334">
    <p class='ocr_par' dir='ltr' id='par_1_84' title="bbox 2079 3263 3584 3334">
     <span class='ocr_line' id='line_1_84' title="bbox 2079 3263 3584 3334; baseline 0 -14"><span class='ocrx_word' id='word_1_618' title='bbox 2079 3265 2207 3322; x_wconf 68' lang='lat' dir='ltr'><strong>Haec</strong></span> <span class='ocrx_word' id='word_1_619' title='bbox 2243 3265 2343 3332; x_wconf 89' lang='lat' dir='ltr'><strong>illi,</strong></span> <span class='ocrx_word' id='word_1_620' title='bbox 2376 3275 2471 3320; x_wconf 87' lang='lat' dir='ltr'><strong>aut</strong></span> <span class='ocrx_word' id='word_1_621' title='bbox 2499 3274 2650 3322; x_wconf 87' lang='lat' dir='ltr'><strong>certe</strong></span> <span class='ocrx_word' id='word_1_622' title='bbox 2692 3264 2844 3320; x_wconf 86' lang='lat' dir='ltr'><strong>hisce</strong></span> <span class='ocrx_word' id='word_1_623' title='bbox 2877 3264 3104 3329; x_wconf 81' lang='lat' dir='ltr'><strong>similia,</strong></span> <span class='ocrx_word' id='word_1_624' title='bbox 3143 3263 3312 3319; x_wconf 81' lang='lat' dir='ltr'><strong>veluti</strong></span> <span class='ocrx_word' id='word_1_625' title='bbox 3344 3264 3470 3334; x_wconf 88' lang='lat' dir='ltr'><strong>pius</strong></span> <span class='ocrx_word' id='word_1_626' title='bbox 3523 3265 3584 3319; x_wconf 80' lang='lat' dir='ltr'><strong>ii-</strong></span> 
     </span>
    </p>
   </div>
   <div class='ocr_carea' id='block_1_85' title="bbox 2009 3359 3582 3429">
    <p class='ocr_par' dir='ltr' id='par_1_85' title="bbox 2009 3359 3582 3429">
     <span class='ocr_line' id='line_1_85' title="bbox 2009 3359 3582 3429; baseline -0.001 -15"><span class='ocrx_word' id='word_1_627' title='bbox 2009 3360 2139 3426; x_wconf 90' lang='lat' dir='ltr'><strong>lius,</strong></span> <span class='ocrx_word' id='word_1_628' title='bbox 2187 3359 2254 3414; x_wconf 88' lang='lat' dir='ltr'><strong>ad</strong></span> <span class='ocrx_word' id='word_1_629' title='bbox 2307 3359 2620 3429; x_wconf 75' lang='lat' dir='ltr'><strong>episcopos,</strong></span> <span class='ocrx_word' id='word_1_630' title='bbox 2679 3368 2939 3429; x_wconf 84' lang='lat' dir='ltr'><strong>tanquam</strong></span> <span class='ocrx_word' id='word_1_631' title='bbox 2992 3368 3197 3429; x_wconf 86' lang='lat' dir='ltr'><strong>patres,</strong></span> <span class='ocrx_word' id='word_1_632' title='bbox 3259 3359 3417 3414; x_wconf 76' lang='lat' dir='ltr'><strong>dixit.</strong></span> <span class='ocrx_word' id='word_1_633' title='bbox 3465 3360 3582 3414; x_wconf 73' lang='lat' dir='ltr'><strong>Alia</strong></span> 
     </span>
    </p>
   </div>
   <div class='ocr_carea' id='block_1_86' title="bbox 2009 3450 3581 3523">
    <p class='ocr_par' dir='ltr' id='par_1_86' title="bbox 2009 3450 3581 3523">
     <span class='ocr_line' id='line_1_86' title="bbox 2009 3450 3581 3523; baseline -0.003 -17"><span class='ocrx_word' id='word_1_634' title='bbox 2009 3466 2230 3523; x_wconf 89' lang='lat' dir='ltr'><strong>quoque</strong></span> <span class='ocrx_word' id='word_1_635' title='bbox 2262 3451 2500 3516; x_wconf 87' lang='lat' dir='ltr'><strong>addidit,</strong></span> <span class='ocrx_word' id='word_1_636' title='bbox 2528 3450 2730 3522; x_wconf 77' lang='lat' dir='ltr'><strong>quibus</strong></span> <span class='ocrx_word' id='word_1_637' title='bbox 2755 3451 3183 3522; x_wconf 84' lang='lat' dir='ltr'><strong>disputationem</strong></span> <span class='ocrx_word' id='word_1_638' title='bbox 3217 3452 3285 3508; x_wconf 91' lang='lat' dir='ltr'><strong>de</strong></span> <span class='ocrx_word' id='word_1_639' title='bbox 3331 3452 3581 3506; x_wconf 77' lang='lat' dir='ltr'><strong>doctrina</strong></span> 
     </span>
    </p>
   </div>
   <div class='ocr_carea' id='block_1_87' title="bbox 2011 3543 3580 3615">
    <p class='ocr_par' dir='ltr' id='par_1_87' title="bbox 2011 3543 3580 3615">
     <span class='ocr_line' id='line_1_87' title="bbox 2011 3543 3580 3615; baseline 0 -17"><span class='ocrx_word' id='word_1_640' title='bbox 2011 3543 2218 3599; x_wconf 89' lang='lat' dir='ltr'><strong>moveri</strong></span> <span class='ocrx_word' id='word_1_641' title='bbox 2255 3544 2527 3614; x_wconf 84' lang='lat' dir='ltr'><strong>permisit,</strong></span> <span class='ocrx_word' id='word_1_642' title='bbox 2547 3544 2908 3615; x_wconf 84' lang='lat' dir='ltr'><strong>apostolicam</strong></span> <span class='ocrx_word' id='word_1_643' title='bbox 2932 3543 3289 3598; x_wconf 87' lang='lat' dir='ltr'><strong>concordiam</strong></span> <span class='ocrx_word' id='word_1_644' title='bbox 3316 3543 3580 3599; x_wconf 80' lang='lat' dir='ltr'><strong>inducere</strong></span> 
     </span>
    </p>
   </div>
   <div class='ocr_carea' id='block_1_88' title="bbox 2010 3637 3580 3708">
    <p class='ocr_par' dir='ltr' id='par_1_88' title="bbox 2010 3637 3580 3708">
     <span class='ocr_line' id='line_1_88' title="bbox 2010 3637 3580 3708; baseline 0 -15"><span class='ocrx_word' id='word_1_645' title='bbox 2010 3638 2258 3693; x_wconf 85' lang='lat' dir='ltr'><strong>studens.</strong></span> <span class='ocrx_word' id='word_1_646' title='bbox 2280 3638 2349 3693; x_wconf 84' lang='lat' dir='ltr'><strong>Et</strong></span> <span class='ocrx_word' id='word_1_647' title='bbox 2387 3637 2692 3706; x_wconf 81' lang='lat' dir='ltr'><strong>productus</strong></span> <span class='ocrx_word' id='word_1_648' title='bbox 2716 3646 2800 3692; x_wconf 89' lang='lat' dir='ltr'><strong>est</strong></span> <span class='ocrx_word' id='word_1_649' title='bbox 2833 3639 2887 3692; x_wconf 88' lang='lat' dir='ltr'><strong>in</strong></span> <span class='ocrx_word' id='word_1_650' title='bbox 2920 3637 3166 3692; x_wconf 88' lang='lat' dir='ltr'><strong>medium</strong></span> <span class='ocrx_word' id='word_1_651' title='bbox 3201 3638 3386 3704; x_wconf 85' lang='lat' dir='ltr'><strong>Arius,</strong></span> <span class='ocrx_word' id='word_1_652' title='bbox 3415 3650 3580 3708; x_wconf 86' lang='lat' dir='ltr'><strong>atque</strong></span> 
     </span>
    </p>
   </div>
   <div class='ocr_carea' id='block_1_89' title="bbox 2011 3729 3582 3801">
    <p class='ocr_par' dir='ltr' id='par_1_89' title="bbox 2011 3729 3582 3801">
     <span class='ocr_line' id='line_1_89' title="bbox 2011 3729 3582 3801; baseline -0.002 -14"><span class='ocrx_word' id='word_1_653' title='bbox 2011 3733 2079 3787; x_wconf 88' lang='lat' dir='ltr'><strong>de</strong></span> <span class='ocrx_word' id='word_1_654' title='bbox 2112 3733 2194 3787; x_wconf 87' lang='lat' dir='ltr'><strong>eis</strong></span> <span class='ocrx_word' id='word_1_655' title='bbox 2230 3746 2352 3801; x_wconf 68' lang='lat' dir='ltr'><strong>qua:</strong></span> <span class='ocrx_word' id='word_1_656' title='bbox 2371 3730 2440 3785; x_wconf 88' lang='lat' dir='ltr'><strong>ab</strong></span> <span class='ocrx_word' id='word_1_657' title='bbox 2467 3731 2587 3801; x_wconf 88' lang='lat' dir='ltr'><strong>ipso</strong></span> <span class='ocrx_word' id='word_1_658' title='bbox 2607 3731 2662 3784; x_wconf 92' lang='lat' dir='ltr'><strong>in</strong></span> <span class='ocrx_word' id='word_1_659' title='bbox 2694 3731 3058 3800; x_wconf 56' lang='lat' dir='ltr'><strong>quaestionem</strong></span> <span class='ocrx_word' id='word_1_660' title='bbox 3079 3729 3318 3786; x_wconf 83' lang='lat' dir='ltr'><strong>deducta</strong></span> <span class='ocrx_word' id='word_1_661' title='bbox 3340 3729 3582 3794; x_wconf 86' lang='lat' dir='ltr'><strong>fuerant,</strong></span> 
     </span>
    </p>
   </div>
   <div class='ocr_carea' id='block_1_90' title="bbox 2010 3822 3586 3895">
    <p class='ocr_par' dir='ltr' id='par_1_90' title="bbox 2010 3822 3586 3895">
     <span class='ocr_line' id='line_1_90' title="bbox 2010 3822 3586 3895; baseline -0.001 -16"><span class='ocrx_word' id='word_1_662' title='bbox 2010 3826 2245 3895; x_wconf 75' lang='lat' dir='ltr'><strong>diligens</strong></span> <span class='ocrx_word' id='word_1_663' title='bbox 2292 3833 2348 3878; x_wconf 90' lang='lat' dir='ltr'><strong>et</strong></span> <span class='ocrx_word' id='word_1_664' title='bbox 2388 3832 2646 3879; x_wconf 79' lang='lat' dir='ltr'><strong>accurata</strong></span> <span class='ocrx_word' id='word_1_665' title='bbox 2701 3823 3020 3894; x_wconf 84' lang='lat' dir='ltr'><strong>disquisitio</strong></span> <span class='ocrx_word' id='word_1_666' title='bbox 3070 3822 3237 3878; x_wconf 80' lang='lat' dir='ltr'><strong>facta.</strong></span> <span class='ocrx_word' id='word_1_667' title='bbox 3287 3824 3345 3878; x_wconf 94' lang='lat' dir='ltr'><strong>ln</strong></span> <span class='ocrx_word' id='word_1_668' title='bbox 3391 3827 3586 3894; x_wconf 78' lang='lat' dir='ltr'><strong>primis</strong></span> 
     </span>
    </p>
   </div>
   <div class='ocr_carea' id='block_1_91' title="bbox 2010 3917 3587 3988">
    <p class='ocr_par' dir='ltr' id='par_1_91' title="bbox 2010 3917 3587 3988">
     <span class='ocr_line' id='line_1_91' title="bbox 2010 3917 3587 3988; baseline 0 -17"><span class='ocrx_word' id='word_1_669' title='bbox 2010 3933 2148 3972; x_wconf 78' lang='lat' dir='ltr'><strong>vero</strong></span> <span class='ocrx_word' id='word_1_670' title='bbox 2168 3917 2468 3971; x_wconf 72' lang='lat' dir='ltr'><strong>cavebatur</strong></span> <span class='ocrx_word' id='word_1_671' title='bbox 2506 3931 2574 3972; x_wconf 93' lang='lat' dir='ltr'><strong>ne</strong></span> <span class='ocrx_word' id='word_1_672' title='bbox 2621 3925 2823 3972; x_wconf 84' lang='lat' dir='ltr'><strong>temere</strong></span> <span class='ocrx_word' id='word_1_673' title='bbox 2869 3928 3034 3988; x_wconf 86' lang='lat' dir='ltr'><strong>atque</strong></span> <span class='ocrx_word' id='word_1_674' title='bbox 3074 3918 3483 3988; x_wconf 59' lang='lat' dir='ltr'><strong>praecipitanter</strong></span> <span class='ocrx_word' id='word_1_675' title='bbox 3525 3920 3587 3973; x_wconf 80' lang='lat' dir='ltr'><strong>in</strong></span> 
     </span>
    </p>
   </div>
   <div class='ocr_carea' id='block_1_92' title="bbox 2011 4009 3587 4080">
    <p class='ocr_par' dir='ltr' id='par_1_92' title="bbox 2011 4009 3587 4080">
     <span class='ocr_line' id='line_1_92' title="bbox 2011 4009 3587 4080; baseline -0.001 -15"><span class='ocrx_word' id='word_1_676' title='bbox 2011 4011 2331 4066; x_wconf 88' lang='lat' dir='ltr'><strong>alterutram</strong></span> <span class='ocrx_word' id='word_1_677' title='bbox 2382 4018 2592 4080; x_wconf 83' lang='lat' dir='ltr'><strong>partem</strong></span> <span class='ocrx_word' id='word_1_678' title='bbox 2650 4011 2940 4066; x_wconf 76' lang='lat' dir='ltr'><strong>sententia:</strong></span> <span class='ocrx_word' id='word_1_679' title='bbox 3000 4009 3405 4079; x_wconf 81' lang='lat' dir='ltr'><strong>proferrentur.</strong></span> <span class='ocrx_word' id='word_1_680' title='bbox 3453 4009 3587 4076; x_wconf 65' lang='lat' dir='ltr'><strong>Quae</strong></span> 
     </span>
    </p>
   </div>
   <div class='ocr_carea' id='block_1_93' title="bbox 2010 4102 3578 4172">
    <p class='ocr_par' dir='ltr' id='par_1_93' title="bbox 2010 4102 3578 4172">
     <span class='ocr_line' id='line_1_93' title="bbox 2010 4102 3578 4172; baseline -0.001 -16"><span class='ocrx_word' id='word_1_681' title='bbox 2010 4118 2180 4172; x_wconf 80' lang='lat' dir='ltr'><strong>porro</strong></span> <span class='ocrx_word' id='word_1_682' title='bbox 2221 4103 2374 4157; x_wconf 79' lang='lat' dir='ltr'><strong>hisce</strong></span> <span class='ocrx_word' id='word_1_683' title='bbox 2413 4104 2481 4158; x_wconf 89' lang='lat' dir='ltr'><strong>de</strong></span> <span class='ocrx_word' id='word_1_684' title='bbox 2536 4103 2705 4157; x_wconf 83' lang='lat' dir='ltr'><strong>rebus</strong></span> <span class='ocrx_word' id='word_1_685' title='bbox 2761 4104 2816 4156; x_wconf 92' lang='lat' dir='ltr'><strong>in</strong></span> <span class='ocrx_word' id='word_1_686' title='bbox 2851 4102 3015 4156; x_wconf 89' lang='lat' dir='ltr'><strong>tertio</strong></span> <span class='ocrx_word' id='word_1_687' title='bbox 3047 4102 3114 4157; x_wconf 88' lang='lat' dir='ltr'><strong>ad</strong></span> <span class='ocrx_word' id='word_1_688' title='bbox 3148 4103 3578 4158; x_wconf 87' lang='lat' dir='ltr'><strong>Constantinum</strong></span> 
     </span>
    </p>
   </div>
   <div class='ocr_carea' id='block_1_94' title="bbox 2010 4194 3586 4260">
    <p class='ocr_par' dir='ltr' id='par_1_94' title="bbox 2010 4194 3586 4260">
     <span class='ocr_line' id='line_1_94' title="bbox 2010 4194 3586 4260; baseline -0.001 -10"><span class='ocrx_word' id='word_1_689' title='bbox 2010 4196 2153 4250; x_wconf 89' lang='lat' dir='ltr'><strong>libro</strong></span> <span class='ocrx_word' id='word_1_690' title='bbox 2179 4196 2457 4250; x_wconf 82' lang='lat' dir='ltr'><strong>Eusebius</strong></span> <span class='ocrx_word' id='word_1_691' title='bbox 2491 4203 2786 4260; x_wconf 86' lang='lat' dir='ltr'><strong>memoret,</strong></span> <span class='ocrx_word' id='word_1_692' title='bbox 2831 4194 3116 4250; x_wconf 83' lang='lat' dir='ltr'><strong>referenda</strong></span> <span class='ocrx_word' id='word_1_693' title='bbox 3148 4195 3360 4251; x_wconf 87' lang='lat' dir='ltr'><strong>censui.</strong></span> <span class='ocrx_word' id='word_1_694' title='bbox 3398 4213 3417 4246; x_wconf 78' lang='grc' dir='ltr'><strong>ι</strong></span> <span class='ocrx_word' id='word_1_695' title='bbox 3459 4195 3586 4249; x_wconf 82' lang='lat' dir='ltr'><strong>Plu-</strong></span> 
     </span>
    </p>
   </div>
   <div class='ocr_carea' id='block_1_95' title="bbox 2013 4288 3584 4358">
    <p class='ocr_par' dir='ltr' id='par_1_95' title="bbox 2013 4288 3584 4358">
     <span class='ocr_line' id='line_1_95' title="bbox 2013 4288 3584 4358; baseline 0 -15"><span class='ocrx_word' id='word_1_696' title='bbox 2013 4289 2172 4344; x_wconf 83' lang='lat' dir='ltr'><strong>rimis</strong></span> <span class='ocrx_word' id='word_1_697' title='bbox 2213 4304 2344 4344; x_wconf 77' lang='lat' dir='ltr'><strong>sane</strong></span> <span class='ocrx_word' id='word_1_698' title='bbox 2384 4289 2722 4358; x_wconf 82' lang='lat' dir='ltr'><strong>argumentis</strong></span> <span class='ocrx_word' id='word_1_699' title='bbox 2765 4305 2794 4340; x_wconf 81' lang='grc' dir='ltr'><strong>ιι</strong></span> <span class='ocrx_word' id='word_1_700' title='bbox 2830 4297 2984 4358; x_wconf 83' lang='lat' dir='ltr'><strong>parte</strong></span> <span class='ocrx_word' id='word_1_701' title='bbox 3026 4288 3198 4342; x_wconf 87' lang='lat' dir='ltr'><strong>altera</strong></span> <span class='ocrx_word' id='word_1_702' title='bbox 3226 4288 3475 4357; x_wconf 70' lang='lat' dir='ltr'><strong>prolatis,</strong></span> <span class='ocrx_word' id='word_1_703' title='bbox 3519 4306 3584 4343; x_wconf 87' lang='lat' dir='ltr'><strong>ac</strong></span> 
     </span>
    </p>
   </div>
   <div class='ocr_carea' id='block_1_96' title="bbox 1938 4381 3586 4458">
    <p class='ocr_par' dir='ltr' id='par_1_96' title="bbox 1938 4381 3586 4458">
     <span class='ocr_line' id='line_1_96' title="bbox 1938 4381 3586 4458; baseline -0.001 -22"><span class='ocrx_word' id='word_1_704' title='bbox 1938 4397 1988 4458; x_wconf 70' lang='grc' dir='ltr'><strong>ι)</strong></span> <span class='ocrx_word' id='word_1_705' title='bbox 2017 4384 2184 4437; x_wconf 86' lang='lat' dir='ltr'><strong>multa</strong></span> <span class='ocrx_word' id='word_1_706' title='bbox 2221 4382 2456 4451; x_wconf 86' lang='lat' dir='ltr'><strong>primum</strong></span> <span class='ocrx_word' id='word_1_707' title='bbox 2487 4381 2859 4451; x_wconf 81' lang='lat' dir='ltr'><strong>disputatione</strong></span> <span class='ocrx_word' id='word_1_708' title='bbox 2892 4381 3023 4435; x_wconf 84' lang='lat' dir='ltr'><strong>hinc</strong></span> <span class='ocrx_word' id='word_1_709' title='bbox 3045 4391 3104 4436; x_wconf 91' lang='lat' dir='ltr'><strong>et</strong></span> <span class='ocrx_word' id='word_1_710' title='bbox 3137 4381 3262 4437; x_wconf 85' lang='lat' dir='ltr'><strong>inde</strong></span> <span class='ocrx_word' id='word_1_711' title='bbox 3304 4382 3586 4448; x_wconf 73' lang='lat' dir='ltr'><strong>instituta,</strong></span> 
     </span>
    </p>
   </div>
   <div class='ocr_carea' id='block_1_97' title="bbox 2014 4472 3588 4545">
    <p class='ocr_par' dir='ltr' id='par_1_97' title="bbox 2014 4472 3588 4545">
     <span class='ocr_line' id='line_1_97' title="bbox 2014 4472 3588 4545; baseline 0 -17"><span class='ocrx_word' id='word_1_712' title='bbox 2014 4475 2288 4545; x_wconf 77' lang='lat' dir='ltr'><strong>patienter</strong></span> <span class='ocrx_word' id='word_1_713' title='bbox 2326 4472 2622 4527; x_wconf 87' lang='lat' dir='ltr'><strong>admodum</strong></span> <span class='ocrx_word' id='word_1_714' title='bbox 2672 4472 2856 4526; x_wconf 87' lang='lat' dir='ltr'><strong>omnia</strong></span> <span class='ocrx_word' id='word_1_715' title='bbox 2911 4473 3120 4527; x_wconf 85' lang='lat' dir='ltr'><strong>audivit</strong></span> <span class='ocrx_word' id='word_1_716' title='bbox 3177 4473 3494 4541; x_wconf 84' lang='lat' dir='ltr'><strong>imperator,</strong></span> <span class='ocrx_word' id='word_1_717' title='bbox 3530 4489 3588 4528; x_wconf 82' lang='lat' dir='ltr'><strong>ct</strong></span> 
     </span>
    </p>
   </div>
   <div class='ocr_carea' id='block_1_98' title="bbox 2013 4566 3580 4636">
    <p class='ocr_par' dir='ltr' id='par_1_98' title="bbox 2013 4566 3580 4636">
     <span class='ocr_line' id='line_1_98' title="bbox 2013 4566 3580 4636; baseline -0.001 -14"><span class='ocrx_word' id='word_1_718' title='bbox 2013 4569 2222 4622; x_wconf 86' lang='lat' dir='ltr'><strong>intenta</strong></span> <span class='ocrx_word' id='word_1_719' title='bbox 2253 4566 2536 4636; x_wconf 78' lang='lat' dir='ltr'><strong>diligentia</strong></span> <span class='ocrx_word' id='word_1_720' title='bbox 2579 4567 2886 4635; x_wconf 80' lang='lat' dir='ltr'><strong>propositas</strong></span> <span class='ocrx_word' id='word_1_721' title='bbox 2917 4567 3249 4636; x_wconf 67' lang='lat' dir='ltr'><strong>qumstioncs</strong></span> <span class='ocrx_word' id='word_1_722' title='bbox 3275 4568 3538 4621; x_wconf 73' lang='lat' dir='ltr'><strong>sustinuit</strong></span> <span class='ocrx_word' id='word_1_723' title='bbox 3567 4586 3580 4621; x_wconf 90' lang='lat'><strong>:</strong></span> 
     </span>
    </p>
   </div>
   <div class='ocr_carea' id='block_1_99' title="bbox 2011 4659 3582 4730">
    <p class='ocr_par' dir='ltr' id='par_1_99' title="bbox 2011 4659 3582 4730">
     <span class='ocr_line' id='line_1_99' title="bbox 2011 4659 3582 4730; baseline -0.002 -15"><span class='ocrx_word' id='word_1_724' title='bbox 2011 4661 2350 4730; x_wconf 84' lang='lat' dir='ltr'><strong>seorsimque</strong></span> <span class='ocrx_word' id='word_1_725' title='bbox 2402 4660 2603 4713; x_wconf 86' lang='lat' dir='ltr'><strong>deinde</strong></span> <span class='ocrx_word' id='word_1_726' title='bbox 2639 4675 2764 4728; x_wconf 74' lang='lat' dir='ltr'><strong>qua:</strong></span> <span class='ocrx_word' id='word_1_727' title='bbox 2813 4659 2881 4714; x_wconf 85' lang='lat' dir='ltr'><strong>ab</strong></span> <span class='ocrx_word' id='word_1_728' title='bbox 2931 4671 3166 4729; x_wconf 81' lang='lat' dir='ltr'><strong>utraque</strong></span> <span class='ocrx_word' id='word_1_729' title='bbox 3207 4659 3582 4714; x_wconf 79' lang='lat' dir='ltr'><strong>all&#39;erebantur</strong></span> 
     </span>
    </p>
   </div>
   <div class='ocr_carea' id='block_1_100' title="bbox 2011 4751 3584 4822">
    <p class='ocr_par' dir='ltr' id='par_1_100' title="bbox 2011 4751 3584 4822">
     <span class='ocr_line' id='line_1_100' title="bbox 2011 4751 3584 4822; baseline -0.001 -16"><span class='ocrx_word' id='word_1_730' title='bbox 2011 4763 2162 4822; x_wconf 87' lang='lat' dir='ltr'><strong>parte</strong></span> <span class='ocrx_word' id='word_1_731' title='bbox 2192 4752 2494 4821; x_wconf 76' lang='lat' dir='ltr'><strong>excipiens,</strong></span> <span class='ocrx_word' id='word_1_732' title='bbox 2530 4751 2798 4820; x_wconf 77' lang='lat' dir='ltr'><strong>paulatim</strong></span> <span class='ocrx_word' id='word_1_733' title='bbox 2849 4767 2944 4805; x_wconf 86' lang='lat' dir='ltr'><strong>eos</strong></span> <span class='ocrx_word' id='word_1_734' title='bbox 2978 4753 3073 4820; x_wconf 87' lang='lat' dir='ltr'><strong>qui</strong></span> <span class='ocrx_word' id='word_1_735' title='bbox 3109 4753 3304 4806; x_wconf 84' lang='lat' dir='ltr'><strong>ardore</strong></span> <span class='ocrx_word' id='word_1_736' title='bbox 3353 4763 3584 4806; x_wconf 82' lang='lat' dir='ltr'><strong>conten-</strong></span> 
     </span>
    </p>
   </div>
   <div class='ocr_carea' id='block_1_101' title="bbox 2013 4840 3579 4910">
    <p class='ocr_par' dir='ltr' id='par_1_101' title="bbox 2013 4840 3579 4910">
     <span class='ocr_line' id='line_1_101' title="bbox 2013 4840 3579 4910; baseline -0.001 -14"><span class='ocrx_word' id='word_1_737' title='bbox 2013 4841 2180 4896; x_wconf 86' lang='lat' dir='ltr'><strong>tionis</strong></span> <span class='ocrx_word' id='word_1_738' title='bbox 2232 4842 2416 4894; x_wconf 83' lang='lat' dir='ltr'><strong>aerius</strong></span> <span class='ocrx_word' id='word_1_739' title='bbox 2484 4840 2844 4905; x_wconf 86' lang='lat' dir='ltr'><strong>ferebantur,</strong></span> <span class='ocrx_word' id='word_1_740' title='bbox 2893 4842 3225 4906; x_wconf 86' lang='lat' dir='ltr'><strong>conciliavit,</strong></span> <span class='ocrx_word' id='word_1_741' title='bbox 3273 4851 3330 4895; x_wconf 85' lang='lat' dir='ltr'><strong>et</strong></span> <span class='ocrx_word' id='word_1_742' title='bbox 3365 4843 3579 4910; x_wconf 77' lang='lat' dir='ltr'><strong>placide</strong></span> 
     </span>
    </p>
   </div>
   <div class='ocr_carea' id='block_1_102' title="bbox 2011 4933 3580 5002">
    <p class='ocr_par' dir='ltr' id='par_1_102' title="bbox 2011 4933 3580 5002">
     <span class='ocr_line' id='line_1_102' title="bbox 2011 4933 3580 5002; baseline -0.001 -14"><span class='ocrx_word' id='word_1_743' title='bbox 2011 4950 2136 4988; x_wconf 90' lang='lat' dir='ltr'><strong>cum</strong></span> <span class='ocrx_word' id='word_1_744' title='bbox 2201 4948 2535 5002; x_wconf 87' lang='lat' dir='ltr'><strong>unoquoque</strong></span> <span class='ocrx_word' id='word_1_745' title='bbox 2593 4949 2800 5002; x_wconf 72' lang='lat' dir='ltr'><strong>agens,</strong></span> <span class='ocrx_word' id='word_1_746' title='bbox 2867 4945 3030 5002; x_wconf 84' lang='lat' dir='ltr'><strong>atque</strong></span> <span class='ocrx_word' id='word_1_747' title='bbox 3085 4933 3273 4988; x_wconf 62' lang='lat' dir='ltr'><strong>Grmco</strong></span> <span class='ocrx_word' id='word_1_748' title='bbox 3325 4951 3580 4987; x_wconf 82' lang='lat' dir='ltr'><strong>sermone</strong></span> 
     </span>
    </p>
   </div>
   <div class='ocr_carea' id='block_1_103' title="bbox 2013 5024 3578 5095">
    <p class='ocr_par' dir='ltr' id='par_1_103' title="bbox 2013 5024 3578 5095">
     <span class='ocr_line' id='line_1_103' title="bbox 2013 5024 3578 5095; baseline 0 -16"><span class='ocrx_word' id='word_1_749' title='bbox 2013 5037 2195 5087; x_wconf 86' lang='lat' dir='ltr'><strong>ulcus,</strong></span> <span class='ocrx_word' id='word_1_750' title='bbox 2227 5025 2372 5094; x_wconf 87' lang='lat' dir='ltr'><strong>quod</strong></span> <span class='ocrx_word' id='word_1_751' title='bbox 2407 5035 2461 5078; x_wconf 90' lang='lat' dir='ltr'><strong>et</strong></span> <span class='ocrx_word' id='word_1_752' title='bbox 2495 5024 2658 5095; x_wconf 78' lang='lat' dir='ltr'><strong>hujus</strong></span> <span class='ocrx_word' id='word_1_753' title='bbox 2687 5026 2976 5094; x_wconf 77' lang='lat' dir='ltr'><strong>imperitus</strong></span> <span class='ocrx_word' id='word_1_754' title='bbox 3013 5043 3120 5080; x_wconf 85' lang='lat' dir='ltr'><strong>non</strong></span> <span class='ocrx_word' id='word_1_755' title='bbox 3161 5035 3328 5090; x_wconf 79' lang='lat' dir='ltr'><strong>esset,</strong></span> <span class='ocrx_word' id='word_1_756' title='bbox 3355 5042 3578 5079; x_wconf 72' lang='lat' dir='ltr'><strong>suavem</strong></span> 
     </span>
    </p>
   </div>
   <div class='ocr_carea' id='block_1_104' title="bbox 2010 5115 3576 5186">
    <p class='ocr_par' dir='ltr' id='par_1_104' title="bbox 2010 5115 3576 5186">
     <span class='ocr_line' id='line_1_104' title="bbox 2010 5115 3576 5186; baseline 0 -16"><span class='ocrx_word' id='word_1_757' title='bbox 2010 5125 2066 5170; x_wconf 90' lang='lat' dir='ltr'><strong>et</strong></span> <span class='ocrx_word' id='word_1_758' title='bbox 2094 5115 2391 5183; x_wconf 79' lang='lat' dir='ltr'><strong>iucundum</strong></span> <span class='ocrx_word' id='word_1_759' title='bbox 2427 5131 2485 5170; x_wconf 89' lang='lat' dir='ltr'><strong>se</strong></span> <span class='ocrx_word' id='word_1_760' title='bbox 2530 5116 2801 5171; x_wconf 81' lang='lat' dir='ltr'><strong>exhibuit.</strong></span> <span class='ocrx_word' id='word_1_761' title='bbox 2838 5116 2906 5170; x_wconf 87' lang='lat' dir='ltr'><strong>Et</strong></span> <span class='ocrx_word' id='word_1_762' title='bbox 2958 5116 3044 5170; x_wconf 88' lang='lat' dir='ltr'><strong>bis</strong></span> <span class='ocrx_word' id='word_1_763' title='bbox 3078 5116 3301 5186; x_wconf 84' lang='lat' dir='ltr'><strong>quidem</strong></span> <span class='ocrx_word' id='word_1_764' title='bbox 3329 5123 3576 5186; x_wconf 73' lang='lat' dir='ltr'><strong>&#39;persua~</strong></span> 
     </span>
    </p>
   </div>
   <div class='ocr_carea' id='block_1_105' title="bbox 2012 5207 3589 5278">
    <p class='ocr_par' dir='ltr' id='par_1_105' title="bbox 2012 5207 3589 5278">
     <span class='ocr_line' id='line_1_105' title="bbox 2012 5207 3589 5278; baseline 0.003 -17"><span class='ocrx_word' id='word_1_765' title='bbox 2012 5208 2169 5269; x_wconf 83' lang='lat' dir='ltr'><strong>deus.</strong></span> <span class='ocrx_word' id='word_1_766' title='bbox 2197 5207 2304 5261; x_wconf 86' lang='lat' dir='ltr'><strong>illis</strong></span> <span class='ocrx_word' id='word_1_767' title='bbox 2337 5223 2466 5260; x_wconf 86' lang='lat' dir='ltr'><strong>vero</strong></span> <span class='ocrx_word' id='word_1_768' title='bbox 2510 5223 2766 5263; x_wconf 79' lang='lat' dir='ltr'><strong>sermone</strong></span> <span class='ocrx_word' id='word_1_769' title='bbox 2795 5210 3073 5262; x_wconf 86' lang='lat' dir='ltr'><strong>silentium</strong></span> <span class='ocrx_word' id='word_1_770' title='bbox 3121 5210 3409 5278; x_wconf 86' lang='lat' dir='ltr'><strong>imponens</strong></span> <span class='ocrx_word' id='word_1_771' title='bbox 3433 5251 3446 5272; x_wconf 93' lang='lat'><strong>,</strong></span> <span class='ocrx_word' id='word_1_772' title='bbox 3480 5227 3589 5265; x_wconf 65' lang='lat' dir='ltr'><strong>nve-</strong></span> 
     </span>
    </p>
   </div>
   <div class='ocr_carea' id='block_1_106' title="bbox 2013 5300 3587 5373">
    <p class='ocr_par' dir='ltr' id='par_1_106' title="bbox 2013 5300 3587 5373">
     <span class='ocr_line' id='line_1_106' title="bbox 2013 5300 3587 5373; baseline 0.003 -20"><span class='ocrx_word' id='word_1_773' title='bbox 2013 5315 2122 5354; x_wconf 66' lang='lat' dir='ltr'><strong>non</strong></span> <span class='ocrx_word' id='word_1_774' title='bbox 2179 5310 2324 5353; x_wconf 84' lang='lat' dir='ltr'><strong>recta</strong></span> <span class='ocrx_word' id='word_1_775' title='bbox 2379 5300 2630 5354; x_wconf 86' lang='lat' dir='ltr'><strong>dicentes</strong></span> <span class='ocrx_word' id='word_1_776' title='bbox 2667 5301 2914 5367; x_wconf 83' lang='lat' dir='ltr'><strong>laudans,</strong></span> <span class='ocrx_word' id='word_1_777' title='bbox 2946 5301 3109 5373; x_wconf 74' lang='lat'><strong>568</strong></span> <span class='ocrx_word' id='word_1_778' title='bbox 3159 5318 3352 5357; x_wconf 87' lang='lat' dir='ltr'><strong>omnes</strong></span> <span class='ocrx_word' id='word_1_779' title='bbox 3395 5315 3587 5358; x_wconf 67' lang='lat' dir='ltr'><strong>autem</strong></span> 
     </span>
    </p>
   </div>
   <div class='ocr_carea' id='block_1_107' title="bbox 2011 5391 3584 5466">
    <p class='ocr_par' dir='ltr' id='par_1_107' title="bbox 2011 5391 3584 5466">
     <span class='ocr_line' id='line_1_107' title="bbox 2011 5391 3584 5466; baseline 0.004 -21"><span class='ocrx_word' id='word_1_780' title='bbox 2011 5391 2076 5445; x_wconf 89' lang='lat' dir='ltr'><strong>ad</strong></span> <span class='ocrx_word' id='word_1_781' title='bbox 2117 5392 2470 5446; x_wconf 86' lang='lat' dir='ltr'><strong>concordiam</strong></span> <span class='ocrx_word' id='word_1_782' title='bbox 2503 5394 2770 5458; x_wconf 76' lang='lat' dir='ltr'><strong>excitans,</strong></span> <span class='ocrx_word' id='word_1_783' title='bbox 2815 5395 2869 5448; x_wconf 87' lang='lat' dir='ltr'><strong>in</strong></span> <span class='ocrx_word' id='word_1_784' title='bbox 2901 5398 3146 5449; x_wconf 79' lang='lat' dir='ltr'><strong>eam-lem</strong></span> <span class='ocrx_word' id='word_1_785' title='bbox 3175 5397 3491 5466; x_wconf 87' lang='lat' dir='ltr'><strong>opinionem</strong></span> <span class='ocrx_word' id='word_1_786' title='bbox 3523 5409 3584 5452; x_wconf 69' lang='lat' dir='ltr'><strong>et</strong></span> 
     </span>
    </p>
   </div>
   <div class='ocr_carea' id='block_1_108' title="bbox 2014 5485 3586 5546">
    <p class='ocr_par' dir='ltr' id='par_1_108' title="bbox 2014 5485 3586 5546">
     <span class='ocr_line' id='line_1_108' title="bbox 2014 5485 3586 5546; baseline 0.006 -9"><span class='ocrx_word' id='word_1_787' title='bbox 2014 5485 2346 5538; x_wconf 73' lang='lat' dir='ltr'><strong>sententiam</strong></span> <span class='ocrx_word' id='word_1_788' title='bbox 2392 5486 2459 5539; x_wconf 89' lang='lat' dir='ltr'><strong>de</strong></span> <span class='ocrx_word' id='word_1_789' title='bbox 2518 5486 2683 5539; x_wconf 86' lang='lat' dir='ltr'><strong>rebus</strong></span> <span class='ocrx_word' id='word_1_790' title='bbox 2721 5487 2774 5540; x_wconf 87' lang='lat' dir='ltr'><strong>in</strong></span> <span class='ocrx_word' id='word_1_791' title='bbox 2826 5492 3264 5545; x_wconf 73' lang='lat' dir='ltr'><strong>controversiam</strong></span> <span class='ocrx_word' id='word_1_792' title='bbox 3323 5492 3586 5546; x_wconf 53' lang='lat' dir='ltr'><strong>deductis</strong></span> 
     </span>
    </p>
   </div>
   <div class='ocr_carea' id='block_1_109' title="bbox 2011 5577 3583 5653">
    <p class='ocr_par' dir='ltr' id='par_1_109' title="bbox 2011 5577 3583 5653">
     <span class='ocr_line' id='line_1_109' title="bbox 2011 5577 3583 5653; baseline 0.006 -23"><span class='ocrx_word' id='word_1_793' title='bbox 2011 5577 2267 5631; x_wconf 82' lang='lat' dir='ltr'><strong>erunibus</strong></span> <span class='ocrx_word' id='word_1_794' title='bbox 2327 5593 2519 5631; x_wconf 83' lang='lat' dir='ltr'><strong>omnes</strong></span> <span class='ocrx_word' id='word_1_795' title='bbox 2575 5578 2850 5646; x_wconf 79' lang='lat' dir='ltr'><strong>perduxit,</strong></span> <span class='ocrx_word' id='word_1_796' title='bbox 2895 5582 2968 5634; x_wconf 90' lang='lat' dir='ltr'><strong>ita</strong></span> <span class='ocrx_word' id='word_1_797' title='bbox 3019 5592 3078 5636; x_wconf 87' lang='lat' dir='ltr'><strong>ut</strong></span> <span class='ocrx_word' id='word_1_798' title='bbox 3131 5585 3181 5637; x_wconf 88' lang='lat' dir='ltr'><strong>in</strong></span> <span class='ocrx_word' id='word_1_799' title='bbox 3233 5585 3583 5653; x_wconf 60' lang='lat' dir='ltr'><strong>professione</strong></span> 
     </span>
    </p>
   </div>
   <div class='ocr_carea' id='block_1_110' title="bbox 2011 5671 3579 5746">
    <p class='ocr_par' dir='ltr' id='par_1_110' title="bbox 2011 5671 3579 5746">
     <span class='ocr_line' id='line_1_110' title="bbox 2011 5671 3579 5746; baseline 0.004 -23"><span class='ocrx_word' id='word_1_800' title='bbox 2011 5672 2200 5723; x_wconf 62' lang='lat' dir='ltr'><strong>eadein</strong></span> <span class='ocrx_word' id='word_1_801' title='bbox 2245 5671 2374 5724; x_wconf 74' lang='grc' dir='ltr'><strong>[ξιίεὶ</strong></span> <span class='ocrx_word' id='word_1_802' title='bbox 2420 5673 2826 5737; x_wconf 82' lang='lat' dir='ltr'><strong>consentirent,</strong></span> <span class='ocrx_word' id='word_1_803' title='bbox 2860 5685 2916 5728; x_wconf 87' lang='lat' dir='ltr'><strong>et</strong></span> <span class='ocrx_word' id='word_1_804' title='bbox 2955 5677 3148 5728; x_wconf 84' lang='lat' dir='ltr'><strong>eodem</strong></span> <span class='ocrx_word' id='word_1_805' title='bbox 3183 5689 3427 5746; x_wconf 80' lang='lat' dir='ltr'><strong>tempore</strong></span> <span class='ocrx_word' id='word_1_806' title='bbox 3461 5696 3579 5730; x_wconf 75' lang='lat' dir='ltr'><strong>(tlti-</strong></span> 
     </span>
    </p>
   </div>
   <div class='ocr_carea' id='block_1_111' title="bbox 332 5763 3576 5845">
    <p class='ocr_par' dir='ltr' id='par_1_111' title="bbox 332 5763 3576 5845">
     <span class='ocr_line' id='line_1_111' title="bbox 332 5763 3576 5845; baseline 0.004 -28"><span class='ocrx_word' id='word_1_807' title='bbox 332 5780 435 5819; x_wconf 77' lang='lat' dir='ltr'><strong>nes</strong></span> <span class='ocrx_word' id='word_1_808' title='bbox 471 5779 532 5819; x_wconf 85' lang='lat' dir='ltr'><strong>se</strong></span> <span class='ocrx_word' id='word_1_809' title='bbox 568 5763 912 5819; x_wconf 79' lang='lat' dir='ltr'><strong>salutiferam</strong></span> <span class='ocrx_word' id='word_1_810' title='bbox 941 5765 1142 5821; x_wconf 86' lang='lat' dir='ltr'><strong>festum</strong></span> <span class='ocrx_word' id='word_1_811' title='bbox 1210 5767 1584 5822; x_wconf 88' lang='lat' dir='ltr'><strong>celebraturos</strong></span> <span class='ocrx_word' id='word_1_812' title='bbox 1659 5770 2066 5838; x_wconf 82' lang='lat' dir='ltr'><strong>proﬁterentur.</strong></span> <span class='ocrx_word' id='word_1_813' title='bbox 2115 5769 2339 5824; x_wconf 71' lang='lat' dir='ltr'><strong>lli-creta</strong></span> <span class='ocrx_word' id='word_1_814' title='bbox 2369 5783 2588 5841; x_wconf 63' lang='lat' dir='ltr'><strong>«pieque</strong></span> <span class='ocrx_word' id='word_1_815' title='bbox 2617 5777 2928 5827; x_wconf 80' lang='lat' dir='ltr'><strong>communia</strong></span> <span class='ocrx_word' id='word_1_816' title='bbox 2977 5775 3031 5828; x_wconf 81' lang='lat' dir='ltr'><strong>in</strong></span> <span class='ocrx_word' id='word_1_817' title='bbox 3068 5777 3331 5845; x_wconf 63' lang='grc' dir='ltr'>δοιῖριιιιιι</span> <span class='ocrx_word' id='word_1_818' title='bbox 3381 5778 3576 5839; x_wconf 58' lang='lat' dir='ltr'><strong>relata,</strong></span> 
     </span>
    </p>
   </div>
   <div class='ocr_carea' id='block_1_112' title="bbox 330 5855 1634 5929">
    <p class='ocr_par' dir='ltr' id='par_1_112' title="bbox 330 5855 1634 5929">
     <span class='ocr_line' id='line_1_112' title="bbox 330 5855 1634 5929; baseline -0.001 -16"><span class='ocrx_word' id='word_1_819' title='bbox 330 5869 386 5913; x_wconf 81' lang='lat' dir='ltr'><strong>et</strong></span> <span class='ocrx_word' id='word_1_820' title='bbox 413 5855 852 5929; x_wconf 84' lang='lat' dir='ltr'><strong>uniuscujusque</strong></span> <span class='ocrx_word' id='word_1_821' title='bbox 880 5859 1284 5929; x_wconf 78' lang='lat' dir='ltr'><strong>subscriptione</strong></span> <span class='ocrx_word' id='word_1_822' title='bbox 1313 5862 1583 5916; x_wconf 73' lang='lat' dir='ltr'><strong>roborata.</strong></span> <span class='ocrx_word' id='word_1_823' title='bbox 1617 5883 1634 5912; x_wconf 73' lang='grc' dir='ltr'><strong>ι</strong></span> 
     </span>
    </p>
   </div>
  </div>
