4062 6550
335 358 406 423 73

1253 359 1855 422 ECCLESIASTICAE
1896 311 2282 421 HIsToaI/s
2318 362 2456 422 LIB.
2495 362 2658 424 VIII.

3499 357 3570 419 74

339 471 567 546 μηδένα.
601 471 678 525 Οὐ
715 471 824 541 μὴν
869 471 927 525 δὲ
955 472 1096 527 ἀλλὰ
1134 473 1228 525 καὶ
1265 473 1368 537 τὰς
1406 474 1582 538 λέξεις
1609 472 1777 527 αὐτοῦ
1805 475 1905 542 τῆς

2010 475 2128 546 ejus
2161 473 2507 529 adhaererent
2554 474 2841 530 sententiae
2861 513 2876 535 ,
2907 472 3405 530 excommunicatos
3434 487 3565 528 ana-

335 568 604 637 αίρέσεως
653 565 1060 635 ἀνεθεμάτισεο
1119 568 1216 620 καὶ
1261 569 1326 620 τὸ
1364 567 1572 637 βιϐλίον
1600 569 1657 622 δὲ
1689 571 1718 622 δ
1755 555 1930 623 κατὰ’

333 662 426 728 τῆς
475 658 764 722 εὐσεϐείας
799 660 1070 727 συντάξας
1111 660 1395 730 ἐπέγραψε
1434 660 1732 716 Oti/Ista?”
1769 654 1833 716 οὐ
1871 666 1900 716 ὁ

334 749 645 818 χαρακτὴρ.
668 748 744 811 ὡς
778 751 842 802 ἐκ
881 754 1102 819 γραφῆς
1131 753 1434 822 ἐπυθόμην,
1473 753 1683 824 ἀφελής
1719 770 1800 816 τις
1831 748 1899 824 ἦν

335 841 427 890 καὶ
467 839 871 908 διαλελυμένος,
899 841 1093 904 ἐοικὼς
1127 846 1236 905 τοῖς
1267 844 1512 898 Σωτάδου
1541 845 1634 898 τοῦ
1673 845 1898 918 ποιητοῦ

333 931 557 1001 ᾄσμασι·
595 933 691 983 καὶ
723 933 774 984 εἴ
807 949 858 984 τι
885 933 941 985 δέ
975 934 1142 985 αὐτοῦ
1199 937 1288 987 καὶ⁸
1317 937 1425 988 τῶν
1454 938 1774 1008 όμοφρόνων
1800 939 1902 992 αὐ-

335 1023 427 1075 τοῦ
459 1023 772 1093 εὑρίσκοιτο
807 1025 1174 1096 σύγγραμμα,
1204 1028 1453 1100 δαπάνην
1479 1035 1614 1100 πυρὶ
1647 1031 1903 1085 καταλεί-

337 1119 558 1181 πεσθαι,
587 1120 662 1182 ῶς
697 1122 829 1189 μήτι
854 1121 1037 1174 αὐτῶν
1074 1122 1378 1193 ὑπόμνημα
1404 1125 1502 1194 τῆς
1529 1126 1797 1194 αἱρέσεως
1822 1126 1900 1197 τῷ

337 1212 463 1279 ἑξῆς
497 1213 598 1281 βίῳ
624 1213 987 1284 ἐμφέρεσθαιδ
1028 1215 1256 1269 θάνατον
1293 1215 1339 1268 δ’
1372 1214 1513 1270 εἶναι
1543 1217 1748 1288 ζημίαν
1783 1223 1900 1273 ἐνο-

339 1303 577 1370 μοθέτει,
605 1305 765 1366 εἴτις
811 1307 1094 1378 φωραθείη
1127 1325 1181 1360 τι
1214 1310 1624 1379 κατακρύπτων
1656 1312 1902 1376 ἐκείνων,

335 1390 428 1440 καὶ
475 1392 550 1459 μὴ
601 1391 795 1444 θᾶττον
851 1393 1190 1464 ἐμπίπρησι.
1249 1396 1458 1460 Πολλὰς
1514 1397 1561 1450 δ’
1611 1399 1902 1462 ἐπιστολὰς

334 1483 362 1532 ὁ
396 1479 654 1549 βασιλεὺς
689 1486 834 1538 κατὰ
895 1485 1075 1548 πόλεις
1125 1487 1343 1558 ἔπεμπε
1393 1488 1539 1542 κατά
1585 1507 1647 1543 τε
1689 1491 1902 1560 Ἀρείου

334 1574 429 1624 καὶ
484 1574 597 1627 τῶν
637 1575 706 1629 τὰ
763 1575 853 1630 ίσα
893 1577 1236 1648 φρονούντων
1295 1582 1510 1650 ἐκείνῳ.
1558 1582 1817 1637 Εὐσέϐιον
1849 1586 1907 1638 δέ

336 1666 430 1716 καὶ
462 1665 691 1736 Θέογνιν
740 1669 850 1721 τῶν
915 1669 1062 1723 ίδίων
1114 1673 1421 1739 ἐφυγάδευε
1470 1674 1700 1731 πόλεων.
1741 1677 1822 1747 Τῇ
1850 1677 1908 1731 δὲ

333 1759 672 1832 Νικομηδείᾳ
704 1763 925 1834 ἔχεσθαι
970 1766 1072 1834 τῆς
1103 1767 1274 1837 ὀρθῆς
1315 1771 1551 1834 πίστεως
1584 1773 1906 1844 παρηγγύα,

2002 566 2229 620 themati
2257 565 2580 636 subiiceret,
2606 581 2670 620 ac
2699 580 2768 620 ne
2797 565 2919 635 quis
2956 581 3148 622 eorum
3183 565 3570 621 Alexandriam

2002 655 2215 726 ingredi
2243 657 2494 724 auderet,
2516 659 2774 714 sanciret.
2791 658 2966 714 Voces
2996 659 3168 716 etiam
3195 657 3420 714 heresis
3445 659 3572 728 ejus

2002 749 2506 814 anatheutatizavit,
2541 759 2596 804 et
2633 750 2834 805 librum
2861 766 3024 820 quem
3055 751 3144 805 ille
3174 758 3364 806 contra
3404 750 3578 817 pieta-

2003 849 2113 895 tem
2168 841 2531 910 compositum
2575 838 2812 898 ΤΙιαιίῐιηι
2851 842 3238 914 inscripserat,
3270 845 3426 912 quasi
3476 844 3578 897 llo-

2003 931 2185 985 ridum
2209 943 2263 986 et
2289 933 2636 1000 viridantem,
2655 938 2814 1005 cujus
2840 938 3014 1007 stylus
3048 945 3104 992 et
3125 937 3387 1002 elocutio,
3411 936 3575 991 sicuti

2001 1039 2070 1078 ex
2103 1026 2308 1094 scripto
2343 1029 2460 1095 ipso
2487 1030 2742 1097 cognovi,
2788 1029 3022 1098 simplex
3049 1041 3107 1086 et
3152 1030 3443 1096 dissoluta,
3476 1030 3576 1084 So-

2006 1116 2250 1186 tadisque
2282 1127 2454 1186 poeta:
2495 1120 2786 1174 cantilenis
2834 1121 3134 1190 persimilis
3168 1121 3308 1186 fuit;
3341 1137 3405 1177 ac
3436 1138 3578 1192 pra:-

2007 1215 2175 1269 terea,
2202 1208 2248 1262 si
2280 1209 2426 1278 quod
2458 1210 2604 1265 aliud
2627 1211 2748 1281 ejus
2777 1221 2872 1266 aut
2899 1222 3235 1268 sectatorum
3263 1215 3382 1284 ejus
3424 1213 3580 1268 inve-

2005 1300 2224 1354 niretur
2283 1301 2574 1372 scriptum,
2635 1313 2691 1358 ut
2725 1304 2778 1358 id
2828 1305 2937 1374 igni
2984 1305 3338 1360 mandaretur
3381 1304 3579 1360 edixit.

2008 1393 2150 1458 Quin
2200 1393 2378 1461 capite
2409 1409 2629 1464 quoque
2676 1395 3074 1452 Constantinus
3108 1399 3294 1454 sanxit
3317 1439 3333 1464 ,
3371 1399 3419 1453 si
3450 1401 3577 1468 quis

2006 1484 2306 1554 quidquam
2339 1501 2529 1540 eorum
2579 1503 2831 1558 pressum
2864 1490 3170 1545 occultasse
3193 1531 3208 1554 ,
3251 1505 3354 1545 nec
3393 1492 3578 1545 statim

2008 1577 2282 1632 exussisse
2312 1587 2629 1646 compertus
2665 1591 2833 1636 esset.
2864 1580 3060 1636 Multas
3080 1583 3306 1652 insuper
3321 1584 3582 1652 epistolas

2012 1677 2108 1732 per
2129 1666 2292 1719 urbes
2338 1665 2538 1736 passim
2567 1678 2760 1724 contra
2797 1669 2991 1727 Arium
3024 1681 3079 1727 et
3118 1675 3214 1743 qui
3245 1685 3407 1729 secta:
3460 1673 3582 1743 ejus

2011 1765 2190 1818 erant,
2222 1756 2388 1812 misit.
2413 1758 2710 1814 Eusebium
2731 1770 2786 1815 et
2815 1761 3190 1835 Theognidem
3222 1767 3446 1822 sedibus
3467 1770 3583 1823 suis

336 1851 401 1920 ἣν
427 1851 478 1902 oi
507 1832 816 1921 τριακόσιοι
835 1832 1182 1926 παρέδοσαν·
1213 1832 1308 1912 καὶ
1339 1832 1907 1935 ἐπισκόπουςτέροχειζ

2016 1846 2215 1916 exegit,
2249 1857 2305 1901 et
2328 1847 2776 1907 Nicomedienses
2808 1853 2876 1908 ad
2915 1832 3386 1928 coinplectendam
3415 1875 3444 1914 a
3477 1871 3585 1914 trc-

338 1943 514 2012 ρὶζειν
546 1945 790 2016 ἐτέρους,
832 1947 972 2017 ὀρθὰ
995 1952 1216 2018 φρονεῖν
1253 1953 1568 2023 ᾑρημένους
1589 1967 1604 1984 ⁶
1646 1954 1830 2024 βυθοῖς
1854 1957 1911 2010 δὲ

337 2037 510 2106 λήθης
565 2039 826 2093 Εὐσεϐίου
883 2042 1230 2113 παραδοῦναι
1280 2043 1381 2116 τὴν
1429 2043 1810 2118 μνήμην.⁶οἷς
1863 2049 1908 2102 δ’

338 2129 642 2197 ἐπιχειρεῖν
669 2133 888 2197 γένοιτο
910 2135 979 2188 τὰ
1001 2136 1228 2190 ἐκείνων
1260 2137 1292 2208 ἦ
1329 2142 1556 2208 φρονεῖν
1580 2141 1613 2210 ἢ
1643 2143 1906 2206 ἐπαινεῖν,

339 2220 592 2285 κολάζειν
646 2225 851 2296 σφόδρα
903 2228 1143 2295 ἠπείλει.
1191 2225 1284 2292 Οἷς
1340 2230 1404 2302 δὴ
1459 2231 1756 2302 γράμμασι
1817 2237 1912 2289 καὶ

335 2310 509 2373 ἄλλως
572 2313 967 2385 ἀπηχθημένον
1038 2311 1183 2372 εἶναι
1241 2320 1436 2391 ἐδήλου
1491 2321 1793 2388 Εὐσέϐιον,
1832 2324 1910 2386 ὡς

337 2399 608 2470 πρότερον
665 2405 894 2475 Λικινίῳ
936 2407 1382 2477 συμφρονοῦντα.
1417 2410 1576 2464 Κατὰ
1626 2409 1691 2482 δὴ
1735 2413 1911 2466 ταῦτα

337 2490 403 2542 τὰ
427 2493 740 2560 γράμματα
767 2496 830 2547 οὐ
861 2496 1022 2561 μόνον
1054 2496 1359 2569 ἠλάθησαν,
1387 2499 1524 2554 ἀλλὰ
1552 2503 1650 2554 καὶ
1688 2502 1912 2570 ἐτέρους

336 2582 492 2652 ἔσχον
523 2587 618 2639 ἐπὶ
665 2587 771 2640 τῶν
806 2589 1024 2642 οἰκείων
1063 2590 1288 2662 θρόνων.
1333 2592 1476 2647 Ἀντί
1504 2593 1614 2664 γὰρ
1643 2594 1910 2651 Εὐσεϐίου

350 2670 600 2744 Ἀμφίων
640 2677 742 2748 τὴν
786 2678 1136 2750 Νικομήδους
1189 2683 1503 2754 ἐλάμϐανε,
1552 2685 1804 2757 Χρηστδς
1848 2688 1905 2741 δὲ

337 2764 435 2833 τὴν
486 2765 722 2832 Νικαίας
746 2785 762 2800 °
804 2770 901 2823 καὶ
943 2771 1112 2840 ἄμφω
1140 2772 1196 2825 δὲ
1230 2775 1339 2825 τῶν
1396 2775 1768 2830 εὐσεϐούντων
1801 2780 1907 2848 μά-

335 2853 493 2908 λιστα
519 2853 686 2928 ἦσαν.
713 2858 928 2914 Είδέναι
957 2862 1015 2914 δὲ
1036 2862 1143 2933 χρὴ
1171 2863 1244 2926 ὡς
1267 2864 1532 2930 Εὐσέϐιος
1561 2869 1658 2922 καὶ⁸
1686 2865 1912 2936 Θέογνις

335 2950 431 3002 καὶ
466 2951 515 3003 0i
573 2954 704 3022 περὶ
762 2953 961 3018 αὐτοὺς
1016 2957 1281 3025 πρότερον
1314 2959 1415 3028 μὲν
1472 2962 1537 3031 τῇ
1574 2961 1778 3029 συνόδῳ
1816 2961 1909 3014 πί·

337 3057 513 3105 στεως
560 3041 915 3097 διδασκαλίαν
967 3046 1107 3100 ἰδίαν
1151 3047 1631 3119 ὐπαγορεύσαντες
1680 3053 1907 3117 ἔδοσαν,

2013 1939 2191 1993 centis
2221 1939 2492 2009 proditam
2529 1954 2734 1998 rectam
2770 1945 2931 2001 fidem
2954 1986 2970 2012 ,
3010 1949 3255 2019 aliosque
3292 1951 3584 2024 episcopos

2013 2031 2107 2100 qui
2159 2043 2302 2088 recte
2362 2036 2632 2092 sentirent
2699 2040 2992 2111 legendos,
3041 2042 3450 2116 Eusebiumque
3505 2049 3584 2117 (l)

2014 2124 2278 2180 oblivioni
2319 2128 2736 2197 mandandum,
2795 2144 2880 2188 est
2937 2135 3212 2192 hortatus.
3267 2137 3430 2212 570
3479 2139 3584 2206 Qui

2013 2233 2144 2272 vero
2183 2234 2308 2275 cum
2337 2221 2470 2275 Ario
2499 2225 2716 2278 sensuri
2746 2235 2844 2281 aut
2892 2228 3208 2297 opinionem
3241 2231 3362 2300 ejus
3390 2231 3586 2286 lauda-

2015 2312 2121 2366 turi
2187 2324 2392 2378 essent,
2433 2316 2488 2370 in
2514 2332 2612 2372 eos
2661 2332 2721 2374 se
2775 2322 3020 2390 graviter
3065 2323 3583 2381 animadversurum

2011 2419 2154 2469 esse,
2171 2416 2258 2461 est
2274 2408 2804 2478 minitatus.Quihus
2826 2413 3023 2469 litteris
3046 2417 3212 2471 etiam
3236 2418 3582 2487 significavit,

2011 2497 2174 2554 aliam
2202 2499 2274 2555 ob
2305 2516 2528 2558 causam
2575 2505 2814 2560 invisum
2851 2507 2958 2563 sibi
3003 2509 3306 2567 Eusebium
3333 2528 3480 2581 esse,
3526 2529 3588 2572 ut

2011 2593 2104 2661 qui
2134 2604 2296 2650 antea
2327 2595 2528 2653 Licinii
2564 2608 2746 2669 partes
2767 2612 2992 2658 secutus
3022 2605 3210 2661 fuerit.
3242 2607 3432 2678 itaque
3471 2626 3584 2664 non

2012 2685 2189 2741 solum
2221 2687 2298 2742 illi
2325 2698 2454 2744 sunt
2476 2693 2804 2763 proscripti,
2826 2696 2921 2751 sed
2947 2697 3038 2751 alii
3065 2712 3283 2770 quoque
3316 2702 3370 2756 in
3388 2717 3585 2758 eorum

2011 2777 2192 2833 locum
2237 2780 2389 2837 lecti.
2444 2783 2552 2837 Pro
2610 2787 2847 2842 Eusebio
2896 2790 3045 2844 enim
3088 2792 3423 2852 Nicomediae
3453 2797 3588 2853 Am-

2011 2869 2222 2939 phion,
2274 2889 2375 2943 pro
2423 2875 2744 2949 Theognide
2799 2892 2984 2938 autem
3051 2886 3246 2942 Nicaea:
3295 2889 3586 2955 Chrestus.

2010 2960 2254 3032 episcopi
2286 2964 2437 3032 facti,
2467 2969 2629 3025 ambo
2653 2972 2973 3029 sincerioris
3007 2977 3227 3046 pietatis
3266 2997 3429 3051 quam
3461 3000 3582 3039 ma-

2010 3054 2156 3109 xime
2200 3055 2456 3112 studiosi.
2515 3059 2652 3116 Illud
2680 3067 2823 3122 scire
2882 3079 3122 3137 oportet,
3173 3071 3478 3132 Eusebium
3528 3087 3587 3134 et

336 3131 426 3203 ἢν,
456 3135 532 3196 ὡς
582 3135 835 3204 κίϐδηλον
887 3139 984 3191 καὶ
1034 3140 1292 3205 ἀσεϐείας
1337 3143 1562 3216 μεστὴν,
1593 3144 1907 3219 διέρρηξαν

2018 3144 2414 3218 ‘l‘heoguidem,
2444 3152 2650 3224 quique
2679 3169 2941 3226 praeterea
2973 3160 3232 3219 factionis
3274 3168 3394 3238 ejus
3425 3183 3586 3226 erant

338 3225 544 3279 πολλοῦ
577 3227 624 3279 δ’
654 3227 913 3282 ἐντεῦθεν
949 3231 1191 3302 ταράχου
1222 3235 1613 3304 ἁναχυθίντος.
1645 3241 1742 3292 καὶ
1781 3244 1914 3295 πάν-

334 3336 442 3371 των
496 3319 577 3389 τῷ
616 3320 871 3393 προδήλῳ
906 3323 1009 3393 τῆς
1053 3326 1308 3390 ἀσεϐείας
1347 3327 1470 3382 κατ’
1504 3331 1687 3383 αὐτῶν
1730 3347 1914 3385 κινου-

351 3410 556 3478 μένων,
591 3412 660 3464 τὰ
714 3413 816 3482 μὲν
850 3414 1047 3484 πρῶτα
1102 3417 1320 3488 ’Λρειον
1379 3421 1478 3472 καὶ
1514 3420 1677 3474 αὐτὸν
1715 3422 1911 3477 ἀναθέ-

339 3517 468 3568 ματι
526 3502 930 3570 καθυπὲϐαλον,
1011 3507 1152 3578 πλὴν
1230 3508 1528 3564 Σεκούνδου
1604 3513 1700 3567 καὶ
1763 3514 1913 3568 Θεία·

338 3589 430 3640 νᾶα
469 3589 790 3660 ὑπογράψαι
858 3593 1045 3662 μέντοι
1109 3596 1176 3664 τῇ
1237 3595 1407 3652 αὐτοῦ
1445 3598 1761 3670 καθαιρέσει
1811 3603 1913 3656 οὐκ

333 3679 754 3751 ἠϐουλήθησαν,
831 3687 1037 3754 καίπερ
1106 3688 1173 3757 τῇ
1253 3687 1353 3758 τῆς
1414 3689 1652 3755 πίστεως
1699 3692 1913 3747 ἐκθέσει

337 3773 858 3843 καθυπογράψαντες
882 3815 898 3842 ,
972 3777 1078 3831 κᾶν
1139 3778 1388 3844 ὑπούλως
1450 3781 1545 3840 καὶ
1612 3781 1713 3836 οὐκ
1776 3784 1913 3836 είλε-

336 3866 539 3933 κρινῶς
576 3870 716 3934 μετά
742 3869 844 3938 τὴν
887 3867 1100 3938 ἐξορίαν
1131 3860 1537 3934 ἐπανελθόντες,
1587 3872 1662 3936 ὡς
1696 3876 1914 3945 προῖόν-

337 3973 427 4018 τες
472 3957 809 4027 δηλώσομεν.
855 3961 1211 4032 Μαρτυρήσει
1259 3963 1316 4016 δὲ
1367 3965 1461 4018 καὶ
1505 3965 1645 4020 αὐτὰ
1681 3968 1748 4021 τὰ
1779 3969 1911 4039 παρ’

335 4047 514 4101 αὐτῶν
587 4051 931 4120 γεγενημένα
1007 4055 1121 4116 τοῖς
1187 4055 1286 4123 τῆς
1361 4055 1642 4119 εὐσεϐείας
1710 4060 1911 4128 προϐό-

335 4141 480 4206 λοις,
515 4143 611 4192 καὶ
649 4143 748 4193 ὅσα
800 4142 933 4213 περὶ
969 4143 1175 4198 τούτων
1224 4146 1523 4202 κατέλιπον
1546 4165 1558 4178 °
1614 4149 1651 4204 ἃ.
1708 4149 1774 4222 δὴ
1813 4153 1912 4205 καὶ

337 4229 671 4300 ἐκθήσομαι.
700 4233 768 4286 Ὅ
795 4250 859 4301 γε
891 4235 998 4306 μὴν
1033 4235 1294 4301 Εὐσέϐιος
1317 4239 1527 4310 ἕτερος,
1559 4241 1588 4293 ὁ
1621 4227 1908 4314 Παμῷίλου

337 4321 434 4389 τήν
487 4323 884 4393 προσωνυμίαν
939 4327 1398 4398 κεκληρωμένος,
1456 4333 1523 4403 τῇ
1562 4334 1766 4403 συνόδῳ
1803 4353 1912 4390 πα-

338 4410 470 4478 ρὼν,
500 4413 861 4481 ἀμφιϐἀλλων
922 4410 992 4486 ἦν
1042 4417 1138 4469 καὶ
1186 4417 1689 4492 διασκεπτόμενος,
1746 4429 1800 4481 εί
1844 4445 1908 4496 γε

336 4780 394 4830 ἐν
434 4774 477 4846 ᾧ
517 4784 614 4833 καὶ
660 4782 758 4852 τὴν
802 4782 898 4836 τοῦ
942 4786 1233 4855 όμοουσίου
1272 4788 1420 4853 λέξιν
1466 4790 1724 4862 διασαφεῖ
1750 4813 1766 4828 ο
1812 4798 1900 4853 ἵνα

339 4871 412 4939 μή
441 4887 552 4924 τινι
587 4872 658 4924 δι’
708 4875 967 4938 ὑπονοίας
1002 4877 1254 4947 γένηται,
1293 4879 1390 4934 ἆτε
1428 4882 1492 4953 δὴ
1523 4883 1901 4956 ἐμϐραδύνας,

336 4961 411 5024 ὡς
459 4963 825 5036 ἀτημελήτως
863 4968 962 5020 καὶ
1011 4968 1086 5031 ὡς
1147 4969 1308 5039 ἔτυχε
1362 4974 1432 5025 τὰ
1482 4973 1576 5026 τοῦ
1605 4976 1735 5046 ὅρου
1771 4979 1904 5032 ὑπέ-

335 5069 534 5124 γραφε.

2015 3240 2172 3305 alios,
2227 3241 2352 3298 fidei
2416 3261 2530 3302 suae
2580 3249 2887 3308 doctrinam
2925 3255 2980 3310 in
3025 3259 3295 3329 scriptum
3353 3265 3584 3321 relatam

2015 3335 2246 3389 seorsim
2285 3340 2492 3409 synodo
2517 3342 2803 3411 obtulisse,
2848 3364 3081 3420 eamque
3115 3362 3175 3408 ut
3219 3354 3586 3415 adulterinam

2013 3432 2071 3482 et
2126 3426 2423 3498 impietatis
2467 3434 2686 3504 plenam
2731 3437 3061 3510 discerptam
3099 3431 3251 3502 'esse.
3311 3447 3483 3516 Quam
3516 3455 3587 3507 ob

2015 3533 2258 3588 causam,
2291 3525 2438 3594 quod
2478 3530 2669 3598 ingens
2702 3531 2862 3586 turba
2907 3537 3163 3605 excitata,
3198 3549 3364 3609 atque
3395 3557 3590 3599 omnes

2016 3624 2241 3684 propter
2271 3618 2617 3675 manifestam
2647 3623 2983 3692 impietatem
3025 3631 3290 3686 adversus
3319 3649 3412 3688 eus
3441 3651 3592 3689 rom-

2017 3704 2154 3758 meti
2206 3717 2411 3772 essent,
2472 3708 2576 3778 ipsi
2635 3727 2878 3784 quoque,
2926 3727 3127 3784 praeter
3175 3720 3493 3779 Secundum
3533 3737 3592 3782 et

2016 3795 2320 3864 Theonatn,
2350 3793 2542 3858 Arium
2567 3805 2792 3874 quidem
2819 3809 3157 3865 anathemati
3181 3812 3257 3881 (2)
3286 3815 3588 3887 subjicere.

2021 3893 2577 3966 exauctorationique
2611 3898 2762 3954 illius
2791 3901 3140 3958 subscribere
3165 3906 3430 3972 nolentes,
3465 3911 3591 3964 lidei

2018 3979 2344 4047 professioni
2383 3985 2872 4058 subscripserunt:
2910 3993 3060 4062 quod
3103 4005 3287 4050 tamen
3323 3999 3592 4053 simulan-

2018 4078 2102 4123 ter
2134 4081 2189 4126 et
2220 4074 2492 4130 insincere
2524 4077 2775 4135 fecerunt
2798 4122 2814 4148 ,
2853 4082 2923 4137 ab
2951 4085 3146 4140 exsilio
3180 4089 3412 4152 reversi,
3449 4093 3593 4146 sicut

2017 4170 2206 4231 postea
2236 4167 2612 4223 ostendemus.
2651 4170 3123 4232 Testificabuntur
3164 4178 3217 4233 id
3246 4196 3469 4252 quoque
3502 4199 3593 4239 res

2015 4268 2210 4327 eorum
2249 4257 2509 4314 adversus
2551 4263 2774 4332 pietatis
2807 4265 3130 4325 defensores
3161 4283 3326 4340 acte,
3367 4284 3424 4330 et
3469 4293 3594 4346 qua:

2018 4347 2122 4417 ipsi
2150 4349 2218 4405 de
2255 4352 2418 4407 rebus
2460 4353 2547 4409 his
2596 4356 2940 4426 reliquerunt
2969 4363 3198 4432 scripta,
3233 4383 3353 4435 qua:
3401 4369 3590 4426 itidem

2018 4443 2339 4500 recensebo.
2409 4445 2678 4505 Eusebius
2743 4466 2877 4508 sane
2942 4455 3119 4520 alter,
3177 4459 3263 4514 cui
3321 4460 3592 4533 Pamphili

2010 4718 2365 4790 promulgata!
2417 4721 2543 4778 fidei
2596 4727 2926 4795 professioni
2975 4734 3232 4789 assentiri
3307 4739 3590 4796 deberet:

2005 4818 2171 4879 atque
2198 4812 2600 4884 aliquantulum
2641 4822 2962 4877 assensione
3018 4835 3231 4882 retenta
3254 4869 3270 4894 ,
3297 4847 3418 4886 eam
3472 4843 3594 4887 tan-

2006 4903 2130 4960 dem
2161 4909 2487 4977 approbavit
2517 4922 2573 4969 et
2613 4917 3022 4984 subscriptione
3061 4936 3159 4976 sua
3183 4928 3533 4984 continuavit
3560 4949 3576 4985 :

2006 4988 2268 5051 Ecclesia:
2329 5015 2550 5072 quoque
2596 5020 2708 5059 sua:
2757 5010 3024 5077 quaarenti
3082 5015 3478 5082 professionem
3523 5033 3582 5078 et

2007 5084 2382 5144 definitionem
2418 5107 2541 5148 eam
2573 5094 2744 5162 misit,
2773 5099 2827 5151 in
2865 5115 2971 5168 qua
3007 5117 3196 5164 vocem
3240 5121 3460 5178 quoque
3486 5113 3585 5166 τοῦ

340 5151 633 5220 όμοουσίου
661 5155 924 5224 declarat,
948 5173 1018 5213 ne
1050 5159 1138 5214 cui
1161 5171 1450 5231 suspectus
1509 5165 1664 5222 fieret
1727 5177 1984 5242 tanquam
2026 5181 2238 5238 tardius
2299 5193 2398 5240 aut
2442 5189 2767 5260 neglectim,
2814 5151 2960 5249 milia
3002 5151 3276 5253 adhibital
3298 5151 3450 5272 συί-ε,
3508 5206 3588 5261 illi

340 5246 746 5272 -..ιυ.....ε..-ει-ι-ιιι

336 5246 772 5318 subscripsissct.

405 5417 482 5485 (l)
540 5417 812 5474 Eusebius
863 5419 1300 5479 Nicomediensis
1358 5426 1424 5480 ad
1481 5427 1902 5490 Constantinum

335 5485 748 5569 imperatorem,
779 5506 946 5569 manu
991 5503 1200 5548 vestem
1248 5510 1406 5550 suam
1457 5513 1622 5569 quam
1656 5485 1906 5569 ges—tabat

335 5557 733 5632 deuitanstratts,
760 5560 945 5616 dicere
995 5571 1082 5616 est
1133 5579 1302 5620 ausus
1353 5584 1368 5620 :
1427 5586 1444 5618 ι
1475 5557 1732 5625 Ἐυαηῖβῆ
1786 5557 1904 5632 θέο

337 5640 419 5710 me
446 5626 772 5706 inspiciente
801 5643 959 5710 rupta
986 5633 1284 5710 dividatur,
1313 5651 1422 5689 non
1450 5646 1626 5710 tamen
1653 5626 1900 5710 ejusdem

339 5696 655 5776 substantiae
692 5714 813 5776 esse
863 5696 1095 5776 dixerim
1147 5696 1494 5776 utrumque:
1527 5708 1588 5760 Et
1637 5696 1797 5766 τόῦτο
1824 5696 1905 5768 Et;

344 5764 554 5832 ίμάτιον
586 5769 722 5836 ἐμοῦ
751 5773 1026 5838 θεωμένου
1057 5764 1381 5843 διαιρεθείη,
1422 5775 1608 5832 οὔποτ’
1637 5781 1704 5834 ἂν

657 5863 927 5924 l'nttot.
973 5867 1088 5926 Gn.
1142 5864 1380 5928 CXLVI

2007 5443 2114 5532 τῆς
2153 5445 2326 5532 αὐτῆς
2362 5446 2548 5532 οὐσίας
2581 5451 2861 5520 ἑκάτερον.
2900 5454 3068 5532 {Qua
3097 5455 3437 5532 blasphemia
3471 5480 3598 5532 per-

2008 5516 2646 5599 motusOConstantinus,
2683 5516 3084 5602 eo;proclivi_us
3141 5529 3194 5583 in
3219 5516 3598 5602 'proscrtptio-

2008 5585 2616 5670 nemej'usncon'sensit.
2640 5609 2679 5670 ,ι
2719 5585 2964 5670 (suanm.
3001 5597 3100 5670 lib.
3128 5614 3190 5664 ιι,
3222 5585 3347 5670 éap.
3382 5585 3496 5668 215.

2005 5723 2039 5775 d
2077 5655 2156 5775 μ)
2193 5655 2552 5735 καθαιρέςε,
2599 5655 2956 5733 αῡνοῃαιξοηί,
3003 5655 3352 5739 αὸάίεὰείωῖί,
3402 5655 3599 5745 dcim-

2043 5742 2071 5775 ιι
2103 5741 2229 5775 tam.

2043 5741 2229 5778 uuam.

3128 5903 3163 5964 3
