  <div class='ocr_page' id='page_1' title='image "/cluster/home/n/w/nwhite01/storage/ocr_20150623/146/hvd.32044019208347/046.png"; bbox 0 0 4062 6542; ppageno 0'>
   <div class='ocr_carea' id='block_1_1' title="bbox 439 333 3681 417">
    <p class='ocr_par' dir='ltr' id='par_1_1' title="bbox 439 333 3681 417">
     <span class='ocr_line' id='line_1_1' title="bbox 439 333 3681 417; baseline 0.003 -11"><span class='ocrx_word' id='word_1_1' title='bbox 439 333 503 406; x_wconf 75' lang='lat' dir='ltr'><strong>t&#39;l</strong></span> <span class='ocrx_word' id='word_1_2' title='bbox 1361 334 1970 410; x_wconf 64' lang='lat' dir='ltr'><strong>ECCLESIASTICxE</strong></span> <span class='ocrx_word' id='word_1_3' title='bbox 2005 339 2396 412; x_wconf 47' lang='lat' dir='ltr'><strong>HISTORIIE</strong></span> <span class='ocrx_word' id='word_1_4' title='bbox 2432 355 2579 416; x_wconf 86' lang='lat' dir='ltr'><strong>LIB.</strong></span> <span class='ocrx_word' id='word_1_5' title='bbox 2622 347 2791 416; x_wconf 83' lang='lat' dir='ltr'><strong>VIII.</strong></span> <span class='ocrx_word' id='word_1_6' title='bbox 2903 371 2907 376; x_wconf 84' lang='lat'><strong><em>-</em></strong></span> <span class='ocrx_word' id='word_1_7' title='bbox 3611 355 3681 417; x_wconf 81' lang='lat'><strong>73</strong></span> 
     </span>
    </p>
   </div>
   <div class='ocr_carea' id='block_1_2' title="bbox 437 456 2007 538">
    <p class='ocr_par' dir='ltr' id='par_1_2' title="bbox 437 456 2006 530">
     <span class='ocr_line' id='line_1_2' title="bbox 437 456 2006 530; baseline 0 -18"><span class='ocrx_word' id='word_1_8' title='bbox 437 461 537 527; x_wconf 75' lang='grc' dir='ltr'><strong>τὴν</strong></span> <span class='ocrx_word' id='word_1_9' title='bbox 572 459 908 530; x_wconf 75' lang='grc' dir='ltr'><strong>Ἐκκλησίαν</strong></span> <span class='ocrx_word' id='word_1_10' title='bbox 947 456 1235 528; x_wconf 83' lang='grc' dir='ltr'><strong>φέρεσθαι.</strong></span> <span class='ocrx_word' id='word_1_11' title='bbox 1271 459 1382 511; x_wconf 74' lang='grc' dir='ltr'><strong>Καὶ</strong></span> <span class='ocrx_word' id='word_1_12' title='bbox 1405 459 1728 529; x_wconf 79' lang='grc' dir='ltr'><strong>πρόκεινται</strong></span> <span class='ocrx_word' id='word_1_13' title='bbox 1762 477 1824 527; x_wconf 88' lang='grc' dir='ltr'><strong>γε</strong></span> <span class='ocrx_word' id='word_1_14' title='bbox 1853 461 2006 514; x_wconf 71' lang='grc' dir='ltr'><strong>πᾶσι·</strong></span> 
     </span>
    </p>
   </div>
   <div class='ocr_carea' id='block_1_3' title="bbox 2110 456 3682 538">
    <p class='ocr_par' dir='ltr' id='par_1_3' title="bbox 2114 461 3682 538">
     <span class='ocr_line' id='line_1_3' title="bbox 2114 461 3682 538; baseline 0.006 -26"><span class='ocrx_word' id='word_1_15' title='bbox 2114 461 2206 527; x_wconf 85' lang='lat' dir='ltr'><strong>qui</strong></span> <span class='ocrx_word' id='word_1_16' title='bbox 2246 477 2466 518; x_wconf 81' lang='lat' dir='ltr'><strong>uxorem</strong></span> <span class='ocrx_word' id='word_1_17' title='bbox 2505 481 2786 535; x_wconf 87' lang='lat' dir='ltr'><strong>nunquam</strong></span> <span class='ocrx_word' id='word_1_18' title='bbox 2817 466 3084 526; x_wconf 83' lang='lat' dir='ltr'><strong>duxisset.</strong></span> <span class='ocrx_word' id='word_1_19' title='bbox 3117 465 3403 530; x_wconf 77' lang='lat' dir='ltr'><strong>suadente,</strong></span> <span class='ocrx_word' id='word_1_20' title='bbox 3437 469 3682 538; x_wconf 75' lang='lat' dir='ltr'><strong>synodus</strong></span> 
     </span>
    </p>
   </div>
   <div class='ocr_carea' id='block_1_4' title="bbox 437 549 1726 620">
    <p class='ocr_par' dir='ltr' id='par_1_4' title="bbox 437 549 1726 620">
     <span class='ocr_line' id='line_1_4' title="bbox 437 549 1726 620; baseline -0.001 -17"><span class='ocrx_word' id='word_1_21' title='bbox 437 550 532 603; x_wconf 75' lang='grc' dir='ltr'><strong>καὶ</strong></span> <span class='ocrx_word' id='word_1_22' title='bbox 556 551 610 601; x_wconf 75' lang='grc' dir='ltr'><strong>εἴ</strong></span> <span class='ocrx_word' id='word_1_23' title='bbox 631 567 711 620; x_wconf 85' lang='grc' dir='ltr'><strong>τῳ</strong></span> <span class='ocrx_word' id='word_1_24' title='bbox 741 551 894 618; x_wconf 85' lang='grc' dir='ltr'><strong>φίλον</strong></span> <span class='ocrx_word' id='word_1_25' title='bbox 923 551 1296 618; x_wconf 63' lang='grc' dir='ltr'><strong>ἐντυγχάνειν,</strong></span> <span class='ocrx_word' id='word_1_26' title='bbox 1332 549 1516 620; x_wconf 80' lang='grc' dir='ltr'><strong>ῥᾴδιόν</strong></span> <span class='ocrx_word' id='word_1_27' title='bbox 1555 551 1726 602; x_wconf 80' lang='grc' dir='ltr'><strong>ἐστιν.</strong></span> 
     </span>
    </p>
   </div>
   <div class='ocr_carea' id='block_1_5' title="bbox 2116 556 3683 628">
    <p class='ocr_par' dir='ltr' id='par_1_5' title="bbox 2116 556 3683 628">
     <span class='ocr_line' id='line_1_5' title="bbox 2116 556 3683 628; baseline 0.006 -24"><span class='ocrx_word' id='word_1_28' title='bbox 2116 556 2536 623; x_wconf 87' lang='lat' dir='ltr'><strong>comprobavit;</strong></span> <span class='ocrx_word' id='word_1_29' title='bbox 2560 569 2725 626; x_wconf 89' lang='lat' dir='ltr'><strong>atque</strong></span> <span class='ocrx_word' id='word_1_30' title='bbox 2751 557 2821 611; x_wconf 90' lang='lat' dir='ltr'><strong>de</strong></span> <span class='ocrx_word' id='word_1_31' title='bbox 2864 557 2967 612; x_wconf 89' lang='lat' dir='ltr'><strong>hac</strong></span> <span class='ocrx_word' id='word_1_32' title='bbox 3007 573 3087 622; x_wconf 86' lang='lat' dir='ltr'><strong>re,</strong></span> <span class='ocrx_word' id='word_1_33' title='bbox 3122 573 3285 628; x_wconf 88' lang='lat' dir='ltr'><strong>quam</strong></span> <span class='ocrx_word' id='word_1_34' title='bbox 3320 559 3555 615; x_wconf 85' lang='lat' dir='ltr'><strong>arbitrio</strong></span> <span class='ocrx_word' id='word_1_35' title='bbox 3585 575 3683 614; x_wconf 83' lang='lat' dir='ltr'><strong>cu-</strong></span> 
     </span>
    </p>
   </div>
   <div class='ocr_carea' id='block_1_6' title="bbox 428 644 3678 724">
    <p class='ocr_par' dir='ltr' id='par_1_6' title="bbox 428 644 3678 724">
     <span class='ocr_line' id='line_1_6' title="bbox 428 644 3678 724; baseline 0.003 -26"><span class='ocrx_word' id='word_1_36' title='bbox 428 645 657 716; x_wconf 86' lang='lat' dir='ltr'><strong>juslibet</strong></span> <span class='ocrx_word' id='word_1_37' title='bbox 689 645 933 716; x_wconf 76' lang='lat' dir='ltr'><strong>reliquit,</strong></span> <span class='ocrx_word' id='word_1_38' title='bbox 967 645 1102 699; x_wconf 85' lang='lat' dir='ltr'><strong>nihil</strong></span> <span class='ocrx_word' id='word_1_39' title='bbox 1137 645 1338 700; x_wconf 89' lang='lat' dir='ltr'><strong>sanxit.</strong></span> <span class='ocrx_word' id='word_1_40' title='bbox 1367 645 1441 699; x_wconf 89' lang='lat' dir='ltr'><strong>De</strong></span> <span class='ocrx_word' id='word_1_41' title='bbox 1469 644 1592 700; x_wconf 90' lang='lat' dir='ltr'><strong>aliis</strong></span> <span class='ocrx_word' id='word_1_42' title='bbox 1624 653 1830 705; x_wconf 89' lang='lat' dir='ltr'><strong>autem,</strong></span> <span class='ocrx_word' id='word_1_43' title='bbox 1867 653 1930 699; x_wconf 88' lang='lat' dir='ltr'><strong>ut</strong></span> <span class='ocrx_word' id='word_1_44' title='bbox 1985 644 2036 700; x_wconf 86' lang='lat' dir='ltr'><strong>ei</strong></span> <span class='ocrx_word' id='word_1_45' title='bbox 2075 655 2161 700; x_wconf 89' lang='lat' dir='ltr'><strong>est</strong></span> <span class='ocrx_word' id='word_1_46' title='bbox 2186 648 2388 712; x_wconf 90' lang='lat' dir='ltr'><strong>visum,</strong></span> <span class='ocrx_word' id='word_1_47' title='bbox 2428 651 2532 705; x_wconf 90' lang='lat' dir='ltr'><strong>rite</strong></span> <span class='ocrx_word' id='word_1_48' title='bbox 2593 661 2758 720; x_wconf 90' lang='lat' dir='ltr'><strong>atque</strong></span> <span class='ocrx_word' id='word_1_49' title='bbox 2788 652 2982 707; x_wconf 87' lang='lat' dir='ltr'><strong>ordine</strong></span> <span class='ocrx_word' id='word_1_50' title='bbox 3000 647 3148 722; x_wconf 72' lang='lat' dir='ltr'><strong>lege‘s</strong></span> <span class='ocrx_word' id='word_1_51' title='bbox 3180 653 3326 717; x_wconf 89' lang='lat' dir='ltr'><strong>tulit,</strong></span> <span class='ocrx_word' id='word_1_52' title='bbox 3360 654 3428 708; x_wconf 89' lang='lat' dir='ltr'><strong>ad</strong></span> <span class='ocrx_word' id='word_1_53' title='bbox 3448 671 3678 724; x_wconf 85' lang='lat' dir='ltr'><strong>quarum</strong></span> 
     </span>
    </p>
   </div>
   <div class='ocr_carea' id='block_1_7' title="bbox 435 737 3682 820">
    <p class='ocr_par' dir='ltr' id='par_1_7' title="bbox 435 737 3682 820">
     <span class='ocr_line' id='line_1_7' title="bbox 435 737 3682 820; baseline 0.002 -25"><span class='ocrx_word' id='word_1_54' title='bbox 435 743 816 810; x_wconf 63' lang='lat' dir='ltr'><strong>praescriptum</strong></span> <span class='ocrx_word' id='word_1_55' title='bbox 843 742 1107 796; x_wconf 80' lang='lat' dir='ltr'><strong>convenit</strong></span> <span class='ocrx_word' id='word_1_56' title='bbox 1139 756 1228 796; x_wconf 87' lang='lat' dir='ltr'><strong>res</strong></span> <span class='ocrx_word' id='word_1_57' title='bbox 1268 741 1674 796; x_wconf 86' lang='lat' dir='ltr'><strong>ecclesiasticas</strong></span> <span class='ocrx_word' id='word_1_58' title='bbox 1703 740 1843 811; x_wconf 88' lang='lat' dir='ltr'><strong>geri.</strong></span> <span class='ocrx_word' id='word_1_59' title='bbox 1903 737 2037 806; x_wconf 80' lang='lat' dir='ltr'><strong>Quae</strong></span> <span class='ocrx_word' id='word_1_60' title='bbox 2075 755 2210 799; x_wconf 89' lang='lat' dir='ltr'><strong>sane</strong></span> <span class='ocrx_word' id='word_1_61' title='bbox 2243 744 2392 816; x_wconf 87' lang='lat' dir='ltr'><strong>leges</strong></span> <span class='ocrx_word' id='word_1_62' title='bbox 2423 746 2720 816; x_wconf 62' lang='lat' dir='ltr'><strong>propositas</strong></span> <span class='ocrx_word' id='word_1_63' title='bbox 2752 747 3012 803; x_wconf 90' lang='lat' dir='ltr'><strong>omnibus</strong></span> <span class='ocrx_word' id='word_1_64' title='bbox 3069 758 3222 814; x_wconf 91' lang='lat' dir='ltr'><strong>sunt,</strong></span> <span class='ocrx_word' id='word_1_65' title='bbox 3252 759 3308 804; x_wconf 89' lang='lat' dir='ltr'><strong>et</strong></span> <span class='ocrx_word' id='word_1_66' title='bbox 3338 764 3367 803; x_wconf 75' lang='grc' dir='ltr'><strong>ε</strong></span> <span class='ocrx_word' id='word_1_67' title='bbox 3393 751 3610 820; x_wconf 83' lang='lat' dir='ltr'><strong>quovis,</strong></span> <span class='ocrx_word' id='word_1_68' title='bbox 3638 761 3682 813; x_wconf 65' lang='lat' dir='ltr'><strong>ei</strong></span> 
     </span>
    </p>
   </div>
   <div class='ocr_carea' id='block_1_8' title="bbox 382 833 1185 910">
    <p class='ocr_par' dir='ltr' id='par_1_8' title="bbox 382 833 1185 910">
     <span class='ocr_line' id='line_1_8' title="bbox 382 833 1185 910; baseline 0.001 -25"><span class='ocrx_word' id='word_1_69' title='bbox 382 903 392 910; x_wconf 31' lang='lat'>.</span> <span class='ocrx_word' id='word_1_70' title='bbox 434 833 584 898; x_wconf 88' lang='lat' dir='ltr'><strong>velit,</strong></span> <span class='ocrx_word' id='word_1_71' title='bbox 618 833 774 887; x_wconf 76' lang='lat' dir='ltr'><strong>facile</strong></span> <span class='ocrx_word' id='word_1_72' title='bbox 803 833 906 902; x_wconf 75' lang='lat' dir='ltr'><strong>legi</strong></span> <span class='ocrx_word' id='word_1_73' title='bbox 937 841 1185 901; x_wconf 86' lang='lat' dir='ltr'><strong>possunt.</strong></span> 
     </span>
    </p>
   </div>
   <div class='ocr_carea' id='block_1_9' title="bbox 1033 949 1416 1004">
    <p class='ocr_par' dir='ltr' id='par_1_9' title="bbox 1033 949 1416 1004">
     <span class='ocr_line' id='line_1_9' title="bbox 1033 949 1416 1004; baseline -0.003 -1"><span class='ocrx_word' id='word_1_74' title='bbox 1033 951 1288 1004; x_wconf 72' lang='grc' dir='ltr'><strong>ΚΕΦΔΛ.</strong></span> <span class='ocrx_word' id='word_1_75' title='bbox 1331 949 1416 1004; x_wconf 66' lang='grc' dir='ltr'><strong>ις’.</strong></span> 
     </span>
    </p>
   </div>
   <div class='ocr_carea' id='block_1_10' title="bbox 438 1039 2010 1096">
    <p class='ocr_par' dir='ltr' id='par_1_10' title="bbox 438 1039 2010 1096">
     <span class='ocr_line' id='line_1_10' title="bbox 438 1039 2010 1096; baseline 0 -2"><span class='ocrx_word' id='word_1_76' title='bbox 438 1042 570 1094; x_wconf 80' lang='grc' dir='ltr'><strong>Ὀτι</strong></span> <span class='ocrx_word' id='word_1_77' title='bbox 600 1043 696 1095; x_wconf 77' lang='grc' dir='ltr'><strong>καὶ</strong></span> <span class='ocrx_word' id='word_1_78' title='bbox 741 1041 1016 1096; x_wconf 78' lang='grc' dir='ltr'><strong>’Λκέσιον</strong></span> <span class='ocrx_word' id='word_1_79' title='bbox 1049 1043 1159 1094; x_wconf 72' lang='grc' dir='ltr'><strong>τὸν</strong></span> <span class='ocrx_word' id='word_1_80' title='bbox 1187 1041 1308 1094; x_wconf 81' lang='grc' dir='ltr'><strong>τῶν</strong></span> <span class='ocrx_word' id='word_1_81' title='bbox 1339 1039 1733 1095; x_wconf 81' lang='grc' dir='ltr'><strong>Ναυατιανῶν</strong></span> <span class='ocrx_word' id='word_1_82' title='bbox 1762 1040 2010 1094; x_wconf 75' lang='grc' dir='ltr'><strong>ἐπίσκο-</strong></span> 
     </span>
    </p>
   </div>
   <div class='ocr_carea' id='block_1_11' title="bbox 505 1111 2007 1180">
    <p class='ocr_par' dir='ltr' id='par_1_11' title="bbox 505 1111 2007 1180">
     <span class='ocr_line' id='line_1_11' title="bbox 505 1111 2007 1180; baseline -0.001 -16"><span class='ocrx_word' id='word_1_83' title='bbox 505 1128 624 1164; x_wconf 77' lang='grc' dir='ltr'><em>πον</em></span> <span class='ocrx_word' id='word_1_84' title='bbox 648 1115 680 1164; x_wconf 86' lang='grc' dir='ltr'><strong>ό</strong></span> <span class='ocrx_word' id='word_1_85' title='bbox 707 1112 1008 1176; x_wconf 70' lang='grc' dir='ltr'><strong>,βασιλεὺς</strong></span> <span class='ocrx_word' id='word_1_86' title='bbox 1022 1114 1109 1176; x_wconf 76' lang='grc' dir='ltr'><strong>εἰς</strong></span> <span class='ocrx_word' id='word_1_87' title='bbox 1131 1111 1248 1178; x_wconf 79' lang='grc' dir='ltr'><strong>τὴν</strong></span> <span class='ocrx_word' id='word_1_88' title='bbox 1269 1111 1538 1166; x_wconf 77' lang='grc' dir='ltr'><strong>σύνοδον</strong></span> <span class='ocrx_word' id='word_1_89' title='bbox 1555 1112 2007 1180; x_wconf 76' lang='grc' dir='ltr'><strong>μετεστείλατο.</strong></span> 
     </span>
    </p>
   </div>
   <div class='ocr_carea' id='block_1_12' title="bbox 519 1220 2010 1292">
    <p class='ocr_par' dir='ltr' id='par_1_12' title="bbox 519 1220 2010 1292">
     <span class='ocr_line' id='line_1_12' title="bbox 519 1220 2010 1292; baseline -0.001 -16"><span class='ocrx_word' id='word_1_90' title='bbox 519 1221 580 1276; x_wconf 84' lang='grc'><strong>’0</strong></span> <span class='ocrx_word' id='word_1_91' title='bbox 614 1221 672 1274; x_wconf 82' lang='grc' dir='ltr'><strong>δὲ</strong></span> <span class='ocrx_word' id='word_1_92' title='bbox 722 1222 977 1292; x_wconf 70' lang='grc' dir='ltr'><strong>θεοφιλὴς</strong></span> <span class='ocrx_word' id='word_1_93' title='bbox 1012 1221 1293 1291; x_wconf 76' lang='grc' dir='ltr'><strong>βασιλεὺς,</strong></span> <span class='ocrx_word' id='word_1_94' title='bbox 1318 1225 1419 1291; x_wconf 84' lang='grc' dir='ltr'><strong>τῆς</strong></span> <span class='ocrx_word' id='word_1_95' title='bbox 1449 1221 1639 1290; x_wconf 79' lang='grc' dir='ltr'><strong>κοινῆς</strong></span> <span class='ocrx_word' id='word_1_96' title='bbox 1685 1220 2010 1291; x_wconf 82' lang='grc' dir='ltr'><strong>προμηθού-</strong></span> 
     </span>
    </p>
   </div>
   <div class='ocr_carea' id='block_1_13' title="bbox 446 1313 2007 1384">
    <p class='ocr_par' dir='ltr' id='par_1_13' title="bbox 446 1313 2007 1384">
     <span class='ocr_line' id='line_1_13' title="bbox 446 1313 2007 1384; baseline 0.001 -18"><span class='ocrx_word' id='word_1_97' title='bbox 446 1330 608 1384; x_wconf 80' lang='grc' dir='ltr'><strong>μενος</strong></span> <span class='ocrx_word' id='word_1_98' title='bbox 639 1315 899 1383; x_wconf 76' lang='grc' dir='ltr'><strong>ὁμονοίας</strong></span> <span class='ocrx_word' id='word_1_99' title='bbox 920 1353 935 1378; x_wconf 91' lang='grc'><strong>,</strong></span> <span class='ocrx_word' id='word_1_100' title='bbox 963 1314 1058 1365; x_wconf 82' lang='grc' dir='ltr'><strong>καὶ</strong></span> <span class='ocrx_word' id='word_1_101' title='bbox 1100 1315 1346 1366; x_wconf 76' lang='grc' dir='ltr'><strong>Ἀκέσιον</strong></span> <span class='ocrx_word' id='word_1_102' title='bbox 1376 1313 1468 1366; x_wconf 85' lang='grc' dir='ltr'><strong>τδν</strong></span> <span class='ocrx_word' id='word_1_103' title='bbox 1500 1313 1609 1366; x_wconf 83' lang='grc' dir='ltr'><strong>τῶν</strong></span> <span class='ocrx_word' id='word_1_104' title='bbox 1638 1313 2007 1367; x_wconf 86' lang='grc' dir='ltr'><strong>Ναυατιανῶν</strong></span> 
     </span>
    </p>
   </div>
   <div class='ocr_carea' id='block_1_14' title="bbox 436 1408 2009 1479">
    <p class='ocr_par' dir='ltr' id='par_1_14' title="bbox 436 1408 2009 1479">
     <span class='ocr_line' id='line_1_14' title="bbox 436 1408 2009 1479; baseline 0 -18"><span class='ocrx_word' id='word_1_105' title='bbox 436 1409 740 1461; x_wconf 67' lang='grc' dir='ltr'><strong>ἐπίσκοπον</strong></span> <span class='ocrx_word' id='word_1_106' title='bbox 770 1410 850 1472; x_wconf 82' lang='grc' dir='ltr'><strong>είς</strong></span> <span class='ocrx_word' id='word_1_107' title='bbox 891 1409 992 1478; x_wconf 78' lang='grc' dir='ltr'><strong>τὴν</strong></span> <span class='ocrx_word' id='word_1_108' title='bbox 1049 1409 1267 1462; x_wconf 79' lang='grc' dir='ltr'><strong>σύνοδον</strong></span> <span class='ocrx_word' id='word_1_109' title='bbox 1321 1408 1745 1479; x_wconf 71' lang='grc' dir='ltr'><strong>μετεστέλλετο,</strong></span> <span class='ocrx_word' id='word_1_110' title='bbox 1783 1409 1880 1460; x_wconf 78' lang='grc' dir='ltr'><strong>καὶ</strong></span> <span class='ocrx_word' id='word_1_111' title='bbox 1916 1408 2009 1462; x_wconf 86' lang='grc' dir='ltr'><strong>τὸν</strong></span> 
     </span>
    </p>
   </div>
   <div class='ocr_carea' id='block_1_15' title="bbox 436 1499 2010 1571">
    <p class='ocr_par' dir='ltr' id='par_1_15' title="bbox 436 1499 2010 1571">
     <span class='ocr_line' id='line_1_15' title="bbox 436 1499 2010 1571; baseline 0.002 -19"><span class='ocrx_word' id='word_1_112' title='bbox 436 1503 536 1570; x_wconf 83' lang='grc' dir='ltr'><strong>τῆς</strong></span> <span class='ocrx_word' id='word_1_113' title='bbox 583 1500 805 1554; x_wconf 79' lang='grc' dir='ltr'><strong>συνόδου</strong></span> <span class='ocrx_word' id='word_1_114' title='bbox 855 1501 980 1568; x_wconf 83' lang='grc' dir='ltr'><strong>ὅρον</strong></span> <span class='ocrx_word' id='word_1_115' title='bbox 1026 1501 1158 1567; x_wconf 80' lang='grc' dir='ltr'><strong>περί</strong></span> <span class='ocrx_word' id='word_1_116' title='bbox 1213 1517 1275 1553; x_wconf 91' lang='grc' dir='ltr'><strong>τε</strong></span> <span class='ocrx_word' id='word_1_117' title='bbox 1328 1501 1423 1554; x_wconf 83' lang='grc' dir='ltr'><strong>τοῦ</strong></span> <span class='ocrx_word' id='word_1_118' title='bbox 1477 1501 1750 1571; x_wconf 85' lang='grc' dir='ltr'><strong>δόγματος</strong></span> <span class='ocrx_word' id='word_1_119' title='bbox 1780 1499 2010 1570; x_wconf 76' lang='grc' dir='ltr'><strong>καὶτῆς</strong></span> 
     </span>
    </p>
   </div>
   <div class='ocr_carea' id='block_1_16' title="bbox 436 1591 2010 1662">
    <p class='ocr_par' dir='ltr' id='par_1_16' title="bbox 436 1591 2010 1662">
     <span class='ocr_line' id='line_1_16' title="bbox 436 1591 2010 1662; baseline 0.001 -18"><span class='ocrx_word' id='word_1_120' title='bbox 436 1592 633 1662; x_wconf 79' lang='grc' dir='ltr'><strong>ἑορτῆς</strong></span> <span class='ocrx_word' id='word_1_121' title='bbox 677 1592 988 1645; x_wconf 79' lang='grc' dir='ltr'><strong>ὑπεδείκνυ.</strong></span> <span class='ocrx_word' id='word_1_122' title='bbox 1039 1591 1256 1662; x_wconf 82' lang='grc' dir='ltr'><strong>’Πρώτα</strong></span> <span class='ocrx_word' id='word_1_123' title='bbox 1299 1609 1359 1644; x_wconf 86' lang='grc' dir='ltr'><strong>τε</strong></span> <span class='ocrx_word' id='word_1_124' title='bbox 1415 1594 1462 1644; x_wconf 78' lang='grc' dir='ltr'><strong>εί</strong></span> <span class='ocrx_word' id='word_1_125' title='bbox 1497 1593 1592 1645; x_wconf 77' lang='grc' dir='ltr'><strong>καὶ</strong></span> <span class='ocrx_word' id='word_1_126' title='bbox 1623 1591 1772 1660; x_wconf 83' lang='grc' dir='ltr'><strong>αύτῷ</strong></span> <span class='ocrx_word' id='word_1_127' title='bbox 1817 1591 1887 1645; x_wconf 87' lang='grc' dir='ltr'><strong>τὰ</strong></span> <span class='ocrx_word' id='word_1_128' title='bbox 1919 1591 2010 1645; x_wconf 82' lang='grc' dir='ltr'><strong>δό-</strong></span> 
     </span>
    </p>
   </div>
   <div class='ocr_carea' id='block_1_17' title="bbox 324 1683 2010 1754">
    <p class='ocr_par' dir='ltr' id='par_1_17' title="bbox 324 1683 2010 1754">
     <span class='ocr_line' id='line_1_17' title="bbox 324 1683 2010 1754; baseline 0.001 -17"><span class='ocrx_word' id='word_1_129' title='bbox 324 1707 338 1716; x_wconf 75' lang='grc' dir='ltr'><strong><em>ο</em></strong></span> <span class='ocrx_word' id='word_1_130' title='bbox 439 1693 612 1749; x_wconf 67' lang='grc' dir='ltr'><strong>ξαντα</strong></span> <span class='ocrx_word' id='word_1_131' title='bbox 658 1685 753 1737; x_wconf 79' lang='grc' dir='ltr'><strong>καὶ</strong></span> <span class='ocrx_word' id='word_1_132' title='bbox 808 1685 926 1749; x_wconf 82' lang='grc' dir='ltr'><strong>τοῖς</strong></span> <span class='ocrx_word' id='word_1_133' title='bbox 960 1683 1284 1746; x_wconf 67' lang='grc' dir='ltr'><strong>ἑπισκόποις</strong></span> <span class='ocrx_word' id='word_1_134' title='bbox 1333 1683 1704 1754; x_wconf 69' lang='grc' dir='ltr'><strong>βεϐαιωθέντα</strong></span> <span class='ocrx_word' id='word_1_135' title='bbox 1756 1685 1903 1738; x_wconf 83' lang='grc' dir='ltr'><strong>καλά</strong></span> <span class='ocrx_word' id='word_1_136' title='bbox 1943 1700 2010 1754; x_wconf 73' lang='grc' dir='ltr'><strong>γε</strong></span> 
     </span>
    </p>
   </div>
   <div class='ocr_carea' id='block_1_18' title="bbox 2558 860 2597 878">
    <p class='ocr_par' dir='ltr' id='par_1_18' title="bbox 2558 860 2597 878">
     <span class='ocr_line' id='line_1_18' title="bbox 2558 860 2597 878; baseline 0 0"><span class='ocrx_word' id='word_1_137' title='bbox 2558 860 2597 878; x_wconf 71' lang='grc'><em>⁴</em></span> 
     </span>
    </p>
   </div>
   <div class='ocr_carea' id='block_1_19' title="bbox 2717 946 3102 1007">
    <p class='ocr_par' dir='ltr' id='par_1_19' title="bbox 2717 946 3102 1007">
     <span class='ocr_line' id='line_1_19' title="bbox 2717 946 3102 1007; baseline -0.003 0"><span class='ocrx_word' id='word_1_138' title='bbox 2717 946 2949 1007; x_wconf 85' lang='lat' dir='ltr'><strong>CAPUT</strong></span> <span class='ocrx_word' id='word_1_139' title='bbox 2983 949 3102 1006; x_wconf 80' lang='lat' dir='ltr'><strong>XX.</strong></span> 
     </span>
    </p>
   </div>
   <div class='ocr_carea' id='block_1_20' title="bbox 2110 1037 3684 1114">
    <p class='ocr_par' dir='ltr' id='par_1_20' title="bbox 2110 1037 3684 1114">
     <span class='ocr_line' id='line_1_20' title="bbox 2110 1037 3684 1114; baseline 0.001 -20"><span class='ocrx_word' id='word_1_140' title='bbox 2110 1037 2259 1108; x_wconf 84' lang='lat' dir='ltr'><strong>Quod</strong></span> <span class='ocrx_word' id='word_1_141' title='bbox 2286 1042 2446 1097; x_wconf 81' lang='lat' dir='ltr'><strong>etiam</strong></span> <span class='ocrx_word' id='word_1_142' title='bbox 2483 1042 2730 1098; x_wconf 73' lang='lat' dir='ltr'><strong>Acetium</strong></span> <span class='ocrx_word' id='word_1_143' title='bbox 2753 1043 3173 1098; x_wconf 80' lang='lat' dir='ltr'><strong>Novatianorum</strong></span> <span class='ocrx_word' id='word_1_144' title='bbox 3201 1044 3492 1114; x_wconf 84' lang='lat' dir='ltr'><strong>episcopum</strong></span> <span class='ocrx_word' id='word_1_145' title='bbox 3515 1047 3684 1112; x_wconf 82' lang='lat' dir='ltr'><strong>impe-</strong></span> 
     </span>
    </p>
   </div>
   <div class='ocr_carea' id='block_1_21' title="bbox 2497 1115 3291 1184">
    <p class='ocr_par' dir='ltr' id='par_1_21' title="bbox 2497 1115 3291 1184">
     <span class='ocr_line' id='line_1_21' title="bbox 2497 1115 3291 1184; baseline 0.004 -19"><span class='ocrx_word' id='word_1_146' title='bbox 2497 1124 2645 1168; x_wconf 84' lang='lat' dir='ltr'><strong>rator</strong></span> <span class='ocrx_word' id='word_1_147' title='bbox 2666 1117 2719 1168; x_wconf 81' lang='lat' dir='ltr'><strong>in</strong></span> <span class='ocrx_word' id='word_1_148' title='bbox 2748 1115 3006 1184; x_wconf 80' lang='lat' dir='ltr'><strong>synodum</strong></span> <span class='ocrx_word' id='word_1_149' title='bbox 3026 1116 3291 1168; x_wconf 68' lang='lat' dir='ltr'><strong>occinerit.</strong></span> 
     </span>
    </p>
   </div>
   <div class='ocr_carea' id='block_1_22' title="bbox 2177 1223 3684 1296">
    <p class='ocr_par' dir='ltr' id='par_1_22' title="bbox 2177 1223 3684 1296">
     <span class='ocr_line' id='line_1_22' title="bbox 2177 1223 3684 1296; baseline -0.003 -17"><span class='ocrx_word' id='word_1_150' title='bbox 2177 1223 2445 1279; x_wconf 83' lang='lat' dir='ltr'><strong>Caeterum</strong></span> <span class='ocrx_word' id='word_1_151' title='bbox 2478 1226 2778 1296; x_wconf 81' lang='lat' dir='ltr'><strong>imperator</strong></span> <span class='ocrx_word' id='word_1_152' title='bbox 2807 1225 2902 1280; x_wconf 89' lang='lat' dir='ltr'><strong>Dei</strong></span> <span class='ocrx_word' id='word_1_153' title='bbox 2945 1225 3358 1280; x_wconf 86' lang='lat' dir='ltr'><strong>amantissimus</strong></span> <span class='ocrx_word' id='word_1_154' title='bbox 3383 1264 3397 1286; x_wconf 93' lang='lat'><strong>,</strong></span> <span class='ocrx_word' id='word_1_155' title='bbox 3428 1225 3496 1280; x_wconf 90' lang='lat' dir='ltr'><strong>de</strong></span> <span class='ocrx_word' id='word_1_156' title='bbox 3533 1239 3684 1278; x_wconf 89' lang='lat' dir='ltr'><strong>com-</strong></span> 
     </span>
    </p>
   </div>
   <div class='ocr_carea' id='block_1_23' title="bbox 2108 1315 3683 1386">
    <p class='ocr_par' dir='ltr' id='par_1_23' title="bbox 2108 1315 3683 1386">
     <span class='ocr_line' id='line_1_23' title="bbox 2108 1315 3683 1386; baseline -0.002 -18"><span class='ocrx_word' id='word_1_157' title='bbox 2108 1316 2257 1368; x_wconf 87' lang='lat' dir='ltr'><strong>muni</strong></span> <span class='ocrx_word' id='word_1_158' title='bbox 2293 1315 2586 1369; x_wconf 89' lang='lat' dir='ltr'><strong>concordia</strong></span> <span class='ocrx_word' id='word_1_159' title='bbox 2614 1315 2850 1370; x_wconf 83' lang='lat' dir='ltr'><strong>sollicite</strong></span> <span class='ocrx_word' id='word_1_160' title='bbox 2879 1315 3149 1386; x_wconf 84' lang='lat' dir='ltr'><strong>c0gitans,</strong></span> <span class='ocrx_word' id='word_1_161' title='bbox 3171 1315 3432 1370; x_wconf 87' lang='lat' dir='ltr'><strong>Acesium</strong></span> <span class='ocrx_word' id='word_1_162' title='bbox 3461 1330 3683 1386; x_wconf 79' lang='lat' dir='ltr'><strong>quoque</strong></span> 
     </span>
    </p>
   </div>
   <div class='ocr_carea' id='block_1_24' title="bbox 2065 1404 3750 1476">
    <p class='ocr_par' dir='ltr' id='par_1_24' title="bbox 2065 1404 3750 1476">
     <span class='ocr_line' id='line_1_24' title="bbox 2065 1404 3750 1476; baseline 0.003 -19"><span class='ocrx_word' id='word_1_163' title='bbox 2065 1447 2069 1450; x_wconf 90' lang='lat'><strong>.</strong></span> <span class='ocrx_word' id='word_1_164' title='bbox 2109 1404 2538 1460; x_wconf 89' lang='lat' dir='ltr'><strong>Novatianorum</strong></span> <span class='ocrx_word' id='word_1_165' title='bbox 2588 1404 2911 1476; x_wconf 74' lang='lat' dir='ltr'><strong>episcopum</strong></span> <span class='ocrx_word' id='word_1_166' title='bbox 2955 1405 3022 1460; x_wconf 89' lang='lat' dir='ltr'><strong>ad</strong></span> <span class='ocrx_word' id='word_1_167' title='bbox 3073 1405 3372 1459; x_wconf 89' lang='lat' dir='ltr'><strong>concilium</strong></span> <span class='ocrx_word' id='word_1_168' title='bbox 3404 1406 3678 1464; x_wconf 77' lang='lat' dir='ltr'><strong>evocavit,</strong></span> <span class='ocrx_word' id='word_1_169' title='bbox 3731 1442 3750 1462; x_wconf 66' lang='grc' dir='ltr'><strong>ς</strong></span> 
     </span>
    </p>
   </div>
   <div class='ocr_carea' id='block_1_25' title="bbox 2107 1491 3682 1563">
    <p class='ocr_par' dir='ltr' id='par_1_25' title="bbox 2107 1491 3682 1563">
     <span class='ocr_line' id='line_1_25' title="bbox 2107 1491 3682 1563; baseline -0.002 -16"><span class='ocrx_word' id='word_1_170' title='bbox 2107 1493 2270 1561; x_wconf 83' lang='lat' dir='ltr'><strong>eique</strong></span> <span class='ocrx_word' id='word_1_171' title='bbox 2308 1496 2364 1546; x_wconf 83' lang='lat' dir='ltr'><strong>et</strong></span> <span class='ocrx_word' id='word_1_172' title='bbox 2409 1491 2478 1546; x_wconf 87' lang='lat' dir='ltr'><strong>de</strong></span> <span class='ocrx_word' id='word_1_173' title='bbox 2527 1492 2653 1547; x_wconf 87' lang='lat' dir='ltr'><strong>lidei</strong></span> <span class='ocrx_word' id='word_1_174' title='bbox 2691 1491 2947 1563; x_wconf 83' lang='lat' dir='ltr'><strong>dogmate</strong></span> <span class='ocrx_word' id='word_1_175' title='bbox 2989 1504 3042 1547; x_wconf 92' lang='lat' dir='ltr'><strong>et</strong></span> <span class='ocrx_word' id='word_1_176' title='bbox 3073 1493 3142 1548; x_wconf 91' lang='lat' dir='ltr'><strong>de</strong></span> <span class='ocrx_word' id='word_1_177' title='bbox 3190 1493 3280 1548; x_wconf 84' lang='lat' dir='ltr'><strong>die</strong></span> <span class='ocrx_word' id='word_1_178' title='bbox 3313 1493 3454 1548; x_wconf 81' lang='lat' dir='ltr'><strong>testo</strong></span> <span class='ocrx_word' id='word_1_179' title='bbox 3490 1493 3682 1548; x_wconf 71' lang='lat' dir='ltr'><strong>decre-</strong></span> 
     </span>
    </p>
   </div>
   <div class='ocr_carea' id='block_1_26' title="bbox 2111 1584 3675 1665">
    <p class='ocr_par' dir='ltr' id='par_1_26' title="bbox 2111 1584 3675 1665">
     <span class='ocr_line' id='line_1_26' title="bbox 2111 1584 3675 1665; baseline 0 -28"><span class='ocrx_word' id='word_1_180' title='bbox 2111 1592 2228 1665; x_wconf 76' lang='lat' dir='ltr'><strong>tum</strong></span> <span class='ocrx_word' id='word_1_181' title='bbox 2263 1584 2459 1655; x_wconf 88' lang='lat' dir='ltr'><strong>synodi</strong></span> <span class='ocrx_word' id='word_1_182' title='bbox 2483 1585 2750 1650; x_wconf 87' lang='lat' dir='ltr'><strong>ostendit,</strong></span> <span class='ocrx_word' id='word_1_183' title='bbox 2786 1585 3260 1657; x_wconf 76' lang='lat' dir='ltr'><strong>interrogavitque</strong></span> <span class='ocrx_word' id='word_1_184' title='bbox 3289 1584 3427 1640; x_wconf 87' lang='lat' dir='ltr'><strong>adeo</strong></span> <span class='ocrx_word' id='word_1_185' title='bbox 3451 1600 3576 1640; x_wconf 88' lang='lat' dir='ltr'><strong>cum</strong></span> <span class='ocrx_word' id='word_1_186' title='bbox 3607 1601 3675 1638; x_wconf 90' lang='lat' dir='ltr'><strong>au</strong></span> 
     </span>
    </p>
   </div>
   <div class='ocr_carea' id='block_1_27' title="bbox 2108 1669 3677 1746">
    <p class='ocr_par' dir='ltr' id='par_1_27' title="bbox 2108 1669 3677 1746">
     <span class='ocr_line' id='line_1_27' title="bbox 2108 1669 3677 1746; baseline 0 -16"><span class='ocrx_word' id='word_1_187' title='bbox 2108 1689 2175 1731; x_wconf 83' lang='lat' dir='ltr'><strong>ea</strong></span> <span class='ocrx_word' id='word_1_188' title='bbox 2210 1686 2362 1734; x_wconf 81' lang='lat' dir='ltr'><strong>reete</strong></span> <span class='ocrx_word' id='word_1_189' title='bbox 2409 1675 2491 1731; x_wconf 83' lang='lat' dir='ltr'><strong>sic</strong></span> <span class='ocrx_word' id='word_1_190' title='bbox 2541 1676 2613 1730; x_wconf 88' lang='lat' dir='ltr'><strong>ab</strong></span> <span class='ocrx_word' id='word_1_191' title='bbox 2661 1669 2935 1746; x_wconf 79' lang='lat' dir='ltr'><strong>episcopis</strong></span> <span class='ocrx_word' id='word_1_192' title='bbox 2971 1685 3158 1731; x_wconf 89' lang='lat' dir='ltr'><strong>essent</strong></span> <span class='ocrx_word' id='word_1_193' title='bbox 3209 1677 3533 1732; x_wconf 90' lang='lat' dir='ltr'><strong>constituta.</strong></span> <span class='ocrx_word' id='word_1_194' title='bbox 3573 1675 3677 1743; x_wconf 85' lang='lat' dir='ltr'><strong>Qui</strong></span> 
     </span>
    </p>
   </div>
   <div class='ocr_carea' id='block_1_28' title="bbox 435 1767 2007 1855">
    <p class='ocr_par' dir='ltr' id='par_1_28' title="bbox 435 1772 2006 1845">
     <span class='ocr_line' id='line_1_28' title="bbox 435 1772 2006 1845; baseline 0 -17"><span class='ocrx_word' id='word_1_195' title='bbox 435 1772 580 1829; x_wconf 75' lang='grc' dir='ltr'><strong>εἶναι</strong></span> <span class='ocrx_word' id='word_1_196' title='bbox 609 1774 791 1828; x_wconf 78' lang='grc' dir='ltr'><strong>δοκεῖ·</strong></span> <span class='ocrx_word' id='word_1_197' title='bbox 829 1776 924 1830; x_wconf 81' lang='grc' dir='ltr'><strong>τὸν</strong></span> <span class='ocrx_word' id='word_1_198' title='bbox 959 1775 1006 1830; x_wconf 85' lang='grc' dir='ltr'><strong>δ’</strong></span> <span class='ocrx_word' id='word_1_199' title='bbox 1054 1776 1447 1842; x_wconf 67' lang='grc' dir='ltr'><strong>ἐπαινέσαντα,</strong></span> <span class='ocrx_word' id='word_1_200' title='bbox 1509 1775 1681 1845; x_wconf 80' lang='grc' dir='ltr'><strong>μηδέν</strong></span> <span class='ocrx_word' id='word_1_201' title='bbox 1723 1793 1774 1829; x_wconf 90' lang='grc' dir='ltr'><strong>τι</strong></span> <span class='ocrx_word' id='word_1_202' title='bbox 1818 1777 2006 1830; x_wconf 80' lang='grc' dir='ltr'><strong>καινὸν</strong></span> 
     </span>
    </p>
   </div>
   <div class='ocr_carea' id='block_1_29' title="bbox 2110 1767 3679 1855">
    <p class='ocr_par' dir='ltr' id='par_1_29' title="bbox 2110 1767 3679 1837">
     <span class='ocr_line' id='line_1_29' title="bbox 2110 1767 3679 1837; baseline 0.001 -17"><span class='ocrx_word' id='word_1_203' title='bbox 2110 1781 2237 1821; x_wconf 87' lang='lat' dir='ltr'><strong>eum</strong></span> <span class='ocrx_word' id='word_1_204' title='bbox 2267 1782 2330 1822; x_wconf 89' lang='lat' dir='ltr'><strong>ea</strong></span> <span class='ocrx_word' id='word_1_205' title='bbox 2361 1767 2658 1835; x_wconf 80' lang='lat' dir='ltr'><strong>laudasset,</strong></span> <span class='ocrx_word' id='word_1_206' title='bbox 2695 1783 2874 1837; x_wconf 85' lang='lat' dir='ltr'><strong>neque</strong></span> <span class='ocrx_word' id='word_1_207' title='bbox 2906 1771 3030 1822; x_wconf 91' lang='lat' dir='ltr'><strong>novi</strong></span> <span class='ocrx_word' id='word_1_208' title='bbox 3061 1768 3358 1837; x_wconf 82' lang='lat' dir='ltr'><strong>quidquam</strong></span> <span class='ocrx_word' id='word_1_209' title='bbox 3391 1768 3679 1823; x_wconf 81' lang='lat' dir='ltr'><strong>deﬁnitum</strong></span> 
     </span>
    </p>
   </div>
   <div class='ocr_carea' id='block_1_30' title="bbox 435 1866 2008 1938">
    <p class='ocr_par' dir='ltr' id='par_1_30' title="bbox 435 1866 2008 1938">
     <span class='ocr_line' id='line_1_30' title="bbox 435 1866 2008 1938; baseline -0.003 -16"><span class='ocrx_word' id='word_1_210' title='bbox 435 1868 728 1937; x_wconf 70' lang='grc' dir='ltr'><strong>ὁρίσασθαι</strong></span> <span class='ocrx_word' id='word_1_211' title='bbox 760 1866 955 1936; x_wconf 83' lang='grc' dir='ltr'><strong>φάναι.</strong></span> <span class='ocrx_word' id='word_1_212' title='bbox 989 1866 1096 1919; x_wconf 71' lang='grc' dir='ltr'><strong>Καὶ</strong></span> <span class='ocrx_word' id='word_1_213' title='bbox 1121 1867 1285 1920; x_wconf 79' lang='grc' dir='ltr'><strong>αὐτὸν</strong></span> <span class='ocrx_word' id='word_1_214' title='bbox 1319 1867 1428 1934; x_wconf 83' lang='grc' dir='ltr'><strong>γάρ</strong></span> <span class='ocrx_word' id='word_1_215' title='bbox 1459 1866 1601 1920; x_wconf 77' lang='grc' dir='ltr'><strong>οὕτω</strong></span> <span class='ocrx_word' id='word_1_216' title='bbox 1624 1867 1834 1920; x_wconf 79' lang='grc' dir='ltr'><strong>ἄνωθεν</strong></span> <span class='ocrx_word' id='word_1_217' title='bbox 1861 1866 2008 1938; x_wconf 86' lang='grc' dir='ltr'><strong>είλη-</strong></span> 
     </span>
    </p>
   </div>
   <div class='ocr_carea' id='block_1_31' title="bbox 442 1959 2012 2030">
    <p class='ocr_par' dir='ltr' id='par_1_31' title="bbox 442 1959 2012 2030">
     <span class='ocr_line' id='line_1_31' title="bbox 442 1959 2012 2030; baseline 0 -18"><span class='ocrx_word' id='word_1_218' title='bbox 442 1963 603 2029; x_wconf 79' lang='grc' dir='ltr'><strong>φέναι</strong></span> <span class='ocrx_word' id='word_1_219' title='bbox 633 1961 696 2013; x_wconf 82' lang='grc' dir='ltr'><strong>τὸ</strong></span> <span class='ocrx_word' id='word_1_220' title='bbox 731 1961 934 2028; x_wconf 87' lang='grc' dir='ltr'><strong>δόγμα,</strong></span> <span class='ocrx_word' id='word_1_221' title='bbox 967 1962 1064 2013; x_wconf 71' lang='grc' dir='ltr'><strong>καὶ</strong></span> <span class='ocrx_word' id='word_1_222' title='bbox 1109 1960 1253 2012; x_wconf 74' lang='grc' dir='ltr'><strong>οὕτω</strong></span> <span class='ocrx_word' id='word_1_223' title='bbox 1287 1959 1350 2029; x_wconf 86' lang='grc' dir='ltr'><strong>δὴ</strong></span> <span class='ocrx_word' id='word_1_224' title='bbox 1387 1959 1690 2030; x_wconf 76' lang='grc' dir='ltr'><strong>ἑορτάζειν.</strong></span> <span class='ocrx_word' id='word_1_225' title='bbox 1737 1959 1794 2012; x_wconf 87' lang='grc'><strong>’0</strong></span> <span class='ocrx_word' id='word_1_226' title='bbox 1829 1960 1885 2012; x_wconf 81' lang='grc' dir='ltr'><strong>δὲ</strong></span> <span class='ocrx_word' id='word_1_227' title='bbox 1919 1960 2012 2030; x_wconf 83' lang='grc' dir='ltr'><strong>βα-</strong></span> 
     </span>
    </p>
   </div>
   <div class='ocr_carea' id='block_1_32' title="bbox 440 2046 2008 2120">
    <p class='ocr_par' dir='ltr' id='par_1_32' title="bbox 440 2046 2008 2120">
     <span class='ocr_line' id='line_1_32' title="bbox 440 2046 2008 2120; baseline 0.003 -20"><span class='ocrx_word' id='word_1_228' title='bbox 440 2049 626 2111; x_wconf 82' lang='grc' dir='ltr'><strong>σιλεὺς</strong></span> <span class='ocrx_word' id='word_1_229' title='bbox 653 2089 666 2111; x_wconf 88' lang='grc'><strong>,</strong></span> <span class='ocrx_word' id='word_1_230' title='bbox 721 2049 786 2100; x_wconf 87' lang='grc' dir='ltr'><strong>Τί</strong></span> <span class='ocrx_word' id='word_1_231' title='bbox 841 2046 935 2100; x_wconf 76' lang='grc' dir='ltr'><strong>οὖν</strong></span> <span class='ocrx_word' id='word_1_232' title='bbox 975 2047 1120 2101; x_wconf 81' lang='grc' dir='ltr'><strong>οὕτω</strong></span> <span class='ocrx_word' id='word_1_233' title='bbox 1153 2048 1416 2115; x_wconf 76' lang='grc' dir='ltr'><strong>δοξάζων,</strong></span> <span class='ocrx_word' id='word_1_234' title='bbox 1448 2048 1566 2112; x_wconf 83' lang='grc' dir='ltr'><strong>πῶς</strong></span> <span class='ocrx_word' id='word_1_235' title='bbox 1608 2049 1704 2102; x_wconf 80' lang='grc' dir='ltr'><strong>τοῦ</strong></span> <span class='ocrx_word' id='word_1_236' title='bbox 1744 2051 1840 2104; x_wconf 76' lang='grc' dir='ltr'><strong>σὺν</strong></span> <span class='ocrx_word' id='word_1_237' title='bbox 1876 2052 2008 2120; x_wconf 80' lang='grc' dir='ltr'><strong>ἡμῖν</strong></span> 
     </span>
    </p>
   </div>
   <div class='ocr_carea' id='block_1_33' title="bbox 439 2139 2009 2212">
    <p class='ocr_par' dir='ltr' id='par_1_33' title="bbox 439 2139 2009 2212">
     <span class='ocr_line' id='line_1_33' title="bbox 439 2139 2009 2212; baseline 0.001 -19"><span class='ocrx_word' id='word_1_238' title='bbox 439 2142 716 2193; x_wconf 76' lang='grc' dir='ltr'><strong>κοινωνεῖν</strong></span> <span class='ocrx_word' id='word_1_239' title='bbox 769 2139 1117 2210; x_wconf 73' lang='grc' dir='ltr'><strong>πορρωτέρω</strong></span> <span class='ocrx_word' id='word_1_240' title='bbox 1180 2142 1348 2212; x_wconf 84' lang='grc' dir='ltr'><strong>γίνῃ;</strong></span> <span class='ocrx_word' id='word_1_241' title='bbox 1413 2140 1522 2193; x_wconf 72' lang='grc' dir='ltr'><strong>Καὶ</strong></span> <span class='ocrx_word' id='word_1_242' title='bbox 1584 2140 1642 2203; x_wconf 84' lang='grc' dir='ltr'><strong>ὃς</strong></span> <span class='ocrx_word' id='word_1_243' title='bbox 1707 2143 1808 2210; x_wconf 82' lang='grc' dir='ltr'><strong>τὴν</strong></span> <span class='ocrx_word' id='word_1_244' title='bbox 1867 2144 2009 2195; x_wconf 77' lang='grc' dir='ltr'><strong>κατὰ</strong></span> 
     </span>
    </p>
   </div>
   <div class='ocr_carea' id='block_1_34' title="bbox 438 2233 2010 2303">
    <p class='ocr_par' dir='ltr' id='par_1_34' title="bbox 438 2233 2010 2303">
     <span class='ocr_line' id='line_1_34' title="bbox 438 2233 2010 2303; baseline 0.001 -18"><span class='ocrx_word' id='word_1_245' title='bbox 438 2233 693 2285; x_wconf 81' lang='grc' dir='ltr'><strong>Ναυᾶτον</strong></span> <span class='ocrx_word' id='word_1_246' title='bbox 736 2233 830 2285; x_wconf 69' lang='grc' dir='ltr'><strong>καὶ</strong></span> <span class='ocrx_word' id='word_1_247' title='bbox 861 2233 1170 2301; x_wconf 81' lang='grc' dir='ltr'><strong>Κορνήλιον</strong></span> <span class='ocrx_word' id='word_1_248' title='bbox 1197 2233 1288 2285; x_wconf 81' lang='grc' dir='ltr'><strong>τὸν</strong></span> <span class='ocrx_word' id='word_1_249' title='bbox 1329 2233 1548 2303; x_wconf 83' lang='grc' dir='ltr'><strong>Ῥώμης</strong></span> <span class='ocrx_word' id='word_1_250' title='bbox 1573 2233 1842 2302; x_wconf 84' lang='grc' dir='ltr'><strong>διαφοράν</strong></span> <span class='ocrx_word' id='word_1_251' title='bbox 1879 2235 2010 2287; x_wconf 86' lang='grc' dir='ltr'><strong>ύπε-</strong></span> 
     </span>
    </p>
   </div>
   <div class='ocr_carea' id='block_1_35' title="bbox 441 2323 2009 2395">
    <p class='ocr_par' dir='ltr' id='par_1_35' title="bbox 441 2323 2009 2395">
     <span class='ocr_line' id='line_1_35' title="bbox 441 2323 2009 2395; baseline 0.004 -23"><span class='ocrx_word' id='word_1_252' title='bbox 441 2323 716 2392; x_wconf 85' lang='grc' dir='ltr'><strong>μίμνησκε</strong></span> <span class='ocrx_word' id='word_1_253' title='bbox 761 2323 905 2376; x_wconf 80' lang='grc' dir='ltr'><strong>κατὰ</strong></span> <span class='ocrx_word' id='word_1_254' title='bbox 935 2324 1124 2377; x_wconf 83' lang='grc' dir='ltr'><strong>Δέκιον</strong></span> <span class='ocrx_word' id='word_1_255' title='bbox 1152 2337 1166 2350; x_wconf 74' lang='grc'><strong><em>⁵</em></strong></span> <span class='ocrx_word' id='word_1_256' title='bbox 1213 2323 1408 2392; x_wconf 83' lang='grc' dir='ltr'><strong>ὅτιπερ</strong></span> <span class='ocrx_word' id='word_1_257' title='bbox 1445 2325 1570 2386; x_wconf 78' lang='grc' dir='ltr'><strong>τοὺς</strong></span> <span class='ocrx_word' id='word_1_258' title='bbox 1619 2326 1761 2395; x_wconf 85' lang='grc' dir='ltr'><strong>μετὰ</strong></span> <span class='ocrx_word' id='word_1_259' title='bbox 1814 2324 1878 2377; x_wconf 80' lang='grc' dir='ltr'><strong>τὸ</strong></span> <span class='ocrx_word' id='word_1_260' title='bbox 1912 2324 2009 2394; x_wconf 85' lang='grc' dir='ltr'><strong>βά-</strong></span> 
     </span>
    </p>
   </div>
   <div class='ocr_carea' id='block_1_36' title="bbox 439 2413 2006 2487">
    <p class='ocr_par' dir='ltr' id='par_1_36' title="bbox 439 2413 2006 2487">
     <span class='ocr_line' id='line_1_36' title="bbox 439 2413 2006 2487; baseline 0.003 -21"><span class='ocrx_word' id='word_1_261' title='bbox 439 2432 654 2484; x_wconf 82' lang='grc' dir='ltr'><strong>πτισμα</strong></span> <span class='ocrx_word' id='word_1_262' title='bbox 711 2415 1057 2486; x_wconf 75' lang='grc' dir='ltr'><strong>ἁμαρτόντας</strong></span> <span class='ocrx_word' id='word_1_263' title='bbox 1098 2413 1199 2486; x_wconf 80' lang='grc' dir='ltr'><strong>τὴν</strong></span> <span class='ocrx_word' id='word_1_264' title='bbox 1226 2417 1362 2486; x_wconf 64' lang='grc' dir='ltr'><strong>πρὸς</strong></span> <span class='ocrx_word' id='word_1_265' title='bbox 1405 2416 1634 2470; x_wconf 83' lang='grc' dir='ltr'><strong>θάνατον</strong></span> <span class='ocrx_word' id='word_1_266' title='bbox 1703 2418 2006 2487; x_wconf 76' lang='grc' dir='ltr'><strong>ἁμαρτίαν,</strong></span> 
     </span>
    </p>
   </div>
   <div class='ocr_carea' id='block_1_37' title="bbox 444 2508 2009 2580">
    <p class='ocr_par' dir='ltr' id='par_1_37' title="bbox 444 2508 2009 2580">
     <span class='ocr_line' id='line_1_37' title="bbox 444 2508 2009 2580; baseline 0.001 -20"><span class='ocrx_word' id='word_1_267' title='bbox 444 2512 542 2560; x_wconf 80' lang='grc' dir='ltr'><strong>καὶ</strong></span> <span class='ocrx_word' id='word_1_268' title='bbox 588 2508 998 2574; x_wconf 84' lang='grc' dir='ltr'><strong>ὲπιθύσαντας,</strong></span> <span class='ocrx_word' id='word_1_269' title='bbox 1055 2509 1219 2562; x_wconf 80' lang='grc' dir='ltr'><strong>θείων</strong></span> <span class='ocrx_word' id='word_1_270' title='bbox 1270 2510 1589 2580; x_wconf 78' lang='grc' dir='ltr'><strong>μυστηρίων</strong></span> <span class='ocrx_word' id='word_1_271' title='bbox 1620 2510 1856 2580; x_wconf 78' lang='grc' dir='ltr'><strong>ἀπηξίου</strong></span> <span class='ocrx_word' id='word_1_272' title='bbox 1910 2511 2009 2580; x_wconf 84' lang='grc' dir='ltr'><strong>τῆς</strong></span> 
     </span>
    </p>
   </div>
   <div class='ocr_carea' id='block_1_38' title="bbox 441 2593 2008 2668">
    <p class='ocr_par' dir='ltr' id='par_1_38' title="bbox 441 2593 2008 2668">
     <span class='ocr_line' id='line_1_38' title="bbox 441 2593 2008 2668; baseline 0.001 -18"><span class='ocrx_word' id='word_1_273' title='bbox 441 2598 752 2660; x_wconf 85' lang='grc' dir='ltr'><strong>κοινωνίας.</strong></span> <span class='ocrx_word' id='word_1_274' title='bbox 811 2596 946 2650; x_wconf 84' lang='grc' dir='ltr'><strong>Θεοῦ</strong></span> <span class='ocrx_word' id='word_1_275' title='bbox 1005 2597 1116 2668; x_wconf 87' lang='grc' dir='ltr'><strong>γάρ</strong></span> <span class='ocrx_word' id='word_1_276' title='bbox 1176 2593 1319 2650; x_wconf 71' lang='grc' dir='ltr'><strong>εῖναι</strong></span> <span class='ocrx_word' id='word_1_277' title='bbox 1384 2599 1481 2665; x_wconf 72' lang='grc' dir='ltr'><strong>τῆς</strong></span> <span class='ocrx_word' id='word_1_278' title='bbox 1540 2597 1791 2663; x_wconf 75' lang='grc' dir='ltr'><strong>ἐξουσίας</strong></span> <span class='ocrx_word' id='word_1_279' title='bbox 1851 2599 2008 2667; x_wconf 81' lang='grc' dir='ltr'><strong>ἔλεγε</strong></span> 
     </span>
    </p>
   </div>
   <div class='ocr_carea' id='block_1_39' title="bbox 453 2689 2006 2761">
    <p class='ocr_par' dir='ltr' id='par_1_39' title="bbox 453 2689 2006 2761">
     <span class='ocr_line' id='line_1_39' title="bbox 453 2689 2006 2761; baseline -0.001 -17"><span class='ocrx_word' id='word_1_280' title='bbox 453 2691 643 2761; x_wconf 84' lang='grc' dir='ltr'><strong>μόνου,</strong></span> <span class='ocrx_word' id='word_1_281' title='bbox 691 2690 788 2744; x_wconf 77' lang='grc' dir='ltr'><strong>καὶ</strong></span> <span class='ocrx_word' id='word_1_282' title='bbox 825 2689 926 2760; x_wconf 81' lang='grc' dir='ltr'><strong>οὐχ</strong></span> <span class='ocrx_word' id='word_1_283' title='bbox 979 2689 1210 2759; x_wconf 81' lang='grc' dir='ltr'><strong>ἱερέων,</strong></span> <span class='ocrx_word' id='word_1_284' title='bbox 1251 2689 1618 2759; x_wconf 80' lang='grc' dir='ltr'><strong>πρυτανεύειν</strong></span> <span class='ocrx_word' id='word_1_285' title='bbox 1659 2689 1876 2752; x_wconf 80' lang='grc' dir='ltr'><strong>τούτοις</strong></span> <span class='ocrx_word' id='word_1_286' title='bbox 1907 2691 2006 2754; x_wconf 74' lang='grc' dir='ltr'><strong>τὴν</strong></span> 
     </span>
    </p>
   </div>
   <div class='ocr_carea' id='block_1_40' title="bbox 440 2779 2007 2852">
    <p class='ocr_par' dir='ltr' id='par_1_40' title="bbox 440 2779 2007 2852">
     <span class='ocr_line' id='line_1_40' title="bbox 440 2779 2007 2852; baseline -0.001 -16"><span class='ocrx_word' id='word_1_287' title='bbox 440 2782 656 2849; x_wconf 73' lang='grc' dir='ltr'><strong>ἄφεσιν.</strong></span> <span class='ocrx_word' id='word_1_288' title='bbox 707 2781 768 2834; x_wconf 86' lang='grc' dir='ltr'><strong>Ὀ</strong></span> <span class='ocrx_word' id='word_1_289' title='bbox 809 2781 865 2835; x_wconf 85' lang='grc' dir='ltr'><strong>δὲ</strong></span> <span class='ocrx_word' id='word_1_290' title='bbox 901 2779 1160 2850; x_wconf 76' lang='grc' dir='ltr'><strong>βασιλεὺς</strong></span> <span class='ocrx_word' id='word_1_291' title='bbox 1189 2780 1266 2844; x_wconf 83' lang='grc' dir='ltr'><strong>ὡς</strong></span> <span class='ocrx_word' id='word_1_292' title='bbox 1303 2782 1468 2850; x_wconf 87' lang='grc' dir='ltr'><strong>τάχος</strong></span> <span class='ocrx_word' id='word_1_293' title='bbox 1500 2781 1742 2852; x_wconf 79' lang='grc' dir='ltr'><strong>ὑπέφερε</strong></span> <span class='ocrx_word' id='word_1_294' title='bbox 1764 2797 1778 2811; x_wconf 89' lang='grc'><strong>·</strong></span> <span class='ocrx_word' id='word_1_295' title='bbox 1807 2782 1929 2846; x_wconf 79' lang='grc' dir='ltr'><strong>Θὲς,</strong></span> <span class='ocrx_word' id='word_1_296' title='bbox 1962 2781 2007 2834; x_wconf 81' lang='grc' dir='ltr'>ὦ</span> 
     </span>
    </p>
   </div>
   <div class='ocr_carea' id='block_1_41' title="bbox 451 2871 2004 2945">
    <p class='ocr_par' dir='ltr' id='par_1_41' title="bbox 451 2871 2004 2945">
     <span class='ocr_line' id='line_1_41' title="bbox 451 2871 2004 2945; baseline 0 -18"><span class='ocrx_word' id='word_1_297' title='bbox 451 2871 690 2938; x_wconf 82' lang='grc' dir='ltr'><strong>’Δκέσιε,</strong></span> <span class='ocrx_word' id='word_1_298' title='bbox 717 2873 988 2944; x_wconf 75' lang='grc' dir='ltr'><strong>κλίμακα,</strong></span> <span class='ocrx_word' id='word_1_299' title='bbox 1029 2875 1124 2926; x_wconf 75' lang='grc' dir='ltr'><strong>καὶ</strong></span> <span class='ocrx_word' id='word_1_300' title='bbox 1151 2872 1318 2942; x_wconf 83' lang='grc' dir='ltr'><strong>μόνος</strong></span> <span class='ocrx_word' id='word_1_301' title='bbox 1340 2873 1420 2936; x_wconf 76' lang='grc' dir='ltr'><strong>είς</strong></span> <span class='ocrx_word' id='word_1_302' title='bbox 1447 2873 1712 2943; x_wconf 82' lang='grc' dir='ltr'><strong>οὐρανοὺς</strong></span> <span class='ocrx_word' id='word_1_303' title='bbox 1747 2873 2004 2945; x_wconf 81' lang='grc' dir='ltr'><strong>ἀνάσηθι.</strong></span> 
     </span>
    </p>
   </div>
   <div class='ocr_carea' id='block_1_42' title="bbox 441 2964 2006 3036">
    <p class='ocr_par' dir='ltr' id='par_1_42' title="bbox 441 2964 2006 3036">
     <span class='ocr_line' id='line_1_42' title="bbox 441 2964 2006 3036; baseline 0.001 -18"><span class='ocrx_word' id='word_1_304' title='bbox 441 2965 628 3018; x_wconf 75' lang='grc' dir='ltr'><strong>Ταῦτα</strong></span> <span class='ocrx_word' id='word_1_305' title='bbox 681 2966 727 3018; x_wconf 81' lang='grc' dir='ltr'><strong>δ’</strong></span> <span class='ocrx_word' id='word_1_306' title='bbox 774 2967 952 3018; x_wconf 81' lang='grc' dir='ltr'><strong>εἰπεῖν</strong></span> <span class='ocrx_word' id='word_1_307' title='bbox 993 2964 1084 3016; x_wconf 83' lang='grc' dir='ltr'><strong>τὸν</strong></span> <span class='ocrx_word' id='word_1_308' title='bbox 1137 2964 1470 3034; x_wconf 81' lang='grc' dir='ltr'><strong>κρατοῦντα,</strong></span> <span class='ocrx_word' id='word_1_309' title='bbox 1505 2964 1582 3036; x_wconf 84' lang='grc' dir='ltr'><strong>μὴ</strong></span> <span class='ocrx_word' id='word_1_310' title='bbox 1625 2965 1717 3018; x_wconf 73' lang='grc' dir='ltr'><strong>τὸν</strong></span> <span class='ocrx_word' id='word_1_311' title='bbox 1759 2965 2006 3020; x_wconf 87' lang='grc' dir='ltr'><strong>Ἀκέσιον</strong></span> 
     </span>
    </p>
   </div>
   <div class='ocr_carea' id='block_1_43' title="bbox 440 3057 2005 3130">
    <p class='ocr_par' dir='ltr' id='par_1_43' title="bbox 440 3057 2005 3130">
     <span class='ocr_line' id='line_1_43' title="bbox 440 3057 2005 3130; baseline 0 -18"><span class='ocrx_word' id='word_1_312' title='bbox 440 3058 790 3119; x_wconf 77' lang='grc' dir='ltr'><strong>ἐπαινοῦντα.</strong></span> <span class='ocrx_word' id='word_1_313' title='bbox 821 3057 936 3111; x_wconf 82' lang='grc' dir='ltr'><strong>ἀλλ’</strong></span> <span class='ocrx_word' id='word_1_314' title='bbox 964 3059 1156 3126; x_wconf 78' lang='grc' dir='ltr'><strong>ὅτιπερ</strong></span> <span class='ocrx_word' id='word_1_315' title='bbox 1209 3057 1598 3127; x_wconf 81' lang='grc' dir='ltr'><strong>ἀναμάρτητον</strong></span> <span class='ocrx_word' id='word_1_316' title='bbox 1629 3057 1826 3111; x_wconf 78' lang='grc' dir='ltr'><strong>ἑαυτὸν</strong></span> <span class='ocrx_word' id='word_1_317' title='bbox 1866 3060 2005 3130; x_wconf 83' lang='grc' dir='ltr'><strong>τάχα</strong></span> 
     </span>
    </p>
   </div>
   <div class='ocr_carea' id='block_1_44' title="bbox 2109 1857 3682 1930">
    <p class='ocr_par' dir='ltr' id='par_1_44' title="bbox 2109 1857 3682 1930">
     <span class='ocr_line' id='line_1_44' title="bbox 2109 1857 3682 1930; baseline 0.001 -18"><span class='ocrx_word' id='word_1_318' title='bbox 2109 1872 2231 1914; x_wconf 89' lang='lat' dir='ltr'><strong>esse</strong></span> <span class='ocrx_word' id='word_1_319' title='bbox 2264 1857 2521 1922; x_wconf 74' lang='lat' dir='ltr'><strong>dixisset,</strong></span> <span class='ocrx_word' id='word_1_320' title='bbox 2575 1873 2635 1914; x_wconf 89' lang='lat' dir='ltr'><strong>se</strong></span> <span class='ocrx_word' id='word_1_321' title='bbox 2682 1859 2831 1914; x_wconf 89' lang='lat' dir='ltr'><strong>enim</strong></span> <span class='ocrx_word' id='word_1_322' title='bbox 2863 1867 2918 1914; x_wconf 88' lang='lat' dir='ltr'><strong>et</strong></span> <span class='ocrx_word' id='word_1_323' title='bbox 2949 1859 3090 1913; x_wconf 87' lang='lat' dir='ltr'><strong>idem</strong></span> <span class='ocrx_word' id='word_1_324' title='bbox 3119 1860 3312 1930; x_wconf 81' lang='lat' dir='ltr'><strong>dogma</strong></span> <span class='ocrx_word' id='word_1_325' title='bbox 3343 1859 3471 1914; x_wconf 82' lang='lat' dir='ltr'><strong>ﬁdei</strong></span> <span class='ocrx_word' id='word_1_326' title='bbox 3503 1876 3533 1913; x_wconf 91' lang='lat' dir='ltr'><strong>a</strong></span> <span class='ocrx_word' id='word_1_327' title='bbox 3568 1876 3682 1913; x_wconf 91' lang='lat' dir='ltr'><strong>ma-</strong></span> 
     </span>
    </p>
   </div>
   <div class='ocr_carea' id='block_1_45' title="bbox 2104 1949 3677 2021">
    <p class='ocr_par' dir='ltr' id='par_1_45' title="bbox 2104 1949 3677 2021">
     <span class='ocr_line' id='line_1_45' title="bbox 2104 1949 3677 2021; baseline -0.001 -18"><span class='ocrx_word' id='word_1_328' title='bbox 2104 1949 2322 2021; x_wconf 80' lang='lat' dir='ltr'><strong>joribus</strong></span> <span class='ocrx_word' id='word_1_329' title='bbox 2346 1952 2644 2019; x_wconf 85' lang='lat' dir='ltr'><strong>accepisse,</strong></span> <span class='ocrx_word' id='word_1_330' title='bbox 2672 1960 2728 2006; x_wconf 88' lang='lat' dir='ltr'><strong>et</strong></span> <span class='ocrx_word' id='word_1_331' title='bbox 2757 1967 3037 2020; x_wconf 83' lang='lat' dir='ltr'><strong>nunquam</strong></span> <span class='ocrx_word' id='word_1_332' title='bbox 3063 1953 3220 2007; x_wconf 81' lang='lat' dir='ltr'><strong>aliter</strong></span> <span class='ocrx_word' id='word_1_333' title='bbox 3240 1953 3460 2007; x_wconf 66' lang='lat' dir='ltr'><strong>Pascha:</strong></span> <span class='ocrx_word' id='word_1_334' title='bbox 3480 1952 3677 2006; x_wconf 77' lang='lat' dir='ltr'><strong>festum</strong></span> 
     </span>
    </p>
   </div>
   <div class='ocr_carea' id='block_1_46' title="bbox 2109 2042 3676 2114">
    <p class='ocr_par' dir='ltr' id='par_1_46' title="bbox 2109 2042 3676 2114">
     <span class='ocr_line' id='line_1_46' title="bbox 2109 2042 3676 2114; baseline 0.001 -19"><span class='ocrx_word' id='word_1_335' title='bbox 2109 2042 2442 2107; x_wconf 84' lang='lat' dir='ltr'><strong>celebrasse,</strong></span> <span class='ocrx_word' id='word_1_336' title='bbox 2475 2043 2796 2113; x_wconf 84' lang='lat' dir='ltr'><strong>imperator,</strong></span> <span class='ocrx_word' id='word_1_337' title='bbox 2831 2043 2936 2109; x_wconf 87' lang='lat' dir='ltr'><strong>Qui</strong></span> <span class='ocrx_word' id='word_1_338' title='bbox 2993 2043 3182 2113; x_wconf 79' lang='lat' dir='ltr'><strong>igitur,</strong></span> <span class='ocrx_word' id='word_1_339' title='bbox 3209 2043 3428 2114; x_wconf 90' lang='lat' dir='ltr'><strong>inquit,</strong></span> <span class='ocrx_word' id='word_1_340' title='bbox 3463 2060 3586 2100; x_wconf 91' lang='lat' dir='ltr'><strong>cum</strong></span> <span class='ocrx_word' id='word_1_341' title='bbox 3623 2046 3676 2097; x_wconf 90' lang='lat' dir='ltr'><strong>in</strong></span> 
     </span>
    </p>
   </div>
   <div class='ocr_carea' id='block_1_47' title="bbox 2107 2135 3680 2204">
    <p class='ocr_par' dir='ltr' id='par_1_47' title="bbox 2107 2135 3680 2204">
     <span class='ocr_line' id='line_1_47' title="bbox 2107 2135 3680 2204; baseline 0.001 -15"><span class='ocrx_word' id='word_1_342' title='bbox 2107 2135 2298 2190; x_wconf 88' lang='lat' dir='ltr'><strong>eadem</strong></span> <span class='ocrx_word' id='word_1_343' title='bbox 2360 2135 2436 2190; x_wconf 88' lang='lat' dir='ltr'><strong>sis</strong></span> <span class='ocrx_word' id='word_1_344' title='bbox 2501 2136 2790 2191; x_wconf 85' lang='lat' dir='ltr'><strong>nobiscum</strong></span> <span class='ocrx_word' id='word_1_345' title='bbox 2846 2139 3158 2204; x_wconf 82' lang='lat' dir='ltr'><strong>sententia,</strong></span> <span class='ocrx_word' id='word_1_346' title='bbox 3211 2153 3242 2191; x_wconf 90' lang='lat' dir='ltr'><strong>a</strong></span> <span class='ocrx_word' id='word_1_347' title='bbox 3293 2138 3680 2192; x_wconf 90' lang='lat' dir='ltr'><strong>communione</strong></span> 
     </span>
    </p>
   </div>
   <div class='ocr_carea' id='block_1_48' title="bbox 2110 2229 3676 2307">
    <p class='ocr_par' dir='ltr' id='par_1_48' title="bbox 2110 2229 3676 2307">
     <span class='ocr_line' id='line_1_48' title="bbox 2110 2229 3676 2307; baseline 0.002 -28"><span class='ocrx_word' id='word_1_348' title='bbox 2110 2235 2296 2280; x_wconf 89' lang='lat' dir='ltr'><strong>nostra</strong></span> <span class='ocrx_word' id='word_1_349' title='bbox 2347 2237 2629 2297; x_wconf 88' lang='lat' dir='ltr'><strong>tantopere</strong></span> <span class='ocrx_word' id='word_1_350' title='bbox 2665 2229 2984 2283; x_wconf 89' lang='lat' dir='ltr'><strong>abborres?</strong></span> <span class='ocrx_word' id='word_1_351' title='bbox 3026 2229 3107 2283; x_wconf 88' lang='lat' dir='ltr'><strong>lbi</strong></span> <span class='ocrx_word' id='word_1_352' title='bbox 3155 2229 3246 2307; x_wconf 81' lang='lat' dir='ltr'><strong>ille</strong></span> <span class='ocrx_word' id='word_1_353' title='bbox 3271 2229 3484 2284; x_wconf 90' lang='lat' dir='ltr'><strong>dissidii</strong></span> <span class='ocrx_word' id='word_1_354' title='bbox 3528 2231 3676 2300; x_wconf 85' lang='lat' dir='ltr'><strong>quod</strong></span> 
     </span>
    </p>
   </div>
   <div class='ocr_carea' id='block_1_49' title="bbox 2110 2320 3682 2394">
    <p class='ocr_par' dir='ltr' id='par_1_49' title="bbox 2110 2320 3682 2394">
     <span class='ocr_line' id='line_1_49' title="bbox 2110 2320 3682 2394; baseline 0.003 -22"><span class='ocrx_word' id='word_1_355' title='bbox 2110 2320 2254 2374; x_wconf 90' lang='lat' dir='ltr'><strong>inter</strong></span> <span class='ocrx_word' id='word_1_356' title='bbox 2281 2320 2552 2373; x_wconf 84' lang='lat' dir='ltr'><strong>Novatum</strong></span> <span class='ocrx_word' id='word_1_357' title='bbox 2583 2330 2635 2375; x_wconf 89' lang='lat' dir='ltr'><strong>et</strong></span> <span class='ocrx_word' id='word_1_358' title='bbox 2660 2321 2976 2376; x_wconf 85' lang='lat' dir='ltr'><strong>Cornelium</strong></span> <span class='ocrx_word' id='word_1_359' title='bbox 3001 2323 3261 2376; x_wconf 74' lang='lat' dir='ltr'><strong>Romana:</strong></span> <span class='ocrx_word' id='word_1_360' title='bbox 3290 2324 3444 2378; x_wconf 84' lang='lat' dir='ltr'><strong>urbis</strong></span> <span class='ocrx_word' id='word_1_361' title='bbox 3466 2326 3682 2394; x_wconf 85' lang='lat' dir='ltr'><strong>episco-</strong></span> 
     </span>
    </p>
   </div>
   <div class='ocr_carea' id='block_1_50' title="bbox 2109 2411 3683 2481">
    <p class='ocr_par' dir='ltr' id='par_1_50' title="bbox 2109 2411 3683 2481">
     <span class='ocr_line' id='line_1_50' title="bbox 2109 2411 3683 2481; baseline 0.003 -19"><span class='ocrx_word' id='word_1_362' title='bbox 2109 2424 2236 2477; x_wconf 89' lang='lat' dir='ltr'><strong>pum</strong></span> <span class='ocrx_word' id='word_1_363' title='bbox 2270 2411 2372 2464; x_wconf 90' lang='lat' dir='ltr'><strong>sub</strong></span> <span class='ocrx_word' id='word_1_364' title='bbox 2405 2411 2570 2465; x_wconf 82' lang='lat' dir='ltr'><strong>Decio</strong></span> <span class='ocrx_word' id='word_1_365' title='bbox 2614 2415 2945 2481; x_wconf 86' lang='lat' dir='ltr'><strong>imperatore</strong></span> <span class='ocrx_word' id='word_1_366' title='bbox 2999 2416 3103 2468; x_wconf 78' lang='lat' dir='ltr'><strong>fuit</strong></span> <span class='ocrx_word' id='word_1_367' title='bbox 3129 2453 3145 2478; x_wconf 92' lang='lat'><strong>,</strong></span> <span class='ocrx_word' id='word_1_368' title='bbox 3184 2416 3430 2470; x_wconf 85' lang='lat' dir='ltr'><strong>meminit</strong></span> <span class='ocrx_word' id='word_1_369' title='bbox 3460 2434 3473 2481; x_wconf 88' lang='lat'><strong>;</strong></span> <span class='ocrx_word' id='word_1_370' title='bbox 3505 2417 3683 2470; x_wconf 84' lang='lat' dir='ltr'><strong>Nova-</strong></span> 
     </span>
    </p>
   </div>
   <div class='ocr_carea' id='block_1_51' title="bbox 2112 2503 3678 2578">
    <p class='ocr_par' dir='ltr' id='par_1_51' title="bbox 2112 2503 3678 2578">
     <span class='ocr_line' id='line_1_51' title="bbox 2112 2503 3678 2578; baseline 0.004 -22"><span class='ocrx_word' id='word_1_371' title='bbox 2112 2513 2222 2556; x_wconf 86' lang='lat' dir='ltr'><strong>tum</strong></span> <span class='ocrx_word' id='word_1_372' title='bbox 2258 2503 2536 2569; x_wconf 88' lang='lat' dir='ltr'><strong>videlicet,</strong></span> <span class='ocrx_word' id='word_1_373' title='bbox 2580 2520 2675 2560; x_wconf 86' lang='lat' dir='ltr'><strong>eos</strong></span> <span class='ocrx_word' id='word_1_374' title='bbox 2715 2507 2810 2575; x_wconf 90' lang='lat' dir='ltr'><strong>qui</strong></span> <span class='ocrx_word' id='word_1_375' title='bbox 2846 2516 2968 2575; x_wconf 88' lang='lat' dir='ltr'><strong>post</strong></span> <span class='ocrx_word' id='word_1_376' title='bbox 3018 2508 3352 2577; x_wconf 88' lang='lat' dir='ltr'><strong>baptismum</strong></span> <span class='ocrx_word' id='word_1_377' title='bbox 3394 2519 3678 2578; x_wconf 86' lang='lat' dir='ltr'><strong>peccatum</strong></span> 
     </span>
    </p>
   </div>
   <div class='ocr_carea' id='block_1_52' title="bbox 2110 2595 3680 2674">
    <p class='ocr_par' dir='ltr' id='par_1_52' title="bbox 2110 2595 3680 2674">
     <span class='ocr_line' id='line_1_52' title="bbox 2110 2595 3680 2674; baseline 0.004 -26"><span class='ocrx_word' id='word_1_378' title='bbox 2110 2595 2176 2649; x_wconf 88' lang='lat' dir='ltr'><strong>ad</strong></span> <span class='ocrx_word' id='word_1_379' title='bbox 2226 2604 2457 2650; x_wconf 89' lang='lat' dir='ltr'><strong>mortem</strong></span> <span class='ocrx_word' id='word_1_380' title='bbox 2512 2606 2871 2674; x_wconf 77' lang='lat' dir='ltr'><strong>patrassent,</strong></span> <span class='ocrx_word' id='word_1_381' title='bbox 2922 2614 2985 2652; x_wconf 88' lang='lat' dir='ltr'><strong>ac</strong></span> <span class='ocrx_word' id='word_1_382' title='bbox 3026 2600 3136 2654; x_wconf 88' lang='lat' dir='ltr'><strong>diis</strong></span> <span class='ocrx_word' id='word_1_383' title='bbox 3189 2601 3616 2664; x_wconf 81' lang='lat' dir='ltr'><strong>sacriﬁcassent,</strong></span> <span class='ocrx_word' id='word_1_384' title='bbox 3651 2619 3680 2654; x_wconf 83' lang='lat' dir='ltr'><strong>a</strong></span> 
     </span>
    </p>
   </div>
   <div class='ocr_carea' id='block_1_53' title="bbox 2110 2690 3678 2764">
    <p class='ocr_par' dir='ltr' id='par_1_53' title="bbox 2110 2690 3678 2764">
     <span class='ocr_line' id='line_1_53' title="bbox 2110 2690 3678 2764; baseline 0.005 -22"><span class='ocrx_word' id='word_1_385' title='bbox 2110 2690 2495 2745; x_wconf 88' lang='lat' dir='ltr'><strong>communione</strong></span> <span class='ocrx_word' id='word_1_386' title='bbox 2556 2691 2869 2746; x_wconf 88' lang='lat' dir='ltr'><strong>divinorum</strong></span> <span class='ocrx_word' id='word_1_387' title='bbox 2951 2693 3339 2764; x_wconf 86' lang='lat' dir='ltr'><strong>mysteriorum</strong></span> <span class='ocrx_word' id='word_1_388' title='bbox 3397 2696 3678 2764; x_wconf 85' lang='lat' dir='ltr'><strong>rejecissc,</strong></span> 
     </span>
    </p>
   </div>
   <div class='ocr_carea' id='block_1_54' title="bbox 2109 2781 3681 2855">
    <p class='ocr_par' dir='ltr' id='par_1_54' title="bbox 2109 2781 3681 2855">
     <span class='ocr_line' id='line_1_54' title="bbox 2109 2781 3681 2855; baseline 0.004 -22"><span class='ocrx_word' id='word_1_389' title='bbox 2109 2781 2280 2836; x_wconf 89' lang='lat' dir='ltr'><strong>solius</strong></span> <span class='ocrx_word' id='word_1_390' title='bbox 2307 2783 2425 2849; x_wconf 90' lang='lat' dir='ltr'><strong>Dei,</strong></span> <span class='ocrx_word' id='word_1_391' title='bbox 2450 2795 2502 2838; x_wconf 88' lang='lat' dir='ltr'><strong>et</strong></span> <span class='ocrx_word' id='word_1_392' title='bbox 2530 2799 2642 2838; x_wconf 91' lang='lat' dir='ltr'><strong>non</strong></span> <span class='ocrx_word' id='word_1_393' title='bbox 2676 2785 3026 2840; x_wconf 88' lang='lat' dir='ltr'><strong>sacerdotum</strong></span> <span class='ocrx_word' id='word_1_394' title='bbox 3059 2795 3385 2855; x_wconf 88' lang='lat' dir='ltr'><strong>potestatem</strong></span> <span class='ocrx_word' id='word_1_395' title='bbox 3410 2802 3528 2841; x_wconf 91' lang='lat' dir='ltr'><strong>eam</strong></span> <span class='ocrx_word' id='word_1_396' title='bbox 3561 2804 3681 2842; x_wconf 74' lang='lat' dir='ltr'><strong>esse</strong></span> 
     </span>
    </p>
   </div>
   <div class='ocr_carea' id='block_1_55' title="bbox 2109 2871 3678 2936">
    <p class='ocr_par' dir='ltr' id='par_1_55' title="bbox 2109 2871 3678 2936">
     <span class='ocr_line' id='line_1_55' title="bbox 2109 2871 3678 2936; baseline 0.006 -10"><span class='ocrx_word' id='word_1_397' title='bbox 2109 2871 2388 2936; x_wconf 89' lang='lat' dir='ltr'><strong>dictitans,</strong></span> <span class='ocrx_word' id='word_1_398' title='bbox 2432 2874 2638 2929; x_wconf 89' lang='lat' dir='ltr'><strong>talibus</strong></span> <span class='ocrx_word' id='word_1_399' title='bbox 2692 2871 3014 2931; x_wconf 85' lang='lat' dir='ltr'><strong>hominibus</strong></span> <span class='ocrx_word' id='word_1_400' title='bbox 3069 2878 3451 2933; x_wconf 87' lang='lat' dir='ltr'><strong>remissionem</strong></span> <span class='ocrx_word' id='word_1_401' title='bbox 3493 2879 3678 2935; x_wconf 80' lang='lat' dir='ltr'><strong>delicti</strong></span> 
     </span>
    </p>
   </div>
   <div class='ocr_carea' id='block_1_56' title="bbox 2108 2953 3678 3036">
    <p class='ocr_par' dir='ltr' id='par_1_56' title="bbox 2108 2953 3678 3036">
     <span class='ocr_line' id='line_1_56' title="bbox 2108 2953 3678 3036; baseline 0.008 -20"><span class='ocrx_word' id='word_1_402' title='bbox 2108 2963 2432 3025; x_wconf 82' lang='lat' dir='ltr'><strong>concedere.</strong></span> <span class='ocrx_word' id='word_1_403' title='bbox 2466 2963 2545 3019; x_wconf 81' lang='lat' dir='ltr'><strong>Ad</strong></span> <span class='ocrx_word' id='word_1_404' title='bbox 2563 2979 2726 3034; x_wconf 88' lang='lat' dir='ltr'><strong>quem</strong></span> <span class='ocrx_word' id='word_1_405' title='bbox 2745 2981 2810 3020; x_wconf 80' lang='lat' dir='ltr'><strong>ex</strong></span> <span class='ocrx_word' id='word_1_406' title='bbox 2845 2953 3093 3035; x_wconf 78' lang='lat' dir='ltr'><strong>tempore</strong></span> <span class='ocrx_word' id='word_1_407' title='bbox 3115 2967 3412 3036; x_wconf 86' lang='lat' dir='ltr'><strong>imperator</strong></span> <span class='ocrx_word' id='word_1_408' title='bbox 3435 2987 3448 3022; x_wconf 90' lang='lat'><strong>:</strong></span> <span class='ocrx_word' id='word_1_409' title='bbox 3469 2969 3678 3029; x_wconf 80' lang='lat' dir='ltr'><strong>Scalas.</strong></span> 
     </span>
    </p>
   </div>
   <div class='ocr_carea' id='block_1_57' title="bbox 2109 3053 3679 3124">
    <p class='ocr_par' dir='ltr' id='par_1_57' title="bbox 2109 3053 3679 3124">
     <span class='ocr_line' id='line_1_57' title="bbox 2109 3053 3679 3124; baseline 0.005 -18"><span class='ocrx_word' id='word_1_410' title='bbox 2109 3053 2310 3124; x_wconf 90' lang='lat' dir='ltr'><strong>inquit,</strong></span> <span class='ocrx_word' id='word_1_411' title='bbox 2341 3054 2590 3120; x_wconf 89' lang='lat' dir='ltr'><strong>admove,</strong></span> <span class='ocrx_word' id='word_1_412' title='bbox 2620 3054 2777 3111; x_wconf 81' lang='lat' dir='ltr'><strong>Acesi</strong></span> <span class='ocrx_word' id='word_1_413' title='bbox 2801 3096 2815 3120; x_wconf 95' lang='lat'><strong>,</strong></span> <span class='ocrx_word' id='word_1_414' title='bbox 2849 3066 2905 3111; x_wconf 89' lang='lat' dir='ltr'><strong>et</strong></span> <span class='ocrx_word' id='word_1_415' title='bbox 2943 3056 3096 3112; x_wconf 89' lang='lat' dir='ltr'><strong>solus</strong></span> <span class='ocrx_word' id='word_1_416' title='bbox 3127 3058 3180 3110; x_wconf 93' lang='lat' dir='ltr'><strong>in</strong></span> <span class='ocrx_word' id='word_1_417' title='bbox 3222 3059 3391 3113; x_wconf 64' lang='lat' dir='ltr'><strong>caelos</strong></span> <span class='ocrx_word' id='word_1_418' title='bbox 3421 3061 3679 3114; x_wconf 81' lang='lat' dir='ltr'><strong>ascende.</strong></span> 
     </span>
    </p>
   </div>
   <div class='ocr_carea' id='block_1_58' title="bbox 442 3143 2007 3221">
    <p class='ocr_par' dir='ltr' id='par_1_58' title="bbox 442 3147 2007 3220">
     <span class='ocr_line' id='line_1_58' title="bbox 442 3147 2007 3220; baseline -0.001 -18"><span class='ocrx_word' id='word_1_419' title='bbox 442 3149 685 3220; x_wconf 75' lang='grc' dir='ltr'><strong>ἐνόμιζε.</strong></span> <span class='ocrx_word' id='word_1_420' title='bbox 721 3149 832 3202; x_wconf 72' lang='grc' dir='ltr'><strong>Καὶ</strong></span> <span class='ocrx_word' id='word_1_421' title='bbox 857 3149 926 3202; x_wconf 84' lang='grc' dir='ltr'><strong>τὰ</strong></span> <span class='ocrx_word' id='word_1_422' title='bbox 955 3147 1055 3219; x_wconf 79' lang='grc' dir='ltr'><strong>μὲν</strong></span> <span class='ocrx_word' id='word_1_423' title='bbox 1088 3147 1233 3202; x_wconf 81' lang='grc' dir='ltr'><strong>κατὰ</strong></span> <span class='ocrx_word' id='word_1_424' title='bbox 1269 3148 1369 3218; x_wconf 82' lang='grc' dir='ltr'><strong>τὴν</strong></span> <span class='ocrx_word' id='word_1_425' title='bbox 1411 3147 1634 3200; x_wconf 79' lang='grc' dir='ltr'><strong>σύνοδον</strong></span> <span class='ocrx_word' id='word_1_426' title='bbox 1663 3147 1808 3201; x_wconf 77' lang='grc' dir='ltr'><strong>οὕτω</strong></span> <span class='ocrx_word' id='word_1_427' title='bbox 1842 3151 2007 3218; x_wconf 84' lang='grc' dir='ltr'><strong>προέ-</strong></span> 
     </span>
    </p>
   </div>
   <div class='ocr_carea' id='block_1_59' title="bbox 2110 3143 3680 3221">
    <p class='ocr_par' dir='ltr' id='par_1_59' title="bbox 2110 3143 3680 3221">
     <span class='ocr_line' id='line_1_59' title="bbox 2110 3143 3680 3221; baseline 0.004 -24"><span class='ocrx_word' id='word_1_428' title='bbox 2110 3143 2226 3210; x_wconf 88' lang='lat' dir='ltr'><strong>Quo</strong></span> <span class='ocrx_word' id='word_1_429' title='bbox 2258 3145 2425 3212; x_wconf 88' lang='lat' dir='ltr'><strong>dicto,</strong></span> <span class='ocrx_word' id='word_1_430' title='bbox 2457 3159 2565 3200; x_wconf 91' lang='lat' dir='ltr'><strong>non</strong></span> <span class='ocrx_word' id='word_1_431' title='bbox 2602 3146 2856 3202; x_wconf 86' lang='lat' dir='ltr'><strong>Acesium</strong></span> <span class='ocrx_word' id='word_1_432' title='bbox 2913 3147 3008 3204; x_wconf 89' lang='lat' dir='ltr'><strong>ille</strong></span> <span class='ocrx_word' id='word_1_433' title='bbox 3046 3148 3294 3204; x_wconf 87' lang='lat' dir='ltr'><strong>laudavit</strong></span> <span class='ocrx_word' id='word_1_434' title='bbox 3322 3193 3336 3217; x_wconf 90' lang='lat'><strong>,</strong></span> <span class='ocrx_word' id='word_1_435' title='bbox 3369 3151 3462 3205; x_wconf 85' lang='lat' dir='ltr'><strong>sed</strong></span> <span class='ocrx_word' id='word_1_436' title='bbox 3493 3153 3680 3221; x_wconf 79' lang='lat' dir='ltr'><strong>potius</strong></span> 
     </span>
    </p>
   </div>
   <div class='ocr_carea' id='block_1_60' title="bbox 439 3238 2006 3310">
    <p class='ocr_par' dir='ltr' id='par_1_60' title="bbox 439 3238 2006 3310">
     <span class='ocr_line' id='line_1_60' title="bbox 439 3238 2006 3310; baseline -0.001 -16"><span class='ocrx_word' id='word_1_437' title='bbox 439 3243 532 3310; x_wconf 84' lang='grc' dir='ltr'><strong>6η,</strong></span> <span class='ocrx_word' id='word_1_438' title='bbox 565 3242 642 3304; x_wconf 85' lang='grc' dir='ltr'><strong>ὡς</strong></span> <span class='ocrx_word' id='word_1_439' title='bbox 676 3243 734 3294; x_wconf 82' lang='grc' dir='ltr'><strong>ὲν</strong></span> <span class='ocrx_word' id='word_1_440' title='bbox 775 3241 1028 3310; x_wconf 84' lang='grc' dir='ltr'><strong>συντόμῳ</strong></span> <span class='ocrx_word' id='word_1_441' title='bbox 1067 3241 1265 3293; x_wconf 76' lang='grc' dir='ltr'><strong>εἰπεῖν·</strong></span> <span class='ocrx_word' id='word_1_442' title='bbox 1294 3239 1406 3308; x_wconf 74' lang='grc' dir='ltr'><strong>ἐγὼ</strong></span> <span class='ocrx_word' id='word_1_443' title='bbox 1431 3238 1479 3292; x_wconf 84' lang='grc' dir='ltr'><strong>δ’</strong></span> <span class='ocrx_word' id='word_1_444' title='bbox 1513 3238 1613 3292; x_wconf 80' lang='grc' dir='ltr'><strong>οὐκ</strong></span> <span class='ocrx_word' id='word_1_445' title='bbox 1657 3240 1874 3310; x_wconf 82' lang='grc' dir='ltr'><strong>ὀκνήσω</strong></span> <span class='ocrx_word' id='word_1_446' title='bbox 1908 3241 2006 3292; x_wconf 77' lang='grc' dir='ltr'><strong>τά·</strong></span> 
     </span>
    </p>
   </div>
   <div class='ocr_carea' id='block_1_61' title="bbox 443 3333 2008 3405">
    <p class='ocr_par' dir='ltr' id='par_1_61' title="bbox 443 3333 2008 3405">
     <span class='ocr_line' id='line_1_61' title="bbox 443 3333 2008 3405; baseline -0.001 -15"><span class='ocrx_word' id='word_1_447' title='bbox 443 3337 646 3404; x_wconf 82' lang='grc' dir='ltr'><strong>σφαλὲς</strong></span> <span class='ocrx_word' id='word_1_448' title='bbox 683 3335 1040 3405; x_wconf 82' lang='grc' dir='ltr'><strong>πρυτανεύων</strong></span> <span class='ocrx_word' id='word_1_449' title='bbox 1085 3335 1199 3396; x_wconf 78' lang='grc' dir='ltr'><strong>τοῖς</strong></span> <span class='ocrx_word' id='word_1_450' title='bbox 1251 3333 1686 3402; x_wconf 80' lang='grc' dir='ltr'><strong>γεγραμμένοις,</strong></span> <span class='ocrx_word' id='word_1_451' title='bbox 1723 3333 1799 3403; x_wconf 81' lang='grc' dir='ltr'><strong>μὴ</strong></span> <span class='ocrx_word' id='word_1_452' title='bbox 1845 3336 1939 3385; x_wconf 85' lang='grc' dir='ltr'><strong>καί</strong></span> <span class='ocrx_word' id='word_1_453' title='bbox 1971 3333 2008 3388; x_wconf 72' lang='grc' dir='ltr'><strong>ἃ.</strong></span> 
     </span>
    </p>
   </div>
   <div class='ocr_carea' id='block_1_62' title="bbox 445 3414 2006 3501">
    <p class='ocr_par' dir='ltr' id='par_1_62' title="bbox 445 3414 2006 3501">
     <span class='ocr_line' id='line_1_62' title="bbox 445 3414 2006 3501; baseline -0.004 -16"><span class='ocrx_word' id='word_1_454' title='bbox 445 3432 575 3501; x_wconf 78' lang='grc' dir='ltr'><strong>περὶ</strong></span> <span class='ocrx_word' id='word_1_455' title='bbox 605 3429 700 3484; x_wconf 84' lang='grc' dir='ltr'><strong>τοῦ</strong></span> <span class='ocrx_word' id='word_1_456' title='bbox 743 3429 897 3482; x_wconf 87' lang='grc' dir='ltr'><strong>δόλου</strong></span> <span class='ocrx_word' id='word_1_457' title='bbox 955 3428 1066 3480; x_wconf 84' lang='grc' dir='ltr'><strong>τῶν</strong></span> <span class='ocrx_word' id='word_1_458' title='bbox 1105 3414 1533 3498; x_wconf 26' lang='grc' dir='ltr'><strong>Ἃρ-ειομανιτῶν</strong></span> <span class='ocrx_word' id='word_1_459' title='bbox 1581 3425 2006 3488; x_wconf 69' lang='grc' dir='ltr'><strong>Εύστάθιοςκαὶ</strong></span> 
     </span>
    </p>
   </div>
   <div class='ocr_carea' id='block_1_63' title="bbox 441 3515 2002 3588">
    <p class='ocr_par' dir='ltr' id='par_1_63' title="bbox 441 3515 2002 3588">
     <span class='ocr_line' id='line_1_63' title="bbox 441 3515 2002 3588; baseline -0.004 -12"><span class='ocrx_word' id='word_1_460' title='bbox 441 3517 765 3583; x_wconf 73' lang='grc' dir='ltr'><strong>Ἀθανάσιος</strong></span> <span class='ocrx_word' id='word_1_461' title='bbox 816 3522 916 3588; x_wconf 81' lang='grc' dir='ltr'><strong>τῆς</strong></span> <span class='ocrx_word' id='word_1_462' title='bbox 971 3517 1258 3578; x_wconf 75' lang='grc' dir='ltr'><strong>εὐσεϐείας</strong></span> <span class='ocrx_word' id='word_1_463' title='bbox 1292 3518 1343 3570; x_wconf 84' lang='grc' dir='ltr'><strong>οἱ</strong></span> <span class='ocrx_word' id='word_1_464' title='bbox 1377 3515 1638 3586; x_wconf 79' lang='grc' dir='ltr'><strong>πρόϐολοι</strong></span> <span class='ocrx_word' id='word_1_465' title='bbox 1685 3518 2002 3586; x_wconf 81' lang='grc' dir='ltr'><strong>γεγράφασι</strong></span> 
     </span>
    </p>
   </div>
   <div class='ocr_carea' id='block_1_64' title="bbox 439 3608 2008 3680">
    <p class='ocr_par' dir='ltr' id='par_1_64' title="bbox 439 3608 2008 3680">
     <span class='ocr_line' id='line_1_64' title="bbox 439 3608 2008 3680; baseline -0.004 -11"><span class='ocrx_word' id='word_1_466' title='bbox 439 3616 692 3669; x_wconf 83' lang='grc' dir='ltr'><strong>διελθεῖν·</strong></span> <span class='ocrx_word' id='word_1_467' title='bbox 727 3615 828 3668; x_wconf 83' lang='grc' dir='ltr'><strong>ὅσα</strong></span> <span class='ocrx_word' id='word_1_468' title='bbox 868 3629 930 3666; x_wconf 90' lang='grc' dir='ltr'><strong>τε</strong></span> <span class='ocrx_word' id='word_1_469' title='bbox 973 3611 1138 3676; x_wconf 80' lang='grc' dir='ltr'><strong>αὐτὸς</strong></span> <span class='ocrx_word' id='word_1_470' title='bbox 1183 3611 1211 3661; x_wconf 83' lang='grc' dir='ltr'>ὁ</span> <span class='ocrx_word' id='word_1_471' title='bbox 1241 3610 1532 3680; x_wconf 81' lang='grc' dir='ltr'><strong>Παμφίλου</strong></span> <span class='ocrx_word' id='word_1_472' title='bbox 1575 3608 1838 3673; x_wconf 80' lang='grc' dir='ltr'><strong>Εὐσέϐιος</strong></span> <span class='ocrx_word' id='word_1_473' title='bbox 1881 3615 2008 3679; x_wconf 79' lang='grc' dir='ltr'><strong>περὶ</strong></span> 
     </span>
    </p>
   </div>
   <div class='ocr_carea' id='block_1_65' title="bbox 441 3701 2004 3775">
    <p class='ocr_par' dir='ltr' id='par_1_65' title="bbox 441 3701 2004 3775">
     <span class='ocr_line' id='line_1_65' title="bbox 441 3701 2004 3775; baseline -0.003 -17"><span class='ocrx_word' id='word_1_474' title='bbox 441 3708 549 3760; x_wconf 78' lang='grc' dir='ltr'><strong>τῶν</strong></span> <span class='ocrx_word' id='word_1_475' title='bbox 579 3707 848 3771; x_wconf 81' lang='grc' dir='ltr'><strong>δοξάντων</strong></span> <span class='ocrx_word' id='word_1_476' title='bbox 876 3708 944 3775; x_wconf 82' lang='grc' dir='ltr'><strong>τῇ</strong></span> <span class='ocrx_word' id='word_1_477' title='bbox 975 3703 1178 3774; x_wconf 81' lang='grc' dir='ltr'><strong>συνόδῳ</strong></span> <span class='ocrx_word' id='word_1_478' title='bbox 1235 3703 1302 3773; x_wconf 79' lang='grc' dir='ltr'><strong>τῇ</strong></span> <span class='ocrx_word' id='word_1_479' title='bbox 1339 3701 1446 3771; x_wconf 73' lang='grc' dir='ltr'><strong>ἰδίᾳ</strong></span> <span class='ocrx_word' id='word_1_480' title='bbox 1475 3702 1756 3771; x_wconf 64' lang='grc' dir='ltr'><strong>γέγραφεν</strong></span> <span class='ocrx_word' id='word_1_481' title='bbox 1801 3702 2004 3768; x_wconf 77' lang='grc' dir='ltr'><strong>ἐκκλη-</strong></span> 
     </span>
    </p>
   </div>
   <div class='ocr_carea' id='block_1_66' title="bbox 444 3794 2002 3870">
    <p class='ocr_par' dir='ltr' id='par_1_66' title="bbox 444 3794 2002 3870">
     <span class='ocr_line' id='line_1_66' title="bbox 444 3794 2002 3870; baseline -0.004 -18"><span class='ocrx_word' id='word_1_482' title='bbox 444 3801 568 3870; x_wconf 79' lang='grc' dir='ltr'><strong>σίᾳ·</strong></span> <span class='ocrx_word' id='word_1_483' title='bbox 608 3801 689 3852; x_wconf 73' lang='grc' dir='ltr'><strong>ἔτι</strong></span> <span class='ocrx_word' id='word_1_484' title='bbox 739 3799 797 3851; x_wconf 77' lang='grc' dir='ltr'><strong>δὲ</strong></span> <span class='ocrx_word' id='word_1_485' title='bbox 844 3798 914 3850; x_wconf 82' lang='grc' dir='ltr'><strong>τὰ</strong></span> <span class='ocrx_word' id='word_1_486' title='bbox 958 3795 1248 3867; x_wconf 75' lang='grc' dir='ltr'><strong>ὁρισθέντα</strong></span> <span class='ocrx_word' id='word_1_487' title='bbox 1297 3796 1432 3848; x_wconf 81' lang='grc' dir='ltr'><strong>πᾶσι</strong></span> <span class='ocrx_word' id='word_1_488' title='bbox 1492 3794 1740 3863; x_wconf 81' lang='grc' dir='ltr'><strong>Πατράσι</strong></span> <span class='ocrx_word' id='word_1_489' title='bbox 1788 3794 2002 3856; x_wconf 81' lang='grc' dir='ltr'><strong>κοινῶς·</strong></span> 
     </span>
    </p>
   </div>
   <div class='ocr_carea' id='block_1_67' title="bbox 443 3887 2008 3962">
    <p class='ocr_par' dir='ltr' id='par_1_67' title="bbox 443 3887 2008 3962">
     <span class='ocr_line' id='line_1_67' title="bbox 443 3887 2008 3962; baseline -0.005 -16"><span class='ocrx_word' id='word_1_490' title='bbox 443 3894 576 3962; x_wconf 80' lang='grc' dir='ltr'><strong>πρὸς</strong></span> <span class='ocrx_word' id='word_1_491' title='bbox 629 3892 688 3945; x_wconf 83' lang='grc' dir='ltr'><strong>δὲ</strong></span> <span class='ocrx_word' id='word_1_492' title='bbox 736 3892 831 3946; x_wconf 55' lang='grc' dir='ltr'><strong>καὶ¹</strong></span> <span class='ocrx_word' id='word_1_493' title='bbox 873 3891 977 3944; x_wconf 81' lang='grc' dir='ltr'><strong>ὅσα</strong></span> <span class='ocrx_word' id='word_1_494' title='bbox 1035 3891 1065 3942; x_wconf 88' lang='grc' dir='ltr'>ὁ</span> <span class='ocrx_word' id='word_1_495' title='bbox 1111 3887 1366 3958; x_wconf 83' lang='grc' dir='ltr'><strong>θεοφιλὴς</strong></span> <span class='ocrx_word' id='word_1_496' title='bbox 1414 3889 1833 3948; x_wconf 84' lang='grc' dir='ltr'><strong>Κωνσταντῖνος</strong></span> <span class='ocrx_word' id='word_1_497' title='bbox 1894 3889 2008 3948; x_wconf 87' lang='grc' dir='ltr'><strong>τοῖς</strong></span> 
     </span>
    </p>
   </div>
   <div class='ocr_carea' id='block_1_68' title="bbox 442 3977 2005 4054">
    <p class='ocr_par' dir='ltr' id='par_1_68' title="bbox 442 3977 2005 4054">
     <span class='ocr_line' id='line_1_68' title="bbox 442 3977 2005 4054; baseline -0.004 -17"><span class='ocrx_word' id='word_1_498' title='bbox 442 3983 761 4054; x_wconf 79' lang='grc' dir='ltr'><strong>ἅπανταχοῦ</strong></span> <span class='ocrx_word' id='word_1_499' title='bbox 797 3983 870 4052; x_wconf 83' lang='grc' dir='ltr'><strong>μὴ</strong></span> <span class='ocrx_word' id='word_1_500' title='bbox 900 3979 1141 4050; x_wconf 82' lang='grc' dir='ltr'><strong>παροῦσι</strong></span> <span class='ocrx_word' id='word_1_501' title='bbox 1175 3979 1283 4032; x_wconf 85' lang='grc' dir='ltr'><strong>τῶν</strong></span> <span class='ocrx_word' id='word_1_502' title='bbox 1311 3979 1630 4032; x_wconf 74' lang='grc' dir='ltr'><strong>ἐπισκόπων</strong></span> <span class='ocrx_word' id='word_1_503' title='bbox 1653 3980 1788 4048; x_wconf 74' lang='grc' dir='ltr'><strong>περί</strong></span> <span class='ocrx_word' id='word_1_504' title='bbox 1823 3996 1882 4031; x_wconf 90' lang='grc' dir='ltr'><strong>τε</strong></span> <span class='ocrx_word' id='word_1_505' title='bbox 1911 3977 2005 4031; x_wconf 75' lang='grc' dir='ltr'><strong>τοῦ</strong></span> 
     </span>
    </p>
   </div>
   <div class='ocr_carea' id='block_1_69' title="bbox 439 4065 2006 4142">
    <p class='ocr_par' dir='ltr' id='par_1_69' title="bbox 439 4065 2006 4142">
     <span class='ocr_line' id='line_1_69' title="bbox 439 4065 2006 4142; baseline -0.005 -16"><span class='ocrx_word' id='word_1_506' title='bbox 439 4074 709 4142; x_wconf 84' lang='grc' dir='ltr'><strong>δόγματος</strong></span> <span class='ocrx_word' id='word_1_507' title='bbox 743 4078 838 4126; x_wconf 78' lang='grc' dir='ltr'><strong>καὶ</strong></span> <span class='ocrx_word' id='word_1_508' title='bbox 861 4070 957 4124; x_wconf 78' lang='grc' dir='ltr'><strong>τοῦ</strong></span> <span class='ocrx_word' id='word_1_509' title='bbox 990 4070 1180 4138; x_wconf 81' lang='grc' dir='ltr'><strong>Πάσχα</strong></span> <span class='ocrx_word' id='word_1_510' title='bbox 1199 4109 1213 4133; x_wconf 87' lang='grc'><strong>,</strong></span> <span class='ocrx_word' id='word_1_511' title='bbox 1237 4069 1332 4121; x_wconf 78' lang='grc' dir='ltr'><strong>καὶ</strong></span> <span class='ocrx_word' id='word_1_512' title='bbox 1361 4065 1595 4136; x_wconf 84' lang='grc' dir='ltr'><strong>Ἀρείου,</strong></span> <span class='ocrx_word' id='word_1_513' title='bbox 1625 4069 1719 4121; x_wconf 74' lang='grc' dir='ltr'><strong>καὶ</strong></span> <span class='ocrx_word' id='word_1_514' title='bbox 1741 4066 1850 4119; x_wconf 83' lang='grc' dir='ltr'><strong>τῶν</strong></span> <span class='ocrx_word' id='word_1_515' title='bbox 1877 4070 2006 4136; x_wconf 75' lang='grc' dir='ltr'><strong>περὶ</strong></span> 
     </span>
    </p>
   </div>
   <div class='ocr_carea' id='block_1_70' title="bbox 445 4159 2007 4235">
    <p class='ocr_par' dir='ltr' id='par_1_70' title="bbox 445 4159 2007 4235">
     <span class='ocr_line' id='line_1_70' title="bbox 445 4159 2007 4235; baseline -0.007 -15"><span class='ocrx_word' id='word_1_516' title='bbox 445 4169 686 4235; x_wconf 80' lang='grc' dir='ltr'><strong>Ἀρειον,</strong></span> <span class='ocrx_word' id='word_1_517' title='bbox 720 4165 802 4216; x_wconf 75' lang='grc' dir='ltr'><strong>ἔτι</strong></span> <span class='ocrx_word' id='word_1_518' title='bbox 832 4163 888 4216; x_wconf 85' lang='grc' dir='ltr'><strong>δὲ</strong></span> <span class='ocrx_word' id='word_1_519' title='bbox 930 4164 1025 4215; x_wconf 77' lang='grc' dir='ltr'><strong>καὶ</strong></span> <span class='ocrx_word' id='word_1_520' title='bbox 1051 4161 1182 4230; x_wconf 81' lang='grc' dir='ltr'><strong>περὶ</strong></span> <span class='ocrx_word' id='word_1_521' title='bbox 1212 4160 1305 4214; x_wconf 78' lang='grc' dir='ltr'><strong>τοῦ</strong></span> <span class='ocrx_word' id='word_1_522' title='bbox 1335 4159 1705 4229; x_wconf 85' lang='grc' dir='ltr'><strong>Νικομηδείας</strong></span> <span class='ocrx_word' id='word_1_523' title='bbox 1730 4159 2007 4228; x_wconf 85' lang='grc' dir='ltr'><strong>γέγραφεν</strong></span> 
     </span>
    </p>
   </div>
   <div class='ocr_carea' id='block_1_71' title="bbox 441 4253 2004 4324">
    <p class='ocr_par' dir='ltr' id='par_1_71' title="bbox 441 4253 2004 4324">
     <span class='ocr_line' id='line_1_71' title="bbox 441 4253 2004 4324; baseline -0.005 -12"><span class='ocrx_word' id='word_1_524' title='bbox 441 4259 728 4312; x_wconf 70' lang='grc' dir='ltr'><strong>Εὑσεὸίου.</strong></span> <span class='ocrx_word' id='word_1_525' title='bbox 768 4257 983 4310; x_wconf 82' lang='grc' dir='ltr'><strong>Γένοιτο</strong></span> <span class='ocrx_word' id='word_1_526' title='bbox 1031 4255 1142 4324; x_wconf 81' lang='grc' dir='ltr'><strong>γὰρ</strong></span> <span class='ocrx_word' id='word_1_527' title='bbox 1171 4253 1239 4308; x_wconf 74' lang='grc' dir='ltr'><strong>ἂν</strong></span> <span class='ocrx_word' id='word_1_528' title='bbox 1289 4255 1355 4308; x_wconf 79' lang='grc' dir='ltr'><strong>ἐκ</strong></span> <span class='ocrx_word' id='word_1_529' title='bbox 1395 4254 1604 4308; x_wconf 88' lang='grc' dir='ltr'><strong>τούτων</strong></span> <span class='ocrx_word' id='word_1_530' title='bbox 1639 4255 1840 4324; x_wconf 79' lang='grc' dir='ltr'><strong>μᾶλλον</strong></span> <span class='ocrx_word' id='word_1_531' title='bbox 1869 4253 2004 4323; x_wconf 75' lang='grc' dir='ltr'><strong>δῆλα</strong></span> 
     </span>
    </p>
   </div>
   <div class='ocr_carea' id='block_1_72' title="bbox 440 4348 2006 4422">
    <p class='ocr_par' dir='ltr' id='par_1_72' title="bbox 440 4348 2006 4422">
     <span class='ocr_line' id='line_1_72' title="bbox 440 4348 2006 4422; baseline -0.003 -17"><span class='ocrx_word' id='word_1_532' title='bbox 440 4355 510 4405; x_wconf 85' lang='grc' dir='ltr'><strong>τά</strong></span> <span class='ocrx_word' id='word_1_533' title='bbox 560 4354 628 4422; x_wconf 85' lang='grc' dir='ltr'><strong>τῇ</strong></span> <span class='ocrx_word' id='word_1_534' title='bbox 683 4351 889 4418; x_wconf 82' lang='grc' dir='ltr'><strong>συνόδῳ</strong></span> <span class='ocrx_word' id='word_1_535' title='bbox 945 4348 1286 4418; x_wconf 84' lang='grc' dir='ltr'><strong>πραχθέντα.</strong></span> <span class='ocrx_word' id='word_1_536' title='bbox 1346 4349 1458 4400; x_wconf 73' lang='grc' dir='ltr'><strong>Καὶ</strong></span> <span class='ocrx_word' id='word_1_537' title='bbox 1507 4348 1773 4418; x_wconf 84' lang='grc' dir='ltr'><strong>πρότερόν</strong></span> <span class='ocrx_word' id='word_1_538' title='bbox 1823 4363 1889 4415; x_wconf 86' lang='grc' dir='ltr'><strong>γε</strong></span> <span class='ocrx_word' id='word_1_539' title='bbox 1939 4350 2006 4400; x_wconf 72' lang='grc' dir='ltr'><strong>τά</strong></span> 
     </span>
    </p>
   </div>
   <div class='ocr_carea' id='block_1_73' title="bbox 439 4432 2006 4509">
    <p class='ocr_par' dir='ltr' id='par_1_73' title="bbox 439 4432 2006 4509">
     <span class='ocr_line' id='line_1_73' title="bbox 439 4432 2006 4509; baseline -0.006 -12"><span class='ocrx_word' id='word_1_540' title='bbox 439 4442 745 4497; x_wconf 73' lang='grc' dir='ltr'><strong>Εὐσταθίου</strong></span> <span class='ocrx_word' id='word_1_541' title='bbox 793 4441 890 4494; x_wconf 79' lang='grc' dir='ltr'><strong>τοῦ</strong></span> <span class='ocrx_word' id='word_1_542' title='bbox 945 4440 1049 4509; x_wconf 79' lang='grc' dir='ltr'><strong>τῆς</strong></span> <span class='ocrx_word' id='word_1_543' title='bbox 1090 4437 1422 4508; x_wconf 79' lang='grc' dir='ltr'><strong>Ἀντιοχείας</strong></span> <span class='ocrx_word' id='word_1_544' title='bbox 1459 4438 1787 4508; x_wconf 70' lang='grc' dir='ltr'><strong>ἐκθήσομαι·</strong></span> <span class='ocrx_word' id='word_1_545' title='bbox 1822 4441 1882 4490; x_wconf 79' lang='grc' dir='ltr'><strong>ὲν</strong></span> <span class='ocrx_word' id='word_1_546' title='bbox 1922 4432 2006 4499; x_wconf 82' lang='grc' dir='ltr'><strong>οἷς</strong></span> 
     </span>
    </p>
   </div>
   <div class='ocr_carea' id='block_1_74' title="bbox 439 4530 2005 4607">
    <p class='ocr_par' dir='ltr' id='par_1_74' title="bbox 439 4530 2005 4607">
     <span class='ocr_line' id='line_1_74' title="bbox 439 4530 2005 4607; baseline -0.006 -17"><span class='ocrx_word' id='word_1_547' title='bbox 439 4538 538 4607; x_wconf 78' lang='grc' dir='ltr'><strong>τήν</strong></span> <span class='ocrx_word' id='word_1_548' title='bbox 589 4553 651 4587; x_wconf 85' lang='grc' dir='ltr'><strong>τε</strong></span> <span class='ocrx_word' id='word_1_549' title='bbox 695 4534 802 4587; x_wconf 82' lang='grc' dir='ltr'><strong>τῶν</strong></span> <span class='ocrx_word' id='word_1_550' title='bbox 841 4533 1137 4603; x_wconf 83' lang='grc' dir='ltr'><strong>Ἀρειανῶν</strong></span> <span class='ocrx_word' id='word_1_551' title='bbox 1192 4530 1550 4600; x_wconf 77' lang='grc' dir='ltr'><strong>βλασφημίαν</strong></span> <span class='ocrx_word' id='word_1_552' title='bbox 1608 4530 1858 4601; x_wconf 80' lang='grc' dir='ltr'><strong>ἐλέγχει,</strong></span> <span class='ocrx_word' id='word_1_553' title='bbox 1910 4532 2005 4584; x_wconf 77' lang='grc' dir='ltr'><strong>καὶ</strong></span> 
     </span>
    </p>
   </div>
   <div class='ocr_carea' id='block_1_75' title="bbox 439 4625 2006 4698">
    <p class='ocr_par' dir='ltr' id='par_1_75' title="bbox 439 4625 2006 4698">
     <span class='ocr_line' id='line_1_75' title="bbox 439 4625 2006 4698; baseline -0.003 -15"><span class='ocrx_word' id='word_1_554' title='bbox 439 4631 509 4684; x_wconf 72' lang='grc' dir='ltr'><strong>τά</strong></span> <span class='ocrx_word' id='word_1_555' title='bbox 539 4628 858 4698; x_wconf 80' lang='grc' dir='ltr'><strong>πραχθέντα</strong></span> <span class='ocrx_word' id='word_1_556' title='bbox 891 4625 1278 4679; x_wconf 79' lang='grc' dir='ltr'><strong>ἀναδιδάσκει·</strong></span> <span class='ocrx_word' id='word_1_557' title='bbox 1329 4625 1423 4676; x_wconf 78' lang='grc' dir='ltr'><strong>καὶ</strong></span> <span class='ocrx_word' id='word_1_558' title='bbox 1477 4629 1575 4695; x_wconf 79' lang='grc' dir='ltr'><strong>τὴν</strong></span> <span class='ocrx_word' id='word_1_559' title='bbox 1627 4625 1786 4695; x_wconf 82' lang='grc' dir='ltr'><strong>ῥῆσιν</strong></span> <span class='ocrx_word' id='word_1_560' title='bbox 1831 4627 2006 4696; x_wconf 72' lang='grc' dir='ltr'><strong>ἑρμη·</strong></span> 
     </span>
    </p>
   </div>
   <div class='ocr_carea' id='block_1_76' title="bbox 439 4711 2004 4789">
    <p class='ocr_par' dir='ltr' id='par_1_76' title="bbox 439 4711 2004 4789">
     <span class='ocr_line' id='line_1_76' title="bbox 439 4711 2004 4789; baseline -0.002 -15"><span class='ocrx_word' id='word_1_561' title='bbox 439 4722 608 4785; x_wconf 81' lang='grc' dir='ltr'><strong>νιύει,</strong></span> <span class='ocrx_word' id='word_1_562' title='bbox 643 4720 763 4789; x_wconf 73' lang='grc' dir='ltr'><strong>τὴν,</strong></span> <span class='ocrx_word' id='word_1_563' title='bbox 791 4720 1010 4786; x_wconf 81' lang='grc' dir='ltr'><strong>Κύριος</strong></span> <span class='ocrx_word' id='word_1_564' title='bbox 1040 4711 1258 4771; x_wconf 74' lang='grc' dir='ltr'><strong>ἕκτισέ</strong></span> <span class='ocrx_word' id='word_1_565' title='bbox 1275 4733 1354 4784; x_wconf 85' lang='grc' dir='ltr'><strong>με</strong></span> <span class='ocrx_word' id='word_1_566' title='bbox 1382 4716 1580 4786; x_wconf 81' lang='grc' dir='ltr'><strong>ἀρχὴν</strong></span> <span class='ocrx_word' id='word_1_567' title='bbox 1610 4715 1767 4771; x_wconf 79' lang='grc' dir='ltr'><strong>ὁδῶν</strong></span> <span class='ocrx_word' id='word_1_568' title='bbox 1794 4717 2004 4772; x_wconf 83' lang='grc' dir='ltr'><strong>αὑτοῦ.</strong></span> 
     </span>
    </p>
   </div>
   <div class='ocr_carea' id='block_1_77' title="bbox 398 4810 952 4884">
    <p class='ocr_par' dir='ltr' id='par_1_77' title="bbox 398 4810 952 4884">
     <span class='ocr_line' id='line_1_77' title="bbox 398 4810 952 4884; baseline 0 -21"><span class='ocrx_word' id='word_1_569' title='bbox 398 4855 414 4862; x_wconf 87' lang='grc'><strong>-</strong></span> <span class='ocrx_word' id='word_1_570' title='bbox 440 4813 649 4884; x_wconf 77' lang='grc' dir='ltr'><strong>Γράφει</strong></span> <span class='ocrx_word' id='word_1_571' title='bbox 673 4812 731 4864; x_wconf 77' lang='grc' dir='ltr'><strong>δὲ</strong></span> <span class='ocrx_word' id='word_1_572' title='bbox 769 4810 914 4864; x_wconf 70' lang='grc' dir='ltr'><strong>οὕτω</strong></span> <span class='ocrx_word' id='word_1_573' title='bbox 937 4825 952 4839; x_wconf 90' lang='grc'><strong>·</strong></span> 
     </span>
    </p>
   </div>
   <div class='ocr_carea' id='block_1_78' title="bbox 1018 5008 1429 5061">
    <p class='ocr_par' dir='ltr' id='par_1_78' title="bbox 1018 5008 1429 5061">
     <span class='ocr_line' id='line_1_78' title="bbox 1018 5008 1429 5061; baseline 0 -1"><span class='ocrx_word' id='word_1_574' title='bbox 1018 5008 1264 5061; x_wconf 78' lang='grc' dir='ltr'><strong>ΚΕΦΛΛ.</strong></span> <span class='ocrx_word' id='word_1_575' title='bbox 1305 5008 1429 5061; x_wconf 83' lang='lat' dir='ltr'><strong>AA&#39;.</strong></span> 
     </span>
    </p>
   </div>
   <div class='ocr_carea' id='block_1_79' title="bbox 446 5096 2011 5169">
    <p class='ocr_par' dir='ltr' id='par_1_79' title="bbox 446 5096 2011 5169">
     <span class='ocr_line' id='line_1_79' title="bbox 446 5096 2011 5169; baseline 0.003 -14"><span class='ocrx_word' id='word_1_576' title='bbox 446 5096 556 5155; x_wconf 77' lang='grc' dir='ltr'><strong>Οἷα</strong></span> <span class='ocrx_word' id='word_1_577' title='bbox 577 5101 911 5165; x_wconf 78' lang='grc' dir='ltr'><strong>Ε’ὑστὰθιος</strong></span> <span class='ocrx_word' id='word_1_578' title='bbox 961 5102 995 5154; x_wconf 82' lang='grc' dir='ltr'><em>ὁ</em></span> <span class='ocrx_word' id='word_1_579' title='bbox 1051 5100 1404 5169; x_wconf 81' lang='grc' dir='ltr'><strong>Ἀντιοχείας</strong></span> <span class='ocrx_word' id='word_1_580' title='bbox 1456 5101 1553 5153; x_wconf 79' lang='grc' dir='ltr'><strong>καὶ</strong></span> <span class='ocrx_word' id='word_1_581' title='bbox 1595 5100 2011 5169; x_wconf 81' lang='grc' dir='ltr'><strong>Ἀθανάσιοςό</strong></span> 
     </span>
    </p>
   </div>
   <div class='ocr_carea' id='block_1_80' title="bbox 511 5168 2013 5242">
    <p class='ocr_par' dir='ltr' id='par_1_80' title="bbox 511 5168 2013 5242">
     <span class='ocr_line' id='line_1_80' title="bbox 511 5168 2013 5242; baseline 0.002 -18"><span class='ocrx_word' id='word_1_582' title='bbox 511 5171 979 5242; x_wconf 52' lang='grc' dir='ltr'><strong>Ἀλεξανδρείας.</strong></span> <span class='ocrx_word' id='word_1_583' title='bbox 999 5173 1062 5242; x_wconf 4' lang='grc' dir='ltr'><strong>φοί</strong></span> <span class='ocrx_word' id='word_1_584' title='bbox 1084 5168 1192 5236; x_wconf 82' lang='grc' dir='ltr'><strong>τῆς</strong></span> <span class='ocrx_word' id='word_1_585' title='bbox 1211 5172 1523 5242; x_wconf 75' lang='grc' dir='ltr'><strong>εὐσεϐείας</strong></span> <span class='ocrx_word' id='word_1_586' title='bbox 1545 5173 1852 5238; x_wconf 74' lang='grc' dir='ltr'><strong>πρόϐολοι,</strong></span> <span class='ocrx_word' id='word_1_587' title='bbox 1874 5168 2013 5242; x_wconf 76' lang='grc' dir='ltr'><strong>περὶ</strong></span> 
     </span>
    </p>
   </div>
   <div class='ocr_carea' id='block_1_81' title="bbox 511 5240 1901 5311">
    <p class='ocr_par' dir='ltr' id='par_1_81' title="bbox 511 5240 1901 5311">
     <span class='ocr_line' id='line_1_81' title="bbox 511 5240 1901 5311; baseline 0.001 -17"><span class='ocrx_word' id='word_1_588' title='bbox 511 5240 628 5294; x_wconf 81' lang='grc' dir='ltr'><strong>τῶν</strong></span> <span class='ocrx_word' id='word_1_589' title='bbox 655 5244 725 5296; x_wconf 84' lang='grc' dir='ltr'><strong>ἐν</strong></span> <span class='ocrx_word' id='word_1_590' title='bbox 747 5240 819 5308; x_wconf 80' lang='grc' dir='ltr'><strong>τῇ</strong></span> <span class='ocrx_word' id='word_1_591' title='bbox 850 5241 1093 5304; x_wconf 84' lang='grc' dir='ltr'><strong>συνόδῳ</strong></span> <span class='ocrx_word' id='word_1_592' title='bbox 1126 5240 1514 5309; x_wconf 79' lang='grc' dir='ltr'><strong>πραχθέντων</strong></span> <span class='ocrx_word' id='word_1_593' title='bbox 1541 5242 1901 5311; x_wconf 79' lang='grc' dir='ltr'><strong>ἱστόρησαν.</strong></span> 
     </span>
    </p>
   </div>
   <div class='ocr_carea' id='block_1_82' title="bbox 521 5419 2010 5490">
    <p class='ocr_par' dir='ltr' id='par_1_82' title="bbox 521 5419 2010 5490">
     <span class='ocr_line' id='line_1_82' title="bbox 521 5419 2010 5490; baseline -0.001 -13"><span class='ocrx_word' id='word_1_594' title='bbox 521 5445 541 5476; x_wconf 77' lang='grc' dir='ltr'><strong>ι</strong></span> <span class='ocrx_word' id='word_1_595' title='bbox 579 5425 756 5477; x_wconf 85' lang='grc' dir='ltr'><strong>Βαδιῶ</strong></span> <span class='ocrx_word' id='word_1_596' title='bbox 784 5423 830 5476; x_wconf 85' lang='grc' dir='ltr'><strong>δ’</strong></span> <span class='ocrx_word' id='word_1_597' title='bbox 862 5420 1116 5474; x_wconf 73' lang='grc' dir='ltr'><strong>ἐντεῦθεν</strong></span> <span class='ocrx_word' id='word_1_598' title='bbox 1143 5419 1236 5473; x_wconf 70' lang='grc' dir='ltr'><strong>ἐπὶ</strong></span> <span class='ocrx_word' id='word_1_599' title='bbox 1257 5419 1324 5473; x_wconf 87' lang='grc' dir='ltr'><strong>τὰ</strong></span> <span class='ocrx_word' id='word_1_600' title='bbox 1356 5420 1744 5490; x_wconf 84' lang='grc' dir='ltr'><strong>πεπραγμένα.</strong></span> <span class='ocrx_word' id='word_1_601' title='bbox 1778 5420 1842 5472; x_wconf 88' lang='grc' dir='ltr'><strong>Τί</strong></span> <span class='ocrx_word' id='word_1_602' title='bbox 1876 5421 1966 5475; x_wconf 81' lang='grc' dir='ltr'><strong>οὖν</strong></span> <span class='ocrx_word' id='word_1_603' title='bbox 1995 5439 2010 5487; x_wconf 85' lang='lat'><strong>;</strong></span> 
     </span>
    </p>
   </div>
   <div class='ocr_carea' id='block_1_83' title="bbox 454 5512 2012 5588">
    <p class='ocr_par' dir='ltr' id='par_1_83' title="bbox 454 5512 2012 5588">
     <span class='ocr_line' id='line_1_83' title="bbox 454 5512 2012 5588; baseline -0.004 -16"><span class='ocrx_word' id='word_1_604' title='bbox 454 5517 672 5588; x_wconf 79' lang='grc' dir='ltr'><strong>Ἐπειδὴ</strong></span> <span class='ocrx_word' id='word_1_605' title='bbox 709 5516 796 5570; x_wconf 84' lang='grc' dir='ltr'><strong>διά</strong></span> <span class='ocrx_word' id='word_1_606' title='bbox 817 5513 993 5570; x_wconf 82' lang='grc' dir='ltr'><strong>ταῦτα</strong></span> <span class='ocrx_word' id='word_1_607' title='bbox 1021 5514 1237 5576; x_wconf 86' lang='grc' dir='ltr'><strong>σύνοδος</strong></span> <span class='ocrx_word' id='word_1_608' title='bbox 1263 5513 1342 5575; x_wconf 84' lang='grc' dir='ltr'><strong>είς</strong></span> <span class='ocrx_word' id='word_1_609' title='bbox 1373 5513 1474 5581; x_wconf 81' lang='grc' dir='ltr'><strong>τὴν</strong></span> <span class='ocrx_word' id='word_1_610' title='bbox 1503 5512 1740 5565; x_wconf 84' lang='grc' dir='ltr'><strong>Νίκαιαν</strong></span> <span class='ocrx_word' id='word_1_611' title='bbox 1763 5513 2012 5580; x_wconf 83' lang='grc' dir='ltr'><strong>ἀφικνεῖ-</strong></span> 
     </span>
    </p>
   </div>
   <div class='ocr_carea' id='block_1_84' title="bbox 443 5605 2013 5681">
    <p class='ocr_par' dir='ltr' id='par_1_84' title="bbox 443 5605 2013 5681">
     <span class='ocr_line' id='line_1_84' title="bbox 443 5605 2013 5681; baseline -0.004 -16"><span class='ocrx_word' id='word_1_612' title='bbox 443 5629 536 5665; x_wconf 86' lang='grc' dir='ltr'><strong>ται</strong></span> <span class='ocrx_word' id='word_1_613' title='bbox 580 5610 836 5681; x_wconf 82' lang='grc' dir='ltr'><strong>μεγίστη,</strong></span> <span class='ocrx_word' id='word_1_614' title='bbox 871 5609 1002 5678; x_wconf 87' lang='grc' dir='ltr'><strong>μήτι</strong></span> <span class='ocrx_word' id='word_1_615' title='bbox 1033 5623 1096 5676; x_wconf 82' lang='grc' dir='ltr'><strong>γε</strong></span> <span class='ocrx_word' id='word_1_616' title='bbox 1125 5607 1221 5659; x_wconf 78' lang='grc' dir='ltr'><strong>καὶ</strong></span> <span class='ocrx_word' id='word_1_617' title='bbox 1249 5605 1626 5674; x_wconf 76' lang='grc' dir='ltr'><strong>ἑϐδομήκοντα</strong></span> <span class='ocrx_word' id='word_1_618' title='bbox 1656 5605 1747 5657; x_wconf 72' lang='grc' dir='ltr'><strong>τὸν</strong></span> <span class='ocrx_word' id='word_1_619' title='bbox 1782 5606 2013 5675; x_wconf 74' lang='grc' dir='ltr'><strong>ἀριθμὸν</strong></span> 
     </span>
    </p>
   </div>
   <div class='ocr_carea' id='block_1_85' title="bbox 441 5697 2011 5773">
    <p class='ocr_par' dir='ltr' id='par_1_85' title="bbox 441 5697 2011 5773">
     <span class='ocr_line' id='line_1_85' title="bbox 441 5697 2011 5773; baseline -0.004 -17"><span class='ocrx_word' id='word_1_620' title='bbox 441 5703 608 5772; x_wconf 82' lang='grc' dir='ltr'><strong>ὁμόσε</strong></span> <span class='ocrx_word' id='word_1_621' title='bbox 646 5701 1050 5773; x_wconf 85' lang='grc' dir='ltr'><strong>συναχθέντων.</strong></span> <span class='ocrx_word' id='word_1_622' title='bbox 1105 5699 1179 5752; x_wconf 77' lang='grc' dir='ltr'><strong>Τὸ</strong></span> <span class='ocrx_word' id='word_1_623' title='bbox 1226 5700 1335 5769; x_wconf 91' lang='grc' dir='ltr'><strong>γὰρ</strong></span> <span class='ocrx_word' id='word_1_624' title='bbox 1388 5699 1563 5766; x_wconf 69' lang='grc' dir='ltr'><strong>σαφὲς</strong></span> <span class='ocrx_word' id='word_1_625' title='bbox 1602 5697 1690 5750; x_wconf 81' lang='grc' dir='ltr'><strong>διὰ</strong></span> <span class='ocrx_word' id='word_1_626' title='bbox 1734 5698 1860 5760; x_wconf 79' lang='grc' dir='ltr'><strong>τοὺς</strong></span> <span class='ocrx_word' id='word_1_627' title='bbox 1911 5698 2011 5766; x_wconf 79' lang='grc' dir='ltr'><strong>τῆς</strong></span> 
     </span>
    </p>
   </div>
   <div class='ocr_carea' id='block_1_86' title="bbox 445 5785 2004 5865">
    <p class='ocr_par' dir='ltr' id='par_1_86' title="bbox 445 5785 2004 5865">
     <span class='ocr_line' id='line_1_86' title="bbox 445 5785 2004 5865; baseline -0.004 -17"><span class='ocrx_word' id='word_1_628' title='bbox 445 5796 807 5865; x_wconf 79' lang='grc' dir='ltr'><strong>πολυανδρίας</strong></span> <span class='ocrx_word' id='word_1_629' title='bbox 871 5793 1063 5863; x_wconf 76' lang='grc' dir='ltr'><strong>ὄχλους</strong></span> <span class='ocrx_word' id='word_1_630' title='bbox 1117 5792 1216 5860; x_wconf 84' lang='grc' dir='ltr'><strong>οὐχ</strong></span> <span class='ocrx_word' id='word_1_631' title='bbox 1264 5785 1377 5854; x_wconf 76' lang='grc' dir='ltr'><strong>οἷός</strong></span> <span class='ocrx_word' id='word_1_632' title='bbox 1437 5791 1496 5843; x_wconf 86' lang='grc' dir='ltr'><strong>τέ</strong></span> <span class='ocrx_word' id='word_1_633' title='bbox 1569 5791 1688 5858; x_wconf 83' lang='grc' dir='ltr'><strong>είμι</strong></span> <span class='ocrx_word' id='word_1_634' title='bbox 1735 5790 2004 5858; x_wconf 84' lang='grc' dir='ltr'><strong>γράφειν,</strong></span> 
     </span>
    </p>
   </div>
   <div class='ocr_carea' id='block_1_87' title="bbox 2109 3236 3734 3308">
    <p class='ocr_par' dir='ltr' id='par_1_87' title="bbox 2109 3236 3734 3308">
     <span class='ocr_line' id='line_1_87' title="bbox 2109 3236 3734 3308; baseline 0.007 -19"><span class='ocrx_word' id='word_1_635' title='bbox 2109 3237 2255 3306; x_wconf 91' lang='lat' dir='ltr'><strong>quod</strong></span> <span class='ocrx_word' id='word_1_636' title='bbox 2313 3239 2612 3293; x_wconf 90' lang='lat' dir='ltr'><strong>immunem</strong></span> <span class='ocrx_word' id='word_1_637' title='bbox 2663 3255 2694 3294; x_wconf 88' lang='lat' dir='ltr'><strong>a</strong></span> <span class='ocrx_word' id='word_1_638' title='bbox 2739 3241 2981 3308; x_wconf 84' lang='lat' dir='ltr'><strong>peccatis</strong></span> <span class='ocrx_word' id='word_1_639' title='bbox 3049 3257 3108 3296; x_wconf 90' lang='lat' dir='ltr'><strong>se</strong></span> <span class='ocrx_word' id='word_1_640' title='bbox 3161 3241 3301 3297; x_wconf 82' lang='lat' dir='ltr'><strong>forte</strong></span> <span class='ocrx_word' id='word_1_641' title='bbox 3349 3244 3683 3300; x_wconf 80' lang='lat' dir='ltr'><strong>existimavit-</strong></span> <span class='ocrx_word' id='word_1_642' title='bbox 3720 3236 3734 3252; x_wconf 83' lang='grc'><em>’</em></span> 
     </span>
    </p>
   </div>
   <div class='ocr_carea' id='block_1_88' title="bbox 2109 3332 3680 3403">
    <p class='ocr_par' dir='ltr' id='par_1_88' title="bbox 2109 3332 3680 3403">
     <span class='ocr_line' id='line_1_88' title="bbox 2109 3332 3680 3403; baseline 0.003 -19"><span class='ocrx_word' id='word_1_643' title='bbox 2109 3344 2254 3393; x_wconf 88' lang='lat' dir='ltr'><strong>esse,</strong></span> <span class='ocrx_word' id='word_1_644' title='bbox 2304 3332 2644 3400; x_wconf 82' lang='lat' dir='ltr'><strong>perstrinxit.</strong></span> <span class='ocrx_word' id='word_1_645' title='bbox 2694 3335 2770 3387; x_wconf 86' lang='lat' dir='ltr'><strong>Ac</strong></span> <span class='ocrx_word' id='word_1_646' title='bbox 2805 3349 2893 3388; x_wconf 87' lang='lat' dir='ltr'><strong>res</strong></span> <span class='ocrx_word' id='word_1_647' title='bbox 2937 3333 3158 3403; x_wconf 88' lang='lat' dir='ltr'><strong>quidem</strong></span> <span class='ocrx_word' id='word_1_648' title='bbox 3216 3337 3456 3400; x_wconf 89' lang='lat' dir='ltr'><strong>concilii,</strong></span> <span class='ocrx_word' id='word_1_649' title='bbox 3515 3337 3680 3390; x_wconf 76' lang='lat' dir='ltr'><strong>sicuti</strong></span> 
     </span>
    </p>
   </div>
   <div class='ocr_carea' id='block_1_89' title="bbox 2111 3421 3680 3497">
    <p class='ocr_par' dir='ltr' id='par_1_89' title="bbox 2111 3421 3680 3497">
     <span class='ocr_line' id='line_1_89' title="bbox 2111 3421 3680 3497; baseline 0.003 -21"><span class='ocrx_word' id='word_1_650' title='bbox 2111 3421 2432 3478; x_wconf 89' lang='lat' dir='ltr'><strong>brevissime</strong></span> <span class='ocrx_word' id='word_1_651' title='bbox 2471 3426 2869 3494; x_wconf 78' lang='lat' dir='ltr'><strong>exposuimus,</strong></span> <span class='ocrx_word' id='word_1_652' title='bbox 2921 3437 3051 3482; x_wconf 90' lang='lat' dir='ltr'><strong>sunt</strong></span> <span class='ocrx_word' id='word_1_653' title='bbox 3117 3437 3305 3497; x_wconf 61' lang='lat' dir='ltr'><strong>gestas.</strong></span> <span class='ocrx_word' id='word_1_654' title='bbox 3359 3429 3493 3482; x_wconf 82' lang='lat' dir='ltr'><strong>Mihi</strong></span> <span class='ocrx_word' id='word_1_655' title='bbox 3551 3446 3680 3483; x_wconf 84' lang='lat' dir='ltr'><strong>vero</strong></span> 
     </span>
    </p>
   </div>
   <div class='ocr_carea' id='block_1_90' title="bbox 2109 3516 3676 3585">
    <p class='ocr_par' dir='ltr' id='par_1_90' title="bbox 2109 3516 3676 3585">
     <span class='ocr_line' id='line_1_90' title="bbox 2109 3516 3676 3585; baseline 0.005 -19"><span class='ocrx_word' id='word_1_656' title='bbox 2109 3530 2273 3585; x_wconf 88' lang='lat' dir='ltr'><strong>grave</strong></span> <span class='ocrx_word' id='word_1_657' title='bbox 2297 3524 2393 3569; x_wconf 90' lang='lat' dir='ltr'><strong>aut</strong></span> <span class='ocrx_word' id='word_1_658' title='bbox 2423 3516 2714 3571; x_wconf 85' lang='lat' dir='ltr'><strong>molestum</strong></span> <span class='ocrx_word' id='word_1_659' title='bbox 2747 3533 2854 3572; x_wconf 92' lang='lat' dir='ltr'><strong>non</strong></span> <span class='ocrx_word' id='word_1_660' title='bbox 2890 3519 3076 3583; x_wconf 81' lang='lat' dir='ltr'><strong>fuerit,</strong></span> <span class='ocrx_word' id='word_1_661' title='bbox 3103 3519 3170 3574; x_wconf 90' lang='lat' dir='ltr'><strong>ad</strong></span> <span class='ocrx_word' id='word_1_662' title='bbox 3205 3521 3365 3575; x_wconf 86' lang='lat' dir='ltr'><strong>ﬁdem</strong></span> <span class='ocrx_word' id='word_1_663' title='bbox 3404 3522 3676 3577; x_wconf 81' lang='lat' dir='ltr'><strong>dictorum</strong></span> 
     </span>
    </p>
   </div>
   <div class='ocr_carea' id='block_1_91' title="bbox 2109 3603 3681 3679">
    <p class='ocr_par' dir='ltr' id='par_1_91' title="bbox 2109 3603 3681 3679">
     <span class='ocr_line' id='line_1_91' title="bbox 2109 3603 3681 3679; baseline 0.006 -21"><span class='ocrx_word' id='word_1_664' title='bbox 2109 3603 2315 3658; x_wconf 88' lang='lat' dir='ltr'><strong>certius</strong></span> <span class='ocrx_word' id='word_1_665' title='bbox 2363 3604 2820 3672; x_wconf 73' lang='lat' dir='ltr'><strong>confirmandam,</strong></span> <span class='ocrx_word' id='word_1_666' title='bbox 2873 3607 3032 3679; x_wconf 85' lang='lat'><strong>573</strong></span> <span class='ocrx_word' id='word_1_667' title='bbox 3079 3625 3199 3678; x_wconf 73' lang='lat' dir='ltr'><strong>quae</strong></span> <span class='ocrx_word' id='word_1_668' title='bbox 3227 3611 3297 3666; x_wconf 88' lang='lat' dir='ltr'><strong>de</strong></span> <span class='ocrx_word' id='word_1_669' title='bbox 3327 3612 3454 3666; x_wconf 91' lang='lat' dir='ltr'><strong>dolo</strong></span> <span class='ocrx_word' id='word_1_670' title='bbox 3491 3613 3681 3667; x_wconf 83' lang='lat' dir='ltr'><strong>iuren-</strong></span> 
     </span>
    </p>
   </div>
   <div class='ocr_carea' id='block_1_92' title="bbox 2111 3696 3681 3758">
    <p class='ocr_par' dir='ltr' id='par_1_92' title="bbox 2111 3696 3681 3758">
     <span class='ocr_line' id='line_1_92' title="bbox 2111 3696 3681 3758; baseline 0.005 -9"><span class='ocrx_word' id='word_1_671' title='bbox 2111 3696 2246 3751; x_wconf 90' lang='lat' dir='ltr'><strong>tium</strong></span> <span class='ocrx_word' id='word_1_672' title='bbox 2307 3697 2639 3752; x_wconf 83' lang='lat' dir='ltr'><strong>Arianorum</strong></span> <span class='ocrx_word' id='word_1_673' title='bbox 2690 3699 3011 3754; x_wconf 88' lang='lat' dir='ltr'><strong>Eustathius</strong></span> <span class='ocrx_word' id='word_1_674' title='bbox 3061 3709 3118 3755; x_wconf 90' lang='lat' dir='ltr'><strong>et</strong></span> <span class='ocrx_word' id='word_1_675' title='bbox 3169 3701 3504 3756; x_wconf 82' lang='lat' dir='ltr'><strong>Athanasius</strong></span> <span class='ocrx_word' id='word_1_676' title='bbox 3537 3720 3681 3758; x_wconf 74' lang='lat' dir='ltr'><strong>vera:</strong></span> 
     </span>
    </p>
   </div>
   <div class='ocr_carea' id='block_1_93' title="bbox 2109 3788 3681 3864">
    <p class='ocr_par' dir='ltr' id='par_1_93' title="bbox 2109 3788 3681 3864">
     <span class='ocr_line' id='line_1_93' title="bbox 2109 3788 3681 3864; baseline 0.006 -23"><span class='ocrx_word' id='word_1_677' title='bbox 2109 3788 2330 3856; x_wconf 84' lang='lat' dir='ltr'><strong>pictatis</strong></span> <span class='ocrx_word' id='word_1_678' title='bbox 2361 3791 2770 3859; x_wconf 86' lang='lat' dir='ltr'><strong>propugnacula</strong></span> <span class='ocrx_word' id='word_1_679' title='bbox 2819 3790 3165 3859; x_wconf 88' lang='lat' dir='ltr'><strong>scripserunt</strong></span> <span class='ocrx_word' id='word_1_680' title='bbox 3193 3833 3208 3858; x_wconf 90' lang='lat'><strong>,</strong></span> <span class='ocrx_word' id='word_1_681' title='bbox 3247 3794 3484 3863; x_wconf 81' lang='lat' dir='ltr'><strong>allegare</strong></span> <span class='ocrx_word' id='word_1_682' title='bbox 3509 3833 3523 3859; x_wconf 95' lang='lat'><strong>,</strong></span> <span class='ocrx_word' id='word_1_683' title='bbox 3557 3813 3681 3864; x_wconf 77' lang='lat' dir='ltr'><strong>qua:</strong></span> 
     </span>
    </p>
   </div>
   <div class='ocr_carea' id='block_1_94' title="bbox 2111 3880 3682 3954">
    <p class='ocr_par' dir='ltr' id='par_1_94' title="bbox 2111 3880 3682 3954">
     <span class='ocr_line' id='line_1_94' title="bbox 2111 3880 3682 3954; baseline 0.005 -20"><span class='ocrx_word' id='word_1_684' title='bbox 2111 3880 2240 3934; x_wconf 89' lang='lat' dir='ltr'><strong>item</strong></span> <span class='ocrx_word' id='word_1_685' title='bbox 2274 3881 2543 3935; x_wconf 88' lang='lat' dir='ltr'><strong>Eusebius</strong></span> <span class='ocrx_word' id='word_1_686' title='bbox 2573 3881 2839 3949; x_wconf 88' lang='lat' dir='ltr'><strong>Pamphili</strong></span> <span class='ocrx_word' id='word_1_687' title='bbox 2875 3882 2944 3936; x_wconf 88' lang='lat' dir='ltr'><strong>de</strong></span> <span class='ocrx_word' id='word_1_688' title='bbox 2967 3884 3157 3954; x_wconf 88' lang='lat' dir='ltr'><strong>synodi</strong></span> <span class='ocrx_word' id='word_1_689' title='bbox 3191 3888 3682 3942; x_wconf 87' lang='lat' dir='ltr'><strong>constitutionibus</strong></span> 
     </span>
    </p>
   </div>
   <div class='ocr_carea' id='block_1_95' title="bbox 2111 3970 3676 4046">
    <p class='ocr_par' dir='ltr' id='par_1_95' title="bbox 2111 3970 3676 4046">
     <span class='ocr_line' id='line_1_95' title="bbox 2111 3970 3676 4046; baseline 0.006 -21"><span class='ocrx_word' id='word_1_690' title='bbox 2111 3987 2222 4026; x_wconf 72' lang='lat' dir='ltr'><strong>sua:</strong></span> <span class='ocrx_word' id='word_1_691' title='bbox 2246 3970 2581 4041; x_wconf 83' lang='lat' dir='ltr'><strong>signiﬁcavit</strong></span> <span class='ocrx_word' id='word_1_692' title='bbox 2612 3973 2889 4040; x_wconf 69' lang='lat' dir='ltr'><strong>Ecclesiaz,</strong></span> <span class='ocrx_word' id='word_1_693' title='bbox 2920 3984 3180 4043; x_wconf 63' lang='lat' dir='ltr'><strong>printerea</strong></span> <span class='ocrx_word' id='word_1_694' title='bbox 3217 3994 3336 4046; x_wconf 82' lang='lat' dir='ltr'><strong>quae</strong></span> <span class='ocrx_word' id='word_1_695' title='bbox 3364 3996 3392 4031; x_wconf 88' lang='lat' dir='ltr'><strong>a</strong></span> <span class='ocrx_word' id='word_1_696' title='bbox 3422 3981 3676 4038; x_wconf 83' lang='lat' dir='ltr'><strong>Patribus</strong></span> 
     </span>
    </p>
   </div>
   <div class='ocr_carea' id='block_1_96' title="bbox 2113 4065 3680 4142">
    <p class='ocr_par' dir='ltr' id='par_1_96' title="bbox 2113 4065 3680 4142">
     <span class='ocr_line' id='line_1_96' title="bbox 2113 4065 3680 4142; baseline 0.006 -25"><span class='ocrx_word' id='word_1_697' title='bbox 2113 4065 2384 4119; x_wconf 89' lang='lat' dir='ltr'><strong>universis</strong></span> <span class='ocrx_word' id='word_1_698' title='bbox 2430 4077 2560 4118; x_wconf 90' lang='lat' dir='ltr'><strong>sunt</strong></span> <span class='ocrx_word' id='word_1_699' title='bbox 2588 4071 2955 4120; x_wconf 86' lang='lat' dir='ltr'><strong>communiter</strong></span> <span class='ocrx_word' id='word_1_700' title='bbox 3001 4067 3257 4133; x_wconf 81' lang='lat' dir='ltr'><strong>decreta,</strong></span> <span class='ocrx_word' id='word_1_701' title='bbox 3287 4069 3522 4141; x_wconf 89' lang='lat' dir='ltr'><strong>denique</strong></span> <span class='ocrx_word' id='word_1_702' title='bbox 3559 4089 3680 4142; x_wconf 73' lang='lat' dir='ltr'><strong>qua:</strong></span> 
     </span>
    </p>
   </div>
   <div class='ocr_carea' id='block_1_97' title="bbox 2113 4155 3679 4228">
    <p class='ocr_par' dir='ltr' id='par_1_97' title="bbox 2113 4155 3679 4228">
     <span class='ocr_line' id='line_1_97' title="bbox 2113 4155 3679 4228; baseline 0.004 -18"><span class='ocrx_word' id='word_1_703' title='bbox 2113 4157 2223 4210; x_wconf 87' lang='lat' dir='ltr'><strong>Deo</strong></span> <span class='ocrx_word' id='word_1_704' title='bbox 2257 4156 2458 4210; x_wconf 87' lang='lat' dir='ltr'><strong>charus</strong></span> <span class='ocrx_word' id='word_1_705' title='bbox 2493 4155 2888 4210; x_wconf 86' lang='lat' dir='ltr'><strong>Constantinus</strong></span> <span class='ocrx_word' id='word_1_706' title='bbox 2927 4160 2993 4212; x_wconf 90' lang='lat' dir='ltr'><strong>ad</strong></span> <span class='ocrx_word' id='word_1_707' title='bbox 3027 4175 3391 4228; x_wconf 86' lang='lat' dir='ltr'><strong>quoscunque</strong></span> <span class='ocrx_word' id='word_1_708' title='bbox 3421 4164 3679 4218; x_wconf 77' lang='lat' dir='ltr'><strong>absentes</strong></span> 
     </span>
    </p>
   </div>
   <div class='ocr_carea' id='block_1_98' title="bbox 2113 4245 3678 4316">
    <p class='ocr_par' dir='ltr' id='par_1_98' title="bbox 2113 4245 3678 4316">
     <span class='ocr_line' id='line_1_98' title="bbox 2113 4245 3678 4316; baseline 0.004 -16"><span class='ocrx_word' id='word_1_709' title='bbox 2113 4247 2401 4316; x_wconf 88' lang='lat' dir='ltr'><strong>episcopos</strong></span> <span class='ocrx_word' id='word_1_710' title='bbox 2438 4245 2506 4300; x_wconf 90' lang='lat' dir='ltr'><strong>de</strong></span> <span class='ocrx_word' id='word_1_711' title='bbox 2535 4245 2656 4298; x_wconf 87' lang='lat' dir='ltr'><strong>tidei</strong></span> <span class='ocrx_word' id='word_1_712' title='bbox 2687 4247 2958 4316; x_wconf 79' lang='lat' dir='ltr'><strong>dogmate,</strong></span> <span class='ocrx_word' id='word_1_713' title='bbox 2987 4251 3055 4302; x_wconf 91' lang='lat' dir='ltr'><strong>de</strong></span> <span class='ocrx_word' id='word_1_714' title='bbox 3099 4250 3360 4305; x_wconf 89' lang='lat' dir='ltr'><strong>Paschate</strong></span> <span class='ocrx_word' id='word_1_715' title='bbox 3386 4294 3400 4314; x_wconf 88' lang='lat'><strong>,</strong></span> <span class='ocrx_word' id='word_1_716' title='bbox 3452 4254 3518 4307; x_wconf 82' lang='lat' dir='ltr'><strong>de</strong></span> <span class='ocrx_word' id='word_1_717' title='bbox 3547 4256 3678 4307; x_wconf 86' lang='lat' dir='ltr'><strong>Ario</strong></span> 
     </span>
    </p>
   </div>
   <div class='ocr_carea' id='block_1_99' title="bbox 2111 4338 3679 4410">
    <p class='ocr_par' dir='ltr' id='par_1_99' title="bbox 2111 4338 3679 4410">
     <span class='ocr_line' id='line_1_99' title="bbox 2111 4338 3679 4410; baseline 0.007 -19"><span class='ocrx_word' id='word_1_718' title='bbox 2111 4339 2336 4408; x_wconf 87' lang='lat' dir='ltr'><strong>ejusque</strong></span> <span class='ocrx_word' id='word_1_719' title='bbox 2368 4338 2752 4403; x_wconf 87' lang='lat' dir='ltr'><strong>sectatoribus,</strong></span> <span class='ocrx_word' id='word_1_720' title='bbox 2790 4351 2844 4392; x_wconf 87' lang='lat' dir='ltr'><strong>et</strong></span> <span class='ocrx_word' id='word_1_721' title='bbox 2894 4341 2963 4395; x_wconf 90' lang='lat' dir='ltr'><strong>de</strong></span> <span class='ocrx_word' id='word_1_722' title='bbox 3005 4343 3121 4410; x_wconf 88' lang='lat' dir='ltr'><strong>ipso</strong></span> <span class='ocrx_word' id='word_1_723' title='bbox 3165 4345 3398 4398; x_wconf 85' lang='lat' dir='ltr'><strong>Eusebio</strong></span> <span class='ocrx_word' id='word_1_724' title='bbox 3427 4347 3679 4402; x_wconf 84' lang='lat' dir='ltr'><strong>Nicome-</strong></span> 
     </span>
    </p>
   </div>
   <div class='ocr_carea' id='block_1_100' title="bbox 2112 4430 3678 4507">
    <p class='ocr_par' dir='ltr' id='par_1_100' title="bbox 2112 4430 3678 4507">
     <span class='ocr_line' id='line_1_100' title="bbox 2112 4430 3678 4507; baseline 0.007 -24"><span class='ocrx_word' id='word_1_725' title='bbox 2112 4430 2288 4485; x_wconf 90' lang='lat' dir='ltr'><strong>diensi</strong></span> <span class='ocrx_word' id='word_1_726' title='bbox 2343 4431 2582 4501; x_wconf 86' lang='lat' dir='ltr'><strong>scripsit.</strong></span> <span class='ocrx_word' id='word_1_727' title='bbox 2610 4431 2689 4485; x_wconf 86' lang='lat' dir='ltr'><strong>Ex</strong></span> <span class='ocrx_word' id='word_1_728' title='bbox 2736 4431 2802 4486; x_wconf 88' lang='lat' dir='ltr'><strong>iis</strong></span> <span class='ocrx_word' id='word_1_729' title='bbox 2835 4433 2981 4488; x_wconf 87' lang='lat' dir='ltr'><strong>enim</strong></span> <span class='ocrx_word' id='word_1_730' title='bbox 3032 4434 3268 4490; x_wconf 80' lang='lat' dir='ltr'><strong>maxime</strong></span> <span class='ocrx_word' id='word_1_731' title='bbox 3318 4439 3508 4507; x_wconf 87' lang='lat' dir='ltr'><strong>synodi</strong></span> <span class='ocrx_word' id='word_1_732' title='bbox 3559 4453 3678 4495; x_wconf 87' lang='lat' dir='ltr'><strong>acta</strong></span> 
     </span>
    </p>
   </div>
   <div class='ocr_carea' id='block_1_101' title="bbox 2114 4525 3678 4596">
    <p class='ocr_par' dir='ltr' id='par_1_101' title="bbox 2114 4525 3678 4596">
     <span class='ocr_line' id='line_1_101' title="bbox 2114 4525 3678 4596; baseline 0.006 -17"><span class='ocrx_word' id='word_1_733' title='bbox 2114 4532 2531 4594; x_wconf 85' lang='lat' dir='ltr'><strong>cognoscentur.</strong></span> <span class='ocrx_word' id='word_1_734' title='bbox 2590 4525 2657 4580; x_wconf 86' lang='lat' dir='ltr'><strong>Et</strong></span> <span class='ocrx_word' id='word_1_735' title='bbox 2709 4527 2944 4596; x_wconf 90' lang='lat' dir='ltr'><strong>primum</strong></span> <span class='ocrx_word' id='word_1_736' title='bbox 3008 4527 3288 4584; x_wconf 89' lang='lat' dir='ltr'><strong>Eustathii</strong></span> <span class='ocrx_word' id='word_1_737' title='bbox 3348 4531 3678 4589; x_wconf 86' lang='lat' dir='ltr'><strong>Antiocheni</strong></span> 
     </span>
    </p>
   </div>
   <div class='ocr_carea' id='block_1_102' title="bbox 2112 4616 3680 4690">
    <p class='ocr_par' dir='ltr' id='par_1_102' title="bbox 2112 4616 3680 4690">
     <span class='ocr_line' id='line_1_102' title="bbox 2112 4616 3680 4690; baseline 0.008 -21"><span class='ocrx_word' id='word_1_738' title='bbox 2112 4616 2352 4686; x_wconf 75' lang='lat' dir='ltr'><strong>episcopi</strong></span> <span class='ocrx_word' id='word_1_739' title='bbox 2387 4616 2548 4671; x_wconf 88' lang='lat' dir='ltr'><strong>verba</strong></span> <span class='ocrx_word' id='word_1_740' title='bbox 2584 4633 2857 4688; x_wconf 84' lang='lat' dir='ltr'><strong>exponam</strong></span> <span class='ocrx_word' id='word_1_741' title='bbox 2879 4659 2894 4684; x_wconf 95' lang='lat'><strong>,</strong></span> <span class='ocrx_word' id='word_1_742' title='bbox 2929 4622 3130 4690; x_wconf 90' lang='lat' dir='ltr'><strong>quibus</strong></span> <span class='ocrx_word' id='word_1_743' title='bbox 3167 4621 3496 4679; x_wconf 81' lang='lat' dir='ltr'><strong>Arianorum</strong></span> <span class='ocrx_word' id='word_1_744' title='bbox 3538 4627 3680 4682; x_wconf 80' lang='lat' dir='ltr'><strong>blas-</strong></span> 
     </span>
    </p>
   </div>
   <div class='ocr_carea' id='block_1_103' title="bbox 2112 4708 3677 4789">
    <p class='ocr_par' dir='ltr' id='par_1_103' title="bbox 2112 4708 3677 4789">
     <span class='ocr_line' id='line_1_103' title="bbox 2112 4708 3677 4789; baseline 0.008 -28"><span class='ocrx_word' id='word_1_745' title='bbox 2112 4708 2389 4776; x_wconf 83' lang='lat' dir='ltr'><strong>pbemiam</strong></span> <span class='ocrx_word' id='word_1_746' title='bbox 2442 4711 2746 4783; x_wconf 83' lang='lat' dir='ltr'><strong>redarguit,</strong></span> <span class='ocrx_word' id='word_1_747' title='bbox 2793 4723 2849 4767; x_wconf 90' lang='lat' dir='ltr'><strong>et</strong></span> <span class='ocrx_word' id='word_1_748' title='bbox 2877 4729 2990 4768; x_wconf 89' lang='lat' dir='ltr'><strong>rem</strong></span> <span class='ocrx_word' id='word_1_749' title='bbox 3028 4725 3232 4783; x_wconf 81' lang='lat' dir='ltr'><strong>gestam</strong></span> <span class='ocrx_word' id='word_1_750' title='bbox 3267 4717 3474 4773; x_wconf 90' lang='lat' dir='ltr'><strong>docet:</strong></span> <span class='ocrx_word' id='word_1_751' title='bbox 3515 4728 3677 4789; x_wconf 85' lang='lat' dir='ltr'><strong>atque</strong></span> 
     </span>
    </p>
   </div>
   <div class='ocr_carea' id='block_1_104' title="bbox 2116 4801 3677 4870">
    <p class='ocr_par' dir='ltr' id='par_1_104' title="bbox 2116 4801 3677 4870">
     <span class='ocr_line' id='line_1_104' title="bbox 2116 4801 3677 4870; baseline 0.007 -17"><span class='ocrx_word' id='word_1_752' title='bbox 2116 4802 2340 4870; x_wconf 86' lang='lat' dir='ltr'><strong>insuper</strong></span> <span class='ocrx_word' id='word_1_753' title='bbox 2378 4801 2585 4858; x_wconf 85' lang='lat' dir='ltr'><strong>dictum</strong></span> <span class='ocrx_word' id='word_1_754' title='bbox 2619 4804 2773 4866; x_wconf 90' lang='lat' dir='ltr'><strong>illud,</strong></span> <span class='ocrx_word' id='word_1_755' title='bbox 2807 4805 3063 4860; x_wconf 77' lang='lat' dir='ltr'><strong>Dominus</strong></span> <span class='ocrx_word' id='word_1_756' title='bbox 3093 4811 3292 4862; x_wconf 83' lang='lat' dir='ltr'><strong>creavit</strong></span> <span class='ocrx_word' id='word_1_757' title='bbox 3329 4827 3408 4864; x_wconf 84' lang='lat' dir='ltr'><strong>me</strong></span> <span class='ocrx_word' id='word_1_758' title='bbox 3438 4811 3501 4865; x_wconf 84' lang='lat' dir='ltr'><strong>ab</strong></span> <span class='ocrx_word' id='word_1_759' title='bbox 3529 4813 3677 4866; x_wconf 81' lang='lat' dir='ltr'><strong>initio</strong></span> 
     </span>
    </p>
   </div>
   <div class='ocr_carea' id='block_1_105' title="bbox 2115 4894 3538 4967">
    <p class='ocr_par' dir='ltr' id='par_1_105' title="bbox 2115 4894 3538 4967">
     <span class='ocr_line' id='line_1_105' title="bbox 2115 4894 3538 4967; baseline 0.007 -21"><span class='ocrx_word' id='word_1_760' title='bbox 2115 4894 2320 4947; x_wconf 81' lang='lat' dir='ltr'><strong>viarum</strong></span> <span class='ocrx_word' id='word_1_761' title='bbox 2353 4910 2599 4964; x_wconf 83' lang='lat' dir='ltr'><strong>suarum,</strong></span> <span class='ocrx_word' id='word_1_762' title='bbox 2637 4897 3050 4967; x_wconf 88' lang='lat' dir='ltr'><strong>interpretatur.</strong></span> <span class='ocrx_word' id='word_1_763' title='bbox 3082 4899 3185 4964; x_wconf 86' lang='lat' dir='ltr'><strong>Qui</strong></span> <span class='ocrx_word' id='word_1_764' title='bbox 3215 4902 3295 4956; x_wconf 88' lang='lat' dir='ltr'><strong>sic</strong></span> <span class='ocrx_word' id='word_1_765' title='bbox 3329 4903 3538 4956; x_wconf 90' lang='lat' dir='ltr'><strong>scribit.</strong></span> 
     </span>
    </p>
   </div>
   <div class='ocr_carea' id='block_1_106' title="bbox 2697 5011 3094 5070">
    <p class='ocr_par' dir='ltr' id='par_1_106' title="bbox 2697 5011 3094 5070">
     <span class='ocr_line' id='line_1_106' title="bbox 2697 5011 3094 5070; baseline 0 -3"><span class='ocrx_word' id='word_1_766' title='bbox 2697 5011 2920 5070; x_wconf 86' lang='lat' dir='ltr'><strong>CAPUT</strong></span> <span class='ocrx_word' id='word_1_767' title='bbox 2952 5012 3094 5068; x_wconf 78' lang='lat' dir='ltr'><strong>XXI.</strong></span> 
     </span>
    </p>
   </div>
   <div class='ocr_carea' id='block_1_107' title="bbox 2119 5101 3681 5168">
    <p class='ocr_par' dir='ltr' id='par_1_107' title="bbox 2119 5101 3681 5168">
     <span class='ocr_line' id='line_1_107' title="bbox 2119 5101 3681 5168; baseline 0.003 -9"><span class='ocrx_word' id='word_1_768' title='bbox 2119 5101 2314 5166; x_wconf 78' lang='lat' dir='ltr'><strong>Qualia</strong></span> <span class='ocrx_word' id='word_1_769' title='bbox 2351 5101 2654 5157; x_wconf 73' lang='lat' dir='ltr'><strong>Eustathius</strong></span> <span class='ocrx_word' id='word_1_770' title='bbox 2710 5104 3080 5168; x_wconf 77' lang='lat' dir='ltr'><strong>Antiocltenus,</strong></span> <span class='ocrx_word' id='word_1_771' title='bbox 3120 5117 3166 5158; x_wconf 85' lang='lat' dir='ltr'><strong>et</strong></span> <span class='ocrx_word' id='word_1_772' title='bbox 3211 5107 3527 5165; x_wconf 79' lang='lat' dir='ltr'><strong>Athanasius</strong></span> <span class='ocrx_word' id='word_1_773' title='bbox 3559 5112 3681 5166; x_wconf 80' lang='lat' dir='ltr'><strong>Alc-</strong></span> 
     </span>
    </p>
   </div>
   <div class='ocr_carea' id='block_1_108' title="bbox 2185 5173 3676 5250">
    <p class='ocr_par' dir='ltr' id='par_1_108' title="bbox 2185 5173 3676 5250">
     <span class='ocr_line' id='line_1_108' title="bbox 2185 5173 3676 5250; baseline 0.005 -26"><span class='ocrx_word' id='word_1_774' title='bbox 2185 5173 2499 5250; x_wconf 54' lang='lat' dir='ltr'><strong>agandrinus,</strong></span> <span class='ocrx_word' id='word_1_775' title='bbox 2545 5173 2806 5250; x_wconf 71' lang='lat' dir='ltr'><strong>episc0pt&#39;_,</strong></span> <span class='ocrx_word' id='word_1_776' title='bbox 2837 5189 2971 5250; x_wconf 76' lang='lat' dir='ltr'><strong>uerte</strong></span> <span class='ocrx_word' id='word_1_777' title='bbox 3003 5177 3214 5244; x_wconf 80' lang='lat' dir='ltr'><strong>pietatis</strong></span> <span class='ocrx_word' id='word_1_778' title='bbox 3246 5191 3676 5250; x_wconf 71' lang='lat' dir='ltr'><strong>propugnatores,</strong></span> 
     </span>
    </p>
   </div>
   <div class='ocr_carea' id='block_1_109' title="bbox 2188 5243 3680 5322">
    <p class='ocr_par' dir='ltr' id='par_1_109' title="bbox 2188 5243 3680 5322">
     <span class='ocr_line' id='line_1_109' title="bbox 2188 5243 3680 5322; baseline 0.007 -28"><span class='ocrx_word' id='word_1_779' title='bbox 2188 5243 2250 5322; x_wconf 75' lang='lat' dir='ltr'><strong>de</strong></span> <span class='ocrx_word' id='word_1_780' title='bbox 2307 5243 2493 5312; x_wconf 79' lang='lat' dir='ltr'><strong>synodi</strong></span> <span class='ocrx_word' id='word_1_781' title='bbox 2549 5244 2680 5296; x_wconf 83' lang='lat' dir='ltr'><strong>actis</strong></span> <span class='ocrx_word' id='word_1_782' title='bbox 2744 5244 2973 5296; x_wconf 80' lang='lat' dir='ltr'><strong>historia:</strong></span> <span class='ocrx_word' id='word_1_783' title='bbox 3007 5243 3368 5302; x_wconf 36' lang='lat' dir='ltr'><strong>&#39;monumenta</strong></span> <span class='ocrx_word' id='word_1_784' title='bbox 3413 5243 3680 5317; x_wconf 53' lang='lat' dir='ltr'><strong>&#39;prodide-</strong></span> 
     </span>
    </p>
   </div>
   <div class='ocr_carea' id='block_1_110' title="bbox 2193 5321 2316 5365">
    <p class='ocr_par' dir='ltr' id='par_1_110' title="bbox 2193 5321 2316 5365">
     <span class='ocr_line' id='line_1_110' title="bbox 2193 5321 2316 5365; baseline 0 -3"><span class='ocrx_word' id='word_1_785' title='bbox 2193 5321 2269 5365; x_wconf 82' lang='lat' dir='ltr'><strong>rm</strong></span> <span class='ocrx_word' id='word_1_786' title='bbox 2281 5321 2294 5363; x_wconf 91' lang='lat' dir='ltr'><strong>t</strong></span> <span class='ocrx_word' id='word_1_787' title='bbox 2305 5350 2316 5362; x_wconf 93' lang='lat'><strong>.</strong></span> 
     </span>
    </p>
   </div>
   <div class='ocr_carea' id='block_1_111' title="bbox 2197 5422 3678 5498">
    <p class='ocr_par' dir='ltr' id='par_1_111' title="bbox 2197 5422 3678 5498">
     <span class='ocr_line' id='line_1_111' title="bbox 2197 5422 3678 5498; baseline 0.006 -24"><span class='ocrx_word' id='word_1_788' title='bbox 2197 5443 2214 5474; x_wconf 75' lang='grc' dir='ltr'><strong>ι</strong></span> <span class='ocrx_word' id='word_1_789' title='bbox 2240 5422 2321 5478; x_wconf 89' lang='lat' dir='ltr'><strong>Ad</strong></span> <span class='ocrx_word' id='word_1_790' title='bbox 2350 5437 2464 5476; x_wconf 89' lang='lat' dir='ltr'><strong>rem</strong></span> <span class='ocrx_word' id='word_1_791' title='bbox 2500 5424 2671 5491; x_wconf 85' lang='lat' dir='ltr'><strong>ipsam</strong></span> <span class='ocrx_word' id='word_1_792' title='bbox 2693 5463 2708 5488; x_wconf 93' lang='lat'><strong>,</strong></span> <span class='ocrx_word' id='word_1_793' title='bbox 2740 5432 2801 5476; x_wconf 92' lang='lat' dir='ltr'><strong>ut</strong></span> <span class='ocrx_word' id='word_1_794' title='bbox 2839 5436 2988 5492; x_wconf 85' lang='lat' dir='ltr'><strong>gesta</strong></span> <span class='ocrx_word' id='word_1_795' title='bbox 3024 5434 3129 5490; x_wconf 86' lang='lat' dir='ltr'><strong>est,</strong></span> <span class='ocrx_word' id='word_1_796' title='bbox 3173 5428 3512 5498; x_wconf 82' lang='lat' dir='ltr'><strong>progredior.</strong></span> <span class='ocrx_word' id='word_1_797' title='bbox 3540 5429 3678 5495; x_wconf 87' lang='lat' dir='ltr'><strong>Quid</strong></span> 
     </span>
    </p>
   </div>
   <div class='ocr_carea' id='block_1_112' title="bbox 2122 5513 3685 5589">
    <p class='ocr_par' dir='ltr' id='par_1_112' title="bbox 2122 5513 3685 5589">
     <span class='ocr_line' id='line_1_112' title="bbox 2122 5513 3685 5589; baseline 0.004 -19"><span class='ocrx_word' id='word_1_798' title='bbox 2122 5517 2285 5586; x_wconf 84' lang='lat' dir='ltr'><strong>igitur</strong></span> <span class='ocrx_word' id='word_1_799' title='bbox 2306 5514 2427 5568; x_wconf 82' lang='lat' dir='ltr'><strong>est?</strong></span> <span class='ocrx_word' id='word_1_800' title='bbox 2456 5513 2752 5581; x_wconf 81' lang='lat' dir='ltr'><strong>Postquam</strong></span> <span class='ocrx_word' id='word_1_801' title='bbox 2786 5528 2879 5568; x_wconf 89' lang='lat' dir='ltr'><strong>eas</strong></span> <span class='ocrx_word' id='word_1_802' title='bbox 2903 5516 2974 5569; x_wconf 90' lang='lat' dir='ltr'><strong>ob</strong></span> <span class='ocrx_word' id='word_1_803' title='bbox 3002 5533 3196 5574; x_wconf 84' lang='lat' dir='ltr'><strong>causas</strong></span> <span class='ocrx_word' id='word_1_804' title='bbox 3227 5519 3420 5576; x_wconf 60' lang='lat' dir='ltr'><strong>Nicaea:</strong></span> <span class='ocrx_word' id='word_1_805' title='bbox 3440 5523 3685 5589; x_wconf 89' lang='lat' dir='ltr'><strong>synodus</strong></span> 
     </span>
    </p>
   </div>
   <div class='ocr_carea' id='block_1_113' title="bbox 2120 5603 3686 5674">
    <p class='ocr_par' dir='ltr' id='par_1_113' title="bbox 2120 5603 3686 5674">
     <span class='ocr_line' id='line_1_113' title="bbox 2120 5603 3686 5674; baseline 0.003 -13"><span class='ocrx_word' id='word_1_806' title='bbox 2120 5614 2306 5661; x_wconf 86' lang='lat' dir='ltr'><strong>coacta</strong></span> <span class='ocrx_word' id='word_1_807' title='bbox 2342 5611 2426 5658; x_wconf 89' lang='lat' dir='ltr'><strong>est</strong></span> <span class='ocrx_word' id='word_1_808' title='bbox 2470 5603 2706 5656; x_wconf 78' lang='lat' dir='ltr'><strong>maxima</strong></span> <span class='ocrx_word' id='word_1_809' title='bbox 2738 5605 3140 5674; x_wconf 84' lang='lat' dir='ltr'><strong>(convenerunt</strong></span> <span class='ocrx_word' id='word_1_810' title='bbox 3169 5610 3316 5662; x_wconf 89' lang='lat' dir='ltr'><strong>enim</strong></span> <span class='ocrx_word' id='word_1_811' title='bbox 3359 5624 3425 5663; x_wconf 89' lang='lat' dir='ltr'><strong>eo</strong></span> <span class='ocrx_word' id='word_1_812' title='bbox 3458 5609 3686 5666; x_wconf 89' lang='lat' dir='ltr'><strong>ducenti</strong></span> 
     </span>
    </p>
   </div>
   <div class='ocr_carea' id='block_1_114' title="bbox 2119 5693 3686 5769">
    <p class='ocr_par' dir='ltr' id='par_1_114' title="bbox 2119 5693 3686 5769">
     <span class='ocr_line' id='line_1_114' title="bbox 2119 5693 3686 5769; baseline 0.003 -19"><span class='ocrx_word' id='word_1_813' title='bbox 2119 5705 2172 5750; x_wconf 89' lang='lat' dir='ltr'><strong>et</strong></span> <span class='ocrx_word' id='word_1_814' title='bbox 2234 5693 2579 5764; x_wconf 88' lang='lat' dir='ltr'><strong>septuaginta</strong></span> <span class='ocrx_word' id='word_1_815' title='bbox 2645 5693 2761 5749; x_wconf 80' lang='lat' dir='ltr'><strong>fere</strong></span> <span class='ocrx_word' id='word_1_816' title='bbox 2821 5704 3088 5765; x_wconf 81' lang='lat' dir='ltr'><strong>praeterea</strong></span> <span class='ocrx_word' id='word_1_817' title='bbox 3139 5699 3419 5769; x_wconf 87' lang='lat' dir='ltr'><strong>episcopi;</strong></span> <span class='ocrx_word' id='word_1_818' title='bbox 3473 5711 3686 5757; x_wconf 89' lang='lat' dir='ltr'><strong>certum</strong></span> 
     </span>
    </p>
   </div>
   <div class='ocr_carea' id='block_1_115' title="bbox 2119 5787 3691 5858">
    <p class='ocr_par' dir='ltr' id='par_1_115' title="bbox 2119 5787 3691 5858">
     <span class='ocr_line' id='line_1_115' title="bbox 2119 5787 3691 5858; baseline 0.003 -16"><span class='ocrx_word' id='word_1_819' title='bbox 2119 5787 2268 5842; x_wconf 87' lang='lat' dir='ltr'><strong>enim</strong></span> <span class='ocrx_word' id='word_1_820' title='bbox 2301 5801 2611 5854; x_wconf 85' lang='lat' dir='ltr'><strong>numerum,</strong></span> <span class='ocrx_word' id='word_1_821' title='bbox 2653 5796 2879 5858; x_wconf 86' lang='lat' dir='ltr'><strong>propter</strong></span> <span class='ocrx_word' id='word_1_822' title='bbox 2911 5798 3114 5846; x_wconf 82' lang='lat' dir='ltr'><strong>tantam</strong></span> <span class='ocrx_word' id='word_1_823' title='bbox 3173 5791 3542 5848; x_wconf 89' lang='lat' dir='ltr'><strong>multitudinis</strong></span> <span class='ocrx_word' id='word_1_824' title='bbox 3572 5806 3691 5847; x_wconf 82' lang='lat' dir='ltr'><strong>tur-</strong></span> 
     </span>
    </p>
   </div>
  </div>
