4034 6550
359 320 448 381 ³79

1593 323 2017 386 NICEPHORI
2061 324 2407 385 CALLlSTI
3559 327 3628 389 80

377 435 522 497 bam,
554 429 759 486 referre
798 443 1034 499 nequeo,
1068 445 1249 499 neque
1291 430 1344 484 id
1375 431 1512 486 adeo
1544 448 1739 502 magno
1769 433 1949 487 Slutlio

2063 431 2241 502 ἐπειδὴ
2275 433 2350 502 μὴ
2388 432 2567 501 πάντη
2593 430 2751 485 τοῦτο
2803 435 3291 504 περισπουδάστως
3323 437 3622 508 ἁνίχνευον.

375 543 497 581 sum
522 528 845 593 scrutatus),
880 523 972 577 ubi
1001 524 1068 579 de
1114 523 1237 578 ﬁdei
1279 525 1492 579 ratione
1520 535 1604 580 est
1627 525 1943 594 quaesitum,

371 617 602 689 perinde
629 627 791 686 atque
818 615 1167 670 manifestum
1201 627 1583 686 argumentum
1608 625 1773 684 atque
1801 617 1945 669 indi-

375 711 524 765 cium
554 709 930 779 blasphemia),
952 707 1169 763 Eusebii
1191 711 1453 778 scriptum
1481 719 1563 762 est
1590 709 1942 777 productum,

373 801 521 871 quod
572 800 626 853 in
674 799 965 869 praesentia
997 799 1242 852 omnium
1277 802 1510 863 lectum,
1561 814 1686 852 cum
1730 797 1944 850 varium

373 891 725 949 auditoribus
751 901 960 945 motum
977 935 984 940 .
1003 900 1230 960 propter
1257 905 1564 959 perversam
1590 889 1946 957 depravatio-

375 1003 525 1052 nem,
557 995 671 1040 tum
701 985 917 1039 auctori
965 983 1069 1053 ipsi
1117 982 1374 1052 probrum
1407 982 1592 1038 attulit
1622 981 1944 1038 maximum.

374 1080 736 1146 Posteaquam
773 1086 958 1130 autem
1005 1083 1234 1130 conatus
1285 1073 1670 1128 fraudulentus
1721 1073 1942 1129 Eusebii

375 1168 672 1222 manifesto
701 1175 784 1221 est
807 1165 1216 1235 deprehensus,
1260 1175 1315 1219 et
1358 1166 1624 1234 scriptum
1662 1164 1946 1233 iniquissi-

378 1273 528 1311 mum
571 1257 624 1310 in
655 1269 949 1326 conspectu
999 1256 1244 1308 ninnium
1289 1255 1654 1324 discerptum,
1685 1270 1751 1308 ex
1797 1270 1950 1310 com-

376 1352 558 1419 posito
595 1347 842 1403 nonnulli
872 1346 1272 1417 pacificationis
1315 1362 1511 1400 nomen
1541 1362 1651 1416 prae
1675 1362 1733 1401 se
1765 1346 1948 1400 feren-

376 1453 496 1505 tes,
551 1439 892 1504 ell‘ecerunt,
930 1448 991 1492 ut
1027 1439 1120 1508 qui
1172 1439 1374 1508 optime
1411 1439 1712 1494 sententias
1759 1439 1943 1493 dicere

377 1537 524 1592 soliti
560 1536 799 1601 fuerant,
833 1534 1078 1588 silerent.
1122 1533 1312 1588 Ariani
1343 1548 1500 1596 vero.
1535 1542 1846 1589 metuentes
1875 1549 1944 1588 ne

378 1637 486 1680 tam
517 1625 819 1696 frequentis
843 1624 1060 1680 concilii
1100 1625 1319 1678 decreto
1362 1625 1608 1681 damnati
1639 1608 1945 1696 relegeren-

344 1730 490 1784 -tur,
541 1719 755 1790 priores
788 1718 892 1788 ipsi
940 1717 1214 1772 sententia
1253 1731 1351 1770 sua
1385 1719 1702 1788 abrogatum
1749 1717 1944 1787 dogma

2063 524 2154 586 Ὠς
2202 524 2258 576 δὲ
2305 525 2552 593 ἐζητεῖτο
2599 524 2697 593 τῆς
2748 527 2987 589 πῖστεως
3045 529 3073 580 6
3125 533 3348 596 τρόπος,
3391 530 3629 601 ἐναργὴς

2053 611 2153 680 μὲν
2192 613 2412 680 ἐλεγχος
2471 612 2532 663 τὸ
2576 613 2814 681 γράμμα
2844 613 2942 681 τῆς
2969 615 3232 667 Εὑσεόίου
3264 617 3630 686 προύϐάλλετο

2050 705 2444 775 βλασφημίας*
2482 707 2575 758 ἐπὶ
2644 707 2865 758 πάντων
2914 707 2971 759 δὲ
3023 708 3392 776 ἀναγνωσθὲν,
3429 709 3630 762 αὐτίκα

2052 799 2341 868 συμφορὰν
2385 798 2489 869 μὲν
2519 799 2874 870 ἀστάθμητον
2900 802 2998 871 τῆς
3023 802 3298 870 ἐκτροπῆς
3326 802 3488 854 ἕνεκα
3516 806 3630 863 τοῖς

2050 893 2344 962 αὑτηκόοις
2409 893 2698 963 προξενεῖ·
2766 895 3030 965 αἰσχύνην
3093 896 3138 947 δ’
3200 897 3500 965 ἀνήκεστον
3554 896 3630 964 τῷ

2053 984 2329 1054 γράψαντι
2397 987 2683 1055 παρεῖχεν.
2739 986 2958 1057 Ἐπειδὴ
3011 987 3068 1039 δέ
3147 987 3208 1039 τὸ
3265 989 3630 1058 ἐργαστήριον

2047 1077 2158 1129 τῶν
2209 1077 2358 1145 ἀμφὶ
2421 1077 2513 1128 τὸν
2576 1076 2836 1131 Εὑσέϐιον
2891 1080 3080 1147 σαφῶς
3138 1080 3319 1142 ἐάλω,
3368 1079 3460 1132 τοῦ
3519 1097 3629 1132 πι-

2033 1169 2303 1240 ηρανόμου
2356 1171 2687 1240 γράμματος
2749 1169 3140 1240 διαρῤαγέντος
3194 1173 3285 1226 ὑπ’
3325 1171 3444 1241 ὄψει
3493 1174 3632 1225 πάν-

2048 1279 2157 1314 των
2204 1261 2340 1332 ὁμοῦ
2371 1301 2388 1324 ,
2456 1261 2601 1323 τινὲς
2649 1263 2710 1315 ἐκ
2785 1263 3060 1330 συσκευῆς
3119 1263 3358 1334 τοῦνομα
3391 1265 3631 1335 προίει.)-

2048 1359 2266 1428 λόμενοι
2315 1356 2419 1424 τῆς
2474 1356 2740 1426 εἰρήνης,
2802 1359 3171 1426 κατεσίγησαν
3232 1358 3331 1426 μὲν
3385 1359 3632 1418 ἅπαντας

2046 1452 2173 1514 τοὺς
2229 1454 2425 1522 ἄριστα
2483 1455 2660 1521 λέγειν
2695 1451 2954 1514 είωθότας
2983 1466 2997 1480 °
3035 1451 3085 1504 οἱ
3117 1450 3175 1502 δὲ
3219 1449 3632 1520 ’Δρειομανίται

2046 1544 2327 1607 δείσαντες
2368 1552 2581 1618 μήποτε
2633 1545 2741 1615 ἄρα
2777 1545 3048 1614 τοσαύτης
3091 1543 3310 1596 συνόδου
3363 1543 3422 1594 ἐν
3455 1541 3632 1608 τούτῳ

2050 1635 2575 1704 συγκεκροτημένης
2610 1632 3090 1704 ἐξοστρακισθεῖεν
3117 1672 3132 1696 ,
3164 1629 3631 1700 αναθεματίξουσι

2060 1725 2159 1795 μὲν
2188 1726 2643 1795 προπηδήσαντες
2674 1725 3225 1798 τὸ.ἁπηγορευμένον
3256 1723 3454 1792 δόγμα·
3489 1737 3631 1789 σψμ-

381 1813 726 1866 anathemate
780 1809 1145 1880 jugularunt;
1182 1818 1239 1864 et
1311 1783 1779 1864 consentientibus
1829 1783 1953 1861 van-

2063 1783 2261 1886 ίρὼνοις
2310 1783 2372 1872 δέ
2410 1783 2734 1890 έρὰμμασιν
2764 1783 3086 1889 adtexta.th
3124 1783 3473 1886 nnéypcaq‘aav.
3508 1783 3632 1864 Τάδν

353 1901 756 1959 τιοιοιὶοιιὼυε
809 1901 1138 1970 professioni
1189 1900 1310 1955 fidei
1361 1899 1611 1954 manibus
1674 1900 1776 1970 ipsi
1838 1899 1952 1954 suis

364 1982 866 2066 'subscripserunt,
923 2003 978 2048 et
1040 1993 1448 2063 episcopatibus
1523 2009 1624 2062 per
1699 1993 1954 2047 ambitio~

380 2106 506 2146 nem
546 2099 601 2144 et
648 2086 1233 2143 circumcursationem
1283 2086 1574 2142 maximam
1610 2101 1806 2140 manus
1835 2084 1954 2155 ple-

377 2199 674 2253 rorumque
743 2191 1104 2254 prensantes,
1154 2180 1250 2250 qui
1297 2179 1701 2250 .pmnitentiam
1769 2178 1952 2248 potius

376 2293 537 2348 agere
589 2276 933 2339 debuissent,
964 2274 1226 2338 retentis;
1280 2282 1504 2342 postea,
1535 2287 1684 2326 nunc
1729 2271 1948 2341 quidem

374 2363 737 2434 clan'destine,
759 2367 920 2438 574
949 2381 1098 2420 nunc
1128 2377 1312 2420 autem
1346 2364 1631 2435 propalam
1663 2363 1948 2418 damnatas

375 2463 614 2517 docuere
644 2460 933 2530 opiniones
963 2467 1018 2514 et
1047 2458 1215 2513 variis
1245 2473 1309 2512 ea
1342 2457 1398 2511 in
1421 2472 1480 2512 re
1511 2457 1596 2512 usi
1626 2465 1756 2512 sunt
1787 2473 1948 2528 argu-

375 2555 576 2609 mentis
600 2564 655 2610 et
687 2552 922 2607 insidiis.
952 2552 1017 2606 Et
1045 2566 1169 2606 cum
1199 2565 1437 2622 pangere
1468 2550 1669 2606 vellent
1702 2551 1944 2606 zizanio-

375 2663 496 2701 rum
522 2647 758 2716 plantas,
789 2645 856 2700 ab
905 2644 1223 2698 hominibus
1254 2644 1450 2714 peritis
1482 2643 1590 2698 sibi
1619 2653 1946 2708 metuentes,

375 2757 493 2801 vos,
520 2755 547 2793 a
583 2741 783 2809 quibus
828 2734 1166 2807 deprehendi
1209 2744 1489 2804 poterant,
1522 2736 1862 2800 devitarunt,
1893 2746 1949 2792 et

375 2833 514 2887 alios
565 2847 708 2886 vera:
760 2830 984 2900 pictatis
1041 2842 1324 2898 praecones
1372 2838 1536 2898 atque
1607 2828 1949 2898 professores

375 2920 755 2976 fraudulenter
799 2926 1200 2988 expugnarunt.
1255 2914 1374 2972 Non
1419 2917 1698 2973 credimus
1738 2930 1946 2988 autem,

2057 1911 2110 1964 δὲ
2149 1911 2450 1982 προεδριῶν
2483 1911 2571 1964 διὰ
2602 1912 2860 1980 πλείστης
2892 1912 3024 1979 ὅσης
3057 1908 3398 1978 περιδρομῆς
3424 1907 3633 1975 κρατή-

2059 2019 2271 2066 σαντες,
2296 2004 2412 2056 δέον
2431 2005 2626 2066 αὐτοὺς
2650 2005 2965 2057 ὑπόπτωσιν
2989 2003 3310 2071 λαμϐάνειν,
3348 1999 3479 2052 ποτε
3516 1999 3618 2068 μὲν

2053 2094 2381 2164 λεληθότως,
2432 2099 2566 2148 ποτὲ
2599 2095 2654 2148 δὲ
2691 2097 2981 2166 προφανῶς
3031 2096 3128 2156 τὰς
3156 2092 3632 2163 ἁποψηφισθείσας

2060 2186 2428 2256 πρεσϐεύουσι
2474 2188 2652 2252 δόξας,
2697 2187 2979 2258 διαφόροις
3025 2187 3475 2248 ἐπιϐουλεύοντες
3509 2187 3625 2244 τοῖς

2057 2282 2325 2350 ἐλέγχοις.
2378 2281 2708 2350 Βουλόμενοι
2755 2281 2811 2333 δὲ
2876 2281 3159 2349 παγιῶσαι
3204 2281 3272 2332 τὰ
3331 2277 3633 2346 ξιζλνιὼδη

2058 2373 2514 2442 φυτουργηματα,
2542 2371 2841 2434 δεδοικότες
2871 2371 2996 2434 τοὺς
3022 2370 3428 2440 ἐπιγνώμονας,
3451 2369 3634 2422 ἐκκλί-

2057 2482 2206 2516 νουσι
2242 2466 2367 2528 τοὺς
2399 2467 2649 2534 ἐφόρους·
2685 2468 2781 2518 καὶ
2813 2465 2988 2536 ταύτῃ
3029 2465 3155 2527 τοὺς
3191 2465 3292 2535 τῆς
3330 2460 3634 2525 Εὑσεὸείας

2055 2560 2303 2628 κήρυκας
2338 2559 2768 2628 ἐκπολεμοῦσιν.
2803 2559 2916 2627 Οὐχ
2947 2558 3120 2620 οὕτως
3174 2558 3230 2610 δὲ
3281 2556 3632 2625 πισιεύομεν,

2056 2651 2134 2712 ὡς
2170 2651 2494 2721 ἀνθρώπους
2544 2651 2740 2715 ἀθέους
2788 2651 3053 2704 δύνασθαι
3088 2652 3363 2720 κρατῆσαι
3411 2650 3635 2700 πώποτε

2054 2741 2149 2794 τοῦ
2195 2743 2366 2798 θείου.
2429 2744 2546 2796 Κᾶν
2595 2748 2703 2814 γὰρ
2747 2743 2910 2798 πάλιν
2963 2743 3267 2813 ἰσχύσωσι,
3308 2743 3404 2794 καὶ
3471 2740 3636 2792 πάλιν

2057 2835 2504 2906 ἡττηθήσονται,
2557 2839 2700 2890 κατὰ
2769 2837 2860 2891 τὸν
2926 2837 3274 2908 σεμνόφωνον
3345 2835 3638 2905 προφήτην

2066 2927 2129 2979 Ἦ
2142 2929 2322 2982 σαταν.
2359 2946 2380 2980 ν

377 3021 573 3090 impios
623 3027 786 3087 atque
836 3018 953 3072 sine
1016 3015 1123 3070 Deo
1177 3015 1425 3069 homines
1475 3014 1661 3070 divino
1713 3018 1940 3073 numine
1980 3037 2221 3092 unquam
2287 3026 2405 3080 fore
2453 3028 2787 3097 superiores.
2843 3027 3070 3082 Etiamsi
3101 3027 3244 3082 enim
3295 3041 3486 3082 rursus
3543 3025 3642 3080 in-

378 3120 680 3178 valescant,
718 3129 936 3169 rursum
979 3122 1160 3168 tamen
1230 3115 1558 3180 vincentur,
1622 3115 1776 3184 juxta
1831 3119 2254 3190 grandiloquum
2295 3133 2351 3177 et
2383 3139 2604 3194 gravem
2647 3125 2970 3194 prophetam
3001 3122 3212 3189 Isaiam,
3245 3133 3352 3178 etc.
3392 3141 3412 3176 ι

453 3210 577 3264 lime-
629 3222 858 3279 magnus
915 3207 1004 3262 ille
1038 3207 1372 3269 Eustathius.
1407 3208 1510 3274 Qui
1565 3226 1696 3264 vero
1757 3227 1824 3266 eo
1871 3215 1953 3267 vel
1983 3229 2024 3283 ο

380 3303 586 3354 virtute
623 3299 708 3354 vel
769 3298 988 3367 pietatis
1033 3297 1382 3352 :etnulatione
1435 3298 1664 3353 inferior
1711 3315 1818 3354 non
1855 3311 1962 3367 est,

337 3423 341 3432 -
382 3390 849 3448 ceiebratissimus
866 3389 1304 3456 Athanasius,ad
1336 3390 1498 3445 Afros
1547 3391 1818 3454 scribens.
1850 3393 1968 3449 haec

351 3519 356 3522 -
384 3485 585 3539 infert:
629 3502 647 3534 ο
680 3483 930 3553 Episcopi
955 3484 1046 3552 qui
1071 3495 1610 3548 convenerant,cum
1644 3484 1864 3541 abolere
1897 3486 1965 3541 ab

363 3578 600 3632 -Arianis
622 3575 958 3644 excogitatas
1013 3575 1308 3647 impietatis
1362 3591 1526 3631 voces
1573 3576 1693 3630 illas
1734 3579 1818 3647 (ex
1855 3593 1964 3632 non

384 3667 779 3723 exsistentibus
799 3676 1109 3721 creaturam
1133 3682 1252 3723 esse
1271 3678 1328 3723 et
1358 3667 1622 3724 facturam
1645 3669 1864 3735 Filium,
1886 3679 1962 3734 et,

357 3801 364 3807 .
394 3764 522 3815 l-Jrat
546 3760 835 3830 aliquando
857 3770 1072 3828 tempus
1098 3775 1220 3814 cum
1250 3776 1356 3815 non
1387 3772 1529 3825 erat,
1553 3773 1608 3816 et
1626 3764 1771 3832 quod
1792 3775 1968 3819 muta-

389 3856 512 3908 bilis
549 3854 621 3909 sit
650 3854 909 3921 naturae),
933 3863 1096 3922 atque
1122 3867 1214 3906 eas
1247 3869 1366 3922 qua:
1385 3869 1450 3908 ex
1471 3854 1714 3924 professo
1744 3856 1798 3910 in
1817 3858 1964 3912 Scri-

389 3949 564 4016 pturis
615 3956 738 4001 sunt
795 3945 1143 4015 promulgare
1176 3946 1400 4010 vellent,
1441 3947 1588 4016 quod
1637 3949 1848 4004 scilicet
1894 3965 1961 4004 ex

360 4041 498 4094 -Deo
529 4037 698 4093 Filius
740 4049 933 4091 natura
991 4038 1307 4108 unigenitus
1356 4048 1440 4093 est
1478 4037 1957 4108 V'erbum,-virtus,

390 4130 657 4198 sapientia
690 4129 806 4183 sola
838 4129 1037 4194 Patris,
1059 4128 1201 4183 Deus
1231 4138 1494 4193 verus,ut
1518 4129 1759 4185 Joannes
1786 4130 1958 4196 dixit;

387 4235 439 4277 ‹-ι
472 4237 530 4278 ιιι
575 4225 776 4279 Paulus
805 4223 1066 4292 scripsit,
1115 4223 1618 4293 resplendescentia
1658 4224 1863 4292 gloria},
1903 4233 1963 4278 et

388 4332 646 4390 expressa
678 4317 856 4385 imago
905 4316 1277 4370 subsistentia:
1327 4315 1506 4369 Patris
1539 4317 1578 4378 ’,
1609 4315 1904 4369 Eusebiani
1931 4331 1961 4368 a

389 4411 608 4478 propria
641 4408 846 4462 insanae
879 4407 1157 4476 opinionis
1195 4405 1553 4475 persuasione
1607 4405 1960 4459 transversim

389 4503 520 4565 acti,
573 4501 718 4555 inter
767 4515 826 4555 se
873 4509 1002 4553 sunt
1035 4497 1338 4552 collocuti:
1391 4498 1614 4552 Pactum
1657 4498 1915 4552 feriamus
1943 4538 1955 4562 ,

2139 3219 2198 3271 Ὀ
2243 3219 2342 3288 μὲν
2391 3217 2486 3273 οὗν
2537 3220 2703 3283 πολὺς
2752 3221 3047 3282 Εὑστάθιος
3099 3220 3308 3272 ταῦτα’
3355 3221 3385 3273 6
3436 3219 3491 3271 δὲ
3539 3219 3642 3290 τὴν

2074 3309 2273 3379 ἀρετὴν
2295 3311 2394 3379 ούχ
2433 3307 2622 3383 ἦττον,
2652 3311 2684 3382 ἦ
2719 3313 2812 3364 καὶ
2859 3312 2950 3366 τὸν
2981 3312 3120 3378 ὑπὲρ
3159 3311 3444 3374 εὐσεϐείας
3478 3311 3644 3380 ζῆλον

2077 3403 2454 3473 πολυύμνητος
2521 3405 2895 3469 Ἀθανάσιος,
2980 3407 3208 3474 ’Λφροις
3271 3405 3641 3468 ἐπιστέλλων,

2075 3500 2369 3555 καὶταῦτα
2402 3500 2656 3564 διέξεισι⁸
2697 3502 2846 3553 ιΤῶν
2871 3501 2978 3570 γὰρ
3012 3500 3378 3552 συνελθόντων
3417 3500 3642 3551 ἐπισκό-

2075 3611 2192 3646 πων
2223 3594 2560 3664 βουλομένων
2583 3593 2676 3656 τὰς
2699 3593 2798 3664 μὲν
2821 3595 2971 3663 παρὰ
2993 3593 3101 3645 τῶν
3149 3594 3444 3662 Ἀρειανῶν
3475 3594 3641 3660 ἐφευ-

2073 3687 2328 3758 ρεοείσας
2381 3687 2483 3754 τῆς
2537 3686 2796 3748 ἀσεϐείας
2830 3685 3003 3750 λέξεις
3036 3686 3268 3750 ἀνελεῖν,
3301 3688 3379 3749 τό,
3425 3686 3509 3750 Ἐξ
3543 3685 3646 3736 οὐκ

2071 3779 2260 3844 όντων,
2286 3779 2379 3830 καὶ
2405 3779 2464 3830 τὸ
2488 3779 2665 3846 λέγειν
2696 3779 2902 3847 κτίσμα
2930 3782 3022 3831 καὶ
3041 3779 3252 3847 ποίημα
3279 3778 3366 3829 τὶν
3384 3777 3527 3830 Υίόν·
3549 3777 3649 3828 καὶ

2071 3874 2150 3934 τὸ,
2187 3866 2295 3924 Ἦν
2333 3871 2460 3924 ποτὲ
2497 3874 2586 3924 ότε
2611 3871 2712 3923 οὐκ
2739 3866 2808 3941 ἦν
2830 3887 2842 3900 ·
2873 3873 2971 3922 καὶ
3005 3871 3086 3922 ότι
3118 3873 3359 3940 τρεπτῇς
3391 3871 3508 3921 ἐστι
3543 3869 3649 3937 φύ-

2072 3981 2211 4026 σεως
2243 3977 2256 3992 ⁶
2289 3964 2388 4026 τὰς
2419 3964 2476 4016 δὲ
2507 3964 2616 4016 τῶν
2669 3963 2904 4034 Γραφῶν
2936 3965 3378 4033 ὁμολογουμένας
3411 3961 3643 4032 γραψαιο

2070 4057 2152 4108 ὅτι
2184 4073 2242 4109 τε
2298 4057 2358 4108 ἐκ
2408 4056 2501 4108 τοῦ
2551 4055 2686 4108 Θεοῦ
2724 4059 2752 4109 6
2795 4056 2922 4118 Υἱὸς
2983 4056 3142 4123 φύσει
3189 4056 3487 4122 μονογενής
3529 4058 3647 4106 ἐστι

2077 4147 2270 4214 Λόγος,
2306 4146 2559 4215 δύναμις,
2595 4147 2757 4214 σοφία
2790 4149 2926 4217 μόνη
2959 4146 3053 4198 τοῦ
3077 4149 3314 4216 Πατρός,
3347 4146 3478 4208 Θεὸς
3506 4145 3645 4214 ἁλη-

2069 4239 2238 4309 Θινδς,
2265 4241 2338 4302 ὡς
2386 4234 2539 4292 εἶπεν
2564 4243 2592 4294 6
2633 4241 2911 4309 Ἰωάννης,
2935 4241 3030 4295 καὶ
3054 4240 3130 4300 ὠς
3167 4238 3406 4309 ἔγραψεν
3436 4241 3464 4290 6
3498 4237 3648 4290 Παῦ-

2069 4330 2155 4390 λος
2179 4369 2194 4393 ,
2230 4331 2574 4401 ἀπαύγασμα
2610 4332 2706 4400 τῆς
2748 4331 2906 4400 δόξης
2957 4332 3052 4384 καὶ
3092 4332 3376 4401 χαρακτὴρ
3405 4331 3503 4400 τῆς
3546 4329 3648 4382 τοῦ

2069 4421 2282 4488 Πατρδς
2304 4420 2676 4483 ὑποστάσεωςο
2707 4423 2754 4474 οἱ
2784 4420 2912 4488 περὶ
2951 4421 3210 4473 Εὑσέόιον
3242 4421 3346 4472 ὑπὸ
3379 4419 3478 4488 τῆς
3510 4419 3650 4482 ιδίας

2073 4509 2403 4572 κακοδοξίας
2445 4509 2754 4577 ἑλκόμενοι,
2801 4508 3082 4561 διελάλουν
3115 4509 3366 4571 ἀλλήλοις
3391 4524 3406 4539 ·
3435 4507 3652 4560 Συνθώ-

391 4611 516 4648 nam
547 4603 604 4647 et
629 4606 728 4646 nos
755 4607 820 4646 ex
850 4591 958 4645 Deo
985 4606 1193 4645 sumus.
1230 4588 1382 4646 Unus
1415 4591 1564 4644 enim
1591 4601 1675 4643 est
1708 4589 1874 4653 Deus,
1905 4607 1956 4644 ω

2081 4601 2223 4669 μεθα
2249 4617 2262 4630 ο
2322 4602 2414 4654 καὶ
2461 4600 2569 4669 γὰρ
2612 4601 2707 4653 καὶ
2754 4602 2912 4668 ἡμεῖς
2943 4602 3002 4652 ἐκ
3034 4599 3128 4652 τοῦ
3161 4600 3296 4652 θεοῦ
3341 4602 3529 4667 ἐσμεν·
3565 4594 3652 4662 εἷς

395 4700 506 4753 quo
531 4685 744 4749 omnia;
777 4692 831 4736 et
855 4690 1042 4736 vetera
1070 4683 1480 4750 praeterierunt,
1499 4695 1632 4735 ecce
1652 4696 1791 4735 nova
1827 4681 1968 4734 facta

394 4788 524 4832 sunt
574 4775 756 4829 Omnia
789 4775 925 4839 ’,οι
973 4773 1085 4827 Deo
1117 4782 1302 4824 autem
1349 4773 1556 4826 omnia.
1618 4771 1676 4824 ln
1733 4781 1968 4827 mentem

399 4884 618 4938 quoque
664 4867 746 4947 eis
772 4866 944 4930 venit,
975 4861 1123 4934 quod
1177 4865 1234 4916 in
1265 4861 1486 4916 Pastore
1534 4866 1798 4932 scriptum
1845 4873 1973 4930 est;

2074 4690 2180 4757 γὰρ
2210 4689 2362 4749 Θεὸς,
2389 4688 2448 4754 ἐξ
2490 4682 2551 4740 οὗ
2587 4689 2654 4740 τὰ
2704 4690 2882 4741 πάντα
2909 4705 2925 4722 ο
2961 4689 3143 4742 καὶτὰ
3194 4691 3395 4758 ἀρχαία
3439 4690 3652 4758 παρῆ).-

2079 4781 2191 4833 Οενο
2237 4780 2348 4832 ἰδοὺ
2389 4781 2580 4849 γέγονε
2633 4781 2700 4834 τὰ
2734 4780 2913 4834 πάντα
2951 4783 3134 4833 καινά·
3173 4784 3241 4834 τὰ
3271 4781 3325 4834 δὲ
3360 4783 3535 4834 πάντα
3581 4784 3647 4833 ἐν

2086 4874 2182 4926 τοῦ
2226 4873 2386 4927 Θεοῦ.
2443 4871 2786 4940 Ἐλογίζοντο
2824 4878 2931 4944 γὰρ
2974 4878 3159 4928 καὶτὸ
3199 4877 3256 4928 ἐν
3304 4875 3380 4946 τῷ
3408 4877 3654 4944 Homer:

391 4963 636 5016 Primum
681 4959 928 5014 omnium
955 4957 1138 5020 crede,
1171 4971 1337 5010 unum
1372 4970 1492 5010 esse
1528 4955 1719 5017 Deum,
1742 4954 1834 5024 qui
1861 4970 1956 5009 om

2082 4966 2316 5036 γραφέν·
2358 4967 2582 5036 ιιρῶτον
2607 4967 2846 5022 ,πάντων
2889 4969 3219 5034 πίστευσον,
3260 4969 3343 5021 ὅτι
3393 4964 3474 5030 εἷς
3503 4969 3654 5020 ἐστιν

395 5060 484 5111 nia
523 5054 794 5110 creaverit
828 5062 882 5107 et
910 5050 1223 5122 perfecerit,
1263 5058 1425 5118 atque
1470 5065 1502 5104 e
1538 5049 1710 5103 nihilo
1751 5050 1802 5102 in
1837 5049 1967 5103 sub-

394 5149 652 5206 stantiam
708 5142 1020 5199 deduxerit.
1066 5139 1138 5193 At
1180 5139 1450 5208 episcopi,
1505 5138 1601 5194 ubi
1660 5138 1963 5194 versutiam

399 5246 618 5297 illorum
651 5249 818 5308 atque
863 5235 1166 5305 impietatis
1208 5233 1504 5304 malignam
1548 5233 1797 5287 fraudem
1849 5232 1968 5286 ani-

397 5335 829 5396 madverterunt,
856 5326 1268 5383 dilucidandum
1303 5341 1444 5390 esse,
1477 5325 1620 5395 quod
1652 5341 1716 5380 ex
1751 5325 1858 5380 Deo
1885 5325 1969 5378 di-

395 5430 562 5489 citur,
602 5425 722 5486 rati,
776 5437 843 5477 ex
878 5420 1183 5475 subSIantia
1215 5419 1291 5488 (l)
1329 5419 1423 5473 Dei
1446 5433 1566 5473 esse
1596 5418 1795 5472 Filium
1831 5417 1967 5472 seri-

471 5521 485 5550 ¹
519 5519 683 5574 llebr.
722 5532 758 5580 I,
785 5515 836 5568 3.
917 5511 1006 5564 '~ll
1041 5512 1169 5567 Cor.
1208 5527 1262 5573 v,
1299 5511 1382 5564 Π.

470 5636 544 5705 (I)
596 5633 789 5705 Οὑσία,
818 5627 1130 5705 substantia
1177 5629 1291 5682 sive
1332 5627 1824 5705 essentiandicitur
1860 5645 1872 5680 :
1909 5641 1964 5705 et

398 5697 645 5761 hoc'illo
693 5701 1219 5770 significantius-est
1273 5701 1520 5754 verbum.
1565 5698 1676 5766 Ego
1727 5713 1870 5770 vero,
1908 5697 1961 5750 in

400 5776 664 5832 vertendo
701 5769 797 5839 pro
829 5772 1066 5825 essentne
1109 5770 1434 5826 substantiae
1469 5773 1635 5824 verbo
1663 5769 1740 5824 uti
1770 5769 1959 5832 malui,

2077 5061 2104 5111 6
2139 5058 2270 5120 Θεὸς
2295 5097 2308 5119 ,
2361 5060 2388 5110 6
2428 5061 2494 5111 τὰ
2524 5059 2702 5112 πάντα
2771 5060 2966 5124 κτίσας
3019 5061 3117 5114 καὶ
3164 5061 3522 5132 καταρτίσας,
3555 5063 3655 5114 καὶ

2079 5150 2312 5218 ποιήσας
2337 5151 2399 5201 ἐκ
2419 5150 2511 5202 τοῦ
2543 5152 2616 5219 μὴ
2645 5151 2796 5213 ὄντος
2819 5154 2897 5214 είς
2919 5153 2980 5205 τὸ
3010 5148 3333 5208 εἷναι.Ἀλλ’
3351 5154 3400 5206 οί
3429 5154 3656 5205 ἐπίσκο-
3737 5208 3742 5211 ,

2079 5254 2173 5288 ποι
2219 5237 2598 5306 θεωρήσαντες
2648 5239 2750 5307 τὴν
2791 5241 3128 5312 κακουργίαν
3173 5243 3396 5295 ἐκείνων
3427 5243 3522 5294 καὶ
3548 5244 3654 5311 τὴν

2079 5329 2174 5398 τῆς
2221 5330 2478 5392 ἀσεϐείας
2511 5332 2894 5401 κακοτεχνίαν,
2929 5333 3254 5404 λευκότερον
3294 5333 3552 5402 εἰρήκασι
3592 5335 3654 5383 το

2081 5422 2145 5473 ἐκ
2168 5420 2260 5473 τοῦ
2293 5422 2428 5474 Θεοῦ
2456 5460 2470 5486 ,
2502 5423 2597 5475 καὶ
2630 5422 2879 5494 ἔγραψαν
2904 5426 2967 5477 ἐκ
3009 5425 3106 5494 τῆς
3143 5425 3332 5488 οὐσίας
3377 5424 3470 5476 τοῦ
3508 5424 3654 5476 Θεοῦ

2075 5637 2296 5710 propter
2318 5629 2780 5710 consubstantialis
2805 5631 3053 5694 verbum,
3071 5631 3330 5688 Ecclesia:
3353 5632 3657 5686 etiamnum

2077 5709 2212 5751 llSIlO
2227 5709 2514 5754 tissimum.
