4062 6548
321 523 383 591 81
600 532 611 539 ’
1242 531 1841 595 ECCLESIASTlC/E
1881 529 2452 593 HlSTORl/E'LIB.
2490 532 2653 595 VlIl.
2678 520 2695 529 ’
3512 528 3585 589 θη

326 640 465 696 εἶναι
500 642 594 696 τὸν
628 641 778 697 Υίόν·
814 643 902 699 ῖνα
944 645 1013 699 τά
1043 645 1143 716 μὲν
1179 648 1461 718 κτίσματα
1491 648 1580 704 διὰ
1603 649 1666 702 τὸ
1697 647 1773 719 μὴ
1804 646 1899 718 ἀφ’

2016 657 2338 717 pserunt:ut
2358 656 2622 704 creatura:
2642 646 2885 719 quidem,
2914 644 3057 717 quod
3083 662 3113 700 a
3146 644 3342 715 seipsis
3375 643 3609 714 absque-

327 735 540 789 ἑαυτῶν
586 736 760 806 χωρὶς
807 736 990 792 αἰτίου
1040 735 1209 801 εῖναι,
1254 741 1374 795 ἀλλ’
1404 742 1582 813 ἀρχὴν
1614 743 1763 812 ἔχειν
1795 740 1911 794 τοῦ

327 828 600 896 γίνεσθαι,
634 829 863 899 λέγηται
915 832 980 883 ὲκ
1035 830 1131 884 τοῦ
1188 830 1399 894 Θεοῦ,ὀ
1452 834 1509 886 δὲ
1547 832 1675 896 Tib;
1712 833 1894 904 μόνος,

324 923 494 986 ἀΐδιος
521 964 537 987 ,
575 925 641 975 ὲκ
707 926 809 992 τῆς
867 923 963 976 τοῦ
1035 924 1250 994 Πατρδς
1291 925 1504 989 οὐσίας.
1552 924 1726 979 Τοῦτο
1787 925 1899 998 γὰρ

327 1016 455 1071 ἴδιον
487 1016 819 1087 μονογενοῦς
868 1017 967 1070 καὶ
1010 1017 1268 1088 ἀληθινοῦ
1314 1018 1492 1086 Λόγου
1526 1018 1762 1090 Πατρός.
1788 1019 1899 1073 Καὶ

322 1109 451 1178 περὶ
505 1110 609 1178 μὲν
661 1109 760 1162 τοῦ
815 1110 1129 1179 γεγράφθαι
1187 1112 1252 1164 ὲκ
1291 1111 1390 1178 τῆς
1430 1111 1627 1173 οὐσίας
1683 1111 1900 1181 πρόφα-

326 1219 413 1265 σις
448 1198 521 1272 ἦν
550 1200 714 1274 αῦτη·
748 1202 911 1257 πάλιν
950 1204 1008 1257 δὲ
1056 1203 1169 1257 τῶν
1221 1204 1541 1258 ἐπισκόπων
1566 1202 1900 1273 ἐρωτώντων

326 1292 453 1353 τοὺς
491 1290 790 1355 δοκοῦντας
845 1291 1089 1359 ὀλίγους,
1139 1292 1191 1345 εἰ
1248 1293 1459 1361 λέγοιεν
1502 1293 1594 1348 τδν
1654 1291 1783 1347 Υξὸν
1837 1295 1899 1345 οὐ

328 1383 558 1451 κτίσμα,
604 1382 744 1436 ἀλλὰ
788 1382 1057 1453 δύναμιν,
1109 1383 1304 1452 σοφίαν
1345 1400 1409 1437 τε
1449 1386 1620 1455 μόνην
1650 1384 1750 1437 τοῦ
1786 1385 1900 1437 lla.-

328 1472 475 1540 τρός·
518 1472 619 1525 καὶ
668 1472 853 1525 εἰκόνα
883 1472 1057 1528 ἀΐδιον
1085 1474 1510 1545 ἀπαράλλακτον
1548 1474 1691 1528 κατὰ
1726 1474 1903 1527 πάντα

328 1564 420 1618 τοῦ
458 1566 700 1634 Πατρδς,
742 1568 839 1620 καὶ
887 1566 1024 1621 Θεὸν
1063 1568 1342 1638 ἀληθινὸν,
1376 1567 1806 1637 κατελήφθησαν
1851 1569 1901 1620 οί

329 1659 458 1727 περὶ
499 1657 767 1711 Εὐσέϐιον
799 1659 1142 1723 διανεύοντες
1176 1660 1459 1731 ἀλλήλοις,
1500 1662 1582 1715 ὅτι
1610 1659 1902 1714 καὶταῦτα

330 1747 526 1815 φθάνει
558 1748 658 1801 καὶ⁸
689 1749 769 1810 εξς
795 1749 965 1819 ἡμᾶς·
997 1751 1090 1802 καὶ
1126 1750 1237 1821 γάρ
1284 1749 1383 1804 καὶ
1422 1752 1587 1822 ἡμεῖς
1612 1749 1778 1805 είκὼν
1810 1752 1902 1805 καὶ

328 1838 457 1902 δόξα
481 1838 577 1892 τοῦ
608 1838 747 1892 Θεοῦ
797 1839 1071 1910 λεγόμεθα
1098 1855 1112 1869 ·
1143 1842 1242 1895 καὶ
1275 1843 1404 1911 περὶ
1450 1843 1610 1913 ἡμῶν
1658 1843 1901 1915 εἴρηται,

332 1934 430 1986 Ast
485 1934 598 2005 γὰρ
634 1936 798 2005 ἡμεῖς
857 1937 909 1989 οῖ
964 1935 1193 2001 ζῶντες,
1245 1938 1366 2003 καὶ,
1398 1938 1672 2009 Δυνάμεις
1714 1939 1904 1993 πολλαί

2003 743 2226 795 auctore
2257 738 2620 794 substantiam
2652 754 2759 794 non
2806 739 3068 809 capiant,
3119 736 3213 793 sed
3245 735 3581 808 principium
3620 776 3626 781 -

2004 830 2300 885 creationis
2350 845 2463 886 suae
2506 845 2573 885 ex
2624 831 2734 885 Deo
2771 829 3042 898 habeantf.
3073 828 3155 883 sic
3182 843 3253 882 ex
3299 825 3411 883 Deo
3459 841 3621 882 esse.

2005 923 2439 993 perhibeantur:
2471 923 2644 979 Filius
2673 932 2856 979 autem
2889 924 3039 979 solus
3065 930 3325 986 aeternus,
3353 936 3421 976 ex
3457 921 3588 975 sub-

2004 1018 2204 1073 stantia
2233 1018 2405 1074 Patris
2429 1034 2548 1074 esse
2579 1017 2812 1075 dicatur.
2847 1018 2960 1074 Hoc
2985 1017 3188 1072 etenim
3220 1015 3495 1087 peculiare
3535 1024 3588 1068 et

2007 1109 2286 1179 proprium
2320 1110 2587 1180 unigeniti
2634 1121 2690 1165 et
2735 1109 2851 1165 veri
2884 1106 3043 1165 Verbi
3099 1106 3298 1162 Patris.
3348 1106 3423 1161 Ac
3453 1104 3589 1159 scri-

2009 1198 2211 1267 ptionis
2242 1199 2459 1270 quidem
2490 1205 2610 1267 ejus
2638 1215 2761 1272 quas
2809 1208 2925 1265 est,
2954 1214 3019 1254 ex
3047 1198 3356 1254 substantia
3385 1196 3583 1258 Patris.

2009 1292 2221 1346 occasio
2254 1300 2311 1347 et
2350 1307 2510 1348 causa
2554 1293 2671 1348 haec
2704 1291 2828 1348 fuit.
2878 1290 3168 1362 Episcopis
3202 1304 3366 1360 porro
3398 1303 3589 1342 rursus

2008 1397 2234 1454 paucos,
2266 1394 2328 1439 ut
2372 1394 2482 1439 tum
2529 1384 2879 1448 videbantur,
2931 1384 3053 1439 illos
3090 1380 3586 1451 interrogantibus.

2008 1492 2079 1531 an
2119 1476 2315 1532 Filium
2356 1477 2603 1533 dicerent
2646 1493 2756 1532 non
2806 1488 3111 1531 creaturam
3137 1518 3152 1539 ,
3189 1476 3284 1529 sed
3330 1476 3589 1529 virtutem

2008 1570 2441 1640 sapientiamque
2465 1570 2635 1626 solam
2670 1568 2868 1630 Patris.
2908 1567 3070 1639 5'75
3098 1576 3261 1636 atque
3293 1566 3615 1637 imaginem.

2010 1662 2418 1731 sempiternam,
2449 1677 2557 1716 non
2581 1662 2905 1726 variantem,
2928 1669 2983 1716 et
3005 1660 3240 1714 similem
3275 1674 3375 1727 per
3403 1658 3590 1712 omnia

2011 1752 2158 1807 Patri
2192 1762 2247 1807 et
2271 1753 2383 1808 Deo
2414 1767 2567 1815 vero,
2618 1752 2945 1822 deprehensi
2985 1759 3116 1806 sunt
3144 1749 3443 1806 Eusebiani
3467 1750 3589 1816 {sibi

2013 1843 2246 1899 invicem
2274 1845 2502 1900 innuere
2532 1854 2696 1915 atque
2726 1844 2931 1908 dicere,
2964 1845 3079 1899 llaec
3130 1843 3187 1902 in
3229 1858 3330 1897 nos
3372 1857 3590 1911 quoque

2010 1936 2231 2000 cadere,
2258 1937 2405 2007 quod
2453 1946 2508 1992 et
2538 1953 2637 1991 nos
2682 1937 2859 2007 imago
2883 1946 2937 1991 et
2977 1935 3145 2006 gloria
3189 1935 3281 1989 Dei
3318 1934 3588 1988 dicamur.

331 2028 463 2080 εἱσι·
503 2030 623 2091 καὶ,
669 2027 896 2097 Ἐξῆλοε
934 2030 1085 2082 πᾶσα
1131 2031 1165 2099 ἡ
1224 2029 1455 2100 δύναμις
1505 2030 1602 2084 τοῦ
1648 2031 1786 2084 Θεοῦ
1840 2032 1906 2084 ἐκ

2016 2031 2085 2083 Ac
2111 2028 2178 2084 de
2208 2028 2519 2084 uobisillud
2549 2029 2755 2083 dictum
2784 2043 2926 2090 esse,
2966 2028 3199 2095 Semper
3232 2026 3380 2082 enim
3413 2040 3515 2081 nos
3539 2035 3592 2079 et

333 2120 431 2185 τῆς
474 2116 782 2186 Αἰγύπτου.
826 2117 894 2172 Ἥ
936 2118 994 2172 δὲ
1028 2119 1228 2190 κάμπη
1270 2120 1365 2174 καὶ
1397 2122 1430 2188 ἡ
1484 2121 1646 2190 ἀκρίς
1694 2120 1909 2189 λέγεται

333 2208 566 2280 δύναμις
603 2210 854 2282 μεγάλη·
893 2212 1011 2277 καὶ,
1055 2211 1263 2279 Κύριος
1312 2212 1420 2264 τῶν
1445 2211 1727 2281 δυνάμεων
1766 2213 1913 2266 ἀντι-

333 2303 566 2372 λήπτωρ
602 2303 760 2373 ἡμῶν
805 2306 834 2356 ὁ
882 2303 1016 2366 Θεὸς
1064 2303 1286 2358 Ἰακώϐ.
1317 2305 1479 2358 Ἀλλὰ
1509 2306 1606 2359 καὶ
1644 2305 1707 2358 τὸ
1744 2305 1910 2369 ἰδίους

334 2397 485 2466 ἡμᾶς
517 2392 662 2451 εἶναι
702 2395 798 2451 τοῦ
849 2396 987 2450 Θεοῦ
1032 2396 1233 2467 ἔχομεν
1278 2400 1377 2469 οὐχ
1430 2398 1637 2463 άπλῶς·
1677 2398 1795 2453 ἀλλ’
1826 2401 1909 2452 ὅτι

335 2495 432 2545 καὶ
467 2491 738 2560 ἀδελφοὺς
770 2494 918 2561 ἡμᾶς
950 2492 1233 2546 ἐκάλεσεν.
1263 2492 1325 2546 Et
1349 2493 1405 2545 δὲ
1436 2495 1532 2547 καὶ
1561 2494 1693 2546 Θεὸν
1717 2493 1910 2562 ἀληθι-

337 2586 427 2637 νὸν
460 2584 684 2653 λέγουσι
712 2586 806 2638 τὸν
833 2586 983 2649 Υίδν,
1007 2586 1069 2639 οὐ
1096 2586 1260 2639 λυπεῖ
1284 2587 1453 2658 ἡμᾶς·
1488 2586 1779 2657 γενόμενος
1801 2586 1911 2656 γὰρ

336 2679 591 2749 ἀληθινός
620 2680 791 2731 ἐστιν.
842 2677 993 2748 Λῦτη
1025 2679 1057 2747 ἠ
1096 2678 1206 2730 τῶν
1237 2679 1545 2749 ’Δρειανῶν
1588 2678 1908 2750 ὲφθαρμένη

333 2771 564 2824 διάνοια.
625 2771 789 2823 Ἀλλὰ
835 2772 926 2824 καὶ
968 2769 1204 2823 ἐνταῦθα
1247 2771 1297 2823 οί
1343 2772 1638 2825 ἐπίσκοποι
1698 2771 1910 2840 Θεωρή-

339 2879 533 2925 σαντες
572 2864 749 2916 ἐκεῖνο
803 2864 864 2916 τὸ
910 2863 1111 2927 δόλιον,
1147 2863 1459 2932 συνήγαγον
1516 2866 1580 2915 ὲκ
1635 2864 1744 2915 τῶν
1772 2864 1914 2934 Γρα-

340 2950 455 3017 (per
494 2951 555 3002 τὸ
586 2950 951 3021 ἀπαύγασμα,
987 2952 1086 3022 τήν
1133 2968 1194 3005 τε
1244 2952 1430 3021 πηγὴν
1453 2991 1469 3017 ,
1499 2953 1595 3004 καὶ
1642 2953 1907 3021 ποταμὸν,

336 3046 433 3117 καὶ
461 3044 791 3114 χαρακτῆρα
844 3044 982 3113 πρὸς
1028 3044 1129 3116 τὴν
1176 3043 1511 3097 ὑπόστασιν·
1562 3045 1654 3097 καὶ
1688 3044 1771 3110 τὸ,
1811 3044 1914 3098 ‘Er

337 3135 418 3201 τῷ
442 3138 591 3205 φωτί
618 3153 736 3191 σου
762 3136 1033 3206 ὀψόμεθα
1088 3136 1215 3207 φῶς
1240 3154 1255 3170 ·
1289 3139 1383 3192 καὶ
1413 3140 1471 3191 τὸ
1497 3180 1513 3205 ,
1558 3137 1709 3208 Ἐγὼ
1744 3138 1843 3192 καί
1876 3141 1911 3193 ό

337 3230 543 3300 Πατὴρ
568 3230 639 3285 ἓν
667 3232 892 3301 ἐσμεν·
927 3234 1026 3286 καὶ
1076 3233 1409 3304 λευκότερον
1442 3233 1631 3286 λοιπὸν
1660 3235 1756 3287 καὶ
1788 3249 1914 3286 συν·

339 3326 524 3394 τόμως
579 3324 827 3394 ἔγραψαν
881 3322 1173 3396 ὁμοούσιον
1224 3325 1305 3396 τῷ
1352 3325 1548 3396 Πατρί.
1590 3327 1702 3379 Καὶ
1756 3324 1982 3411 τοῦτορ

341 3417 641 3485 ἐγίνωσκεν
702 3417 964 3479 Εὐσέϐιος
1017 3418 1047 3470 ὁ
1110 3416 1407 3487 γενόμενος
1466 3419 1765 3481 ἐπίσκοπος
1815 3421 1913 3486 τῆς

342 3510 705 3579 Καισαρείας,
739 3510 820 3561 ὅτι
855 3508 1099 3579 άγραφοί
1151 3509 1293 3562 εἰσιν
1326 3510 1384 3563 al
1424 3510 1623 3576 λέξεις.
1660 3509 1915 3579 Ἑλέγχε-

340 3620 432 3654 ται
461 3602 519 3656 δὲ
558 3603 688 3672 παρ’
743 3602 924 3656 αὐτῶν
964 3603 1228 3673 ματαίως·
1261 3602 1319 3664 ἐξ
1354 3601 1621 3672 ἀγράφων
1660 3604 1770 3672 γὰρ
1815 3603 1918 3655 κὰ-

341 3698 514 3749 κείνοι
566 3695 891 3758 ἀσεϐοῦντες
943 3691 1107 3763 ἦσαν.
1147 3696 1413 3766 Ἀγραφα
1464 3695 1522 3748 δὲ
1569 3696 1665 3756 τὸ.
1697 3694 1791 3759 Ἐξ
1815 3695 1916 3748 οὐκ

343 3788 538 3840 ὅντων·
577 3786 674 3839 καὶ
725 3787 822 3850 τὸ,
857 3783 966 3840 Ἦν
1004 3785 1134 3840 ποτὲ
1184 3786 1274 3839 ὅτε
1327 3785 1430 3840 οὐκ
1481 3783 1572 3857 ἦν,
1609 3785 1911 3839 αἰτιῶνται·

352 3881 444 3934 διὰ
475 3880 637 3934 τοῦτο
693 3880 752 3946 ἐξ
803 3881 1068 3950 ἀγράφων
1126 3878 1245 3949 μετ’
1270 3879 1553 3943 εὐσεϐείας
1612 3894 1920 3948 νοονμενων

345 3972 548 4038 λέξεων
598 3971 1031 4042 κατεκρίθησαν.
1069 3971 1233 4024 Αὐτοὶ
1296 3971 1396 4040 μὲν
1458 3970 1567 4041 γὰρ
1604 3970 1678 4035 ὡς
1731 3970 1795 4022 ἐκ
1828 3987 1924 4024 κο-

346 4064 518 4133 πρίας
572 4062 826 4132 εὑρόντες
888 4062 1158 4132 ἐλάλησαν
1204 4061 1424 4131 άληθῶς
1474 4061 1583 4114 ἀπὸ
1614 4060 1739 4131 γῆς·
1772 4061 1823 4115 οί
1862 4059 1922 4113 δὲ

347 4156 641 4213 ιπίσκοποι
687 4157 785 4227 οὐχ
827 4157 1043 4218 ἑαυτοῖς
1070 4155 1323 4227 εὑρόντες
1350 4156 1450 4219 τὰς
1479 4154 1675 4221 λέξεις,
1707 4154 1824 4209 ἀλλ’
1856 4156 1924 4208 ἐκ

345 4250 459 4302 τῶν
504 4248 768 4320 Πατέρων
799 4250 1015 4321 ἔχοντες
1045 4247 1146 4318 τὴν
1181 4250 1514 4319 μαρτυρίαν,
1549 4246 1720 4309 οὕτως
1753 4245 1922 4316 ἐγρα·

338 4342 480 4412 Ἵνα-ι.
522 4342 847 4396 Ἐπίσκοποι
885 4342 997 4413 γάρ
1034 4343 1255 4410 ἀρχαῖοι
1296 4341 1403 4410 πρὸ
1433 4339 1569 4392 ἐτῶν
1600 4339 1768 4408 ἐγγύς
1815 4356 1923 4393 που

350 4434 547 4487 ἑκατὸν
574 4435 874 4505 τριάκοντα
922 4433 1023 4504 τῆς
1060 4450 1120 4486 τε
1160 4420 1407 4503 μεγάλης
1443 4430 1663 4501 Ῥώμης
1690 4430 1787 4485 καὶ
1823 4431 1924 4501 τῆς

350 4526 629 4598 ἡμετέρας
674 4528 883 4592 πόλεως
916 4528 1215 4599 ᾐτιάσαντο
1244 4528 1371 4588 τοὺς
1405 4527 1617 4597 ποίημα
1662 4524 1924 4594 λέγοντας

349 4615 441 4666 τδιν
464 4615 616 4679 Υίὸν,
650 4616 747 4669 καὶ
782 4617 859 4686 μὴ
898 4616 1185 4686 όμοούσιον
1228 4616 1307 4685 τῷ
1360 4616 1561 4686 Πατρί.
1602 4614 1716 4669 Kal
1763 4613 1924 4667 τοῦτο

2011 2122 2104 2192 qui
2136 2122 2370 2177 vivimus
2399 2139 2414 2187 ;
2445 2131 2521 2187 et,
2552 2120 2797 2177 Virtutes
2843 2122 3028 2176 multa:
3064 2132 3195 2176 sunt
3228 2138 3242 2175 :
3274 2129 3361 2184 et,
3414 2118 3593 2173 Exivit

2010 2214 2191 2268 oumis
2217 2214 2388 2269 virtus
2428 2213 2520 2269 Dei
2575 2229 2641 2268 ex
2686 2212 2918 2285 (Egypto
2952 2230 2968 2279 ;
3022 2223 3097 2279 et,
3162 2213 3398 2269 Erucam
3428 2221 3592 2282 atque

2012 2307 2274 2361 locustam
2303 2306 2410 2361 dici
2441 2307 2697 2361 virtutem
2732 2321 2980 2376 magnam
3027 2323 3043 2371 ;
3077 2313 3152 2371 et,
3186 2304 3592 2361 Dominusvir-

2011 2408 2191 2454 tutum
2246 2398 2575 2462 nobiscum,
2614 2410 2902 2469 susceptor
2957 2407 3143 2456 uoster
3205 2398 3350 2453 Deus
3398 2397 3591 2452 Jacob.

2013 2488 2121 2545 Sed
2146 2501 2201 2544 et
2228 2490 2535 2559 peculiares
2553 2506 2653 2546 uos
2682 2491 2776 2546 Dei
2808 2505 2949 2553 esse.
2980 2505 3090 2561 non
3116 2489 3441 2560 simpliciter
3457 2488 3591 2551 dici,

2011 2594 2200 2634 verum
2234 2580 2429 2635 fratres
2461 2581 2625 2635 etiam
2652 2582 2859 2637 vocari.
2892 2581 3050 2648 Quod
3078 2582 3122 2636 si
3152 2595 3345 2636 verum
3371 2596 3617 2650 quoque

2010 2674 2183 2728 Deum
2219 2674 2414 2728 Filium
2441 2675 2648 2740 dicant,
2689 2676 2823 2730 nihil
2863 2692 2964 2730 nos
3012 2675 3063 2730 id
3099 2676 3385 2745 perturbat
3420 2692 3433 2731 :
3466 2691 3590 2728 cum

2010 2769 2157 2822 enim
2209 2766 2383 2822 lactus
2417 2767 2510 2831 sit,
2566 2783 2730 2821 verus
2772 2779 2876 2821 est.
2912 2765 3039 2822 Haec
3069 2784 3202 2823 sane
3241 2778 3324 2822 est
3356 2766 3593 2820 Ariano-

2011 2875 2133 2913 rum
2165 2875 2414 2928 perversa
2448 2861 2741 2914 sententia.
2771 2860 3117 2930 Quapropter
3138 2861 3377 2930 episc0pi
3404 2859 3592 2920 etiam,

2011 2952 2138 3007 dolo
2181 2967 2246 3006 eo
2304 2962 2610 3023 perspecto,
2657 2968 2723 3006 ex
2759 2952 3059 3023 Scripturis
3106 2954 3475 3022 collegerunt,
3507 2968 3595 3006 re-

2012 3043 2525 3115 splendescentiam,
2563 3043 2792 3105 fontem,
2825 3044 3076 3109 ﬂuvium,
3105 3059 3428 3114 expressam
3458 3044 3596 3097 ima-

2012 3139 2190 3209 ginem
2222 3139 2537 3193 substantia!
2572 3155 2586 3192 :
2622 3146 2698 3202 et,
2728 3136 2792 3191 In
2825 3137 3019 3191 lumine
3055 3145 3144 3191 tuo
3178 3137 3462 3193 uidebimus
3509 3141 3596 3191 lu-

2014 3247 2133 3284 men
2151 3232 2165 3261 ‘
2188 3249 2202 3285 :
2233 3238 2307 3295 et,
2343 3228 2450 3301 Ego
2469 3245 2516 3284 et
2543 3230 2703 3285 Pater
2728 3246 2889 3284 unum
2917 3246 3117 3292 sumus,
3154 3229 3598 3298 luculentiusque

2014 3321 2275 3392 deinceps
2322 3332 2380 3376 et
2432 3322 2877 3390 compendiosius
2935 3321 3303 3391 scripserunt,
3355 3322 3597 3378 consubt-

2015 3415 2325 3471 stantialem
2376 3415 2552 3471 Patri.
2582 3414 2714 3482 Quae
2764 3414 2927 3469 verba
2971 3413 3270 3485 Scriptura:
3315 3430 3421 3470 non
3453 3428 3599 3478 esse.

2019 3507 2288 3564 Eusebius
2319 3508 2674 3566 Caesariensis
2722 3509 3017 3578 episcopus
3050 3507 3205 3561 novit
3240 3507 3322 3579 (l)
3358 3524 3374 3561 :
3404 3505 3500 3561 sed
3528 3507 3599 3562 ab

2018 3600 2099 3657 eis
2128 3600 2297 3656 Stulte
2320 3600 2821 3671 reprehenduntur.
2858 3601 3061 3655 Praeter
3081 3597 3420 3670 Scripturam
3449 3598 3599 3653 enim

2018 3694 2193 3764 etipsi
2218 3693 2516 3765 impietatis
2534 3703 2790 3749 auctores
2817 3692 3086 3761 erantli).
3114 3693 3339 3746 Minime
3362 3706 3600 3761 namque

2020 3786 2319 3858 Scriptum
2367 3787 2537 3841 verba
2594 3794 2744 3853 sunt,
2773 3785 2849 3840 Ex
2901 3800 3010 3840 non
3039 3783 3434 3839 exsistentibus
3470 3794 3600 3848 ;et.

2020 3878 2148 3934 Fuit
2173 3877 2469 3949 aliquando
2501 3886 2737 3949 tempus,
2770 3892 2894 3932 cum
2947 3891 3055 3933 non
3106 3884 3267 3931 esset.
3307 3874 3495 3946 itaque
3521 3875 3600 3930 illi

2020 3971 2207 4027 verbis
2256 3985 2366 4025 non
2414 3985 2483 4025 ex
2526 3969 2807 4039 Scriptura
2832 3969 3056 4040 quidem
3112 3969 3322 4038 petitis,
3364 3969 3461 4023 sed
3514 3967 3603 4030 pie

2023 4072 2206 4119 tamen
2242 4062 2503 4129 inventis,
2536 4062 2773 4118 convicti
2822 4070 2950 4117 sunt
2977 4071 3033 4115 et
3068 4060 3332 4116 damnati.
3367 4060 3471 4131 Ipsi
3523 4056 3605 4114 si-

2023 4155 2247 4226 quidem
2279 4153 2446 4209 veluti
2492 4169 2524 4208 e
2569 4163 2813 4209 stercore
2859 4155 3034 4209 erutis
3083 4154 3329 4217 vocibus.
3361 4153 3522 4222 plane
3573 4169 3606 4206 e

2027 4257 2171 4303 terra
2218 4246 2385 4303 locuti
2439 4253 2587 4300 sunt.
2641 4245 2893 4316 Episcopi
2940 4253 3123 4301 autem
3179 4261 3288 4300 non
3344 4246 3447 4315 ipsi
3498 4244 3605 4299 sibi

2023 4339 2191 4395 verba
2215 4337 2606 4409 contingentes,
2638 4337 2733 4391 sed
2764 4335 2993 4392 Patrum
3021 4336 3090 4393 de
3115 4336 3197 4391 eis
3228 4335 3605 4393 testimonium

2027 4433 2315 4497 habentes,
2360 4448 2422 4489 ea
2479 4434 2532 4488 in
2577 4433 2780 4503 scripto
2829 4448 2932 4489 suo
2981 4443 3339 4504 usurparunt.
3374 4434 3605 4490 Veteres

2026 4529 2172 4585 enim
2193 4527 2435 4599 episcOpi
2465 4541 2590 4583 ante
2619 4544 2793 4585 annos
2814 4541 2987 4599 prope
3012 4538 3235 4584 centum
3264 4537 3320 4584 et
3352 4528 3602 4599 triginta,

2028 4629 2085 4695 et
2109 4622 2164 4676 in
2196 4635 2389 4692 magna
2418 4620 2613 4688 Roma,
2640 4629 2696 4676 et
2723 4621 2779 4676 in
2808 4630 2995 4678 nostra
3023 4622 3157 4676 urbe
3177 4636 3274 4677 eos
3301 4623 3608 4694 reprehen-

351 4705 656 4773 ἐγίνωσκεν
711 4707 975 4771 Εὐσέϐιος
1034 4708 1064 4761 ό
1124 4709 1421 4779 γενόμενος
1474 4707 1775 4771 ἐπίσκοπος
1826 4709 1914 4777 τῆς

2029 4713 2249 4773 derunt.
2272 4714 2365 4784 qui
2394 4712 2592 4769 Filium
2624 4724 2955 4776 creaturam,
2988 4723 3046 4783 et
3072 4729 3180 4775 non
3236 4716 3608 4772 consubstan-

352 4800 714 4870 Καισαρείας·
738 4801 1014 4871 πρότερον
1040 4801 1139 4872 μὲν
1160 4798 1255 4854 οὐν
1280 4802 1593 4872 συντρέχων
1611 4804 1676 4873 τῇ
1706 4801 1927 4870 ’Δρεια-

351 4896 414 4963 νῇ
448 4894 661 4961 αίρέσει
685 4909 701 4926 ο
739 4893 969 4965 ὕστερον
996 4895 1053 4949 δὲ
1091 4896 1419 4967 ὑπογράψας
1453 4897 1511 4949 ὲν
1554 4896 1694 4967 αὐτῇ
1715 4898 1790 4968 ,τῇ
1824 4894 1926 4948 Νι-

352 4989 485 5061 καίᾳ
521 4989 725 5059 συνόδῳ
747 5028 763 5054 ,
795 4988 1007 5059 ἔγραψε
1062 4991 1176 5053 τοῖς
1228 4988 1379 5051 ίδίοις
1416 4988 1921 5059 διαϐεϐαιούμενος,

352 5083 432 5136 ὅτι
467 5085 562 5136 καὶ
600 5083 711 5135 τῶν
744 5083 993 5139 παλαιῶν
1038 5101 1193 5147 τινας
1240 5083 1458 5152 λογίους
1500 5087 1596 5137 καὶ
1631 5085 1925 5151 ἐπιφανεῖς

352 5173 687 5235 ἐπισκόπους
735 5172 1091 5242 συγγραφέας
1122 5171 1369 5241 ἔγνωμεν
1426 5171 1518 5224 ἐπὶ
1543 5172 1643 5237 τῆς
1680 5174 1773 5224 τοῦ
1811 5172 1924 5224 Πα-

352 5264 479 5331 τρδς
511 5265 605 5316 καὶ
644 5265 739 5317 τοῦ
771 5263 902 5317 Υίοῦ
940 5264 1195 5335 θεότητος
1242 5263 1321 5333 τῷ
1351 5263 1445 5317 τοῦ
1474 5264 1763 5332 ὁμοουσίου
1788 5280 1923 5335 χρη-

356 5359 898 5431 σαμένουςόνόματι.
945 5353 1106 5414 Οὗτοι
1163 5359 1265 5431 μὲν
1315 5357 1408 5413 οῦν
1469 5357 1926 5429 κατακρύψαντες

353 5453 452 5519 τὴν
491 5453 665 5516 νόσον,
714 5451 929 5506 ἔδεισαν
958 5452 1070 5522 γάρ
1098 5451 1210 5505 τῶν
1237 5452 1559 5508 ἐπισκόπων
1600 5450 1661 5502 τὸ
1693 5447 1924 5518 πλῆθος,

426 5620 441 5649 ‘
480 5618 629 5674 Psal.
663 5633 827 5684 xxxv,
869 5618 959 5674 ιθ.

422 5774 742 5849 (l)_Eusebii
770 5778 977 5849 mentio
998 5778 1089 5835 hic
1112 5793 1220 5834 non
1243 5779 1300 5834 [it
1318 5780 1461 5849 apud
1480 5778 1916 5841 Theodoretum.

358 5858 474 5909 cap.
506 5847 563 5911 8,
591 5848 689 5902 lib.
724 5864 764 5915 ι,
797 5847 1052 5904 Historia
1086 5865 1198 5904 cura
1235 5847 1618 5905 ecclesiasticae.

426 5915 501 5985 (Ξ)
547 5916 726 5972 Stulte
768 5918 958 5973 Ariani
1003 5922 1169 5976 verba
1223 5921 1642 5982 catholicorum,
1688 5937 1751 5974 ea:
1805 5921 1929 5974 sub-

358 5987 553 6042 stantia
589 5987 788 6057 Patris,
816 6000 872 6046 et
902 5991 1392 6058 consubstantialis,
1419 5992 1564 6062 quod
1596 5992 1649 6046 iu
1691 5993 1934 6064 Scriptu-

2027 4804 2207 4859 tialem
2245 4804 2393 4858 Patri
2431 4819 2555 4859 esse
2601 4800 2884 4861 dixerunt.
2932 4802 2990 4859 Id
3021 4804 3167 4876 quod
3214 4806 3492 4877 COgnittun
3524 4814 3609 4861 est

2027 4897 2263 4953 Eusebio
2294 4896 2559 4953 σκοποίη
2580 4897 2863 4968 episcopo,
2894 4899 2988 4968 qui
3011 4898 3167 4968 prius
3198 4896 3420 4967 quidem
3453 4897 3612 4953 Aria-

2025 5005 2110 5045 nae
2142 4988 2248 5044 fuit
2279 4996 2517 5044 sectator
2547 4989 2770 5044 hzeresis
2804 5006 2818 5044 :
2853 4998 3040 5058 postea
3073 5004 3202 5045 vero
3231 4988 3335 5059 ipsi
3375 4989 3611 5044 Nicaeum

2025 5080 2385 5137 subscribens
2406 5080 2634 5152 synodo,
2668 5081 2735 5135 ad
2765 5096 2895 5136 suos
2936 5080 3151 5136 litteras
3171 5080 3346 5143 dedit.
3366 5093 3422 5138 et
3454 5097 3613 5138 com:

2028 5172 2301 5244 probavit,
2359 5182 2414 5227 et
2471 5172 2666 5243 priscis
2708 5188 2929 5243 quoque
2973 5172 3164 5228 doctos
3222 5174 3491 5244 quosdam
3553 5188 3611 5231 et

2030 5264 2320 5335 praeclaros
2353 5263 2639 5334 episcOpos
2668 5275 2726 5319 et
2746 5264 3041 5333 scriptores
3090 5264 3144 5318 iu
3170 5264 3351 5322 Patris
3383 5274 3438 5320 et
3482 5266 3611 5322 Filii

2031 5357 2320 5413 divinitate
2373 5357 2594 5413 nomine
2641 5355 2738 5409 τοῦ
2792 5354 3089 5425 ὁμοουσίου
3142 5371 3264 5413 esse
3300 5372 3451 5414 usos.
3510 5358 3611 5414 isti

2032 5451 2223 5522 igitur,
2257 5450 2448 5505 morbo
2478 5465 2578 5505 suo
2620 5464 2941 5525 suppresso,
2971 5450 3119 5525 quod
3163 5461 3369 5510 tantam
3393 5452 3612 5523 episco-

2027 5775 2105 5831 ris
2136 5792 2244 5850 non
2278 5778 2650 5839 inveniantur.
2671 5778 3247 5850 reprehendunt,cum
3279 5776 3637 5850 Arianaruin.

2038 5848 2438 5929 praestigiarum
2490 5864 2590 5905 nec
2629 5846 2821 5917 Voces,
2844 5864 2948 5905 nec
2996 5850 3280 5905 sententia:
3317 5846 3371 5902 in
3405 5846 3651 5907 eisdem;

2040 5927 2409 5987 reperiantur.
