4062 6560
328 462 396 531 35
1228 472 1828 534 ECCLESIASTICKE
1863 473 1910 531 Η

2014 469 2255 531 ΓΟΒΙιΕ
2289 468 2440 532 LIB.
2480 469 2650 529 Vlll.
3516 465 3601 527 δεῖ

329 575 471 650 ἔχειν
498 580 594 636 καὶ
623 581 799 645 οὕτως
821 584 1057 654 φρονεῖν,
1077 584 1167 636 καὶ
1197 585 1367 637 πάλαι
1396 584 1569 648 οὕτως
1596 566 1910 652 ἐσχηκέναι,

2021 582 2190 634 sancti
2216 580 2255 632 ¹.
2302 579 2433 643 ριιτο
2469 579 2547 632 sic
2580 594 2636 632 se
2668 577 2895 640 habere,
2933 585 2988 631 et
3020 592 3120 634 nos
3149 577 3228 630 sic
3258 577 3484 639 sentire.
3508 577 3590 632 sic

330 673 624 742 καὶμέχρι
673 674 906 731 θανάτου
972 674 1112 745 ὑπὲρ
1159 675 1364 742 ταύτης
1417 675 1773 729 συνίστασθαι
1809 676 1907 743 τῆς

332 762 591 829 πίστεως,
639 766 1127 837 ἁναθεματίζοντες
1166 769 1346 822 πᾶσαν
1376 767 1534 821 ἄθεον
1566 768 1799 837 αἳρεσιν.

409 1051 427 1084 ι
455 1032 645 1085 Ταῦτα
677 1032 785 1087 ἀπὸ
818 1033 1045 1104 καρδίας
1075 1036 1171 1088 καὶ
1201 1034 1379 1105 ψυχῆς
1408 1035 1829 1106 πεφρονηκέναι,
1854 1036 1910 1102 ἐξ

332 1116 505 1194 οὗπερ
533 1126 692 1193 ἴσμεν
728 1126 970 1190 ἑαυτοὺς,
1006 1127 1098 1178 καί
1129 1126 1225 1177 νῦν
1256 1128 1476 1194 φρονεῖν
1500 1143 1560 1179 τε
1602 1126 1697 1179 καὶ
1729 1127 1909 1194 λέγειν

332 1214 391 1280 ἐξ
415 1214 694 1281 ἀληθείας,
729 1216 820 1268 ἐπὶ
847 1213 944 1269 τοῦ
992 1216 1128 1267 Θεοῦ
1184 1214 1274 1268 τοῦ
1319 1217 1777 1285 παντοκράτορος,
1817 1218 1910 1270 καὶ

334 1305 426 1358 τοῦ
480 1306 689 1378 Κυρίου
733 1305 893 1377 ἡμῶν
958 1306 1138 1377 Ἰησοῦ
1185 1305 1425 1375 Χριστοῦ
1479 1308 1908 1378 μαρτυρόμεθα*

330 1396 608 1451 δεικνύναι
660 1398 877 1469 ἔχοντες
928 1399 1024 1451 καὶ
1074 1398 1144 1453 δι’
1176 1399 1531 1466 ἀποδείξεως,
1576 1401 1670 1453 καὶ
1702 1399 1913 1452 πείθειν

334 1487 501 1556 ὑμᾶς,
549 1490 634 1541 ὅτι
681 1491 778 1543 καὶ
823 1489 952 1552 τοὺς
990 1489 1441 1561 παρεληλυθότας
1490 1491 1715 1562 χρόνους
1740 1489 1911 1553 οὕτως

333 1580 697 1648 ἑπιστεΰομέν
731 1597 792 1634 τε
822 1583 919 1636 καὶ
949 1582 1351 1654 ἐκηρύσσομεν.
1386 1583 1604 1654 Ταύτης
1633 1584 1726 1653 ὑφ’
1758 1582 1913 1654 ἡμῶν

332 1672 651 1742 ὲκτεθείσης
699 1674 799 1744 τῆς
840 1674 1099 1742 πίστεως,
1141 1675 1316 1739 οὐδεὶς
1360 1677 1541 1746 παρῆν
1596 1676 1911 1743 ἀντιλογίας

331 1764 518 1826 τόπος.
564 1764 704 1816 Ἀλλ’
737 1764 897 1827 αὑτός
926 1781 983 1817 τε
1015 1764 1230 1830 πρῶτος
1261 1762 1288 1818 ὀ
1317 1764 1731 1835 θεοφιλέστατος
1754 1763 1913 1834 ἡμῶν

332 1855 608 1925 βασιλεὺς,
641 1857 910 1928 ὀρθότατα
967 1858 1244 1929 περιέχειν
1288 1857 1459 1926 αὐτὴν
1504 1855 1908 1928 ἐμαρτύρησεν.

2013 671 2176 722 etiam
2215 670 2344 725 olim
2386 668 2734 729 obtinuisse,
2778 683 2989 736 nosque
3032 668 3169 722 adeo
3217 668 3283 722 de
3326 668 3419 723 tali
3461 668 3585 723 ﬁdei

2013 759 2352 828 professione
2404 774 2581 827 usque
2632 762 2699 813 ad
2748 771 2979 813 mortem
3026 759 3405 815 decertaturos
3439 775 3586 821 esse,

2012 853 2174 906 etiam
2232 862 2394 921 atque
2435 852 2603 907 etiam
2646 850 3072 917 conﬁrmamus,
3121 852 3470 907 anathemate
3509 853 3591 908 fe-

2015 943 2215 995 rientes
2239 956 2458 995 omnem
2485 941 2704 1011 impiam
2745 942 2966 1011 Deoque
2996 949 3274 996 carentem
3307 941 3584 995 h;ercsim.

2086 1032 2211 1088 llaec
2249 1048 2346 1088 nos
2378 1033 2458 1087 sic
2491 1048 2556 1088 ex
2587 1033 2754 1089 corde
2781 1042 2836 1087 et
2867 1033 3074 1101 animo,
3104 1034 3215 1104 jam
3252 1033 3380 1088 inde
3416 1033 3485 1087 ab
3519 1048 3586 1087 eo

2017 1135 2261 1196 tempore
2293 1139 2403 1195 quo
2437 1140 2536 1181 nos
2575 1126 2725 1196 ipsos
2767 1126 3021 1180 novimus
3046 1165 3063 1192 ,
3109 1125 3352 1180 sensisse
3376 1164 3390 1188 ,
3422 1134 3590 1194 atque

2012 1216 2178 1271 etiam
2233 1232 2382 1272 nunc
2432 1219 2635 1272 sentire
2683 1226 2740 1273 et
2801 1217 3050 1289 proﬁteri
3105 1232 3277 1283 vere,
3335 1219 3588 1287 omnipo-

2016 1316 2221 1363 tentem
2276 1310 2446 1363 Deum
2484 1319 2539 1363 et
2578 1302 2866 1363 Dominum
2911 1318 3160 1365 nostrum
3204 1309 3390 1365 Jesum
3426 1310 3591 1363 Chri-

2015 1407 2159 1453 stum
2207 1408 2493 1455 testamur.
2537 1398 2825 1456 Declarare
2879 1416 3099 1472 quoque
3142 1413 3291 1456 certa
3338 1411 3394 1456 et
3442 1402 3590 1455 ﬁdeli

2015 1490 2360 1562 probatione,
2407 1500 2465 1547 et
2506 1492 2838 1562 persuadere
2876 1492 3033 1547 vobis
3073 1507 3390 1564 possumus,
3442 1494 3593 1562 prio-

2015 1582 2169 1638 ribus
2224 1584 2390 1640 etiam
2446 1585 2788 1655 temporibus
2847 1601 2947 1640 nos
3013 1586 3093 1640 sic
3151 1595 3206 1640 et
3262 1586 3588 1645 credidisse.

2015 1687 2071 1732 et
2116 1678 2463 1747 prmdicasse.
2514 1678 2624 1735 [lae
2666 1694 2694 1731 a
2730 1678 2887 1733 nobis
2924 1680 3168 1749 exposita
3204 1678 3327 1733 ﬁdei
3374 1677 3593 1749 profer-

2014 1769 2209 1836 sione,
2259 1770 2443 1824 nullus
2484 1779 2615 1831 erat,
2645 1770 3055 1825 contradicendi
3102 1771 3279 1826 locus.
3342 1770 3410 1824 Et
3463 1772 3584 1838 ipse

2017 1861 2113 1917 Dei
2142 1862 2561 1920 amantissimus
2588 1864 2911 1934 imperator,
2939 1875 3127 1920 noster
3154 1864 3432 1936 princeps,
3460 1879 3585 1920 cum

334 1949 493 2002 Οῦτω
515 1968 573 2003 τε
606 1950 701 2005 καὶ
723 1951 886 2004 αὐτὸν
911 1950 1129 2023 φρονεῖν
1152 1950 1598 2019 συνωμολόγησε,
1628 1950 1910 2022 καὶταύτῃ

2014 1954 2320 2009 rectissime
2364 1970 2486 2010 eam
2516 1963 2840 2024 conceptam
2877 1971 3000 2011 esse
3035 1965 3307 2021 testatus,
3351 1966 3463 2009 tum
3514 1956 3590 2010 ita

329 2044 458 2104 τοὺς
499 2043 711 2106 πάντας
754 2042 1258 2111 συγκατατιθέναιο
1314 2043 1655 2114 ὑπογράφειν
1701 2059 1759 2095 τε
1798 2045 1911 2106 τοῖς

330 2134 567 2204 δόγμασι
614 2137 707 2188 καὶ
754 2138 1066 2205 συμφωνεῖν
1095 2134 1315 2198 τούτους
1355 2136 1540 2197 αὐτοῖς
1574 2134 1912 2203 παρεκελεύ-

333 2244 503 2285 σατο.
564 2226 682 2289 ἑνὸς
732 2229 896 2297 μὸνου
946 2228 1461 2299 προσεγγραφὲντος
1508 2227 1755 2297 ῥήματος
1816 2224 1909 2280 τοῦ

329 2319 621 2387 ὁμοουσίου
648 2335 662 2348 ·
717 2318 746 2369 ὃ
777 2323 869 2372 καὶ
919 2321 1052 2373 αὐτὸ
1099 2321 1410 2390 ἡρμήνευσε
1464 2320 1662 2387 λέγων,
1706 2319 1789 2372 ὅτι
1834 2319 1913 2389 μὴ

331 2409 480 2464 κατὰ
518 2413 791 2480 σωμάτων
824 2411 974 2482 πάθη
1018 2412 1231 2478 λέγοιτο
1269 2411 1576 2482 ὁμοοῦσιος,
1609 2411 1735 2466 οῦτε
1769 2411 1913 2466 κατὰ

330 2500 626 2570 διαίρεσιν,
654 2500 777 2554 οὔτε
807 2503 948 2555 κατὰ
997 2502 1281 2574 ἀποτομὴν
1314 2500 1377 2557 ἐκ
1408 2503 1503 2557 τοῦ
1534 2504 1743 2574 [Ιατρὸς
1781 2505 1913 2557 ὑπο-

333 2596 550 2662 στῆναι.
586 2592 735 2665 Μηδὲ
784 2595 893 2664 γὰρ
939 2596 1201 2650 δύνασθαι
1235 2599 1333 2667 τὴν
1372 2597 1533 2651 ἄῦλον
1576 2598 1671 2653 καὶ
1721 2598 1913 2668 νοερὰν

294 2675 300 2680 ’
332 2684 427 2732 καὶ
479 2681 777 2751 ἀσώματον
811 2684 976 2752 φύσιν
1019 2684 1336 2751 σωματικόν
1382 2702 1437 2737 τι
1477 2685 1646 2748 πάθος
1682 2686 1911 2755 ὑφίστα-

333 2774 458 2825 σθαι
487 2788 503 2803 ο
536 2773 704 2837 θείοις
736 2774 792 2827 δὲ
825 2775 921 2828 καὶ
948 2777 1282 2846 ἀπορρήτοις
1319 2777 1499 2845 λόγοις
1539 2779 1809 2847 προσήκει
1845 2779 1912 2833 τὰ

330 2864 559 2919 τοιαῦτα
588 2869 755 2920 νοεῖν.
787 2867 895 2920 Καὶ
920 2870 947 2921 ὁ
984 2867 1086 2941 μὲν
1119 2868 1434 2937 σοφώτατος
1467 2872 1560 2923 καὶ
1587 2870 1912 2927 εὐσεϐέστα-

329 2975 417 3018 τος
461 2958 623 3028 ἡμῶν
654 2958 910 3028 βασιλεὺς
940 2960 1011 3013 τὰ
1058 2961 1288 3015 τοιαῦτα
1333 2962 1731 3031 διεφιλοσόφει·
1764 2966 1818 3016 οἱ
1856 2964 1913 3017 δὲ

329 3049 608 3118 προφάσει
637 3049 738 3117 τῆς
766 3050 862 3103 τοῦ
891 3051 1176 3121 ὀμοουσίου
1205 3052 1525 3125 προσθήκης
1584 3053 1780 3123 ἑτέραν
1818 3054 1913 3107 ἐκ·

330 3140 480 3195 δοσιν
510 3142 748 3205 πίστεως
773 3144 1141 3214 πεποιήκασιν
1164 3143 1253 3214 (ἢν
1277 3143 1462 3215 μικρῷ
1490 3145 1725 3216 πρόσθεν
1752 3145 1911 3217 κάγὼ

2016 2047 2260 2114 seipsum
2303 2048 2512 2103 sentire
2545 2048 2825 2118 professus
2851 2059 2972 2105 est:
3008 2058 3172 2118 atque
3218 2060 3277 2103 ut
3317 2065 3512 2104 omnes
3539 2050 3590 2111 ei

2014 2139 2437 2205 assentirentur,
2471 2140 2906 2204 subscriberent,
2929 2151 2986 2198 et
3013 2157 3149 2197 voce
3187 2158 3295 2197 una
3322 2142 3593 2213 suﬁ‘raga‘

2016 2241 2232 2298 rentur,
2269 2232 2599 2290 admonuit:
2633 2250 2742 2289 uno
2776 2234 3043 2291 duntaxat
3091 2235 3305 2305 adjecto
3340 2234 3432 2288 τοῦ
3462 2239 3593 2306 ομο-

2012 2324 2198 2378 ουσίου
2218 2328 2411 2393 verbo,
2446 2327 2596 2396 quod
2630 2327 2859 2383 verbum
2890 2318 3060 2383 etiam
3085 2328 3480 2398 interpretatus
3510 2344 3571 2384 es

2015 2416 2228 2481 dicens,
2258 2433 2368 2473 non
2385 2419 2543 2490 juxta
2567 2433 2863 2490 corporum
2889 2418 3281 2489 perpessiones
3305 2421 3593 2491 ὁμοούσιον

2015 2506 2151 2574 dici,
2176 2524 2360 2580 neque
2382 2511 2536 2582 juxta
2560 2511 2912 2578 divisionem,
2942 2525 3121 2583 neque
3147 2513 3300 2581 juxta
3326 2513 3590 2569 resectio.

2015 2616 2137 2655 nem
2182 2618 2248 2657 ex
2285 2602 2451 2659 Patre
2496 2604 2840 2669 subsistere,
2886 2604 3033 2675 quod
3075 2604 3321 2660 materia:
3357 2619 3592 2675 prorsus

2014 2708 2212 2764 expers
2257 2694 2648 2751 intellectualis
2686 2704 2744 2751 et
2766 2696 3109 2765 ,incorporea
3157 2705 3352 2751 natura
3398 2711 3596 2763 carpo.

2016 2789 2183 2842 ralem
2212 2786 2529 2857 quampiam
2553 2786 2971 2857 perpessionem
3000 2786 3280 2842 sustinere
3313 2797 3587 2856 nequeat:

2015 2878 2201 2934 divina
2250 2894 2384 2933 vero
2428 2888 2485 2934 et
2530 2877 2793 2934 ineﬁabili
2850 2879 3064 2933 ratione
3103 2878 3309 2934 debere
3356 2879 3482 2934 talia
3534 2880 3591 2933 in

2017 2970 2203 3028 animo
2244 2969 2610 3026 considerari.
2650 2970 2830 3037 Atque
2879 2970 3323 3040 sapientissimus
3365 2971 3589 3041 quidem

2014 3070 2073 3123 et
2101 3062 2390 3133 piissimus
2419 3072 2612 3118 noster
2642 3062 2948 3133 imperator
2977 3060 3047 3117 ad
3071 3061 3217 3117 hunc
3244 3061 3468 3117 modum
3508 3071 3594 3117 est

2015 3152 2460 3224 philosophatus.
2500 3151 2669 3224 578
2713 3152 2796 3207 Illi
2848 3167 2979 3208 vero
3023 3166 3121 3222 per
3161 3154 3505 3208 occasionem
3536 3163 3595 3209 et

334 3236 661 3306 παρεθέμην
690 3238 757 3307 τῇ
788 3234 1046 3306 ἱστορίᾳ).
1067 3227 1173 3300 ἾΙς
1204 3235 1271 3307 δὴ
1294 3237 1390 3290 καὶ
1416 3236 1909 3310 ὑπαγορευθείσης,

2016 3252 2339 3316 praetextum
2366 3244 2689 3316 adjectionis
2710 3245 2804 3297 τοῦ
2846 3245 3130 3314 ὀμοουσίου
3154 3246 3256 3313 tl),
3279 3245 3438 3300 aliam
3465 3244 3590 3300 litlei

329 3325 481 3388 ὅπως
519 3325 760 3395 εἴρηται,
796 3327 979 3390 αὐτοῖς
1004 3327 1064 3380 τὸ
1094 3328 1159 3380 ὲκ
1198 3327 1297 3397 τῆς
1328 3328 1517 3394 οὐσίας
1543 3328 1638 3384 τοῦ
1672 3331 1909 3400 Πατρὸς,

330 3423 427 3472 καὶ
459 3420 521 3472 τὸ
550 3418 629 3488 τῷ
661 3420 840 3490 Πατρὶ¹
882 3420 1171 3486 ὀμοούσιον
1202 3422 1303 3477 οὐκ
1345 3422 1701 3490 ἀνεξέταστον
1755 3425 1912 3490 αὖθις

330 3512 848 3583 κατελιμπάνομενο
880 3514 1181 3585 ἐρωτήσεις
1215 3514 1322 3585 γὰρ
1356 3514 1454 3570 καὶ
1479 3516 1802 3587 ἀποκρίσεις
1825 3519 1914 3573 ἑν-

327 3604 520 3658 τεῦθεν
572 3604 939 3659 ἀνεκινοῦντο.
999 3605 1381 3671 Ἐσασανίζετο
1432 3606 1490 3661 δὲ
1529 3609 1557 3661 ὁ
1605 3608 1763 3676 λόγος
1812 3611 1912 3681 τῆς

327 3697 574 3759 διανοίας
624 3698 737 3753 τῶν
788 3699 1117 3769 εἰρημένων.
1150 3700 1260 3754 Καὶ
1289 3698 1354 3771 δὴ
1396 3700 1455 3753 τὸ
1503 3701 1567 3754 ὲκ
1596 3701 1697 3772 τῆς
1722 3703 1915 3768 οὐσίας

328 3789 662 3861 ὡμολογεῖτο
698 3792 834 3861 πρὸς
858 3792 1059 3855 αὐτῶν,
1090 3792 1387 3863 δηλωτικὸν
1417 3789 1560 3847 εἶναι
1592 3793 1688 3857 τοῦ
1720 3796 1784 3848 ὲκ
1816 3792 1910 3849 τοῦ

331 3884 548 3953 ιιατρος
606 3883 705 3952 μὲν
736 3880 901 3948 εἶναι,
929 3884 991 3936 οὐ
1045 3885 1153 3954 μὴν
1184 3885 1259 3948 ὡς
1298 3887 1463 3955 μέρος
1504 3887 1774 3957 ὑπάρχειν
1817 3885 1910 3940 τοῦ

333 3973 571 4045 Πατρός.
601 3972 785 4043 Ταύτῃ
817 3975 908 4026 καὶ
936 3975 1069 4044 ἡμῖν
1102 3973 1283 4036 καλῶς
1326 3974 1473 4045 ἔχειν
1499 3974 1671 4028 ἐδόκει
1704 3992 1910 4044 συγκα-

332 4064 650 4118 τατίθεσθαι
680 4068 744 4137 τῇ
768 4065 997 4136 διανοίᾳ.
1020 4065 1119 4134 τῆς
1142 4065 1400 4129 εὐσεϐοῦς
1430 4067 1781 4133 διδασκαλίας
1806 4073 1911 4122 ὑπ-

333 4157 707 4227 αγορευούσης
738 4159 800 4209 ὲκ
840 4158 932 4210 τοῦ
967 4158 1178 4233 Πατρδς
1208 4153 1348 4211 εἶναι
1379 4158 1472 4212 τὸν
1503 4159 1654 4225 nev,
1699 4162 1759 4215 οὐ
1799 4164 1911 4229 μὴν

339 4251 508 4320 μέρος
543 4248 707 4303 αὐτοῦ
752 4246 850 4319 τῆς
896 4249 1084 4312 οὐσίας
1116 4251 1428 4325 τυγχάνειν.
1468 4242 1667 4320 Διόπερ
1700 4255 1767 4324 τῇ
1797 4254 1912 4309 δια-

339 4345 456 4416 νοίᾳ
500 4344 595 4397 καὶ
626 4342 783 4395 αὐτοὶ
814 4342 1176 4412 συντιθέμεθα
1202 4360 1216 4375 ο
1260 4344 1382 4398 οὐδὲ
1408 4346 1510 4416 τὴν
1555 4347 1741 4418 φωνην
1769 4364 1913 4418 παρ-

337 4434 643 4504 αιτούμεθα
670 4433 766 4487 τοῦ
817 4434 917 4502 τῆς
964 4434 1186 4507 εἰρήνης
1236 4435 1444 4491 σκοποῦ
1475 4436 1580 4506 πρὸ
1611 4437 1913 4507 ὀφθαλμῶν

335 4528 492 4597 ἡμῶν
519 4525 807 4596 κειμένοιν
838 4529 934 4580 καὶ
960 4525 1057 4579 τοῦ
1085 4526 1161 4598 μὴ
1192 4526 1474 4598 τῆςόρθῆς
1506 4530 1764 4585 ἐκπεσεῖν
1794 4531 1910 4586 δια-

336 4622 503 4683 νοίας.
552 4621 709 4675 Κατὰ
740 4620 915 4673 ταυτὰ
955 4619 1013 4672 δὲ
1044 4622 1137 4673 καὶ
1175 4622 1256 4683 τὸ.
1307 4620 1665 4691 Γεννηθὲντα,
1718 4628 1813 4677 καὶ
1843 4626 1904 4678 οὐ

336 4712 653 4783 ποιηθέντα,
682 4709 1089 4781 κατεδεξάμεθα
1116 4725 1130 4739 ’
1160 4712 1355 4781 ἐπειδὴ
1382 4713 1443 4767 τὸ
1473 4714 1698 4784 ποιηθὲν
1725 4716 1904 4771 κοινὸν

334 4801 476 4858 εἰναι
525 4804 764 4872 ἔφασκον
812 4796 1117 4874 πρόσρημα
1176 4803 1287 4857 τῶν
1333 4804 1537 4858 λοιπῶν
1587 4807 1906 4876 κτισμάτων

333 4896 442 4950 τῶν
471 4895 559 4948 διὰ
587 4893 680 4947 τοῦ
718 4891 850 4947 Υίοῦ
882 4895 1214 4965 γενομένων,
1245 4889 1321 4950 ὧν
1355 4895 1509 4973 οὐδὲν
1539 4896 1725 4965 ὅμοιον
1757 4898 1906 4969 ἔχειν

334 4989 427 5041 τὸν
458 4988 610 5042 Υἱόν.
646 4989 738 5041 Διὸ
764 4988 829 5059 δὴ
863 4986 938 5057 μὴ
965 4984 1105 5042 εῖναι
1135 4987 1298 5041 αὐτὸν
1326 4988 1539 5057 ποίημα
1568 4990 1681 5051 τοῖς
1707 4986 1775 5042 δι’
1810 4989 1906 5044 αὐο

336 5079 430 5132 τοῦ
478 5080 792 5149 γενομένοις
819 5078 1092 5149 ἐμφερέςο
1126 5078 1435 5150 κρείττονος
1468 5080 1525 5131 δὲ
1555 5079 1588 5147 ἢ
1624 5080 1766 5133 κατά
1803 5081 1912 5134 πᾶν

410 5197 425 5226 ⁸
465 5193 657 5249 Matth.
693 5209 883 5259 xxvm,
915 5193 1009 5249 29.

407 5329 483 5396 (ί)
523 5327 845 5383 Ambrosius
894 5327 967 5381 De
1010 5324 1135 5394 ﬁde,
1164 5338 1349 5381 contra
1388 5328 1614 5383 Aricinos
1642 5341 1662 5381 :
1692 5346 1710 5377 ι
1758 5326 1903 5393 Quo-

335 5401 495 5454 modo
570 5400 725 5459 dicis,
774 5400 1005 5467 ‘Ariane,
1060 5400 1112 5451 in
1176 5396 1475 5467 Scripturis
1529 5398 1732 5453 divinis
1793 5413 1901 5453 non

337 5470 569 5523 inven’ri
601 5468 927 5534 ὁμοούσιονῖ
951 5468 1119 5532 Quasi
1153 5469 1442 5534 ὁμοούσιον
1469 5468 1617 5523 aliud
1642 5468 1710 5522 sit
1737 5483 1900 5537 quam

1938 4576 1985 4630 υ

2014 3334 2420 3407 professionem
2450 3340 2885 3403 composuerunt
2917 3332 3104 3404 (quam
3137 3335 3296 3404 paulo
3321 3343 3480 3388 antea
3509 3335 3585 3402 t2)

2016 3424 2257 3481 historiae
2300 3423 2527 3494 adieci).
2576 3422 2654 3477 Ea
2686 3436 2856 3492 porro
2904 3421 3136 3475 recitata
3161 3459 3175 3482 ,
3211 3421 3492 3490 quomodo
3521 3421 3589 3474 ab

2014 3516 2130 3583 eis,
2178 3524 2235 3570 et
2272 3530 2339 3571 ex
2384 3514 2693 3571 substantia
2737 3513 2960 3579 Patris,
2995 3522 3053 3569 et
3100 3512 3592 3569 consubstantialis

2015 3606 2203 3672 Patri,
2239 3616 2388 3664 esset
2425 3609 2634 3663 dictum
2663 3645 2680 3673 ,
2732 3606 2960 3665 minime
3014 3606 3386 3662 indiscussum
3425 3616 3591 3674 atque

2015 3698 2420 3770 inexploratum
2466 3698 2811 3769 reliquimus.
2847 3696 3314 3767 lnterrogationes
3350 3710 3589 3765 namque

2013 3803 2070 3849 et
2100 3791 2492 3863 responsiones
2523 3791 2882 3861 interpositae,
2921 3790 3171 3860 ratioque
3207 3799 3263 3843 et
3313 3789 3590 3844 sententia
3630 3822 3633 3823 ν

2015 3885 2290 3941 dictorum
2324 3884 2612 3955 inquisita.
2658 3888 2838 3954 Atque
2868 3884 3125 3953 equidem
3158 3882 3317 3945 illud,
3357 3898 3424 3937 ex
3456 3880 3593 3936 sub-

2013 3972 2236 4038 stantia,
2279 3970 2356 4027 illi
2390 3970 2623 4043 professi
2655 3978 2784 4026 sunt
2813 3966 3148 4041 signiﬁcare,
3174 3986 3238 4025 ex
3265 3968 3429 4026 Patre
3462 3969 3591 4038 qui-

2014 4063 2140 4119 dem
2168 4079 2312 4130 esse,
2344 4064 2437 4120 sed
2466 4079 2576 4118 non
2611 4072 2673 4117 ut
2706 4072 2922 4134 partem
2953 4064 3220 4119 exsistere
3252 4060 3450 4117 Patris.
3484 4048 3590 4115 Cui

2011 4157 2327 4220 sententiae,
2358 4170 2483 4210 cum
2514 4164 2666 4210 recta
2701 4169 2827 4209 esse
2856 4152 3185 4218 videretur',
3220 4153 3583 4209 assensimus:

2004 4251 2099 4321 pia
2127 4249 2330 4321 quippe
2365 4247 2619 4304 doct’rina
2643 4246 2890 4303 dictante
2923 4263 2989 4303 ex
3023 4249 3184 4309 Patre
3208 4262 3331 4305 esse
3359 4244 3586 4306 Filium.

2010 4358 2123 4398 non
2161 4351 2373 4413 partem
2404 4341 2725 4397 substantiae
2751 4341 2874 4412 ejus
2897 4354 3042 4394 esse.
3080 4338 3429 4410 Quapropter
3460 4355 3585 4393 cum

2012 4434 2345 4489 sententiam
2373 4448 2496 4489 eam
2526 4432 2980 4504 approbavimus,
3003 4441 3119 4488 tum
3146 4447 3333 4488 vocem
3363 4448 3585 4504 quoque

2013 4526 2186 4598 ipsam
2216 4541 2326 4581 non
2350 4525 2786 4596 repudiavimus,
2812 4523 2959 4596 quod
2991 4526 3143 4594 pacis
3167 4540 3396 4596 scopum
3430 4525 3591 4580 nobis

2011 4618 2083 4673 ob
2114 4617 2307 4673 oculos
2344 4616 2583 4688 positum
2618 4618 2994 4672 haberemus:
3028 4625 3085 4672 et
3122 4625 3409 4686 praeterea,
3449 4632 3517 4673 ne
3556 4632 3587 4670 a

2013 4720 2164 4765 recta
2210 4709 2485 4767 sententia
2542 4710 2948 4766 excideremus.
2994 4711 3199 4767 Eadem
3254 4711 3465 4764 ratione
3509 4694 3585 4769 et.

2011 4805 2288 4867 Genitum,
2321 4819 2430 4858 non
2460 4803 2689 4868 factum,
2724 4804 3088 4869 admisimus;
3134 4800 3585 4874 quandoquidem

2014 4897 2246 4950 verbum
2299 4895 2538 4959 factum,
2583 4910 2932 4952 communem
2984 4892 3411 4967 appellationem
3466 4876 3586 4948 esse

2014 4989 2276 5044 dixerunt
2308 4990 2644 5059 reliquarum
2677 4998 3081 5052 creaturarum,
3111 5001 3232 5056 quae
3256 5002 3354 5054 per
3389 4984 3586 5040 Filimn

2019 5091 2151 5135 sunt
2188 5081 2446 5136 conditae.
2505 5081 2705 5135 Earum
2746 5080 2951 5150 quippe
2997 5076 3134 5132 nihil
3165 5074 3368 5131 habere
3403 5075 3585 5155 simile

2014 5329 2208 5397 ipsam,
2240 5342 2361 5397 quae
2395 5332 2480 5381 est
2511 5324 2933 5397 inenarrabilis,
2961 5324 3195 5397 deﬁnire
3228 5338 3359 5397 nom
3377 5325 3581 5394 possis.

2014 5393 2103 5459 Ut,
2133 5393 2472 5452 slve-lumen
2513 5398 2583 5450 de
2625 5396 2832 5450 lumine
2881 5395 3056 5457 dicas,
3086 5394 3201 5450 sive
3236 5393 3474 5451 Verbum
3515 5397 3584 5449 dc

2020 5466 2214 5527 Verbo.
2243 5471 2359 5523 sive
2414 5466 2679 5534 Spiritum
2740 5466 2808 5520 de
2858 5461 3091 5535 Spiritu.
3123 5464 3239 5535 sive
3288 5464 3581 5535 Dominum

336 5539 482 5609 quod
536 5532 976 5609 dicttDominus
1017 5554 1032 5592 :
1071 5557 1089 5588 ι
1127 5532 1241 5607 Ego
1287 5547 1344 5592 et
1394 5537 1551 5591 Pater
1598 5532 1767 5609 unum
1796 5554 1905 5609 su-
2004 5539 2073 5591 de
2123 5537 2374 5609 Domino,
2402 5532 2769 5609 quodcunque
2804 5532 2970 5609 deep
3021 5532 3247 5609 dixeris,
3290 5534 3457 5609 unius
3504 5542 3583 5609 ta-

341 5600 495 5672 mus;
533 5608 645 5676 Ego
673 5607 738 5661 de
764 5608 923 5661 Patre
948 5608 1117 5670 exivi,
1144 5600 1201 5659 ei
1223 5609 1345 5661 veni
1377 5609 1431 5662 in
1462 5607 1905 5672 mundunnEgo
2007 5620 2128 5661 men
2171 5600 2435 5661 essentize'
2480 5600 2696 5676 Patrem
2746 5615 2803 5661 et
2850 5600 3047 5676 Filium
3093 5606 3336 5660 credas:
3382 5604 3583 5676 ὁμοούτ

338 5677 392 5731 in
425 5673 606 5740 Patre,
640 5688 696 5730 et
730 5676 892 5731 Pater
928 5676 981 5729 in
1013 5692 1098 5729 me
1128 5693 1142 5731 :
1171 5677 1274 5743 Qui
1313 5691 1435 5731 cum
1470 5686 1617 5733 esset
1645 5677 1700 5731 in
1732 5677 1905 5730 forma
2007 5693 2120 5728 σιον
2152 5676 2301 5729 enim
2328 5676 2521 5746 Braeci
2552 5674 2741 5731 dicunt
2779 5675 2929 5746 quod
2976 5689 3079 5731 nos
3124 5691 3250 5732 cum
3291 5688 3400 5728 uno
3430 5673 3611 5729 aliud.

284 5764 291 5771 ’
340 5750 451 5810 Dei,
480 5763 587 5801 non
639 5748 884 5812 rapinam
928 5749 1224 5802 arbitratus
1267 5756 1349 5801 est
1392 5758 1450 5800 ut
1494 5755 1640 5801 esset
1681 5747 1908 5814 :equalis

232 5860 243 5873 .
343 5819 472 5871 Deo.
514 5836 533 5867 ι
572 5814 700 5870 ΙΙιιιιι
739 5827 825 5871 est
878 5825 1058 5871 tamen
1111 5818 1350 5871 nominis
1391 5817 1550 5879 ratio,
1577 5825 1635 5869 ut
1669 5818 1721 5869 in
1753 5817 1909 5869 P.~-.tre

341 5896 394 5944 ct
422 5888 472 5941 in
508 5884 647 5941 Filio
697 5886 960 5941 unitatem
1013 5890 1328 5943 substantia:
1356 5888 1549 5942 credas
1587 5905 1598 5937 ε
1640 5888 1767 5941 licet
1796 5902 1907 5939 rem

2008 5746 2209 5815 ipsum.
2252 5764 2268 5795 ι
2305 5745 2438 5813 Cap.
2484 5747 2539 5800 5.

2052 5816 2154 5899 ¹(2)
2184 5816 2315 5884 Cap.
2350 5817 2410 5868 l7
2448 5815 2573 5869 eod.
